{"host":"69rply1jf2d1wbmp","time":1607539880,"event":{"gold_per_floor":[16,29,44,62,62,62,79,79,102,102,141,96,109,133,133,254,254,273,4,4,103,9,48,64,84,155,155,155,168,168,201,201,331,331,352,352,40,56,79,79,114,114,185,199,199,237,250,15,15,15,15,15,15,49,49,49],"floor_reached":55,"playtime":1957,"items_purged":["Strike_G","Strike_G"],"score":767,"play_id":"7fdf8d22-264a-466c-befa-c92dafe59b78","local_time":"20201209135120","is_ascension_mode":false,"campfire_choices":[{"data":"Noxious Fumes","floor":6,"key":"SMITH"},{"floor":15,"key":"REST"},{"floor":27,"key":"REST"},{"floor":30,"key":"REST"},{"floor":32,"key":"REST"},{"floor":40,"key":"REST"},{"floor":42,"key":"REST"},{"floor":45,"key":"REST"},{"floor":49,"key":"RECALL"},{"data":"Terror","floor":52,"key":"SMITH"}],"neow_cost":"NO_GOLD","seed_source_timestamp":995464448161300,"circlet_count":0,"master_deck":["Strike_G","Defend_G","Defend_G","Defend_G","Defend_G","Defend_G","Survivor","Neutralize","Sucker Punch","Accuracy","Noxious Fumes+1","Deadly Poison","PiercingWail","Parasite","Injury","Deflect","Backstab","Slice","After Image","Infinite Blades","Terror+1","Infinite Blades","Bane","Footwork","Neutralize","Backflip","Dramatic Entrance","Panacea","Panacea","Backstab","Footwork","Slice","Blade Dance+1","Accuracy"],"relics":["Ring of the Snake","Du-Vu Doll","Golden Idol","Boot","WristBlade","Membership Card","MutagenicStrength","Orichalcum","MealTicket","InkBottle","Toy Ornithopter","Empty Cage","Ninja Scroll","Lee\u0027s Waffle","Singing Bowl","Mummified Hand","Bird Faced Urn","TwistedFunnel","Pear","Centennial Puzzle"],"potions_floor_usage":[11,13,33,33,33,35,41,46,50,50],"damage_taken":[{"damage":1,"enemies":"Cultist","floor":1,"turns":3},{"damage":5,"enemies":"Small Slimes","floor":2,"turns":3},{"damage":0,"enemies":"2 Louse","floor":3,"turns":4},{"damage":15,"enemies":"Exordium Wildlife","floor":4,"turns":5},{"damage":1,"enemies":"3 Louse","floor":7,"turns":4},{"damage":35,"enemies":"Lagavulin","floor":11,"turns":6},{"damage":9,"enemies":"Gremlin Gang","floor":13,"turns":4},{"damage":1,"enemies":"Blue Slaver","floor":14,"turns":3},{"damage":38,"enemies":"Slime Boss","floor":16,"turns":11},{"damage":8,"enemies":"Chosen","floor":18,"turns":6},{"damage":47,"enemies":"Gremlin Leader","floor":23,"turns":7},{"damage":1,"enemies":"Shell Parasite","floor":24,"turns":3},{"damage":8,"enemies":"Chosen and Byrds","floor":25,"turns":5},{"damage":11,"enemies":"Shelled Parasite and Fungi","floor":29,"turns":5},{"damage":22,"enemies":"Book of Stabbing","floor":31,"turns":5},{"damage":44,"enemies":"Collector","floor":33,"turns":9},{"damage":0,"enemies":"Orb Walker","floor":35,"turns":4},{"damage":23,"enemies":"3 Darklings","floor":38,"turns":6},{"damage":15,"enemies":"Writhing Mass","floor":39,"turns":5},{"damage":33,"enemies":"Giant Head","floor":41,"turns":7},{"damage":21,"enemies":"Maw","floor":44,"turns":6},{"damage":38,"enemies":"Nemesis","floor":46,"turns":5},{"damage":0,"enemies":"3 Darklings","floor":47,"turns":1},{"damage":64,"enemies":"Awakened One","floor":50,"turns":10},{"damage":18,"enemies":"Shield and Spear","floor":54,"turns":6},{"damage":116,"enemies":"The Heart","floor":55,"turns":6}],"seed_played":"-2914166421451913533","potions_obtained":[{"floor":2,"key":"Strength Potion"},{"floor":3,"key":"Block Potion"},{"floor":4,"key":"CunningPotion"},{"floor":13,"key":"Dexterity Potion"},{"floor":16,"key":"Explosive Potion"},{"floor":33,"key":"LiquidMemories"},{"floor":35,"key":"BlessingOfTheForge"},{"floor":38,"key":"PowerPotion"},{"floor":44,"key":"ColorlessPotion"},{"floor":46,"key":"Strength Potion"}],"is_trial":false,"path_per_floor":["M","M","M","M","$","R","M","?","T","?","E","?","M","M","R","B",null,"M","$","?","?","$","E","M","M","T","R","?","M","R","E","R","B",null,"M","?","$","M","M","R","E","R","T","M","R","E","M","$","R","B",null,"R","$","E","B"],"character_chosen":"THE_SILENT","items_purchased":["Membership Card","Infinite Blades","Terror","Orichalcum","Infinite Blades","Ninja Scroll","Backstab","Footwork","Lee\u0027s Waffle","TwistedFunnel","Accuracy","Pear"],"campfire_rested":7,"item_purchase_floors":[19,19,19,22,22,37,37,37,37,48,48,48],"current_hp_per_floor":[69,64,64,49,49,49,48,65,65,65,30,30,21,20,41,3,70,62,62,62,62,62,15,14,6,6,27,27,16,37,15,36,7,70,70,60,77,54,39,62,34,57,57,38,61,30,34,59,59,21,93,93,93,92,0,0],"gold":49,"neow_bonus":"ONE_RARE_RELIC","is_prod":false,"is_daily":false,"chose_seed":false,"campfire_upgraded":2,"win_rate":0,"timestamp":1607539880,"path_taken":["M","M","?","M","$","R","M","?","T","?","E","?","M","M","R","BOSS","M","$","?","?","$","E","M","M","T","R","?","?","R","E","R","BOSS","M","?","$","M","M","R","E","R","T","M","R","E","M","$","R","BOSS","R","$","E","BOSS"],"build_version":"2020-11-30","purchased_purges":2,"victory":false,"max_hp_per_floor":[70,70,70,70,70,70,70,70,70,70,70,70,70,70,70,70,70,70,70,70,70,70,70,70,70,70,70,70,70,70,70,70,70,70,70,70,77,77,77,77,77,77,77,79,79,81,83,93,93,93,93,93,93,95,95,95],"card_choices":[{"not_picked":["Outmaneuver","Blur"],"picked":"Sucker Punch","floor":1},{"not_picked":["Cloak And Dagger","Tactician"],"picked":"Accuracy","floor":2},{"not_picked":["Distraction","Backflip"],"picked":"Noxious Fumes","floor":3},{"not_picked":["Poisoned Stab","Dash"],"picked":"Deadly Poison","floor":4},{"not_picked":["Finisher","Flying Knee"],"picked":"PiercingWail","floor":7},{"not_picked":["A Thousand Cuts","Skewer"],"picked":"Deflect","floor":11},{"not_picked":["Escape Plan","Outmaneuver"],"picked":"Backstab","floor":13},{"not_picked":["Deadly Poison","Flying Knee"],"picked":"Slice","floor":14},{"not_picked":["Storm of Steel","Corpse Explosion"],"picked":"After Image","floor":16},{"not_picked":["Dash","PiercingWail","Tactician+1"],"picked":"SKIP","floor":18},{"not_picked":["Masterful Stab+1","Dagger Throw"],"picked":"Bane","floor":23},{"not_picked":["PiercingWail","Underhanded Strike+1","Tactician"],"picked":"SKIP","floor":24},{"not_picked":["Quick Slash+1","Flying Knee"],"picked":"Footwork","floor":25},{"not_picked":["Bane+1","Prepared+1"],"picked":"Backflip","floor":29},{"not_picked":["Finisher","Skewer","Expertise+1"],"picked":"SKIP","floor":31},{"not_picked":["Heel Hook","Calculated Gamble+1","Masterful Stab+1"],"picked":"SKIP","floor":35},{"not_picked":["Chrysalis","HandOfGreed"],"picked":"Dramatic Entrance","floor":36},{"not_picked":["Sadistic Nature","Forethought"],"picked":"Panacea","floor":36},{"not_picked":["Magnetism","Bandage Up"],"picked":"Panacea","floor":36},{"not_picked":["Poisoned Stab","Escape Plan+1","Dagger Spray"],"picked":"SKIP","floor":38},{"not_picked":["Dagger Spray","Endless Agony+1"],"picked":"Slice","floor":39},{"not_picked":["Calculated Gamble+1","Dagger Throw+1"],"picked":"Blade Dance+1","floor":41},{"not_picked":["Bane","Prepared","PiercingWail"],"picked":"Singing Bowl","floor":44},{"not_picked":["Phantasmal Killer","Eviscerate+1","Reflex"],"picked":"Singing Bowl","floor":46},{"not_picked":["Riddle With Holes+1","Underhanded Strike","Flying Knee"],"picked":"Singing Bowl","floor":47},{"not_picked":["Flying Knee","Slice","Dagger Throw+1"],"picked":"Singing Bowl","floor":54}],"player_experience":322524,"relics_obtained":[{"floor":11,"key":"Boot"},{"floor":23,"key":"MealTicket"},{"floor":26,"key":"InkBottle"},{"floor":31,"key":"Toy Ornithopter"},{"floor":41,"key":"Singing Bowl"},{"floor":43,"key":"Mummified Hand"},{"floor":46,"key":"Bird Faced Urn"},{"floor":54,"key":"Centennial Puzzle"}],"event_choices":[{"damage_healed":17,"gold_gain":0,"player_choice":"Healed and dodged fight","damage_taken":0,"max_hp_gain":0,"max_hp_loss":0,"event_name":"Mushrooms","floor":8,"gold_loss":0,"cards_obtained":["Parasite"]},{"damage_healed":0,"gold_gain":0,"player_choice":"Take Wound","damage_taken":0,"relics_obtained":["Golden Idol"],"max_hp_gain":0,"max_hp_loss":0,"event_name":"Golden Idol","floor":10,"gold_loss":0,"cards_obtained":["Injury"]},{"damage_healed":0,"gold_gain":0,"player_choice":"Left Gold","damage_taken":0,"max_hp_gain":0,"max_hp_loss":0,"event_name":"World of Goop","floor":12,"gold_loss":45},{"damage_healed":0,"gold_gain":0,"player_choice":"Inject Mutagens","damage_taken":0,"relics_obtained":["MutagenicStrength"],"max_hp_gain":0,"max_hp_loss":0,"event_name":"Drug Dealer","floor":20,"gold_loss":0},{"damage_healed":0,"gold_gain":99,"player_choice":"Stole From Cult","damage_taken":0,"max_hp_gain":0,"max_hp_loss":0,"event_name":"Nest","floor":21,"gold_loss":0},{"damage_healed":0,"gold_gain":0,"player_choice":"1 cards matched","damage_taken":0,"max_hp_gain":0,"max_hp_loss":0,"event_name":"Match and Keep!","floor":28,"gold_loss":0,"cards_obtained":["Neutralize"]},{"damage_healed":0,"gold_gain":0,"player_choice":"Memory 3","damage_taken":10,"max_hp_gain":0,"max_hp_loss":0,"event_name":"SensoryStone","floor":36,"gold_loss":0}],"is_beta":false,"boss_relics":[{"not_picked":["SacredBark","Pandora\u0027s Box"],"picked":"WristBlade"},{"not_picked":["Fusion Hammer","Runic Dome"],"picked":"Empty Cage"}],"items_purged_floors":[19,37],"is_endless":false,"potions_floor_spawned":[2,3,4,13,16,18,23,33,35,38,44,46],"killed_by":"The Heart","ascension_level":0}}