{"host":"p7j7o00jacnw7qzt","time":1607480666,"event":{"gold_per_floor":[112,37,48,59,78,78,112,122,122,122,135,166,66,85,85,160,160,171,190,190,48,48,48,48,48,75,75,89,109,109,109,109,109,109],"floor_reached":33,"playtime":2229,"items_purged":["Strike_G","Strike_G"],"score":518,"play_id":"18a3dca8-40a8-4f19-8e3e-8fc0cac71f06","local_time":"20201208212426","is_ascension_mode":true,"campfire_choices":[{"data":"Predator","floor":6.0,"key":"SMITH"},{"data":"Well Laid Plans","floor":10.0,"key":"SMITH"},{"floor":15.0,"key":"REST"},{"data":"Blade Dance","floor":24.0,"key":"SMITH"},{"data":"Expertise","floor":27.0,"key":"SMITH"},{"floor":30.0,"key":"REST"},{"data":"Purity","floor":32.0,"key":"SMITH"}],"neow_cost":"TEN_PERCENT_HP_LOSS","seed_source_timestamp":2067255815484600,"circlet_count":0,"master_deck":["AscendersBane","Strike_G","Defend_G","Defend_G","Defend_G","Defend_G","Defend_G","Survivor","Neutralize","Calculated Gamble","Well Laid Plans+1","Adrenaline","Blade Dance+1","Purity+1","Doppelganger+1","Bouncing Flask+1","After Image+1","Expertise+1","Accuracy+1","Ghostly","Ghostly","Ghostly","Terror"],"special_seed":0,"relics":["Ring of the Snake","Torii","Regal Pillow","The Courier","Orichalcum","Astrolabe"],"potions_floor_usage":[],"damage_taken":[{"damage":2.0,"enemies":"Cultist","floor":1.0,"turns":5.0},{"damage":0.0,"enemies":"Jaw Worm","floor":3.0,"turns":5.0},{"damage":2.0,"enemies":"Small Slimes","floor":4.0,"turns":5.0},{"damage":2.0,"enemies":"3 Louse","floor":5.0,"turns":6.0},{"damage":14.0,"enemies":"3 Sentries","floor":7.0,"turns":10.0},{"damage":2.0,"enemies":"Red Slaver","floor":8.0,"turns":3.0},{"damage":0.0,"enemies":"Blue Slaver","floor":11.0,"turns":2.0},{"damage":20.0,"enemies":"Lagavulin","floor":12.0,"turns":5.0},{"damage":4.0,"enemies":"Gremlin Gang","floor":14.0,"turns":6.0},{"damage":36.0,"enemies":"Hexaghost","floor":16.0,"turns":10.0},{"damage":11.0,"enemies":"Chosen","floor":18.0,"turns":6.0},{"damage":16.0,"enemies":"2 Thieves","floor":19.0,"turns":5.0},{"damage":0.0,"enemies":"Snake Plant","floor":20.0,"turns":1.0},{"damage":1.0,"enemies":"Centurion and Healer","floor":28.0,"turns":6.0},{"damage":29.0,"enemies":"Cultist and Chosen","floor":29.0,"turns":7.0},{"damage":41,"enemies":"Champ","floor":33,"turns":8}],"seed_played":"897482459563861048","potions_obtained":[{"floor":1.0,"key":"Swift Potion"},{"floor":5.0,"key":"Fire Potion"},{"floor":8.0,"key":"ColorlessPotion"},{"floor":14.0,"key":"SmokeBomb"},{"floor":29.0,"key":"CunningPotion"}],"is_trial":false,"path_per_floor":["M","$","M","M","M","R","E","M","T","R","M","E","$","M","R","B",null,"M","M","M","$","?","?","R","?","T","R","M","M","R","?","R","B"],"character_chosen":"THE_SILENT","items_purchased":["Blade Dance","Purity","Accuracy"],"campfire_rested":2,"item_purchase_floors":[13,13,21],"current_hp_per_floor":[57,57,57,55,53,53,39,37,37,37,37,17,17,13,46,10,48,37,21,21,21,21,21,21,21,21,21,20,9,30,40,40,0,0],"gold":109,"neow_bonus":"ONE_RARE_RELIC","is_prod":false,"is_daily":false,"chose_seed":false,"campfire_upgraded":5,"win_rate":0,"timestamp":1607480666,"path_taken":["M","$","M","M","M","R","E","M","T","R","?","E","$","M","R","BOSS","M","M","M","$","?","?","R","?","T","R","?","M","R","?","R","BOSS"],"build_version":"2020-11-30","purchased_purges":2,"victory":false,"max_hp_per_floor":[60,60,60,60,60,60,60,60,60,60,60,60,60,60,60,60,60,60,60,60,60,60,30,30,30,30,30,30,30,30,40,40,40,40],"relic_stats":{"Regal Pillow":27,"Torii":89,"counters":[16,90],"Astrolabe":["Doppelganger","Bouncing Flask","After Image"],"Orichalcum":[144],"obtain_stats":[{"Regal Pillow":7,"Torii":0,"Astrolabe":17,"The Courier":9,"Orichalcum":12,"Ring of the Snake":0},{"Regal Pillow":5,"Torii":0,"Astrolabe":10,"The Courier":6,"Orichalcum":8,"Ring of the Snake":0},{"Regal Pillow":31,"Torii":0,"Astrolabe":57,"The Courier":34,"Orichalcum":41,"Ring of the Snake":0}],"Ring of the Snake":[32]},"card_choices":[{"not_picked":["Deflect","Backflip"],"picked":"Calculated Gamble","floor":1.0},{"not_picked":["Crippling Poison","Prepared"],"picked":"Well Laid Plans","floor":3.0},{"not_picked":["Bane","Skewer","Choke"],"picked":"SKIP","floor":4.0},{"not_picked":["Deflect","All Out Attack"],"picked":"Predator","floor":5.0},{"not_picked":["Dagger Throw","Storm of Steel","Poisoned Stab"],"picked":"SKIP","floor":7.0},{"not_picked":["Well Laid Plans","Outmaneuver","Dagger Spray"],"picked":"SKIP","floor":8.0},{"not_picked":["Dagger Spray","Underhanded Strike","Leg Sweep"],"picked":"SKIP","floor":11.0},{"not_picked":["Slice","Dagger Throw"],"picked":"Adrenaline","floor":12.0},{"not_picked":["Crippling Poison","Flying Knee","Cloak And Dagger"],"picked":"SKIP","floor":14.0},{"not_picked":["Doppelganger","Night Terror"],"picked":"Venomology","floor":16.0},{"not_picked":["Infinite Blades","Acrobatics"],"picked":"Expertise","floor":18.0},{"not_picked":["Heel Hook","Crippling Poison","Cloak And Dagger"],"picked":"SKIP","floor":19.0},{"not_picked":["Dagger Spray","Skewer","Underhanded Strike"],"picked":"SKIP","floor":28.0},{"not_picked":["Cloak And Dagger","Backflip"],"picked":"Terror","floor":29.0}],"player_experience":685535,"relics_obtained":[{"floor":7.0,"key":"Regal Pillow"},{"floor":9.0,"key":"The Courier"},{"floor":12.0,"key":"Orichalcum"}],"event_choices":[{"damage_healed":0.0,"max_hp_gain":0.0,"max_hp_loss":0.0,"gold_gain":0.0,"event_name":"The Mausoleum","player_choice":"Ignored","floor":22.0,"gold_loss":0.0,"damage_taken":0.0},{"damage_healed":0.0,"max_hp_gain":0.0,"max_hp_loss":30.0,"gold_gain":0.0,"event_name":"Ghosts","player_choice":"Became a Ghost","floor":23.0,"gold_loss":0.0,"damage_taken":0.0,"cards_obtained":["Ghostly","Ghostly","Ghostly"]},{"damage_healed":0.0,"max_hp_gain":0.0,"max_hp_loss":0.0,"gold_gain":0.0,"event_name":"Upgrade Shrine","player_choice":"Upgraded","floor":25.0,"gold_loss":0.0,"damage_taken":0.0,"cards_upgraded":["Accuracy"]},{"cards_removed":["Venomology"],"damage_healed":0.0,"max_hp_gain":10.0,"max_hp_loss":0.0,"gold_gain":0.0,"event_name":"Bonfire Elementals","player_choice":"Offered Rare","floor":31.0,"gold_loss":0.0,"damage_taken":0.0}],"is_beta":false,"boss_relics":[{"not_picked":["Empty Cage","Black Star"],"picked":"Astrolabe"}],"items_purged_floors":[2,21],"is_endless":false,"potions_floor_spawned":[1,5,8,14,19,29],"killed_by":"Champ","ascension_level":20}}