{"host":"f5n4tidiz2n5sooh","time":1607539037,"event":{"gold_per_floor":[112,123,19,19,94,128,128,128,128,159,177,191,191,210,210,210,210],"floor_reached":16,"playtime":539,"items_purged":[],"score":220,"play_id":"1e7be63e-76ce-44cd-9c4f-d209e37438d7","local_time":"20201209123717","is_ascension_mode":true,"campfire_choices":[{"data":"Bash","floor":7,"key":"SMITH"},{"data":"Flame Barrier","floor":13,"key":"SMITH"},{"data":"Pommel Strike","floor":15,"key":"SMITH"}],"neow_cost":"NONE","seed_source_timestamp":1034482206700,"circlet_count":0,"master_deck":["AscendersBane","Strike_R","Strike_R","Strike_R","Strike_R","Strike_R","Defend_R","Defend_R","Defend_R","Defend_R","Bash+1","Whirlwind+1","Pommel Strike+1","Flame Barrier+1","Clothesline","Dual Wield+1","Shrug It Off+1","Feel No Pain"],"relics":["Burning Blood","Golden Idol","Lizard Tail","Toxic Egg 2","Boot"],"potions_floor_usage":[6,12,16],"damage_taken":[{"damage":5,"enemies":"Small Slimes","floor":1,"turns":4},{"damage":2,"enemies":"Cultist","floor":2,"turns":4},{"damage":20,"enemies":"3 Sentries","floor":6,"turns":6},{"damage":24,"enemies":"Gremlin Nob","floor":10,"turns":4},{"damage":0,"enemies":"2 Louse","floor":11,"turns":2},{"damage":4,"enemies":"Exordium Wildlife","floor":12,"turns":2},{"damage":1,"enemies":"Looter","floor":14,"turns":4},{"damage":84,"enemies":"The Guardian","floor":16,"turns":12}],"seed_played":"-7643121967444556047","potions_obtained":[{"floor":1,"key":"SkillPotion"},{"floor":10,"key":"SmokeBomb"},{"floor":11,"key":"Energy Potion"},{"floor":14,"key":"DuplicationPotion"}],"is_trial":false,"path_per_floor":["M","M","$","?","?","E","R","?","T","E","M","M","R","M","R","B"],"character_chosen":"IRONCLAD","items_purchased":["Flame Barrier","Clothesline"],"campfire_rested":0,"item_purchase_floors":[3,3],"current_hp_per_floor":[76,80,80,74,63,49,49,49,49,31,37,39,39,44,44,0,0],"gold":210,"neow_bonus":"TEN_PERCENT_HP_BONUS","is_prod":false,"is_daily":false,"chose_seed":false,"campfire_upgraded":3,"win_rate":0,"timestamp":1607539037,"path_taken":["M","M","$","?","?","E","R","?","T","E","?","M","R","M","R","BOSS"],"build_version":"2020-11-30","purchased_purges":0,"victory":false,"max_hp_per_floor":[82,82,82,74,74,74,74,74,74,74,74,74,74,74,74,74,74],"relic_stats":{"Lizard Tail":37,"counters":[8,38],"Golden Idol":24,"Boot":[5],"obtain_stats":[{"Lizard Tail":6,"Golden Idol":4,"Toxic Egg 2":9,"Boot":10,"Burning Blood":0},{"Lizard Tail":3,"Golden Idol":2,"Toxic Egg 2":3,"Boot":4,"Burning Blood":0},{"Lizard Tail":14,"Golden Idol":8,"Toxic Egg 2":14,"Boot":18,"Burning Blood":0}],"Burning Blood":42},"card_choices":[{"not_picked":["Bloodletting","Thunderclap"],"picked":"Whirlwind","floor":1},{"not_picked":["Clash","True Grit"],"picked":"Pommel Strike","floor":2},{"not_picked":["Juggernaut","Combust","Clothesline"],"picked":"SKIP","floor":6},{"not_picked":["Infernal Blade+1","Pommel Strike"],"picked":"Dual Wield+1","floor":10},{"not_picked":["Warcry+1","Body Slam","Thunderclap"],"picked":"SKIP","floor":11},{"not_picked":["Combust","Thunderclap"],"picked":"Shrug It Off+1","floor":12},{"not_picked":["Cleave","Power Through+1"],"picked":"Feel No Pain","floor":14}],"player_experience":1862444,"relics_obtained":[{"floor":6,"key":"Lizard Tail"},{"floor":9,"key":"Toxic Egg 2"},{"floor":10,"key":"Boot"}],"event_choices":[{"damage_healed":0,"gold_gain":0,"player_choice":"Lose Max HP","damage_taken":0,"relics_obtained":["Golden Idol"],"max_hp_gain":0,"max_hp_loss":8,"event_name":"Golden Idol","floor":4,"gold_loss":0},{"damage_healed":0,"gold_gain":75,"player_choice":"Gather Gold","damage_taken":11,"max_hp_gain":0,"max_hp_loss":0,"event_name":"World of Goop","floor":5,"gold_loss":0},{"damage_healed":0,"gold_gain":0,"player_choice":"Upgraded","damage_taken":0,"max_hp_gain":0,"max_hp_loss":0,"event_name":"Upgrade Shrine","floor":8,"gold_loss":0,"cards_upgraded":["Whirlwind"]}],"is_beta":false,"boss_relics":[],"items_purged_floors":[],"is_endless":false,"potions_floor_spawned":[1,10,11,14],"killed_by":"The Guardian","ascension_level":20}}