{"host":"wi1dz5t8299iil0b","time":1607524447,"event":{"gold_per_floor":[111,111,111,123,123,123,156,156,156,156,168,187,206,206,206,303,303,323,83,83,50,50,50,65,76,76,76,96,106,126,141,141,240,240,254,269,118,118,218,218,218],"floor_reached":40,"playtime":4107,"items_purged":["StuffTheSpire:Injection"],"score":415,"play_id":"5f42db89-218e-4660-a6f4-be1eb9c46a13","local_time":"20201209093407","is_ascension_mode":false,"campfire_choices":[{"floor":6.0,"key":"REST"},{"floor":15.0,"key":"REST"},{"floor":23.0,"key":"REST"},{"floor":32.0,"key":"REST"}],"neow_cost":"PUNISHING","seed_source_timestamp":0,"circlet_count":0,"master_deck":["Strike_G","Strike_G","Strike_G","Strike_G","Defend_G+1","Defend_G+1","Defend_G","Defend_G","Defend_G","Survivor","Neutralize","Poisoned Stab","jedi:unstablefumes","Flying Knee","jedi:brewingpoison","conspire:DoublingDagger","infinitespire:Neurotoxin","expansioncontent:LastStand","Deflect+1","PiercingWail","Finisher+1","Leg Sweep+1","Atom Bomb","Prepared","After Image","Quick Slash","Flechettes+1","conspire:PoisonWeapons","infinitespire:FinalStrike","Acrobatics"],"special_seed":0,"relics":["StuffTheSpire:OccultApparatus","aspiration:DSix","StuffTheSpire:OldFever","aspiration:BabyByrd","conspire:SlowCooker","Orichalcum","hubris:AncientText","Fusion Hammer","beaked:BlessedCoat","halation:QuantumPhysicsTextbook"],"potions_floor_usage":[],"damage_taken":[{"damage":2.0,"enemies":"Jaw Worm","floor":1.0,"turns":5.0},{"damage":2.0,"enemies":"2 Louse","floor":4.0,"turns":3.0},{"damage":16.0,"enemies":"Replay:BlueRogue","floor":7.0,"turns":6.0},{"damage":0.0,"enemies":"conspire:RoseBush","floor":11.0,"turns":3.0},{"damage":0.0,"enemies":"3 Louse","floor":12.0,"turns":3.0},{"damage":6.0,"enemies":"Red Slaver","floor":13.0,"turns":5.0},{"damage":40.0,"enemies":"Hexaghost","floor":16.0,"turns":10.0},{"damage":31.0,"enemies":"Chosen","floor":18.0,"turns":8.0},{"damage":21.0,"enemies":"2 Thieves","floor":21.0,"turns":5.0},{"damage":3.0,"enemies":"conspire:HollyBat","floor":24.0,"turns":9.0},{"damage":29.0,"enemies":"Chosen and Byrds","floor":25.0,"turns":9.0},{"damage":7.0,"enemies":"Centurion and Healer","floor":28.0,"turns":6.0},{"damage":2.0,"enemies":"conspire:HollyBat","floor":29.0,"turns":8.0},{"damage":16.0,"enemies":"Cultist and Chosen","floor":30.0,"turns":7.0},{"damage":13.0,"enemies":"Snake Plant","floor":31.0,"turns":3.0},{"damage":61.0,"enemies":"Champ","floor":33.0,"turns":13.0},{"damage":19.0,"enemies":"3 Darklings","floor":35.0,"turns":6.0},{"damage":10.0,"enemies":"3 Shapes","floor":36.0,"turns":5.0},{"damage":65.0,"enemies":"infinitespire:Three Voidlings","floor":39.0,"turns":6.0},{"damage":51.0,"enemies":"Nightmare_Alpha","floor":39.0,"turns":9.0},{"damage":51,"enemies":"Reptomancer","floor":40,"turns":2}],"seed_played":"-8224992989749290339","potions_obtained":[{"floor":1.0,"key":"potionbrewer:BoundlessPotion"},{"floor":12.0,"key":"Toxic Potion"},{"floor":13.0,"key":"FairyPotion"},{"floor":16.0,"key":"blueLaboratory:BubblePotion"},{"floor":24.0,"key":"blueLaboratory:HorrorPotion"},{"floor":25.0,"key":"Fire Potion"},{"floor":36.0,"key":"blueLaboratory:HorrorPotion"}],"is_trial":false,"path_per_floor":["M","$","?","M","?","R","E","?","T","?","M","M","M","?","R","B",null,"M","$","?","M","?","R","M","M","T","?","M","M","M","M","R","B",null,"M","M","$","?","?","E"],"character_chosen":"THE_SILENT","items_purchased":["Orichalcum","expansioncontent:LastStand","conspire:PoisonWeapons"],"campfire_rested":4,"item_purchase_floors":[19,19,37],"current_hp_per_floor":[68,68,68,66,52,70,54,54,54,54,54,54,48,48,69,29,70,39,39,39,18,18,39,36,7,7,30,23,21,5,41,62,1,70,51,41,41,41,43,0,0],"gold":218,"neow_bonus":"DSIX","is_prod":false,"is_daily":false,"chose_seed":false,"campfire_upgraded":0,"win_rate":0.0,"timestamp":1607524447,"path_taken":["M","$","?","?","?","R","E","?","T","?","M","?","M","?","R","BOSS","M","$","?","M","?","R","?","M","T","?","M","M","?","M","R","BOSS","M","M","?","?","?","E"],"build_version":"2020-11-30","purchased_purges":1,"victory":false,"max_hp_per_floor":[70,70,70,70,70,70,70,70,70,70,70,70,70,70,70,70,70,70,70,70,70,70,70,70,70,70,70,70,70,70,70,70,70,70,70,70,70,53,53,53,53],"card_choices":[{"not_picked":["StuffTheSpire:Injection","Choke"],"picked":"Poisoned Stab","floor":1.0},{"not_picked":["Blade Dance","Backflip"],"picked":"jedi:unstablefumes","floor":4.0},{"not_picked":["Riddle With Holes","Skewer"],"picked":"Flying Knee","floor":7.0},{"not_picked":["TH:EnergyPotion","TH:BikiniMail"],"picked":"SKIP","floor":7.0},{"not_picked":["Sneak Up","Deflect"],"picked":"StuffTheSpire:Injection","floor":11.0},{"not_picked":["hubris:SlightOfHand","Replay:Poison Smokescreen"],"picked":"jedi:brewingpoison","floor":12.0},{"not_picked":["Prepared","Choke"],"picked":"conspire:DoublingDagger","floor":13.0},{"not_picked":["After Image","jedi:brewingpoison"],"picked":"infinitespire:Neurotoxin","floor":16.0},{"not_picked":["Terror","Underhanded Strike","StuffTheSpire:BumpUp"],"picked":"SKIP","floor":18.0},{"not_picked":["Caltrops+1","hubris:SlightOfHand+1"],"picked":"Deflect+1","floor":21.0},{"not_picked":["InfectiousVector","Quick Slash+1"],"picked":"PiercingWail","floor":24.0},{"not_picked":["Hidden Blade","conspire:DoublingDagger"],"picked":"Finisher+1","floor":25.0},{"not_picked":["TH:PixieDust","TH:CopperCoins"],"picked":"SKIP","floor":26.0},{"not_picked":["Sneak Up+1","StuffTheSpire:BrimstoneBlast"],"picked":"Leg Sweep+1","floor":28.0},{"not_picked":["StuffTheSpire:Injection","StuffTheSpire:ClusterCrunch"],"picked":"Atom Bomb","floor":29.0},{"not_picked":["Infinite Blades","StuffTheSpire:ReptileScales"],"picked":"Prepared","floor":30.0},{"not_picked":["jedi:brewingpoison","Flying Knee","Sneak Up+1"],"picked":"SKIP","floor":31.0},{"not_picked":["Unload","StuffTheSpire:FinalStruggle"],"picked":"After Image","floor":33.0},{"not_picked":["StuffTheSpire:BrimstoneBlast+1","Bouncing Flask"],"picked":"Quick Slash","floor":35.0},{"not_picked":["Reflex","Escape Plan+1"],"picked":"Flechettes+1","floor":36.0},{"not_picked":["ReplayTheSpireMod:Book of Names","infinitespire:FutureSight"],"picked":"infinitespire:FinalStrike","floor":39},{"not_picked":["Quick Slash+1","Backflip+1"],"picked":"Acrobatics","floor":39}],"player_experience":134733,"relics_obtained":[{"floor":7.0,"key":"StuffTheSpire:OldFever"},{"floor":26.0,"key":"hubris:AncientText"},{"floor":39,"key":"halation:QuantumPhysicsTextbook"}],"event_choices":[{"cards_removed":["Strike_G"],"damage_healed":0.0,"max_hp_gain":0.0,"max_hp_loss":0.0,"gold_gain":0.0,"event_name":"Bonfire Elementals","player_choice":"Offered Basic","floor":3.0,"gold_loss":0.0,"damage_taken":0.0},{"damage_healed":66.0,"max_hp_gain":0.0,"max_hp_loss":70.0,"gold_gain":0.0,"event_name":"betterThird:BetterShining","player_choice":"Upgrade","floor":5.0,"gold_loss":0.0,"damage_taken":14.0,"cards_upgraded":["Defend_G","Defend_G"]},{"damage_healed":0.0,"max_hp_gain":0.0,"max_hp_loss":0.0,"gold_gain":0.0,"event_name":"betterNote:BetterNote","player_choice":"Ignored","floor":20.0,"gold_loss":0.0,"damage_taken":0.0,"cards_obtained":["infinitespire:UltimateForm"]},{"damage_healed":23.0,"max_hp_gain":0.0,"max_hp_loss":0.0,"gold_gain":0.0,"event_name":"The Library","player_choice":"Heal","floor":27.0,"gold_loss":0.0,"damage_taken":0.0}],"is_beta":false,"boss_relics":[{"not_picked":["halation:CatFaceCupcake","Busted Crown"],"picked":"conspire:SlowCooker"},{"not_picked":["sagemod:Falmels_Amulet","halation:Prosthetics"],"picked":"Fusion Hammer"}],"items_purged_floors":[37],"is_endless":false,"potions_floor_spawned":[1,12,13,16,18,24,25,30,36],"killed_by":"Reptomancer","ascension_level":0}}