{"host":"gk9qdtkqd8dwfeg2","time":1607526594,"event":{"gold_per_floor":[110,126,10,10,20,20,70,70,70,70,103,142,142,194,194,304,304,342,382,93,68,68,68,93,93],"floor_reached":24,"playtime":699,"items_purged":["Strike_P"],"score":524,"play_id":"bbacde07-edd0-465c-937c-301e00ceaeb6","local_time":"20201209230954","is_ascension_mode":true,"campfire_choices":[{"data":"Eruption","floor":6.0,"key":"SMITH"},{"data":"Adaptation","floor":8.0,"key":"SMITH"},{"data":"CutThroughFate","floor":10.0,"key":"SMITH"},{"data":"Collect","floor":13.0,"key":"SMITH"},{"floor":15.0,"key":"REST"},{"data":"MasterReality","floor":23.0,"key":"SMITH"}],"neow_cost":"NONE","seed_source_timestamp":522302640403100,"circlet_count":0,"master_deck":["AscendersBane","Strike_P","Strike_P","Defend_P","Defend_P","Defend_P","Eruption+1","Vigilance","Adaptation+1","PathToVictory","BattleHymn","Collect+1","Wish","CutThroughFate+1","BowlingBash","MasterReality+1","Replay:Anticipation","Fasting2","Fasting2","ThirdEye"],"special_seed":0,"relics":["PureWater","testmod-TestBox","testmod-Mahjong","NeowsBlessing","Pondfish Scales","Meat on the Bone","Replay:Baseball","Darkstone Periapt","vexMod:TanglingVine","MerchantsRug","Ccalipers"],"potions_floor_usage":[24],"damage_taken":[{"damage":0.0,"enemies":"Cultist","floor":1.0,"turns":1.0},{"damage":0.0,"enemies":"2 Louse","floor":2.0,"turns":1.0},{"damage":0.0,"enemies":"Small Slimes","floor":5.0,"turns":1.0},{"damage":0.0,"enemies":"Lagavulin","floor":7.0,"turns":4.0},{"damage":18.0,"enemies":"3 Sentries","floor":11.0,"turns":3.0},{"damage":15.0,"enemies":"Exordium Wildlife","floor":12.0,"turns":5.0},{"damage":16.0,"enemies":"Gremlin Nob","floor":14.0,"turns":3.0},{"damage":11.0,"enemies":"Fading Forest","floor":16.0,"turns":11.0},{"damage":32.0,"enemies":"2 Thieves","floor":18.0,"turns":4.0},{"damage":0.0,"enemies":"Spheric Guardian","floor":19.0,"turns":3.0},{"damage":20,"enemies":"Replay:Snechameleon","floor":24,"turns":5}],"seed_played":"3277727748885361778","potions_obtained":[{"floor":1.0,"key":"AttackPotion"},{"floor":5.0,"key":"GamblersBrew"},{"floor":11.0,"key":"Doom Potion"},{"floor":14.0,"key":"Doom Potion"},{"floor":19.0,"key":"Adrenaline Potion"}],"is_trial":false,"path_per_floor":["M","M","$","?","M","R","E","R","T","R","E","M","R","E","R","B",null,"M","M","$","?","?","R","E"],"character_chosen":"WATCHER","items_purchased":["BattleHymn","Collect","MerchantsRug","Fasting2"],"campfire_rested":1,"item_purchase_floors":[3,3,20,20],"current_hp_per_floor":[61,61,61,61,61,61,61,61,61,61,43,40,40,36,56,68,68,36,36,36,36,36,36,16,16],"gold":93,"neow_bonus":"THREE_ENEMY_KILL","is_prod":false,"is_daily":false,"chose_seed":false,"campfire_upgraded":5,"win_rate":0,"timestamp":1607526594,"path_taken":["M","?","$","?","M","R","E","R","T","R","E","M","R","E","R","BOSS","M","M","$","?","?","R","E"],"build_version":"2020-11-30","purchased_purges":1,"victory":false,"max_hp_per_floor":[68,68,68,68,68,68,68,68,68,68,68,68,68,68,68,68,68,68,68,68,68,68,68,68,68],"card_choices":[{"not_picked":["Replay:AtTheReady","Perseverance"],"picked":"Adaptation","floor":1.0},{"not_picked":["Replay:Cycle","SashWhip"],"picked":"PathToVictory","floor":2.0},{"not_picked":["Replay:Vibes","Consecrate"],"picked":"CutThroughFate","floor":5.0},{"not_picked":["PathToVictory","WindmillStrike","CarveReality"],"picked":"SKIP","floor":7.0},{"not_picked":["FlyingSleeves","Replay:ManipulateFuture"],"picked":"BowlingBash","floor":11.0},{"not_picked":["FlurryOfBlows","FlyingSleeves","CarveReality"],"picked":"SKIP","floor":12.0},{"not_picked":["Study","CutThroughFate","FollowUp"],"picked":"SKIP","floor":14.0},{"not_picked":["SpiritShield","Brilliance"],"picked":"MasterReality","floor":16.0},{"not_picked":["Nirvana","Replay:AtTheReady"],"picked":"Replay:Anticipation","floor":18.0},{"not_picked":["Replay:ManipulateFuture","EmptyBody","WheelKick"],"picked":"SKIP","floor":19.0}],"player_experience":1002515,"relics_obtained":[{"floor":7.0,"key":"Pondfish Scales"},{"floor":9.0,"key":"Meat on the Bone"},{"floor":11.0,"key":"Replay:Baseball"},{"floor":14.0,"key":"Darkstone Periapt"}],"event_choices":[{"damage_healed":0.0,"max_hp_gain":0.0,"max_hp_loss":0.0,"gold_gain":0.0,"event_name":"Match and Keep!","player_choice":"1 cards matched","floor":4.0,"gold_loss":0.0,"damage_taken":0.0,"cards_obtained":["Wish"]},{"damage_healed":0.0,"max_hp_gain":0.0,"max_hp_loss":0.0,"gold_gain":0.0,"cards_transformed":["Strike_P","Defend_P"],"event_name":"Drug Dealer","player_choice":"Became Test Subject","floor":22.0,"gold_loss":0.0,"damage_taken":0.0,"cards_obtained":["Fasting2","ThirdEye"]}],"is_beta":false,"boss_relics":[{"not_picked":["testmod-Prudence","Honey Jar"],"picked":"vexMod:TanglingVine"}],"items_purged_floors":[20],"is_endless":false,"potions_floor_spawned":[1,5,11,14,19],"killed_by":"Replay:Snechameleon","ascension_level":20}}