{"host":"0lnx88jdgcrh6gmr","time":1607494179,"event":{"gold_per_floor":[119,131,131,8,26,53,68,80,103,68,143,157,157,172,172,273,273,293,293,311,104,121,141,141,158,158,172,185,185,200,215,215,215,215],"floor_reached":33,"playtime":1574,"items_purged":[],"score":257,"play_id":"ca031cb7-5e48-4149-9b6e-5c3b0db81346","local_time":"20201208230939","is_ascension_mode":false,"campfire_choices":[{"floor":13,"key":"REST"},{"floor":15,"key":"REST"},{"floor":24,"key":"REST"},{"floor":29,"key":"REST"},{"floor":32,"key":"REST"}],"neow_cost":"NONE","seed_source_timestamp":34986354755100,"circlet_count":0,"master_deck":["Strike_G","Strike_G","Strike_G","Strike_G","Defend_G","Defend_G","Defend_G","Defend_G","Defend_G","Survivor","Neutralize","Bane","Poisoned Stab","Backflip","Caltrops","Crippling Poison","Slice","Die Die Die","Deflect","Backstab+1","Footwork","Bouncing Flask","Blur+1","Riddle With Holes+1","Deadly Poison","Underhanded Strike+1","Deflect"],"relics":["Ring of the Snake","Oddly Smooth Stone","Blood Vial","Happy Flower","construct:WeddingRing","Bottled Lightning"],"potions_floor_usage":[33,33,33],"damage_taken":[{"damage":0,"enemies":"2 Louse","floor":1,"turns":5},{"damage":0,"enemies":"Small Slimes","floor":2,"turns":4},{"damage":0,"enemies":"Cultist","floor":5,"turns":3},{"damage":35,"enemies":"Gremlin Nob","floor":6,"turns":6},{"damage":9,"enemies":"2 Fungi Beasts","floor":7,"turns":4},{"damage":2,"enemies":"Exordium Wildlife","floor":8,"turns":5},{"damage":3,"enemies":"Blue Slaver","floor":12,"turns":4},{"damage":10,"enemies":"Gremlin Gang","floor":14,"turns":4},{"damage":45,"enemies":"Slime Boss","floor":16,"turns":14},{"damage":19,"enemies":"Spheric Guardian","floor":18,"turns":6},{"damage":6,"enemies":"Chosen","floor":20,"turns":5},{"damage":0,"enemies":"3 Cultists","floor":22,"turns":6},{"damage":27,"enemies":"Sentry and Sphere","floor":23,"turns":7},{"damage":9,"enemies":"Snake Plant","floor":25,"turns":4},{"damage":14,"enemies":"Snecko","floor":27,"turns":4},{"damage":5,"enemies":"Sentry and Sphere","floor":28,"turns":5},{"damage":12,"enemies":"Shelled Parasite and Fungi","floor":30,"turns":5},{"damage":8,"enemies":"Centurion and Healer","floor":31,"turns":7},{"damage":55,"enemies":"Automaton","floor":33,"turns":12}],"seed_played":"-4335775876885212542","potions_obtained":[{"floor":0,"key":"BlessingOfTheForge"},{"floor":0,"key":"Dexterity Potion"},{"floor":0,"key":"AttackPotion"},{"floor":6,"key":"DistilledChaos"}],"is_trial":false,"path_per_floor":["M","M","?","?","M","E","M","M","T","?","?","M","R","M","R","B",null,"M","?","M","$","M","M","R","M","T","M","M","R","M","M","R","B"],"character_chosen":"THE_SILENT","items_purchased":["Footwork","Bottled Lightning"],"campfire_rested":5,"item_purchase_floors":[21,21],"current_hp_per_floor":[70,70,70,70,70,35,28,28,28,45,34,33,54,46,67,24,70,51,51,47,47,49,24,45,38,38,26,23,44,34,28,49,0,0],"gold":215,"neow_bonus":"THREE_SMALL_POTIONS","is_prod":false,"is_daily":false,"chose_seed":false,"campfire_upgraded":0,"win_rate":0,"timestamp":1607494179,"path_taken":["M","M","?","?","M","E","M","?","T","?","?","M","R","M","R","BOSS","M","?","M","$","M","?","R","M","T","M","M","R","M","M","R","BOSS"],"build_version":"2020-11-30","purchased_purges":0,"victory":false,"max_hp_per_floor":[70,70,70,70,70,70,70,70,70,70,70,70,70,70,70,70,70,70,70,70,70,70,70,70,70,70,70,70,70,70,70,70,70,70],"relic_stats":{"Blood Vial":28,"Happy Flower":[27],"counters":[19,110],"obtain_stats":[{"Blood Vial":6,"construct:WeddingRing":17,"Happy Flower":9,"Oddly Smooth Stone":4,"Bottled Lightning":21,"Ring of the Snake":0},{"Blood Vial":4,"construct:WeddingRing":9,"Happy Flower":6,"Oddly Smooth Stone":2,"Bottled Lightning":11,"Ring of the Snake":0},{"Blood Vial":18,"construct:WeddingRing":49,"Happy Flower":27,"Oddly Smooth Stone":9,"Bottled Lightning":60,"Ring of the Snake":0}],"Ring of the Snake":[38]},"card_choices":[{"not_picked":["Sucker Punch","Masterful Stab"],"picked":"Bane","floor":1},{"not_picked":["Backflip","After Image"],"picked":"Poisoned Stab","floor":2},{"not_picked":["Skewer","PiercingWail"],"picked":"Backflip","floor":5},{"not_picked":["Sucker Punch","Masterful Stab"],"picked":"Caltrops","floor":6},{"not_picked":["Blade Dance","Backflip"],"picked":"Crippling Poison","floor":7},{"not_picked":["Outmaneuver","Reflex"],"picked":"Slice","floor":8},{"not_picked":["Slice","Caltrops","Quick Slash"],"picked":"SKIP","floor":12},{"not_picked":["Flechettes","Endless Agony","Sucker Punch"],"picked":"SKIP","floor":14},{"not_picked":["Night Terror","Tools of the Trade"],"picked":"Die Die Die","floor":16},{"not_picked":["Flechettes+1","Cloak And Dagger"],"picked":"Deflect","floor":18},{"not_picked":["Deadly Poison","Underhanded Strike+1"],"picked":"Backstab+1","floor":20},{"not_picked":["Quick Slash","Heel Hook"],"picked":"Bouncing Flask","floor":22},{"not_picked":["Acrobatics+1","Deadly Poison"],"picked":"Blur+1","floor":23},{"not_picked":["Finisher","Dagger Spray"],"picked":"Riddle With Holes+1","floor":25},{"not_picked":["Dodge and Roll","Bane"],"picked":"Deadly Poison","floor":27},{"not_picked":["Flying Knee","Bouncing Flask"],"picked":"Underhanded Strike+1","floor":28},{"not_picked":["Underhanded Strike","Cloak And Dagger+1"],"picked":"Deflect","floor":30},{"not_picked":["Quick Slash","Predator","Cloak And Dagger"],"picked":"SKIP","floor":31}],"player_experience":180402,"relics_obtained":[{"floor":6,"key":"Blood Vial"},{"floor":9,"key":"Happy Flower"}],"event_choices":[{"damage_healed":0,"gold_gain":0,"player_choice":"Ignored","damage_taken":0,"max_hp_gain":0,"max_hp_loss":0,"event_name":"Golden Wing","floor":3,"gold_loss":0},{"damage_healed":0,"gold_gain":0,"player_choice":"Paid Gold","damage_taken":0,"relics_obtained":["Oddly Smooth Stone"],"max_hp_gain":0,"max_hp_loss":0,"event_name":"WeMeetAgain","floor":4,"gold_loss":123},{"damage_healed":17,"gold_gain":0,"player_choice":"Healed","damage_taken":0,"max_hp_gain":0,"max_hp_loss":0,"event_name":"The Cleric","floor":10,"gold_loss":35},{"damage_healed":0,"gold_gain":75,"player_choice":"Gold","damage_taken":11,"max_hp_gain":0,"max_hp_loss":0,"event_name":"betterThird:BetterGoop","floor":11,"gold_loss":0},{"cards_removed":["Strike_G"],"damage_healed":0,"gold_gain":0,"player_choice":"Purged","damage_taken":0,"max_hp_gain":0,"max_hp_loss":0,"event_name":"Purifier","floor":19,"gold_loss":0}],"is_beta":false,"boss_relics":[{"not_picked":["Runic Pyramid","Astrolabe"],"picked":"construct:WeddingRing"}],"items_purged_floors":[],"is_endless":false,"potions_floor_spawned":[1,5,6,12,16,18,20,23,31],"killed_by":"Automaton","ascension_level":0}}