{"host":"17xjy7b7ubl548g2","time":1607495882,"event":{"gold_per_floor":[114,114,189,201,219,219,246,246,246,280,280,294,294,21,72,145,145,164,164,164,179,196,196,38,69,96,96,171,202,220,249,249,249,249],"floor_reached":33,"playtime":2755,"items_purged":["Strike_G"],"score":571,"play_id":"f57a04e0-4075-4b37-86b6-7713ed9e00a4","local_time":"20201209013802","is_ascension_mode":true,"campfire_choices":[{"data":"Blade Dance","floor":6,"key":"SMITH"},{"data":"Noxious Fumes","floor":8,"key":"SMITH"},{"data":"Replay:Poison Smokescreen","floor":11,"key":"SMITH"},{"data":"Malaise","floor":23,"key":"SMITH"},{"data":"After Image","floor":27,"key":"SMITH"},{"data":"Apotheosis","floor":32,"key":"SMITH"}],"neow_cost":"NONE","seed_source_timestamp":57620728744166,"circlet_count":0,"master_deck":["AscendersBane","Strike_G","Strike_G","Strike_G","Defend_G","Defend_G","Defend_G+1","Defend_G","Defend_G","Survivor","Neutralize+1","Backstab","Blade Dance+1","Blur+1","Noxious Fumes+1","Replay:Poison Smokescreen+1","Dagger Spray","Glass Knife","jedi:pocketpoison","Backflip","Malaise+1","StuffTheSpire:ReptileScales","After Image+1","PiercingWail","Apotheosis+1","Deflect","Terror+1","Backflip","Burst"],"relics":["Ring of the Snake","halation:SelfBoilingWater","StuffTheSpire:PointBlank","Ginger","Membership Card","Sozu","hubris:Zylophone","Boot","Art of War","HollowMod:LifeEnderRelic","Oddly Smooth Stone"],"potions_floor_usage":[7,10,21],"damage_taken":[{"damage":0,"enemies":"Small Slimes","floor":1,"turns":4},{"damage":0,"enemies":"2 Louse","floor":4,"turns":2},{"damage":0,"enemies":"Jaw Worm","floor":5,"turns":4},{"damage":6,"enemies":"Lagavulin","floor":7,"turns":12},{"damage":0,"enemies":"Gremlin Nob","floor":10,"turns":2},{"damage":4,"enemies":"2 Fungi Beasts","floor":12,"turns":2},{"damage":9,"enemies":"The Guardian","floor":16,"turns":8},{"damage":6,"enemies":"Chosen","floor":18,"turns":4},{"damage":0,"enemies":"2 Thieves","floor":21,"turns":2},{"damage":0,"enemies":"conspire:HollyBat","floor":22,"turns":6},{"damage":6,"enemies":"Replay:Snechameleon","floor":25,"turns":4},{"damage":12,"enemies":"conspire:SneckoGhost","floor":29,"turns":7},{"damage":7,"enemies":"Sentry and Sphere","floor":30,"turns":4},{"damage":3,"enemies":"HollowMod:Nosk","floor":31,"turns":5},{"damage":16,"enemies":"conspire:MysteriousRune","floor":33,"turns":6}],"seed_played":"-5605001860628788468","potions_obtained":[{"floor":5,"key":"blueLaboratory:BlinkPotion"},{"floor":7,"key":"blueLaboratory:ExaltedPotion"},{"floor":10,"key":"Explosive Potion"},{"floor":16,"key":"blueLaboratory:Moonshine"}],"is_trial":false,"path_per_floor":["M","?","?","M","M","R","E","R","T","E","R","M","?","$","R_BF","B",null,"M","?","?","M","M","R","$","E","T","R","?","E","M","E","R","B"],"character_chosen":"THE_SILENT","items_purchased":["Membership Card","Glass Knife","jedi:pocketpoison","Backflip","Apotheosis","hubris:Zylophone","Deflect"],"campfire_rested":0,"item_purchase_floors":[14,14,14,14,24,24,24],"current_hp_per_floor":[59,59,48,48,48,48,42,42,42,42,42,38,25,25,25,16,54,48,48,48,48,48,48,48,42,42,42,36,24,17,14,14,0,0],"gold":249,"neow_bonus":"REMOVE_CARD","is_prod":false,"is_daily":false,"chose_seed":false,"campfire_upgraded":6,"win_rate":0,"timestamp":1607495882,"path_taken":["M","?","?","M","M","R","E","R","T","E","R","M","?","$","R_BF","BOSS","M","?","?","M","?","R","?","E","T","R","?","E","?","E","R","BOSS"],"build_version":"2020-11-30","purchased_purges":1,"victory":false,"max_hp_per_floor":[66,66,66,66,66,66,66,66,66,66,66,66,66,66,66,66,66,66,66,66,66,66,66,66,66,66,66,66,66,66,66,66,66,66],"card_choices":[{"not_picked":["Sucker Punch","Setup"],"picked":"Backstab","floor":1},{"not_picked":["Dagger Throw","StuffTheSpire:ClusterCrunch"],"picked":"Blade Dance","floor":4},{"not_picked":["Poisoned Stab","Fluid Movement"],"picked":"Blur","floor":5},{"not_picked":["Acrobatics","jedi:unstablefumes"],"picked":"Noxious Fumes","floor":7},{"not_picked":["Underhanded Strike","Poisoned Stab"],"picked":"Replay:Poison Smokescreen","floor":10},{"not_picked":["ReplayTheSpireMod:The Works","StuffTheSpire:Fury"],"picked":"Dagger Spray","floor":12},{"not_picked":["Night Terror","Tools of the Trade"],"picked":"Malaise","floor":16},{"not_picked":["Acrobatics","conspire:DoublingDagger"],"picked":"StuffTheSpire:ReptileScales","floor":18},{"not_picked":["Infinite Blades","Blade Dance"],"picked":"PiercingWail","floor":21},{"not_picked":["Underhanded Strike","jedi:poisonivy","StuffTheSpire:ClusterCrunch"],"picked":"SKIP","floor":22},{"not_picked":["Expertise","Noxious Fumes","hubris:SlightOfHand"],"picked":"SKIP","floor":25},{"not_picked":["Prepared","Predator"],"picked":"Terror+1","floor":29},{"not_picked":["Predator","Flying Knee"],"picked":"Backflip","floor":30},{"not_picked":["StuffTheSpire:Python+1","Backflip"],"picked":"Burst","floor":31}],"player_experience":1497621,"relics_obtained":[{"floor":7,"key":"halation:SelfBoilingWater"},{"floor":9,"key":"StuffTheSpire:PointBlank"},{"floor":10,"key":"Ginger"},{"floor":25,"key":"Boot"},{"floor":26,"key":"Art of War"},{"floor":29,"key":"HollowMod:LifeEnderRelic"},{"floor":31,"key":"Oddly Smooth Stone"}],"event_choices":[{"damage_healed":0,"gold_gain":75,"player_choice":"Gather Gold","damage_taken":11,"max_hp_gain":0,"max_hp_loss":0,"event_name":"World of Goop","floor":3,"gold_loss":0},{"damage_healed":0,"gold_gain":0,"player_choice":"Entered Light","damage_taken":13,"max_hp_gain":0,"max_hp_loss":0,"event_name":"Shining Light","floor":13,"gold_loss":0,"cards_upgraded":["Defend_G","Blur"]},{"damage_healed":0,"gold_gain":0,"player_choice":"1 cards matched","damage_taken":0,"max_hp_gain":0,"max_hp_loss":0,"event_name":"Match and Keep!","floor":20,"gold_loss":0,"cards_obtained":["After Image"]},{"damage_healed":0,"gold_gain":75,"player_choice":"Touch","damage_taken":6,"max_hp_gain":0,"max_hp_loss":0,"event_name":"FaceTrader","floor":28,"gold_loss":0}],"is_beta":false,"boss_relics":[{"not_picked":["Replay:Wanted Poster","Replay:Ancient Bell"],"picked":"Sozu"}],"items_purged_floors":[24],"is_endless":false,"potions_floor_spawned":[5,7,10,16,18,21,25,31],"killed_by":"conspire:MysteriousRune","ascension_level":14}}