{"host":"pirojme5vfvvdjdl","time":1607536548,"event":{"gold_per_floor":[118,133,83,83,93,120,138,138,163,198,210,249,336,382,394,502,514,536,548,560,572,534,546,587,616,628,673,685,711,723,750,762,870,882,909,921,12,31,41,69,89,124,124,124,150,150,185,195,195,195,195,195,2,29,29],"floor_reached":56,"playtime":4327,"items_purged":["Defend_B"],"score":1486,"play_id":"8eebd553-7128-40b9-bb3a-7d9b85fb182b","local_time":"20201209095548","is_ascension_mode":true,"campfire_choices":[{"floor":11.0,"key":"REST"},{"data":"Zap","floor":15.0,"key":"SMITH"},{"data":"Echo Form","floor":23.0,"key":"SMITH"},{"floor":30.0,"key":"REST"},{"floor":32.0,"key":"REST"},{"floor":44,"key":"RECALL"},{"floor":46,"key":"REST"},{"floor":49,"key":"REST"},{"data":"Mind Blast","floor":52,"key":"SMITH"}],"neow_cost":"NONE","seed_source_timestamp":0,"circlet_count":0,"master_deck":["Strike_B","Defend_B","Defend_B","Zap+1","Dualcast","Rebound","Conserve Battery","Corpse Explosion","Chill","Sunder","Coolheaded","Melter","Conserve Battery","Hologram","Rainbow","Stack+1","Echo Form+1","Undo+1","RitualDagger","Turbo+1","Conserve Battery+1","Defragment","Reboot+1","Turbo+1","Steam+1","Echo Form","Aggregate+1","RitualDagger","Panache","Mind Blast+1","Doom and Gloom","Turbo+1","Double Energy+1","Double Energy+1","Meteor Strike","Chaos+1","White Noise+1","Glacier+1","Capacitor+1","Leap+1","Consume+1","Reboot+1","Lockon","Aggregate+1"],"special_seed":0,"relics":["Cracked Core","NeowsBlessing","Orichalcum","Strawberry","MawBank","Lizard Tail","Omamori","Calling Bell","Dream Catcher","Toxic Egg 2","Thread and Needle","Emotion Chip","Mango","Vajra","Nuclear Battery","DollysMirror","CaptainsWheel","Calipers","Prayer Wheel","FossilizedHelix","Frozen Egg 2","Dead Branch","Toolbox","Nunchaku"],"potions_floor_usage":[42,42,50,55],"damage_taken":[{"damage":0.0,"enemies":"2 Louse","floor":1.0,"turns":1.0},{"damage":0.0,"enemies":"Jaw Worm","floor":2.0,"turns":1.0},{"damage":0.0,"enemies":"Cultist","floor":5.0,"turns":1.0},{"damage":15.0,"enemies":"3 Sentries","floor":6.0,"turns":3.0},{"damage":0.0,"enemies":"Large Slime","floor":7.0,"turns":3.0},{"damage":15.0,"enemies":"Lagavulin","floor":10.0,"turns":7.0},{"damage":8.0,"enemies":"Gremlin Nob","floor":12.0,"turns":4.0},{"damage":16.0,"enemies":"Lagavulin","floor":14.0,"turns":6.0},{"damage":15.0,"enemies":"Hexaghost","floor":16.0,"turns":9.0},{"damage":13.0,"enemies":"2 Thieves","floor":18.0,"turns":3.0},{"damage":16.0,"enemies":"Gremlin Leader","floor":24.0,"turns":8.0},{"damage":0.0,"enemies":"Spheric Guardian","floor":25.0,"turns":3.0},{"damage":23.0,"enemies":"Slavers","floor":27.0,"turns":4.0},{"damage":0.0,"enemies":"Centurion and Healer","floor":29.0,"turns":5.0},{"damage":9.0,"enemies":"Snake Plant","floor":31.0,"turns":4.0},{"damage":30.0,"enemies":"Champ","floor":33.0,"turns":14.0},{"damage":0.0,"enemies":"3 Darklings","floor":35.0,"turns":3.0},{"damage":0.0,"enemies":"Orb Walker","floor":38.0,"turns":2.0},{"damage":0.0,"enemies":"Jaw Worm Horde","floor":39.0,"turns":3.0},{"damage":38.0,"enemies":"Nemesis","floor":40.0,"turns":7.0},{"damage":10.0,"enemies":"Sphere and 2 Shapes","floor":41.0,"turns":6.0},{"damage":8,"enemies":"Giant Head","floor":42,"turns":8},{"damage":0,"enemies":"Nemesis","floor":45,"turns":5},{"damage":36,"enemies":"Reptomancer","floor":47,"turns":9},{"damage":0,"enemies":"4 Shapes","floor":48,"turns":3},{"damage":0,"enemies":"Time Eater","floor":50,"turns":13},{"damage":20,"enemies":"Shield and Spear","floor":54,"turns":5},{"damage":37,"enemies":"The Heart","floor":55,"turns":9}],"seed_played":"-7241026514387528508","potions_obtained":[{"floor":2.0,"key":"Fire Potion"},{"floor":7.0,"key":"GamblersBrew"},{"floor":24.0,"key":"Energy Potion"},{"floor":25.0,"key":"PowerPotion"},{"floor":39.0,"key":"FocusPotion"},{"floor":41.0,"key":"Regen Potion"},{"floor":42,"key":"Energy Potion"},{"floor":47,"key":"AttackPotion"}],"is_trial":false,"path_per_floor":["M","M","?","?","M","E","M","?","T","E","R","E","?","E","R","B",null,"M","?","?","?","?","R","E","M","T","E","?","M","R","M","R","B",null,"M","?","$","M","M","E","M","E","T","R","E","R","E","M","R","B",null,"R","$","E","B",null],"character_chosen":"DEFECT","items_purchased":["DollysMirror","CaptainsWheel","Panache","Mind Blast","Doom and Gloom","Turbo+1","Toolbox","Lockon"],"campfire_rested":5,"item_purchase_floors":[37,37,37,37,37,37,53,53],"current_hp_per_floor":[75,75,75,75,75,60,60,60,67,52,76,68,57,41,41,26,82,69,69,69,63,63,63,47,47,47,38,38,38,66,57,85,55,96,96,96,96,96,96,58,48,55,55,55,55,83,47,47,75,75,96,96,96,76,39],"gold":29,"neow_bonus":"THREE_ENEMY_KILL","is_prod":false,"is_daily":false,"chose_seed":false,"campfire_upgraded":3,"win_rate":0,"timestamp":1607536548,"path_taken":["M","M","?","?","?","E","M","?","T","E","R","E","?","E","R","BOSS","M","?","?","?","?","R","E","?","T","E","?","M","R","M","R","BOSS","M","?","$","M","M","E","M","E","T","R","E","R","E","M","R","BOSS","R","$","E","BOSS"],"build_version":"2020-11-30","purchased_purges":1,"victory":true,"max_hp_per_floor":[75,75,75,75,75,75,75,75,82,82,82,82,82,82,82,82,82,82,82,82,82,82,82,82,82,82,96,96,96,96,96,96,96,96,96,96,96,96,96,96,96,96,96,96,96,96,96,96,96,96,96,96,96,96,96],"card_choices":[{"not_picked":["Go for the Eyes","Self Repair"],"picked":"Rebound","floor":1.0},{"not_picked":["Darkness","Rebound"],"picked":"Conserve Battery","floor":2.0},{"not_picked":["Heatsinks","Lockon"],"picked":"Chill","floor":5.0},{"not_picked":["Cold Snap","Fission"],"picked":"Sunder","floor":6.0},{"not_picked":["Reprogram","Hologram"],"picked":"Coolheaded","floor":7.0},{"not_picked":["Tempest","Redo"],"picked":"Melter","floor":10.0},{"not_picked":["Compile Driver","Reinforced Body"],"picked":"Conserve Battery","floor":12.0},{"not_picked":["Gash","Biased Cognition"],"picked":"Hologram","floor":14.0},{"not_picked":["Machine Learning","Multi-Cast"],"picked":"Rainbow","floor":16.0},{"not_picked":["Hello World","Streamline"],"picked":"Stack+1","floor":18.0},{"not_picked":["Streamline+1","Cold Snap"],"picked":"Turbo+1","floor":24.0},{"not_picked":["Reinforced Body+1","White Noise+1"],"picked":"Conserve Battery+1","floor":25.0},{"not_picked":["Stack+1","Go for the Eyes","Barrage+1"],"picked":"SKIP","floor":27.0},{"not_picked":["Genetic Algorithm+1","Compile Driver"],"picked":"Defragment","floor":29.0},{"not_picked":["Coolheaded+1","Stack+1"],"picked":"Reboot+1","floor":30.0},{"not_picked":["Cold Snap","Rebound"],"picked":"Turbo+1","floor":31.0},{"not_picked":["Go for the Eyes","Rebound"],"picked":"Steam+1","floor":32.0},{"not_picked":["All For One","Thunder Strike"],"picked":"Echo Form","floor":33.0},{"not_picked":["Conserve Battery+1","Double Energy+1"],"picked":"Aggregate+1","floor":35.0},{"not_picked":["Hologram+1","Capacitor+1"],"picked":"Double Energy+1","floor":38.0},{"not_picked":["Go for the Eyes+1","Hologram+1"],"picked":"Double Energy+1","floor":39.0},{"not_picked":["Fusion+1","Compile Driver"],"picked":"Meteor Strike","floor":40.0},{"not_picked":["Coolheaded+1","Beam Cell"],"picked":"Chaos+1","floor":41.0},{"not_picked":["Steam+1","Self Repair+1"],"picked":"White Noise+1","floor":42},{"not_picked":["Biased Cognition+1","Barrage"],"picked":"Glacier+1","floor":45},{"not_picked":["Scrape","Blizzard"],"picked":"Capacitor+1","floor":47},{"not_picked":["Stack+1","Streamline+1"],"picked":"Leap+1","floor":48},{"not_picked":["Barrage+1","Rebound"],"picked":"Consume+1","floor":48},{"not_picked":["Streamline+1","Rebound+1"],"picked":"Reboot+1","floor":49},{"not_picked":["Rebound+1","Core Surge"],"picked":"Aggregate+1","floor":54}],"player_experience":296763,"relics_obtained":[{"floor":6.0,"key":"Orichalcum"},{"floor":9.0,"key":"Strawberry"},{"floor":10.0,"key":"MawBank"},{"floor":12.0,"key":"Lizard Tail"},{"floor":14.0,"key":"Omamori"},{"floor":17.0,"key":"Dream Catcher"},{"floor":17.0,"key":"Toxic Egg 2"},{"floor":17.0,"key":"Thread and Needle"},{"floor":24.0,"key":"Emotion Chip"},{"floor":27.0,"key":"Mango"},{"floor":40.0,"key":"Calipers"},{"floor":42,"key":"Prayer Wheel"},{"floor":43,"key":"FossilizedHelix"},{"floor":45,"key":"Frozen Egg 2"},{"floor":47,"key":"Dead Branch"},{"floor":54,"key":"Nunchaku"}],"event_choices":[{"cards_removed":["Strike_B"],"damage_healed":0.0,"max_hp_gain":0.0,"max_hp_loss":0.0,"gold_gain":0.0,"event_name":"The Cleric","player_choice":"Card Removal","floor":3.0,"gold_loss":50.0,"damage_taken":0.0},{"cards_removed":["Defend_B"],"damage_healed":0.0,"max_hp_gain":0.0,"max_hp_loss":0.0,"gold_gain":0.0,"event_name":"NoteForYourself","player_choice":"Took Card","floor":4.0,"gold_loss":0.0,"damage_taken":0.0,"cards_obtained":["Corpse Explosion"]},{"damage_healed":0.0,"max_hp_gain":0.0,"max_hp_loss":0.0,"gold_gain":0.0,"event_name":"Liars Game","player_choice":"Ignored","floor":8.0,"gold_loss":0.0,"damage_taken":0.0},{"damage_healed":0.0,"max_hp_gain":0.0,"max_hp_loss":0.0,"gold_gain":75.0,"event_name":"World of Goop","player_choice":"Gather Gold","floor":13.0,"gold_loss":0.0,"damage_taken":11.0},{"damage_healed":0.0,"max_hp_gain":0.0,"max_hp_loss":0.0,"gold_gain":0.0,"cards_transformed":["Strike_B","Strike_B"],"event_name":"Drug Dealer","player_choice":"Became Test Subject","floor":19.0,"gold_loss":0.0,"damage_taken":0.0,"cards_obtained":["Echo Form","Undo"]},{"damage_healed":0.0,"max_hp_gain":0.0,"max_hp_loss":0.0,"gold_gain":0.0,"event_name":"Vampires","player_choice":"Ignored","floor":20.0,"gold_loss":0.0,"damage_taken":0.0},{"damage_healed":0.0,"max_hp_gain":0.0,"max_hp_loss":0.0,"gold_gain":0.0,"event_name":"Nest","player_choice":"Joined the Cult","floor":21.0,"gold_loss":0.0,"damage_taken":6.0,"cards_obtained":["RitualDagger"]},{"damage_healed":0.0,"max_hp_gain":0.0,"max_hp_loss":0.0,"gold_gain":0.0,"event_name":"The Joust","player_choice":"Bet on Owner","floor":22.0,"gold_loss":50.0,"damage_taken":0.0},{"damage_healed":0.0,"max_hp_gain":0.0,"max_hp_loss":0.0,"gold_gain":0.0,"event_name":"The Mausoleum","player_choice":"Opened","floor":28.0,"gold_loss":0.0,"damage_taken":0.0,"relics_obtained":["Vajra"]},{"damage_healed":0.0,"max_hp_gain":0.0,"max_hp_loss":0.0,"gold_gain":0.0,"event_name":"Tomb of Lord Red Mask","player_choice":"Ignored","floor":36.0,"gold_loss":0.0,"damage_taken":0.0}],"is_beta":false,"boss_relics":[{"not_picked":["Cursed Key","Sozu"],"picked":"Calling Bell"},{"not_picked":["Coffee Dripper","Busted Crown"],"picked":"Nuclear Battery"}],"items_purged_floors":[37],"is_endless":false,"potions_floor_spawned":[2,7,24,25,39,41,42,47],"ascension_level":1}}