{"host":"qlj7f7zro8kbedlv","time":1607502164,"event":{"gold_per_floor":[99,118,118,118,149,149,149,188,22,22,34,19,29,204,217,316,316,316,334,334,360,360,360,360,360,387,387,387,407,426,426,443,443,443],"floor_reached":33,"playtime":1251,"items_purged":["Overencumbered"],"score":285,"play_id":"da45a642-4d79-453c-8d85-bdddf690e67b","local_time":"20201209022244","is_ascension_mode":false,"campfire_choices":[{"data":"Guardian:TwinSlam","floor":1,"key":"SMITH"},{"data":"Guardian:CurlUp","floor":3,"key":"SMITH"},{"data":"Guardian:CrystalBeam","floor":6,"key":"SMITH"},{"floor":10,"key":"REST"},{"data":"Guardian:ArmoredProtocol","floor":18,"key":"SMITH"},{"data":"Guardian:EvasiveProtocol","floor":23,"key":"SMITH"},{"floor":25,"key":"REST"},{"floor":27,"key":"REST"}],"neow_cost":"NONE","seed_source_timestamp":234072770591400,"circlet_count":0,"master_deck":["Guardian:Strike_Guardian","Guardian:Strike_Guardian","Guardian:Strike_Guardian","Guardian:Strike_Guardian","Guardian:Defend_Guardian","Guardian:Defend_Guardian","Guardian:Defend_Guardian","Guardian:Defend_Guardian","Guardian:CurlUp+1","Guardian:TwinSlam+1","Guardian:CrystalBeam+1","Guardian:SpikerProtocol","Guardian:EvasiveProtocol+1","Guardian:CrystalBeam","Guardian:ArmoredProtocol+1","Guardian:RollAttack","Doubt","Guardian:VentSteam","Guardian:DonusPower+1","hubris:Wrath","Guardian:BronzeArmor","Guardian:Gem_Green","Guardian:PiercingHide+1"],"relics":["energizedSpire:EnergizedDie","hubris:Icosahedron","Replay:WaspNest","infinitespire:BottledMercury","Toy Ornithopter","hubris:ScarierMask","hubris:AstralHammer","Vajra","infinitespire:Broken Mirror"],"potions_floor_usage":[16,33],"damage_taken":[{"damage":1,"enemies":"Jaw Worm","floor":2,"turns":3},{"damage":17,"enemies":"3 Sentries","floor":5,"turns":10},{"damage":0,"enemies":"downfall:FleeingMerchant","floor":9,"turns":4},{"damage":0,"enemies":"conspire:RoseBush","floor":11,"turns":3},{"damage":7,"enemies":"downfall:FleeingMerchant","floor":12,"turns":4},{"damage":0,"enemies":"Small Slimes","floor":13,"turns":3},{"damage":0,"enemies":"Exordium Wildlife","floor":15,"turns":3},{"damage":48,"enemies":"downfall:CharBossWatcher","floor":16,"turns":9},{"damage":10,"enemies":"Shell Parasite","floor":19,"turns":4},{"damage":3,"enemies":"3 Byrds","floor":20,"turns":3},{"damage":23,"enemies":"Replay:Snechameleon","floor":21,"turns":6},{"damage":52,"enemies":"Nightmare","floor":26,"turns":7},{"damage":4,"enemies":"Cultist and Chosen","floor":28,"turns":4},{"damage":1,"enemies":"3 Cultists","floor":29,"turns":4},{"damage":14,"enemies":"Centurion and Healer","floor":30,"turns":3},{"damage":15,"enemies":"conspire:HollyBat","floor":32,"turns":8},{"damage":13,"enemies":"downfall:CharBossIronclad","floor":33,"turns":2}],"seed_played":"-5032017987178500846","potions_obtained":[{"floor":2,"key":"BlessingOfTheForge"},{"floor":11,"key":"AttackPotion"},{"floor":13,"key":"Strength Potion"}],"is_trial":false,"path_per_floor":["R","M","R","?","E","R","T","?","$","R","M","$","M","?","M","B",null,"R","M","M","E","?","R","T","R","NM","R","M","M","M","?","M","B"],"character_chosen":"GUARDIAN","items_purchased":["Guardian:Gem_Fragmented","Guardian:CrystalBeam"],"campfire_rested":3,"item_purchase_floors":[9,9],"current_hp_per_floor":[80,79,79,79,62,62,62,42,42,66,66,59,59,59,59,16,80,80,70,67,44,44,44,44,68,16,40,36,35,21,21,6,0,0],"gold":443,"neow_bonus":"BOSS_RELIC","is_prod":false,"is_daily":false,"chose_seed":false,"campfire_upgraded":5,"win_rate":0.0,"timestamp":1607502164,"path_taken":["R","M","R","?","E","R","T","?","$","R","M","$","?","?","M","BOSS","R","M","M","E","?","R","T","R","NM","R","?","M","M","?","M","BOSS"],"build_version":"2020-11-30","purchased_purges":1,"victory":false,"max_hp_per_floor":[80,80,80,80,80,80,80,80,80,80,80,80,80,80,80,80,80,80,80,80,80,80,80,80,80,80,80,80,80,80,80,80,80,80],"card_choices":[{"not_picked":["Guardian:TemporalShield","Guardian:Planning"],"picked":"Guardian:Gem_Green","floor":2},{"not_picked":["Guardian:TemporalStrike","Guardian:Reroute"],"picked":"Guardian:CrystalBeam","floor":5},{"not_picked":["Guardian:GuardianWhirl","Guardian:ShieldSpikes"],"picked":"Guardian:SpikerProtocol","floor":8},{"not_picked":["Guardian:TimeBomb","Guardian:MultiBeam"],"picked":"Guardian:EvasiveProtocol","floor":8},{"not_picked":["Guardian:ChargeUp","Guardian:Gem_Green"],"picked":"Guardian:ArmoredProtocol","floor":11},{"not_picked":["Guardian:SpikerProtocol","Guardian:Gem_Green"],"picked":"Guardian:RollAttack","floor":13},{"not_picked":["Guardian:Gem_Green","Guardian:ShieldCharger"],"picked":"Guardian:VentSteam","floor":15},{"not_picked":["Guardian:WeakpointTargeting","Guardian:FierceBash"],"picked":"Guardian:Gem_Synthetic","floor":16},{"not_picked":["Guardian:WalkerClaw+1","Guardian:EvasiveProtocol+1","Guardian:Planning"],"picked":"SKIP","floor":19},{"not_picked":["Guardian:TemporalShield","Guardian:Orbwalk"],"picked":"Guardian:DonusPower+1","floor":20},{"not_picked":["Guardian:Orbwalk","Guardian:DonusPower","Guardian:TimeCapacitor"],"picked":"SKIP","floor":21},{"not_picked":["Guardian:RollAttack","Guardian:Planning+1"],"picked":"Guardian:BronzeArmor","floor":26},{"not_picked":["Guardian:GuardianWhirl","Guardian:Reroute"],"picked":"Guardian:Gem_Green","floor":28},{"not_picked":["Guardian:BronzeArmor","Guardian:SpikerProtocol+1","Guardian:VentSteam"],"picked":"SKIP","floor":29},{"not_picked":["Guardian:SentryBeam","Guardian:RollAttack","Guardian:CrystalBeam+1"],"picked":"SKIP","floor":30},{"not_picked":["Guardian:TimeSifter","Guardian:CrystalBeam+1"],"picked":"Guardian:PiercingHide+1","floor":32}],"player_experience":96358,"relics_obtained":[{"floor":5,"key":"Replay:WaspNest"},{"floor":7,"key":"infinitespire:BottledMercury"},{"floor":8,"key":"Toy Ornithopter"},{"floor":21,"key":"hubris:AstralHammer"},{"floor":24,"key":"Vajra"},{"floor":26,"key":"infinitespire:Broken Mirror"}],"event_choices":[{"damage_healed":0,"gold_gain":0,"player_choice":"Ignored","damage_taken":0,"max_hp_gain":0,"max_hp_loss":0,"event_name":"betterNote:BetterNote","floor":22,"gold_loss":0,"cards_obtained":["Strike_R"]}],"is_beta":false,"boss_relics":[{"not_picked":["hubris:Stopwatch","energizedSpire:CursedPentagram"],"picked":"hubris:ScarierMask"}],"items_purged_floors":[9],"is_endless":false,"potions_floor_spawned":[2,11,13,19,29,30],"killed_by":"downfall:CharBossIronclad","ascension_level":0}}