{"host":"kux12pw67lc1ca9q","time":1607519965,"event":{"gold_per_floor":[113,113,301,313,188,188,228,228,228,279,308,376,404,432,432,455,455],"floor_reached":16,"playtime":928,"items_purged":[],"score":260,"play_id":"c1dafdbf-2746-4ed7-ba7f-5ce2e01e0a49","local_time":"20201209131925","is_ascension_mode":true,"campfire_choices":[{"floor":6,"key":"REST"}],"neow_cost":"NONE","seed_source_timestamp":334164802725500,"circlet_count":0,"master_deck":["AscendersBane","hierophant:Strike_Hierophant","hierophant:Strike_Hierophant","hierophant:Strike_Hierophant","hierophant:Strike_Hierophant","hierophant:Punish","hierophant:Defend_Hierophant","hierophant:Defend_Hierophant","hierophant:Defend_Hierophant","hierophant:Defend_Hierophant","hierophant:ChurchCoffers","infinitespire:TheBestDefense","hierophant:PassingBell","StuffTheSpire:FreeRealEstate+1","hierophant:Endure","StuffTheSpire:Rapture","hierophant:Smite","hierophant:PristineSoul","hierophant:Kindle","hierophant:Shelter+1"],"special_seed":0,"relics":["hierophant:PropheticMaskRelic","Replay:Bandana","CCEMRelics:PorcelainBowl","potionbrewer:AlchemistFlask"],"potions_floor_usage":[7,7,13,13],"damage_taken":[{"damage":12,"enemies":"Gensokyo:2_Kodama","floor":1,"turns":4},{"damage":0,"enemies":"Gensokyo:3_Fairies","floor":4,"turns":1},{"damage":4,"enemies":"Gensokyo:Aya","floor":7,"turns":8},{"damage":0,"enemies":"Gensokyo:Cirno","floor":10,"turns":3},{"damage":0,"enemies":"Gensokyo:Gryphon","floor":11,"turns":2},{"damage":20,"enemies":"Gensokyo:Mamizou","floor":12,"turns":9},{"damage":0,"enemies":"Gensokyo:LivingMonolith","floor":13,"turns":2},{"damage":12,"enemies":"Gensokyo:Gryphon_and_Rabbit","floor":14,"turns":3},{"damage":2,"enemies":"Gensokyo:Yukari","floor":16,"turns":7}],"seed_played":"4163820335009888147","potions_obtained":[{"floor":1,"key":"potionbrewer:ToxicPotion"},{"floor":4,"key":"potionbrewer:BarricadePotion"},{"floor":7,"key":"potionbrewer:DiscountPotion"},{"floor":10,"key":"BlessingOfTheForge"}],"is_trial":false,"path_per_floor":["M","?","?","M","?","R","E","?","T","E","M","E","M","M","R","B"],"character_chosen":"HIEROPHANT","items_purchased":[],"campfire_rested":1,"item_purchase_floors":[],"current_hp_per_floor":[56,37,19,19,19,41,37,37,37,37,37,17,17,5,27,25,25],"gold":455,"neow_bonus":"RANDOM_EVENT","is_prod":false,"is_daily":false,"chose_seed":false,"campfire_upgraded":0,"win_rate":0,"timestamp":1607519965,"path_taken":["M","?","?","?","?","R","E","?","T","E","M","E","M","?","R","BOSS"],"build_version":"2020-11-30","purchased_purges":0,"victory":false,"max_hp_per_floor":[75,75,75,75,75,75,75,75,75,75,75,75,75,75,75,75,75],"card_choices":[{"not_picked":["hierophant:Chorus","hierophant:Remorse","hierophant:Purify"],"picked":"SKIP","floor":1},{"not_picked":["Replay:Fractal Strike","infinitespire:SealOfDarkness+"],"picked":"infinitespire:TheBestDefense","floor":2},{"not_picked":["hierophant:Purify","hierophant:Sermon"],"picked":"hierophant:PassingBell","floor":4},{"not_picked":["Replay:BasicMightCard+1","Finesse+1"],"picked":"StuffTheSpire:FreeRealEstate+1","floor":5},{"not_picked":["hierophant:OrnateBuckler","hierophant:Doubloon"],"picked":"hierophant:Endure","floor":7},{"not_picked":["StuffTheSpire:Brawn","StuffTheSpire:Innocence"],"picked":"StuffTheSpire:Rapture","floor":8},{"not_picked":["hierophant:Cornucopia","hierophant:Purify"],"picked":"hierophant:Smite","floor":10},{"not_picked":["hierophant:Smite","hierophant:Chorus"],"picked":"hierophant:PristineSoul","floor":11},{"not_picked":["hierophant:SealAway","hierophant:FieryStrike"],"picked":"hierophant:Kindle","floor":12},{"not_picked":["hierophant:DisplayOfPower","hierophant:Community","hierophant:AuricBeam"],"picked":"SKIP","floor":13},{"not_picked":["hierophant:SealAway","hierophant:ThreeLashes"],"picked":"hierophant:Shelter","floor":14}],"player_experience":1287154,"relics_obtained":[{"floor":7,"key":"Vajra"},{"floor":9,"key":"Replay:Bandana"},{"floor":10,"key":"CCEMRelics:PorcelainBowl"},{"floor":12,"key":"potionbrewer:AlchemistFlask"}],"event_choices":[{"damage_healed":0,"gold_gain":188,"player_choice":"GO GO ","damage_taken":20,"relics_obtained":[],"max_hp_gain":0,"max_hp_loss":0,"event_name":"betterSkull:BetterSkull","floor":3,"gold_loss":0,"cards_upgraded":[]},{"damage_healed":0,"gold_gain":0,"player_choice":"2","damage_taken":0,"max_hp_gain":0,"max_hp_loss":0,"event_name":"betterMatch:BetterMatch","floor":5,"gold_loss":0,"cards_obtained":["betterMatch:ColorlessUncommonCard"]}],"is_beta":false,"boss_relics":[],"items_purged_floors":[],"is_endless":false,"potions_floor_spawned":[1,4,7,10],"killed_by":"Gensokyo:Yukari","ascension_level":20}}