{"host":"hcrpk3ks1jn59x6u","time":1607490081,"event":{"gold_per_floor":[118,118,118,143,160,220,220,220,220,251,285,314,348,368,368,543,543,543,543],"floor_reached":18,"playtime":1208,"items_purged":[],"score":173,"play_id":"29322c68-af75-484a-a4f4-86f8a0374b2a","local_time":"20201209130121","is_ascension_mode":false,"campfire_choices":[{"data":"hermit:DeadOrAlive","floor":8,"key":"SMITH"},{"floor":15,"key":"REST"}],"neow_cost":"CURSE","seed_source_timestamp":81018498053300,"circlet_count":0,"master_deck":["hermit:Strike_Hermit","hermit:Strike_Hermit","hermit:Strike_Hermit","hermit:Defend_Hermit","hermit:Defend_Hermit","hermit:Defend_Hermit","hermit:Defend_Hermit+1","hermit:Snapshot","hermit:Covet","hermit:DeadOrAlive+1","hermit:TrackingShot","hermit:Ricochet","hermit:Dive","hermit:Vantage+1","hermit:Quickdraw","hermit:Purgatory","hermit:Headshot","hermit:Virtue","hermit:TrackingShot","hermit:Coalescence","hermit:HighNoon"],"relics":["hermit:Momento","halation:EternalFortune","Anchor","Spirit Poop","StuffTheSpire:MayFlowers","War Paint","StuffTheSpire:ModemDavis"],"potions_floor_usage":[10,16,16],"damage_taken":[{"damage":1,"enemies":"Jaw Worm","floor":1,"turns":3},{"damage":0,"enemies":"Small Slimes","floor":4,"turns":3},{"damage":1,"enemies":"Cultist","floor":5,"turns":4},{"damage":24,"enemies":"3 Sentries","floor":6,"turns":9},{"damage":21,"enemies":"Lagavulin","floor":10,"turns":7},{"damage":0,"enemies":"3 Louse","floor":11,"turns":3},{"damage":0,"enemies":"Large Slime","floor":12,"turns":4},{"damage":0,"enemies":"Looter","floor":13,"turns":3},{"damage":17,"enemies":"Exordium Thugs","floor":14,"turns":5},{"damage":44,"enemies":"Hexaghost","floor":16,"turns":9},{"damage":45,"enemies":"Shell Parasite","floor":18,"turns":6}],"seed_played":"-9200490375689815529","potions_obtained":[{"floor":1,"key":"SkillPotion"},{"floor":4,"key":"hermit:BlackBile"},{"floor":11,"key":"FearPotion"},{"floor":13,"key":"Ancient Potion"},{"floor":14,"key":"Weak Potion"},{"floor":16,"key":"hermit:Tonic"}],"is_trial":false,"path_per_floor":["M","?","?","M","M","E","?","R","T","E","M","M","M","M","R","B",null,"M"],"character_chosen":"HERMIT","items_purchased":[],"campfire_rested":1,"item_purchase_floors":[],"current_hp_per_floor":[74,77,77,77,76,52,52,52,52,36,36,36,36,19,42,4,78,36,36],"gold":543,"neow_bonus":"THREE_RARE_CARDS","is_prod":false,"is_daily":false,"chose_seed":false,"campfire_upgraded":1,"win_rate":0.0,"timestamp":1607490081,"path_taken":["M","?","?","M","M","E","?","R","T","E","M","M","M","M","R","BOSS","M"],"build_version":"2020-11-30","purchased_purges":0,"victory":false,"max_hp_per_floor":[75,78,78,78,78,78,78,78,78,78,78,78,78,78,78,78,78,78,78],"card_choices":[{"not_picked":["hermit:HeroicBravado","hermit:EternalForm"],"picked":"hermit:DeadOrAlive","floor":0},{"not_picked":["hermit:BigShot","hermit:ShadowCloak"],"picked":"hermit:TrackingShot","floor":1},{"not_picked":["hermit:Spite","hermit:FullyLoaded"],"picked":"hermit:Dive","floor":4},{"not_picked":["hermit:SprayPray","hermit:BodyArmor"],"picked":"hermit:Vantage","floor":5},{"not_picked":["hermit:Glare","hermit:Ricochet"],"picked":"hermit:Quickdraw","floor":6},{"not_picked":["hermit:Feint","hermit:BodyArmor"],"picked":"hermit:Purgatory","floor":10},{"not_picked":["hermit:SprayPray","hermit:Manifest"],"picked":"hermit:Headshot","floor":11},{"not_picked":["hermit:SprayPray","hermit:Showdown"],"picked":"hermit:Virtue","floor":12},{"not_picked":["hermit:Feint","hermit:Desperado"],"picked":"hermit:TrackingShot","floor":13},{"not_picked":["hermit:Cheat","hermit:Roulette"],"picked":"hermit:Coalescence","floor":14},{"not_picked":["hermit:Reprieve","hermit:Dissolve"],"picked":"hermit:HighNoon","floor":16}],"player_experience":222387,"relics_obtained":[{"floor":6,"key":"Anchor"},{"floor":9,"key":"StuffTheSpire:MayFlowers"},{"floor":10,"key":"War Paint"}],"event_choices":[{"damage_healed":0,"gold_gain":0,"cards_transformed":["hermit:Strike_Hermit"],"player_choice":"Change","damage_taken":0,"max_hp_gain":0,"max_hp_loss":0,"event_name":"Living Wall","floor":3,"gold_loss":0,"cards_obtained":["hermit:Ricochet"]},{"cards_removed":["conspire:NecroticWound"],"damage_healed":0,"gold_gain":0,"player_choice":"Offered Curse","damage_taken":0,"relics_obtained":["Spirit Poop"],"max_hp_gain":0,"max_hp_loss":0,"event_name":"Bonfire Elementals","floor":7,"gold_loss":0}],"is_beta":false,"boss_relics":[{"not_picked":["SacredBark","Pandora\u0027s Box"],"picked":"StuffTheSpire:ModemDavis"}],"items_purged_floors":[],"is_endless":false,"potions_floor_spawned":[1,4,11,13,14,16],"killed_by":"Shell Parasite","ascension_level":0}}