{"host":"e5u7qs1emxzejr12","time":1607523763,"event":{"gold_per_floor":[159,159,159,219,255,351,426,426,426,501,585,585,153,76,76,298,298,352,21,78,135,174,249,336,429,511,592,592,670,458,548,548,779,779,836,869,398,431,479,563,656,267,267,372,477,558,148,199,199,199,199,199,199,110,197,197],"floor_reached":57,"playtime":2762,"items_purged":[],"score":4238,"play_id":"5ecf13cd-50a5-4cee-873e-5462c6e4292c","local_time":"20201209222243","daily_mods":["Heirloom","Flight","Elite Swarm","Midas"],"is_ascension_mode":true,"campfire_choices":[{"floor":8.0,"key":"REST"},{"floor":12.0,"key":"REST"},{"floor":15.0,"key":"REST"},{"floor":32,"key":"RECALL"},{"data":"1","floor":49,"key":"LIFT"},{"data":"2","floor":53,"key":"LIFT"}],"neow_cost":"","seed_source_timestamp":0,"circlet_count":0,"master_deck":["AscendersBane","Observe_purple_2+1","Line_surface_state_purple+1","BarrageBoundary_PipeDream_purple+1","Boundary_LifeAndDeath_purple+1","Mirror_FourBoundary_purple+1","CommonSense_AntiCommonSense_purple+1","Charmbait_purple+1","Line_surface_state_purple+1","StateErode_purple+1","WangLiang_OokamiKakushi_purple+1","WangLiang_OokamiKakushi_purple+1","Boundary_LifeAndDeath_purple+1","Monsters_DoubleDeathButterfly_purple+1","Boundary_LifeAndDeath_purple+1","Violence+1","ContainerChange_purple+1","Boundary_LifeAndDeath_purple+1","Extrememeaning_purpleEX+1","Master of Strategy+1","Monsters_DoubleDeathButterfly_purple+1","Monsters_DoubleDeathButterfly_purple+1","CommonSense_AntiCommonSense_purple","Mirror_FourBoundary_purple","Extrememeaning_purpleEX+1","Boundary_of_Extermination_purpleEX"],"special_seed":0,"relics":["Boundary_crack","Memoryfragments_purpleEX","Hammer of Thor","Seething Fire","Anvil of the Gods","Ancient Tea Set","Ginger","PureWhite:ReiMu","Shuriken","Frozen Eye","Coffee Dripper","MerchantsRug","ThegodofHakurei_purpleEX","Gambling Chip","Whetstone","Bronze Scales","Mummified Hand","Bottled Flame","Blue Candle","Art of War","Tiny House","Kunai","Thread and Needle","PreservedInsect","TheEssenceOfRealm","Omamori","Calipers","Girya","TungstenRod","Antimatter_spacedebris","DollysMirror","Turnip"],"potions_floor_usage":[56],"damage_taken":[{"damage":0.0,"enemies":"2 Louse","floor":1.0,"turns":2.0},{"damage":0.0,"enemies":"Jaw Worm","floor":4.0,"turns":3.0},{"damage":0.0,"enemies":"Cultist","floor":5.0,"turns":3.0},{"damage":59.0,"enemies":"Gremlin Nob","floor":6.0,"turns":5.0},{"damage":24.0,"enemies":"Lagavulin","floor":7.0,"turns":6.0},{"damage":13.0,"enemies":"3 Sentries","floor":10.0,"turns":6.0},{"damage":25.0,"enemies":"Lagavulin","floor":11.0,"turns":3.0},{"damage":1.0,"enemies":"Slime Boss","floor":16.0,"turns":6.0},{"damage":0.0,"enemies":"Chosen","floor":18.0,"turns":3.0},{"damage":0.0,"enemies":"Spheric Guardian","floor":20.0,"turns":2.0},{"damage":0.0,"enemies":"3 Cultists","floor":21.0,"turns":2.0},{"damage":0.0,"enemies":"Sentry and Sphere","floor":22.0,"turns":2.0},{"damage":0.0,"enemies":"Book of Stabbing","floor":23.0,"turns":2.0},{"damage":0.0,"enemies":"Gremlin Leader","floor":24.0,"turns":2.0},{"damage":0.0,"enemies":"Book of Stabbing","floor":25.0,"turns":2.0},{"damage":2.0,"enemies":"Slavers","floor":27.0,"turns":3.0},{"damage":0,"enemies":"Book of Stabbing","floor":29,"turns":1},{"damage":0,"enemies":"Gremlin Leader","floor":31,"turns":1},{"damage":0,"enemies":"Champ","floor":33,"turns":1},{"damage":0,"enemies":"Orb Walker","floor":35,"turns":1},{"damage":0,"enemies":"3 Darklings","floor":36,"turns":1},{"damage":0,"enemies":"Sphere and 2 Shapes","floor":38,"turns":1},{"damage":1,"enemies":"4 Shapes","floor":39,"turns":1},{"damage":0,"enemies":"Nemesis","floor":40,"turns":1},{"damage":0,"enemies":"Giant Head","floor":41,"turns":1},{"damage":0,"enemies":"Nemesis","floor":44,"turns":1},{"damage":0,"enemies":"Reptomancer","floor":45,"turns":1},{"damage":0,"enemies":"Giant Head","floor":46,"turns":1},{"damage":0,"enemies":"Jaw Worm Horde","floor":48,"turns":1},{"damage":0,"enemies":"Time Eater","floor":50,"turns":5},{"damage":0,"enemies":"Awakened One","floor":51,"turns":2},{"damage":0,"enemies":"Shield and Spear","floor":55,"turns":1},{"damage":2,"enemies":"The Heart","floor":56,"turns":4}],"seed_played":"-420492573922422963","potions_obtained":[{"floor":1.0,"key":"Fruit Juice"},{"floor":4.0,"key":"GrandPatriotsElixir:ReiMu"},{"floor":10.0,"key":"FairyPotion"},{"floor":11.0,"key":"LiquidMemories"}],"is_trial":true,"path_per_floor":["M","?","?","M","M","E","E","R","T","E","E","R","$","$","R","B",null,"M","$","M","M","M","E","E","E","T","E","?","E","$","E","R","B",null,"M","M","$","M","M","E","E","$","T","E","E","E","$","M","R","B","B",null,"R","$","E","B",null],"character_chosen":"Youkari","items_purchased":["Shuriken","Frozen Eye","Mirror_FourBoundary_purple","MerchantsRug","ThegodofHakurei_purpleEX","CommonSense_AntiCommonSense_purple","Charmbait_purple","Violence","Kunai","Master of Strategy","TheEssenceOfRealm","Omamori","CommonSense_AntiCommonSense_purple","Antimatter_spacedebris","Mirror_FourBoundary_purple","DollysMirror","Boundary_of_Extermination_purpleEX"],"campfire_rested":3,"item_purchase_floors":[13,13,14,19,19,19,19,30,37,37,42,42,42,47,47,47,54],"current_hp_per_floor":[61,56,56,58,60,8,21,42,42,31,8,29,29,29,50,49,65,65,65,70,70,70,70,70,70,70,70,70,70,70,70,70,70,75,75,75,75,75,75,75,75,75,75,75,75,75,75,75,75,75,75,75,75,75,75,75],"gold":197,"neow_bonus":"","is_prod":false,"is_daily":false,"chose_seed":false,"campfire_upgraded":0,"win_rate":0,"timestamp":1607523763,"path_taken":["M","?","?","M","M","E","E","R","T","E","E","R","$","$","R","BOSS","M","$","M","M","M","E","E","E","T","E","?","E","$","E","R","BOSS","M","M","$","M","M","E","E","$","T","E","E","E","$","M","R","BOSS","BOSS","R","$","E","BOSS"],"build_version":"2020-11-30","purchased_purges":0,"victory":true,"max_hp_per_floor":[65,65,65,65,65,70,70,70,70,70,70,70,70,70,70,70,70,70,70,70,70,70,70,70,70,70,70,70,70,70,70,70,70,75,75,75,75,75,75,75,75,75,75,75,75,75,75,75,75,75,75,75,75,75,75,75],"card_choices":[{"not_picked":["DarkRealmRedLine_purple","Bait_HighSpeedFlying_purple","ExternalForce_HighSpeedFlying_purple"],"picked":"SKIP","floor":1.0},{"not_picked":["OpenedBox_purple","ExternalForce_HighSpeedFlying_purple","Realm_recovery_purpleEX"],"picked":"SKIP","floor":4.0},{"not_picked":["OmniscientAndOmnipotent_Monster_purple","FragmentationRealm_purple"],"picked":"Line_surface_state_purple","floor":5.0},{"not_picked":["D_absorption_purple","MagicEyes_LaplaceDemon_purple"],"picked":"BarrageBoundary_PipeDream_purple","floor":6.0},{"not_picked":["WasteWire_Metro_purple","UniverseChoice_purple","ProofOfUnderstanding_purple"],"picked":"SKIP","floor":7.0},{"not_picked":["MagicEyes_LaplaceDemon_purple","BarrageBoundary_PipeDream_purple","UniverseChoice_purple"],"picked":"SKIP","floor":10.0},{"not_picked":["Human_Monster_Realm_purple","Mirror_TwoAndThreeElementRealm_purple"],"picked":"Boundary_LifeAndDeath_purple","floor":11.0},{"not_picked":["BarrageBoundary_PipeDream_purple","WangLiang_OokamiKakushi_purple"],"picked":"KnowledgeAbilityRealm_purple","floor":16.0},{"not_picked":["AdvanceAttack_purple","SfantasyHide_purple","StateDuplicate_purple"],"picked":"SKIP","floor":18.0},{"not_picked":["Mirror_FormAndEmptin_purple","DimensionStaggered_purple"],"picked":"Line_surface_state_purple","floor":20.0},{"not_picked":["Mirror_FormAndEmptin_purple","MeetDecomposer_purple"],"picked":"StateErode_purple+1","floor":21.0},{"not_picked":["DarkRealmRedLine_purple","WatchEyeChange_purple","MeetDecomposer_purple"],"picked":"SKIP","floor":22.0},{"not_picked":["BarrageBoundary_PipeDream_purple","WangLiang_LineAndCurveDreams_purple"],"picked":"WangLiang_OokamiKakushi_purple","floor":23.0},{"not_picked":["WangLiang_LineAndCurveDreams_purple","BarrageBoundary_PipeDream_purple"],"picked":"WangLiang_OokamiKakushi_purple","floor":24.0},{"not_picked":["Computing_the_future_purpleEX","WangLiang_OokamiKakushi_purple"],"picked":"Boundary_LifeAndDeath_purple","floor":25.0},{"not_picked":["Mirror_TwoAndThreeElementRealm_purple","ContainerChange_purple"],"picked":"Monsters_DoubleDeathButterfly_purple","floor":27.0},{"not_picked":["Mirror_TwoAndThreeElementRealm_purple","WasteWire_Metro_purple"],"picked":"Boundary_LifeAndDeath_purple","floor":29},{"not_picked":["GluttonyofRealm_purpleEX","Mirror_TwoAndThreeElementRealm_purple"],"picked":"ContainerChange_purple","floor":31},{"not_picked":["Computing_the_future_purpleEX","Price_of_realm_purpleEX"],"picked":"Boundary_LifeAndDeath_purple","floor":33},{"not_picked":["Charmbait_purple","StateDuplicate_purple"],"picked":"Extrememeaning_purpleEX","floor":35},{"not_picked":["DimensionStaggered_purple","Mirror_FourBoundary_purple","Bait_Toxicbait_purple"],"picked":"SKIP","floor":36},{"not_picked":["Boundary_LightAndDark_purple+1","Line_surface_state_purple","DimensionStaggered_purple"],"picked":"SKIP","floor":38},{"not_picked":["Worldmountain_purple","Bait_HighSpeedFlying_purple","OmniscientAndOmnipotent_Monster_purple"],"picked":"SKIP","floor":39},{"not_picked":["KnowledgeAbilityRealm_purple","Human_Monster_Realm_purple"],"picked":"Monsters_DoubleDeathButterfly_purple","floor":40},{"not_picked":["Human_Monster_Realm_purple","WasteWire_Metro_purple"],"picked":"Monsters_DoubleDeathButterfly_purple","floor":41},{"not_picked":["ContainerChange_purple","Price_of_realm_purpleEX","WasteWire_Metro_purple"],"picked":"SKIP","floor":44},{"not_picked":["WangLiang_LineAndCurveDreams_purple","Theboundaryofcreation_purpleEX","MagicEyes_LaplaceDemon_purple"],"picked":"SKIP","floor":45},{"not_picked":["Mirror_TwoAndThreeElementRealm_purple","Theboundaryofcreation_purpleEX","BarrageBoundary_PipeDream_purple"],"picked":"SKIP","floor":46},{"not_picked":["Worldmountain_purple+1","Line_surface_state_purple+1","MeetDecomposer_purple+1"],"picked":"SKIP","floor":48},{"not_picked":["Human_Monster_Realm_purple","Computing_the_future_purpleEX","WangLiang_OokamiKakushi_purple"],"picked":"SKIP","floor":55}],"player_experience":51332,"relics_obtained":[{"floor":6.0,"key":"Lizard Tail"},{"floor":7.0,"key":"Ancient Tea Set"},{"floor":9.0,"key":"Ginger"},{"floor":10.0,"key":"PureWhite:ReiMu"},{"floor":11.0,"key":"Orichalcum"},{"floor":23.0,"key":"Gambling Chip"},{"floor":24.0,"key":"Whetstone"},{"floor":25.0,"key":"Bronze Scales"},{"floor":26.0,"key":"Mummified Hand"},{"floor":27.0,"key":"Bottled Flame"},{"floor":29,"key":"Blue Candle"},{"floor":31,"key":"Art of War"},{"floor":40,"key":"Thread and Needle"},{"floor":41,"key":"PreservedInsect"},{"floor":44,"key":"Calipers"},{"floor":45,"key":"Girya"},{"floor":46,"key":"TungstenRod"},{"floor":55,"key":"Turnip"}],"event_choices":[{"damage_healed":0.0,"max_hp_gain":0.0,"max_hp_loss":0.0,"gold_gain":0.0,"event_name":"Scrap Ooze","player_choice":"Success","floor":2.0,"gold_loss":0.0,"damage_taken":5.0,"relics_obtained":["Letter Opener"]},{"damage_healed":0.0,"max_hp_gain":0.0,"max_hp_loss":0.0,"gold_gain":0.0,"event_name":"The Cleric","player_choice":"Leave","floor":3.0,"gold_loss":0.0,"damage_taken":0.0},{"damage_healed":0,"gold_gain":0,"player_choice":"0 cards matched","damage_taken":0,"max_hp_gain":0,"max_hp_loss":0,"event_name":"Match and Keep!","floor":28,"gold_loss":0,"cards_obtained":[]}],"is_beta":false,"boss_relics":[{"not_picked":["Philosopher\u0027s Stone","RedLine:ReiMu"],"picked":"Coffee Dripper"},{"not_picked":["Velvet Choker","Empty Cage"],"picked":"Tiny House"}],"items_purged_floors":[],"is_endless":false,"potions_floor_spawned":[1,4,10,11,21,23,24,25,29,33,36,38,40,45,55],"ascension_level":20}}