{"host":"zekcc3vicrep0och","time":1607531914,"event":{"gold_per_floor":[111,111,129,147,157,157,190,42,42,72,72,91,91,118,118,220,270,288,288,308,320,320,320],"floor_reached":22,"playtime":1221,"items_purged":[],"score":288,"play_id":"dfe3e08a-0167-41d4-90dd-525dc16cd667","local_time":"20201209193834","is_ascension_mode":true,"campfire_choices":[{"data":"Blade Dance","floor":6.0,"key":"SMITH"},{"data":"Neutralize","floor":11.0,"key":"SMITH"},{"floor":13.0,"key":"REST"},{"data":"Phantasmal Killer","floor":15.0,"key":"SMITH"}],"neow_cost":"PERCENT_DAMAGE","seed_source_timestamp":35898865647100,"circlet_count":0,"master_deck":["Strike_G","Strike_G","Strike_G","Strike_G","Defend_G","Defend_G+1","Defend_G","Defend_G","Defend_G","Survivor","Neutralize+1","Infinite Blades","Escape Plan","Blade Dance+1","Bullet Time","Backflip","Phantasmal Killer+1","Wraith Form v2","Well Laid Plans","Acrobatics","A Thousand Cuts","Blur","Flying Knee","PiercingWail"],"special_seed":0,"relics":["Ring of the Snake","FossilizedHelix","Centennial Puzzle","Art of War","Akabeko","InkBottle","Dream Catcher","Tiny House"],"potions_floor_usage":[],"damage_taken":[{"damage":0.0,"enemies":"Small Slimes","floor":1.0,"turns":4.0},{"damage":0.0,"enemies":"Cultist","floor":3.0,"turns":4.0},{"damage":0.0,"enemies":"2 Louse","floor":4.0,"turns":3.0},{"damage":0.0,"enemies":"Looter","floor":5.0,"turns":3.0},{"damage":10.0,"enemies":"3 Sentries","floor":7.0,"turns":9.0},{"damage":6.0,"enemies":"Gremlin Nob","floor":10.0,"turns":4.0},{"damage":0.0,"enemies":"3 Louse","floor":12.0,"turns":3.0},{"damage":5.0,"enemies":"Lagavulin","floor":14.0,"turns":6.0},{"damage":19.0,"enemies":"Hexaghost","floor":16.0,"turns":11.0},{"damage":0.0,"enemies":"3 Byrds","floor":18.0,"turns":6.0},{"damage":1.0,"enemies":"Shell Parasite","floor":20.0,"turns":5.0},{"damage":4.0,"enemies":"Centurion and Healer","floor":21.0,"turns":6.0},{"damage":24,"enemies":"Cultist and Chosen","floor":22,"turns":8}],"seed_played":"-7244916007019416763","potions_obtained":[{"floor":1.0,"key":"FearPotion"},{"floor":3.0,"key":"Energy Potion"},{"floor":7.0,"key":"Weak Potion"},{"floor":12.0,"key":"Weak Potion"},{"floor":17.0,"key":"Strength Potion"},{"floor":18.0,"key":"Energy Potion"}],"is_trial":false,"path_per_floor":["M","?","M","M","M","R","E","$","T","E","R","M","R","E","R","B",null,"M","?","M","M","M"],"character_chosen":"THE_SILENT","items_purchased":["Art of War"],"campfire_rested":1,"item_purchase_floors":[8],"current_hp_per_floor":[45,45,45,45,45,45,35,35,35,29,29,29,50,45,45,26,64,64,64,63,59,35,35],"gold":320,"neow_bonus":"ONE_RARE_RELIC","is_prod":false,"is_daily":false,"chose_seed":false,"campfire_upgraded":3,"win_rate":0,"timestamp":1607531914,"path_taken":["M","?","M","?","?","R","E","$","T","E","R","M","R","E","R","BOSS","M","?","?","M","M"],"build_version":"2020-11-30","purchased_purges":0,"victory":false,"max_hp_per_floor":[70,70,70,70,70,70,70,70,70,70,70,70,70,70,70,70,75,75,75,75,75,75,75],"relic_stats":{"Centennial Puzzle":[18],"Dream Catcher":0,"counters":[13,72],"Art of War":[1],"obtain_stats":[{"Centennial Puzzle":7,"Dream Catcher":14,"Tiny House":17,"Art of War":8,"FossilizedHelix":0,"Akabeko":9,"InkBottle":10,"Ring of the Snake":0},{"Centennial Puzzle":5,"Dream Catcher":8,"Tiny House":9,"Art of War":5,"FossilizedHelix":0,"Akabeko":5,"InkBottle":6,"Ring of the Snake":0},{"Centennial Puzzle":23,"Dream Catcher":36,"Tiny House":47,"Art of War":23,"FossilizedHelix":0,"Akabeko":23,"InkBottle":27,"Ring of the Snake":0}],"InkBottle":[18],"Ring of the Snake":[26]},"card_choices":[{"not_picked":["Skewer","Blur"],"picked":"Infinite Blades","floor":1.0},{"not_picked":["Setup","Dagger Throw"],"picked":"Escape Plan","floor":3.0},{"not_picked":["Distraction","Setup","Riddle With Holes"],"picked":"SKIP","floor":4.0},{"not_picked":["Poisoned Stab","Dagger Spray"],"picked":"Blade Dance","floor":5.0},{"not_picked":["Underhanded Strike","Heel Hook"],"picked":"Bullet Time","floor":7.0},{"not_picked":["Deadly Poison","Dodge and Roll","Bullet Time"],"picked":"SKIP","floor":10.0},{"not_picked":["Outmaneuver","Dagger Throw"],"picked":"Backflip","floor":12.0},{"not_picked":["Concentrate","Well Laid Plans"],"picked":"Phantasmal Killer","floor":14.0},{"not_picked":["Malaise","Unload"],"picked":"Wraith Form v2","floor":16.0},{"not_picked":["Blade Dance","Quick Slash"],"picked":"Well Laid Plans","floor":17.0},{"not_picked":["Dagger Spray","Bane+1"],"picked":"Acrobatics","floor":18.0},{"not_picked":["Concentrate","Prepared"],"picked":"Flying Knee","floor":20.0},{"not_picked":["Dodge and Roll+1","Infinite Blades"],"picked":"PiercingWail","floor":21.0}],"player_experience":387778,"relics_obtained":[{"floor":7.0,"key":"Centennial Puzzle"},{"floor":9.0,"key":"Akabeko"},{"floor":10.0,"key":"InkBottle"},{"floor":14.0,"key":"Dream Catcher"}],"event_choices":[{"cards_removed":["Strike_G"],"damage_healed":0.0,"max_hp_gain":0.0,"max_hp_loss":0.0,"gold_gain":0.0,"event_name":"Purifier","player_choice":"Purged","floor":2.0,"gold_loss":0.0,"damage_taken":0.0},{"damage_healed":0.0,"max_hp_gain":0.0,"max_hp_loss":0.0,"gold_gain":0.0,"event_name":"Match and Keep!","player_choice":"2 cards matched","floor":19.0,"gold_loss":0.0,"damage_taken":0.0,"cards_obtained":["A Thousand Cuts","Blur"]}],"is_beta":false,"boss_relics":[{"not_picked":["Cursed Key","Velvet Choker"],"picked":"Tiny House"}],"items_purged_floors":[],"is_endless":false,"potions_floor_spawned":[1,3,7,12,18],"killed_by":"Cultist and Chosen","ascension_level":8}}