{"host":"9ndbo4kgsfoemf7y","time":1607508722,"event":{"gold_per_floor":[14,24,24,42,55,87,58,91,118,143,293,54,54,71,71,147,147,161,61,81,81,99,99,124,124,124,124,142,154,154,154],"floor_reached":30,"playtime":787,"items_purged":["Doubt","Defend_R"],"score":546,"play_id":"ff6fa840-77cf-42f7-bdf1-b52cf5168710","local_time":"20201209191202","is_ascension_mode":true,"campfire_choices":[{"floor":13.0,"key":"REST"},{"data":"Shockwave","floor":15.0,"key":"SMITH"},{"floor":23.0,"key":"REST"},{"floor":25,"key":"REST"},{"data":"Pommel Strike","floor":27,"key":"SMITH"}],"neow_cost":"NO_GOLD","seed_source_timestamp":3261404246400,"circlet_count":0,"master_deck":["AscendersBane","Strike_R","Strike_R","Strike_R","Strike_R","Strike_R","Defend_R","Bash","Metamorphosis","Burning Pact","Perfected Strike","Dropkick","Pommel Strike+1","Perfected Strike","Inflame","Flex","Pommel Strike","Shockwave+1","Perfected Strike","Feed","Headbutt","Pommel Strike","Feel No Pain"],"special_seed":0,"relics":["Burning Blood","Bronze Scales","Orichalcum","Boot","Toy Ornithopter","Medical Kit","Mark of Pain","Centennial Puzzle","Smiling Mask"],"potions_floor_usage":[24],"damage_taken":[{"damage":2.0,"enemies":"2 Louse","floor":1.0,"turns":4.0},{"damage":20.0,"enemies":"Small Slimes","floor":2.0,"turns":5.0},{"damage":6.0,"enemies":"Cultist","floor":4.0,"turns":3.0},{"damage":27.0,"enemies":"Exordium Thugs","floor":5.0,"turns":4.0},{"damage":32.0,"enemies":"Gremlin Nob","floor":6.0,"turns":4.0},{"damage":0.0,"enemies":"Lagavulin","floor":8.0,"turns":4.0},{"damage":8.0,"enemies":"3 Sentries","floor":10.0,"turns":4.0},{"damage":16.0,"enemies":"3 Louse","floor":14.0,"turns":2.0},{"damage":14.0,"enemies":"Hexaghost","floor":16.0,"turns":6.0},{"damage":11.0,"enemies":"3 Byrds","floor":18.0,"turns":4.0},{"damage":16.0,"enemies":"Shell Parasite","floor":20.0,"turns":4.0},{"damage":26.0,"enemies":"Shelled Parasite and Fungi","floor":22.0,"turns":3.0},{"damage":63,"enemies":"Slavers","floor":24,"turns":4},{"damage":3,"enemies":"Chosen and Byrds","floor":28,"turns":3},{"damage":18,"enemies":"Snake Plant","floor":29,"turns":2},{"damage":43,"enemies":"Gremlin Leader","floor":30,"turns":4}],"seed_played":"8467133830592391953","potions_obtained":[{"floor":4.0,"key":"Energy Potion"},{"floor":5.0,"key":"FairyPotion"},{"floor":6.0,"key":"Strength Potion"},{"floor":8.0,"key":"Explosive Potion"},{"floor":22.0,"key":"LiquidBronze"},{"floor":24,"key":"BlessingOfTheForge"},{"floor":28,"key":"SpeedPotion"}],"is_trial":false,"path_per_floor":["M","M","?","M","M","E","$","E","T","E","?","$","R","M","R","B",null,"M","$","M","?","M","R","E","R","T","R","M","M","E"],"character_chosen":"IRONCLAD","items_purchased":["Flex","Medical Kit"],"campfire_rested":3,"item_purchase_floors":[7,12],"current_hp_per_floor":[72,58,58,58,37,11,11,17,17,15,15,15,37,27,27,19,61,56,56,46,46,26,48,24,46,46,46,52,43,0,0],"gold":154,"neow_bonus":"RANDOM_COLORLESS_2","is_prod":false,"is_daily":false,"chose_seed":false,"campfire_upgraded":2,"win_rate":0,"timestamp":1607508722,"path_taken":["M","M","?","M","M","E","$","E","T","E","?","$","R","M","R","BOSS","M","$","M","?","?","R","E","R","T","R","M","M","E"],"build_version":"2020-11-30","purchased_purges":2,"victory":false,"max_hp_per_floor":[75,75,75,75,75,75,75,75,75,75,75,75,75,75,75,75,75,75,75,75,75,75,75,75,75,75,75,78,81,81,81],"relic_stats":{"Centennial Puzzle":[9],"counters":[16,60],"Bronze Scales":[184],"Orichalcum":[156],"Boot":[8],"Medical Kit":[10],"Smiling Mask":0,"obtain_stats":[{"Centennial Puzzle":24,"Bronze Scales":6,"Mark of Pain":17,"Orichalcum":8,"Boot":9,"Medical Kit":12,"Smiling Mask":26,"Burning Blood":0,"Toy Ornithopter":10},{"Centennial Puzzle":13,"Bronze Scales":5,"Mark of Pain":9,"Orichalcum":6,"Boot":6,"Medical Kit":7,"Smiling Mask":13,"Burning Blood":0,"Toy Ornithopter":7},{"Centennial Puzzle":51,"Bronze Scales":20,"Mark of Pain":36,"Orichalcum":24,"Boot":24,"Medical Kit":28,"Smiling Mask":51,"Burning Blood":0,"Toy Ornithopter":28}],"Burning Blood":90,"Toy Ornithopter":5},"card_choices":[{"not_picked":["Mayhem","Magnetism"],"picked":"Metamorphosis","floor":0.0},{"not_picked":["Clothesline","Body Slam"],"picked":"Burning Pact","floor":1.0},{"not_picked":["Carnage","Bloodletting"],"picked":"Perfected Strike","floor":2.0},{"not_picked":["Heavy Blade","Anger"],"picked":"Pommel Strike","floor":4.0},{"not_picked":["Warcry","Clash"],"picked":"Perfected Strike","floor":5.0},{"not_picked":["Searing Blow","Infernal Blade"],"picked":"Inflame","floor":6.0},{"not_picked":["Shrug It Off","Armaments"],"picked":"Pommel Strike","floor":8.0},{"not_picked":["Body Slam","Rupture"],"picked":"Shockwave","floor":10.0},{"not_picked":["Burning Pact","Twin Strike"],"picked":"Perfected Strike","floor":14.0},{"not_picked":["Fiend Fire","Reaper"],"picked":"Feed","floor":16.0},{"not_picked":["Iron Wave","Disarm","Headbutt"],"picked":"SKIP","floor":18.0},{"not_picked":["Iron Wave","Disarm","Headbutt"],"picked":"SKIP","floor":18.0},{"not_picked":["Headbutt+1","Infernal Blade","Hemokinesis"],"picked":"SKIP","floor":20.0},{"not_picked":["Flex","Sword Boomerang","Warcry"],"picked":"SKIP","floor":22.0},{"not_picked":["Combust","Flame Barrier"],"picked":"Pommel Strike","floor":24},{"not_picked":["Shrug It Off","Cleave","Infernal Blade"],"picked":"SKIP","floor":28},{"not_picked":["Thunderclap","True Grit"],"picked":"Feel No Pain","floor":29}],"player_experience":664642,"relics_obtained":[{"floor":6.0,"key":"Bronze Scales"},{"floor":8.0,"key":"Orichalcum"},{"floor":9.0,"key":"Boot"},{"floor":10.0,"key":"Toy Ornithopter"},{"floor":24,"key":"Centennial Puzzle"},{"floor":26,"key":"Smiling Mask"}],"event_choices":[{"damage_healed":0.0,"max_hp_gain":0.0,"max_hp_loss":0.0,"gold_gain":0.0,"cards_transformed":["Defend_R"],"event_name":"Living Wall","player_choice":"Change","floor":3.0,"gold_loss":0.0,"damage_taken":0.0,"cards_obtained":["Dropkick"]},{"damage_healed":0.0,"max_hp_gain":0.0,"max_hp_loss":0.0,"gold_gain":150.0,"event_name":"Liars Game","player_choice":"AGREE","floor":11.0,"gold_loss":0.0,"damage_taken":0.0,"cards_obtained":["Doubt"]},{"damage_healed":0.0,"max_hp_gain":0.0,"max_hp_loss":0.0,"gold_gain":0.0,"cards_transformed":["Defend_R"],"event_name":"Transmorgrifier","player_choice":"Transformed","floor":21.0,"gold_loss":0.0,"damage_taken":0.0,"cards_obtained":["Headbutt"]}],"is_beta":false,"boss_relics":[{"not_picked":["SlaversCollar","Coffee Dripper"],"picked":"Mark of Pain"}],"items_purged_floors":[12,19],"is_endless":false,"potions_floor_spawned":[4,5,6,8,22,24,28],"killed_by":"Gremlin Leader","ascension_level":17}}