{"host":"ueef25wtkg2eer3h","time":1607500758,"event":{"gold_per_floor":[113,123,137,152,167,202,172,172,172,191,203,238,13,32,32,136,136,156,156,156,25,35,63,63,63],"floor_reached":24,"playtime":1028,"items_purged":["Strike_B"],"score":378,"play_id":"142f766c-7f61-47a8-99fc-5c02a2241910","local_time":"20201209085918","is_ascension_mode":true,"campfire_choices":[{"floor":8,"key":"REST"},{"floor":15,"key":"REST"}],"neow_cost":"NONE","seed_source_timestamp":70516868676900,"circlet_count":0,"master_deck":["Strike_B","Strike_B","Strike_B","Defend_B","Defend_B","Defend_B","Defend_B","Zap","Dualcast","Streamline","Rebound","Sunder","Stack","Hologram","Chill","Aggregate","Cold Snap","Self Repair","Chaos","Rainbow","Go for the Eyes","Defragment","Go for the Eyes","Ball Lightning","Barrage+1"],"relics":["FrozenCore","Eternal Feather","Kunai","Pen Nib","DataDisk","Enchiridion","Mercury Hourglass"],"potions_floor_usage":[6,12,16,23,23,24],"damage_taken":[{"damage":1,"enemies":"Cultist","floor":1,"turns":3},{"damage":15,"enemies":"2 Louse","floor":2,"turns":3},{"damage":2,"enemies":"Jaw Worm","floor":3,"turns":3},{"damage":13,"enemies":"Large Slime","floor":4,"turns":4},{"damage":7,"enemies":"Exordium Wildlife","floor":5,"turns":3},{"damage":22,"enemies":"3 Sentries","floor":6,"turns":6},{"damage":2,"enemies":"Exordium Thugs","floor":10,"turns":3},{"damage":0,"enemies":"Gremlin Gang","floor":11,"turns":5},{"damage":11,"enemies":"Lagavulin","floor":12,"turns":5},{"damage":0,"enemies":"Blue Slaver","floor":14,"turns":3},{"damage":0,"enemies":"Slime Boss","floor":16,"turns":4},{"damage":9,"enemies":"Spheric Guardian","floor":18,"turns":5},{"damage":11,"enemies":"Chosen","floor":22,"turns":6},{"damage":36,"enemies":"Slavers","floor":23,"turns":6},{"damage":20,"enemies":"Centurion and Healer","floor":24,"turns":2}],"seed_played":"-1638505354343778019","potions_obtained":[{"floor":2,"key":"CultistPotion"},{"floor":4,"key":"GamblersBrew"},{"floor":6,"key":"Block Potion"},{"floor":10,"key":"FocusPotion"},{"floor":12,"key":"PowerPotion"},{"floor":16,"key":"Fruit Juice"}],"is_trial":false,"path_per_floor":["M","M","M","M","M","E","?","R","T","M","M","E","$","M","R","B",null,"M","?","?","$","M","E","M"],"character_chosen":"DEFECT","items_purchased":["DataDisk","Defragment","Go for the Eyes"],"campfire_rested":2,"item_purchase_floors":[13,21,21],"current_hp_per_floor":[67,52,50,37,30,8,8,39,39,37,37,26,26,26,57,57,71,69,53,53,53,49,18,0,0],"gold":63,"neow_bonus":"THREE_CARDS","is_prod":false,"is_daily":false,"chose_seed":false,"campfire_upgraded":0,"win_rate":0,"timestamp":1607500758,"path_taken":["M","M","M","?","M","E","?","R","T","M","M","E","$","M","R","BOSS","M","?","?","$","M","E","M"],"build_version":"2020-11-30","purchased_purges":1,"victory":false,"max_hp_per_floor":[75,75,75,75,75,75,75,75,75,75,75,75,75,75,75,75,75,75,75,75,75,75,80,80,80],"card_choices":[{"not_picked":["Loop","Coolheaded"],"picked":"Streamline","floor":0},{"not_picked":["Steam","FTL"],"picked":"Rebound","floor":1},{"not_picked":["Force Field","Skim"],"picked":"Sunder","floor":2},{"not_picked":["Storm","Blizzard"],"picked":"Stack","floor":3},{"not_picked":["Compile Driver","Stack"],"picked":"Hologram","floor":4},{"not_picked":["Scrape","Compile Driver"],"picked":"Chill","floor":5},{"not_picked":["Biased Cognition","Consume"],"picked":"Aggregate","floor":6},{"not_picked":["Darkness","Barrage"],"picked":"Cold Snap","floor":10},{"not_picked":["Gash","Doom and Gloom"],"picked":"Self Repair","floor":11},{"not_picked":["Steam","Streamline"],"picked":"Chaos","floor":12},{"not_picked":["Heatsinks","Consume","Compile Driver"],"picked":"SKIP","floor":14},{"not_picked":["Meteor Strike","Hyperbeam"],"picked":"Rainbow","floor":16},{"not_picked":["Rebound+1","Sunder"],"picked":"Go for the Eyes","floor":18},{"not_picked":["Go for the Eyes","Streamline"],"picked":"Ball Lightning","floor":22},{"not_picked":["Melter","Heatsinks"],"picked":"Barrage+1","floor":23}],"player_experience":202134,"relics_obtained":[{"floor":6,"key":"Eternal Feather"},{"floor":9,"key":"Kunai"},{"floor":12,"key":"Pen Nib"},{"floor":23,"key":"Mercury Hourglass"}],"event_choices":[{"damage_healed":0,"gold_gain":0,"player_choice":"Left Gold","damage_taken":0,"max_hp_gain":0,"max_hp_loss":0,"event_name":"World of Goop","floor":7,"gold_loss":30},{"damage_healed":0,"gold_gain":0,"player_choice":"Obtained Book","damage_taken":16,"max_hp_gain":0,"max_hp_loss":0,"event_name":"Cursed Tome","floor":19,"gold_loss":0},{"damage_healed":0,"gold_gain":0,"player_choice":"Ignored","damage_taken":0,"max_hp_gain":0,"max_hp_loss":0,"event_name":"Vampires","floor":20,"gold_loss":0}],"is_beta":false,"boss_relics":[{"not_picked":["Busted Crown","Runic Dome"],"picked":"FrozenCore"}],"items_purged_floors":[13],"is_endless":false,"potions_floor_spawned":[2,4,6,10,12,16,22],"killed_by":"Centurion and Healer","ascension_level":7}}