{"host":"z9x5nldzhmx4jdfi","time":1607484019,"event":{"gold_per_floor":[131,150,160,173,173,200,217,255,308,308,308],"floor_reached":10,"playtime":667,"items_purged":[],"score":185,"play_id":"d36520e5-54e0-47ec-b1d6-488029338bcb","local_time":"20201208212019","is_ascension_mode":true,"campfire_choices":[],"neow_cost":"NONE","seed_source_timestamp":1057840689982400,"circlet_count":0,"master_deck":["AscendersBane","animator:Strike_Fate","animator:Defend_Fate","animator:Strike","animator:Strike","animator:Strike","animator:Defend","animator:Defend","animator:Defend","animator:Alexander","animator:Rider","animator:Illya","animator:Berserker","animator:Sonic","Pain","animator:Berserker","animator:Caster"],"special_seed":0,"relics":["animator:LivingPicture","animator:TheMissingPiece","WarpedTongs","Pear","animator:Hoodie","PreservedInsect"],"potions_floor_usage":[6,7],"damage_taken":[{"damage":13.0,"enemies":"Jaw Worm","floor":1.0,"turns":6.0},{"damage":13.0,"enemies":"Cultist","floor":2.0,"turns":5.0},{"damage":7.0,"enemies":"Small Slimes","floor":3.0,"turns":3.0},{"damage":9.0,"enemies":"Blue Slaver","floor":4.0,"turns":7.0},{"damage":13,"enemies":"3 Sentries","floor":6,"turns":5},{"damage":10,"enemies":"3 Louse","floor":7,"turns":4},{"damage":4,"enemies":"Lagavulin","floor":8,"turns":6},{"damage":24,"enemies":"Large Slime","floor":10,"turns":2}],"seed_played":"856788849795792240","potions_obtained":[{"floor":1.0,"key":"Fire Potion"},{"floor":6,"key":"Fruit Juice"}],"is_trial":false,"path_per_floor":["M","M","M","M","?","E","M","E","T","M"],"character_chosen":"THE_ANIMATOR","items_purchased":[],"campfire_rested":0,"item_purchase_floors":[],"current_hp_per_floor":[47,35,28,19,19,16,11,7,7,0,0],"gold":308,"neow_bonus":"TEN_PERCENT_HP_BONUS","is_prod":false,"is_daily":false,"chose_seed":false,"campfire_upgraded":0,"win_rate":0,"timestamp":1607484019,"path_taken":["M","M","M","M","?","E","M","E","T","?"],"build_version":"2020-11-30","purchased_purges":0,"victory":false,"max_hp_per_floor":[66,67,67,67,67,77,82,82,82,82,82],"card_choices":[{"not_picked":["animator:ChaikaBohdan","animator:OrikoMikuni"],"picked":"animator:Illya","floor":1.0},{"not_picked":["animator:KyokoSakura","animator:Jibril"],"picked":"animator:Berserker","floor":2.0},{"not_picked":["animator:Kuribayashi","animator:Witch","animator:MetalKnight"],"picked":"SKIP","floor":3.0},{"not_picked":["animator:Genos","animator:Tatsumaki"],"picked":"animator:Sonic","floor":4.0},{"not_picked":["animator:Priestess","animator:Tyuule"],"picked":"animator:Berserker","floor":6},{"not_picked":["animator:Gillette","animator:Jibril","animator:HighElfArcher"],"picked":"SKIP","floor":7},{"not_picked":["animator:Layla","animator:FielNirvalen"],"picked":"animator:Caster","floor":8}],"player_experience":1462935,"relics_obtained":[{"floor":6,"key":"Pear"},{"floor":8,"key":"animator:Hoodie"},{"floor":9,"key":"PreservedInsect"}],"event_choices":[{"damage_healed":0.0,"max_hp_gain":0.0,"max_hp_loss":0.0,"gold_gain":0.0,"event_name":"Accursed Blacksmith","player_choice":"Rummage","floor":5.0,"gold_loss":0.0,"damage_taken":0.0,"relics_obtained":["WarpedTongs"],"cards_obtained":["Pain"]}],"is_beta":false,"boss_relics":[],"items_purged_floors":[],"is_endless":false,"potions_floor_spawned":[1,6],"killed_by":"Large Slime","ascension_level":20}}