{"host":"344lv32hnei0mdhu","time":1607474343,"event":{"gold_per_floor":[110,124,124,50,50,76,5,335,362,387,416,447,459,487,499,607,619,648,130,130,146,146,161,261,261,261],"floor_reached":25,"playtime":1284,"items_purged":[],"score":357,"play_id":"0ad3067f-a410-456a-a32f-1aa008f11f85","local_time":"20201208183903","is_ascension_mode":true,"campfire_choices":[{"floor":15.0,"key":"REST"}],"neow_cost":"NONE","seed_source_timestamp":0,"circlet_count":0,"master_deck":["Strike_P","Strike_P","Strike_P","Strike_P","Defend_P","Defend_P","Defend_P","Defend_P","Eruption","Vigilance","BattleHymn","Protect","Tantrum","Evaluate","Fasting2","DevaForm","Devotion","WaveOfTheHand","Evaluate","Worship","Ragnarok","Prostrate","WheelKick","Consecrate","ForeignInfluence"],"special_seed":0,"relics":["PureWater","NeowsBlessing","Lantern","Old Coin","Omamori","MawBank","Black Star","Lee\u0027s Waffle","Gremlin Horn","Pen Nib"],"potions_floor_usage":[],"damage_taken":[{"damage":0.0,"enemies":"Jaw Worm","floor":1.0,"turns":1.0},{"damage":0.0,"enemies":"Cultist","floor":2.0,"turns":1.0},{"damage":0.0,"enemies":"3 Sentries","floor":6.0,"turns":2.0},{"damage":4.0,"enemies":"Gremlin Nob","floor":8.0,"turns":3.0},{"damage":40.0,"enemies":"Lagavulin","floor":10.0,"turns":5.0},{"damage":0.0,"enemies":"Small Slimes","floor":11.0,"turns":4.0},{"damage":6.0,"enemies":"Looter","floor":12.0,"turns":5.0},{"damage":0.0,"enemies":"2 Fungi Beasts","floor":14.0,"turns":3.0},{"damage":6.0,"enemies":"Hexaghost","floor":16.0,"turns":7.0},{"damage":18.0,"enemies":"Shell Parasite","floor":18.0,"turns":6.0},{"damage":24,"enemies":"Spheric Guardian","floor":21,"turns":7},{"damage":30,"enemies":"Centurion and Healer","floor":23,"turns":5},{"damage":29,"enemies":"Book of Stabbing","floor":25,"turns":3}],"seed_played":"-2604947844094153598","potions_obtained":[{"floor":1.0,"key":"EssenceOfSteel"},{"floor":2.0,"key":"Block Potion"},{"floor":14.0,"key":"SkillPotion"},{"floor":18.0,"key":"SteroidPotion"}],"is_trial":false,"path_per_floor":["M","M","?","$","?","E","$","E","T","E","M","M","?","M","R","B",null,"M","$","?","M","?","M","?","E"],"character_chosen":"WATCHER","items_purchased":["Tantrum","Fasting2","Lee\u0027s Waffle","Gremlin Horn","Pen Nib"],"campfire_rested":1,"item_purchase_floors":[4,7,19,19,19],"current_hp_per_floor":[65,65,65,65,65,65,65,61,61,21,21,15,15,15,36,30,62,44,79,79,55,55,25,25,0,0],"gold":261,"neow_bonus":"THREE_ENEMY_KILL","is_prod":false,"is_daily":false,"chose_seed":false,"campfire_upgraded":0,"win_rate":0.0,"timestamp":1607474343,"path_taken":["M","M","?","?","?","E","$","E","T","E","M","M","?","M","R","BOSS","M","$","?","M","?","M","?","E"],"build_version":"2020-11-30","purchased_purges":0,"victory":false,"max_hp_per_floor":[72,72,72,72,72,72,72,72,72,72,72,72,72,72,72,72,72,72,79,79,79,79,79,79,79,79],"card_choices":[{"not_picked":["Nirvana","Worship"],"picked":"BattleHymn","floor":1.0},{"not_picked":["FlyingSleeves","Sanctity"],"picked":"Protect","floor":2.0},{"not_picked":["MentalFortress","Pray"],"picked":"Evaluate","floor":6.0},{"not_picked":["CutThroughFate","BowlingBash"],"picked":"DevaForm","floor":8.0},{"not_picked":["PathToVictory","FollowUp"],"picked":"Devotion","floor":10.0},{"not_picked":["ReachHeaven","ClearTheMind"],"picked":"WaveOfTheHand","floor":11.0},{"not_picked":["Halt","FollowUp"],"picked":"Evaluate","floor":12.0},{"not_picked":["JustLucky","EmptyMind"],"picked":"Worship","floor":14.0},{"not_picked":["MasterReality","Blasphemy"],"picked":"Ragnarok","floor":16.0},{"not_picked":["ThirdEye","Adaptation+1"],"picked":"Prostrate","floor":18.0},{"not_picked":["FollowUp","EmptyBody+1"],"picked":"Consecrate","floor":21},{"not_picked":["JustLucky","PathToVictory"],"picked":"ForeignInfluence","floor":23}],"player_experience":340618,"relics_obtained":[{"floor":6.0,"key":"Lantern"},{"floor":8.0,"key":"Old Coin"},{"floor":9.0,"key":"Omamori"},{"floor":10.0,"key":"MawBank"}],"event_choices":[{"damage_healed":0.0,"max_hp_gain":0.0,"max_hp_loss":0.0,"gold_gain":0.0,"event_name":"The Woman in Blue","player_choice":"Bought 0 Potions","floor":3.0,"gold_loss":0.0,"damage_taken":0.0},{"damage_healed":0.0,"max_hp_gain":0.0,"max_hp_loss":0.0,"gold_gain":0.0,"event_name":"Golden Wing","player_choice":"Ignored","floor":5.0,"gold_loss":0.0,"damage_taken":0.0},{"damage_healed":15.0,"max_hp_gain":0.0,"max_hp_loss":72.0,"gold_gain":0.0,"event_name":"betterThird:BetterShining","player_choice":"Leave","floor":13.0,"gold_loss":0.0,"damage_taken":0.0},{"damage_healed":0,"gold_gain":0,"player_choice":"Read","damage_taken":0,"max_hp_gain":0,"max_hp_loss":0,"event_name":"The Library","floor":20,"gold_loss":0,"cards_obtained":["WheelKick"]},{"damage_healed":0,"gold_gain":0,"player_choice":"Ignored","damage_taken":0,"max_hp_gain":0,"max_hp_loss":0,"event_name":"Ghosts","floor":22,"gold_loss":0},{"damage_healed":0,"gold_gain":100,"player_choice":"Pray","damage_taken":0,"max_hp_gain":0,"max_hp_loss":0,"event_name":"Golden Shrine","floor":24,"gold_loss":0}],"is_beta":false,"boss_relics":[{"not_picked":["Pandora\u0027s Box","SlaversCollar"],"picked":"Black Star"}],"items_purged_floors":[],"is_endless":false,"potions_floor_spawned":[1,2,14,18],"killed_by":"Book of Stabbing","ascension_level":9}}