{"host":"9qeu6oi9adh4ehod","time":1607531827,"event":{"gold_per_floor":[114,114,39,39,62,86,86,111,138,138,156,22,47,47,47,168,168,184,202,127,127,152,152,192,192,192,192,213,213,233,256,256,256,256],"floor_reached":33,"playtime":2580,"items_purged":["Defend_P","Strike_P"],"score":259,"play_id":"02364f33-6264-4220-8334-469c36398fbb","local_time":"20201210013707","is_ascension_mode":false,"campfire_choices":[{"data":"Consecrate","floor":7,"key":"SMITH"},{"data":"Crescendo","floor":10,"key":"SMITH"},{"data":"Fasting2","floor":15,"key":"SMITH"},{"data":"PathToVictory","floor":23,"key":"SMITH"},{"floor":25,"key":"REST"},{"data":"Fasting2","floor":27,"key":"SMITH"},{"data":"Judgement","floor":32,"key":"SMITH"}],"neow_cost":"NONE","seed_source_timestamp":650727118798500,"circlet_count":0,"master_deck":["Strike_P","Strike_P","Defend_P","Defend_P","Eruption","Vigilance","Crescendo+1","EmptyBody","Consecrate+1","Wallop","Halt","Fasting2+1","WheelKick","ConjureBlade","EmptyBody+1","FollowUp","Judgement+1","PathToVictory+1","Fasting2+1","DeusExMachina","Writhe","Consecrate+1"],"relics":["HolyWater","Boot","Golden Idol","DemoMod:WeirdEgg","Vajra","DemoMod:BigBoy","Strawberry","DemoMod:MonsterBlood"],"potions_floor_usage":[18,22,28,28,30],"damage_taken":[{"damage":0,"enemies":"Cultist","floor":1,"turns":4},{"damage":0,"enemies":"Small Slimes","floor":5,"turns":3},{"damage":0,"enemies":"Jaw Worm","floor":6,"turns":3},{"damage":0,"enemies":"3 Louse","floor":8,"turns":2},{"damage":0,"enemies":"Exordium Thugs","floor":11,"turns":3},{"damage":0,"enemies":"Lots of Slimes","floor":13,"turns":2},{"damage":21,"enemies":"Slime Boss","floor":16,"turns":6},{"damage":3,"enemies":"3 Byrds","floor":18,"turns":4},{"damage":7,"enemies":"Shell Parasite","floor":19,"turns":3},{"damage":15,"enemies":"Snecko","floor":22,"turns":4},{"damage":13,"enemies":"Slavers","floor":24,"turns":4},{"damage":14,"enemies":"Cultist and Chosen","floor":28,"turns":6},{"damage":5,"enemies":"Snake Plant","floor":30,"turns":2},{"damage":0,"enemies":"3 Cultists","floor":31,"turns":4},{"damage":45,"enemies":"Collector","floor":33,"turns":8}],"seed_played":"-5715253386049379740","potions_obtained":[{"floor":1,"key":"Swift Potion"},{"floor":8,"key":"PowerPotion"},{"floor":19,"key":"AttackPotion"},{"floor":22,"key":"Weak Potion"},{"floor":24,"key":"Weak Potion"}],"is_trial":false,"path_per_floor":["M","T","$","?","M","M","R","M","T","R","M","$","M","?","R","B",null,"M","M","?","?","M","R","E","R","T","R","M","?","M","M","R","B"],"character_chosen":"WATCHER","items_purchased":["Fasting2"],"campfire_rested":1,"item_purchase_floors":[12],"current_hp_per_floor":[72,72,72,67,67,67,67,67,67,67,67,67,67,67,67,46,67,64,57,57,57,42,42,29,49,56,56,42,49,44,44,44,0,0],"gold":256,"neow_bonus":"REMOVE_CARD","is_prod":false,"is_daily":false,"chose_seed":false,"campfire_upgraded":6,"win_rate":0.0,"timestamp":1607531827,"path_taken":["M","?","$","?","M","M","R","M","T","R","M","$","M","?","R","BOSS","M","M","?","?","M","R","E","R","T","R","M","?","?","M","R","BOSS"],"build_version":"2020-11-30","purchased_purges":2,"victory":false,"max_hp_per_floor":[72,72,72,67,67,67,67,67,67,67,67,67,67,67,67,67,67,67,67,67,67,67,67,67,67,74,74,74,81,81,81,81,81,81],"card_choices":[{"not_picked":["ClearTheMind","Adaptation"],"picked":"Crescendo","floor":1},{"not_picked":["Protect","Indignation"],"picked":"EmptyBody","floor":5},{"not_picked":["Perseverance","Halt"],"picked":"Consecrate","floor":6},{"not_picked":["EmptyBody","FollowUp"],"picked":"Wallop","floor":8},{"not_picked":["Crescendo","FlyingSleeves"],"picked":"Halt","floor":11},{"not_picked":["Swivel","Fasting2"],"picked":"WheelKick","floor":13},{"not_picked":["Establishment","Omniscience"],"picked":"ConjureBlade","floor":16},{"not_picked":["Evaluate","Halt"],"picked":"EmptyBody+1","floor":18},{"not_picked":["Crescendo","BowlingBash"],"picked":"FollowUp","floor":19},{"not_picked":["EmptyFist+1","CutThroughFate"],"picked":"PathToVictory","floor":22},{"not_picked":["Adaptation","Crescendo+1"],"picked":"Fasting2","floor":24},{"not_picked":["Crescendo","LikeWater"],"picked":"DeusExMachina","floor":28},{"not_picked":["EmptyFist","Nirvana+1","SignatureMove"],"picked":"SKIP","floor":30},{"not_picked":["Adaptation+1","EmptyBody"],"picked":"Consecrate+1","floor":31}],"player_experience":191244,"relics_obtained":[{"floor":2,"key":"Boot"},{"floor":9,"key":"DemoMod:WeirdEgg"},{"floor":24,"key":"DemoMod:BigBoy"},{"floor":26,"key":"Strawberry"}],"event_choices":[{"damage_healed":0,"gold_gain":0,"player_choice":"Lose Max HP","damage_taken":0,"relics_obtained":["Golden Idol"],"max_hp_gain":0,"max_hp_loss":5,"event_name":"Golden Idol","floor":4,"gold_loss":0},{"damage_healed":0,"gold_gain":0,"player_choice":"Searched \u00272\u0027 times","damage_taken":0,"relics_obtained":["Vajra"],"max_hp_gain":0,"max_hp_loss":0,"event_name":"Dead Adventurer","floor":14,"gold_loss":0},{"cards_removed":["Strike_P"],"damage_healed":0,"gold_gain":0,"player_choice":"Gave Gold","damage_taken":0,"max_hp_gain":0,"max_hp_loss":0,"event_name":"Beggar","floor":20,"gold_loss":75},{"damage_healed":0,"gold_gain":0,"player_choice":"Read","damage_taken":0,"max_hp_gain":0,"max_hp_loss":0,"event_name":"The Library","floor":21,"gold_loss":0,"cards_obtained":["Judgement"]},{"damage_healed":0,"gold_gain":0,"player_choice":"Opened","damage_taken":0,"relics_obtained":["DemoMod:MonsterBlood"],"max_hp_gain":0,"max_hp_loss":0,"event_name":"The Mausoleum","floor":29,"gold_loss":0,"cards_obtained":["Writhe"]}],"is_beta":false,"boss_relics":[{"not_picked":["Ectoplasm","Empty Cage"],"picked":"HolyWater"}],"items_purged_floors":[3,12],"is_endless":false,"potions_floor_spawned":[1,8,19,22,24],"killed_by":"Collector","ascension_level":0}}