{"host":"6bsan6hkua32tfq7","time":1607505138,"event":{"gold_per_floor":[119,119,135,60,77,77,108,108,132,132,60,60,60,93,93,93,93],"floor_reached":16,"playtime":305,"items_purged":[],"score":212,"play_id":"b75de34e-da4b-45d8-a9d1-9f888721cd46","local_time":"20201209101218","is_ascension_mode":true,"campfire_choices":[{"data":"Neutralize","floor":6,"key":"SMITH"},{"data":"Deflect","floor":8,"key":"SMITH"},{"floor":10,"key":"REST"},{"floor":15,"key":"REST"}],"neow_cost":"NONE","seed_source_timestamp":151592880531000,"circlet_count":0,"master_deck":["AscendersBane","Strike_G","Strike_G","Strike_G","Strike_G","Strike_G","Defend_G","Defend_G","Defend_G","Defend_G","Survivor","Neutralize+1","Predator+1","Endless Agony","Deflect+1","Slice+1","After Image"],"relics":["Ring of the Snake","NeowsBlessing","Orichalcum","Whetstone","betterThird:SlimedRelic","WingedGreaves"],"potions_floor_usage":[],"damage_taken":[{"damage":0,"enemies":"2 Louse","floor":1,"turns":1},{"damage":0,"enemies":"Small Slimes","floor":3,"turns":1},{"damage":0,"enemies":"Cultist","floor":5,"turns":1},{"damage":43,"enemies":"Gremlin Nob","floor":7,"turns":5},{"damage":16,"enemies":"3 Sentries","floor":14,"turns":11},{"damage":36,"enemies":"Slime Boss","floor":16,"turns":8}],"seed_played":"-6846609376788410696","potions_obtained":[{"floor":14,"key":"SmokeBomb"}],"is_trial":false,"path_per_floor":["M","?","M","?","M","R","E","R","T","R","?","?","$","E","R","B"],"character_chosen":"THE_SILENT","items_purchased":[],"campfire_rested":2,"item_purchase_floors":[],"current_hp_per_floor":[59,64,64,64,64,64,21,21,21,42,31,31,31,15,36,0,0],"gold":93,"neow_bonus":"THREE_ENEMY_KILL","is_prod":false,"is_daily":false,"chose_seed":false,"campfire_upgraded":2,"win_rate":0,"timestamp":1607505138,"path_taken":["M","?","M","?","M","R","E","R","T","R","?","?","?","E","R","BOSS"],"build_version":"2020-11-30","purchased_purges":0,"victory":false,"max_hp_per_floor":[66,71,71,71,71,71,71,71,71,71,71,71,71,71,71,71,71],"card_choices":[{"not_picked":["Slice","Backflip"],"picked":"Predator","floor":1},{"not_picked":["Prepared","Quick Slash"],"picked":"Endless Agony","floor":3},{"not_picked":["Poisoned Stab","Outmaneuver"],"picked":"Deflect","floor":5},{"not_picked":["Burst","Dagger Spray"],"picked":"Slice","floor":7},{"not_picked":["Slice","Sucker Punch"],"picked":"After Image","floor":14}],"player_experience":5129697,"relics_obtained":[{"floor":7,"key":"Orichalcum"},{"floor":9,"key":"Whetstone"},{"floor":14,"key":"WingedGreaves"}],"event_choices":[{"damage_healed":0,"gold_gain":0,"player_choice":"Donut","damage_taken":0,"max_hp_gain":5,"max_hp_loss":0,"event_name":"Big Fish","floor":2,"gold_loss":0},{"cards_removed":["Defend_G"],"damage_healed":0,"gold_gain":0,"player_choice":"Card Removal","damage_taken":0,"max_hp_gain":0,"max_hp_loss":0,"event_name":"The Cleric","floor":4,"gold_loss":75},{"damage_healed":0,"gold_gain":0,"player_choice":"Slimed","damage_taken":11,"max_hp_gain":0,"max_hp_loss":0,"event_name":"betterThird:BetterGoop","floor":11,"gold_loss":72},{"damage_healed":0,"gold_gain":0,"player_choice":"Ignored","damage_taken":60,"max_hp_gain":0,"max_hp_loss":0,"event_name":"betterThird:BetterSerpent","floor":12,"gold_loss":0}],"is_beta":false,"boss_relics":[],"items_purged_floors":[],"is_endless":false,"potions_floor_spawned":[14],"killed_by":"Slime Boss","ascension_level":20}}