{"host":"i0avyit1s6jb1siw","time":1607550065,"event":{"gold_per_floor":[117,192,192,51,68,68,96,96,96,96,115,115,141,156,156,233,233,249,65,85,111,111,111,122,155,155,186,201,201,211,244,244,319,319,336,346,358,378,378,406,406,432,478,519,519,519,577,373,373,401,441,441,441,66,132,140,140],"floor_reached":56,"playtime":2341,"items_purged":["Strike_G","Strike_G","Strike_G","Dagger Spray+1"],"score":1800,"play_id":"42350f9b-aba7-49c7-8cab-1842094299b5","local_time":"20201209224105","is_ascension_mode":true,"campfire_choices":[{"data":"Neutralize","floor":6.0,"key":"SMITH"},{"data":"Bullet Time","floor":8.0,"key":"SMITH"},{"data":"Tactician","floor":10.0,"key":"SMITH"},{"data":"Cloak And Dagger","floor":12.0,"key":"SMITH"},{"data":"Dagger Spray","floor":15.0,"key":"SMITH"},{"data":"Wraith Form v2","floor":23.0,"key":"SMITH"},{"data":"Well Laid Plans","floor":29,"key":"SMITH"},{"data":"Concentrate","floor":32,"key":"SMITH"},{"floor":41,"key":"RECALL"},{"data":"Phantasmal Killer","floor":46,"key":"SMITH"},{"data":"Reflex","floor":49,"key":"SMITH"},{"data":"Backflip","floor":53,"key":"SMITH"}],"neow_cost":"NONE","seed_source_timestamp":70374374018900,"circlet_count":0,"master_deck":["AscendersBane","Strike_G","Strike_G+1","Defend_G","Defend_G+1","Defend_G","Defend_G","Defend_G","Survivor","Neutralize+1","Finisher+1","Bullet Time+1","Tactician+1","Cloak And Dagger+1","Infinite Blades","Wraith Form v2+1","Hidden Blade","Reflex+1","Backflip+1","Acrobatics+1","Well Laid Plans+1","Concentrate+1","Phantasmal Killer+1","Masterful Stab","Tactician"],"special_seed":0,"relics":["Ring of the Snake","NeowsBlessing","Calipers","Iron Hammer","Replay:Baseball","Dota2Spire:PowerTreads","Coffee Dripper","Simple Rune","Blue Candle","InkBottle","Tingsha","Toy Ornithopter","Snecko Scales","CeramicFish","Replay:Bandana","Membership Card","Dota2Spire:BlackKingBar"],"potions_floor_usage":[25,50,50,56,56],"damage_taken":[{"damage":0.0,"enemies":"Small Slimes","floor":1.0,"turns":1.0},{"damage":0.0,"enemies":"Cultist","floor":5.0,"turns":1.0},{"damage":0.0,"enemies":"3 Sentries","floor":7.0,"turns":1.0},{"damage":0.0,"enemies":"2 Louse","floor":11.0,"turns":3.0},{"damage":22.0,"enemies":"Gremlin Nob","floor":13.0,"turns":4.0},{"damage":0.0,"enemies":"Lots of Slimes","floor":14.0,"turns":1.0},{"damage":14.0,"enemies":"The Guardian","floor":16.0,"turns":15.0},{"damage":6.0,"enemies":"3 Byrds","floor":18.0,"turns":5.0},{"damage":0.0,"enemies":"Spheric Guardian","floor":20.0,"turns":3.0},{"damage":0.0,"enemies":"Centurion and Healer","floor":24.0,"turns":4.0},{"damage":15,"enemies":"Slavers","floor":25,"turns":6},{"damage":2,"enemies":"Replay:Snechameleon","floor":27,"turns":5},{"damage":9,"enemies":"Snecko","floor":28,"turns":5},{"damage":11,"enemies":"Snake Plant","floor":30,"turns":3},{"damage":0,"enemies":"Gremlin Leader","floor":31,"turns":4},{"damage":0,"enemies":"Automaton","floor":33,"turns":6},{"damage":0,"enemies":"Orb Walker","floor":35,"turns":1},{"damage":0,"enemies":"3 Shapes","floor":36,"turns":2},{"damage":3,"enemies":"Maw","floor":37,"turns":3},{"damage":0,"enemies":"4 Shapes","floor":38,"turns":3},{"damage":2,"enemies":"R_Hoarder","floor":40,"turns":5},{"damage":0,"enemies":"Reptomancer","floor":42,"turns":3},{"damage":0,"enemies":"Writhing Mass","floor":44,"turns":2},{"damage":0,"enemies":"Spire Growth","floor":47,"turns":3},{"damage":21,"enemies":"Time Eater","floor":50,"turns":6},{"damage":11,"enemies":"Replay:Hell Engine","floor":51,"turns":6},{"damage":15,"enemies":"Shield and Spear","floor":55,"turns":5},{"damage":54,"enemies":"The Heart","floor":56,"turns":3}],"seed_played":"7431594525385307581","potions_obtained":[{"floor":5.0,"key":"Fire Potion"},{"floor":13.0,"key":"PowerPotion"},{"floor":16.0,"key":"ColorlessPotion"},{"floor":24.0,"key":"Adrenaline Potion"},{"floor":30,"key":"Adrenaline Potion"},{"floor":31,"key":"Weak Potion"},{"floor":33,"key":"Dota2Spire:HealingSalve"}],"is_trial":false,"path_per_floor":["M","?","?","$","M","R","E","R","T","R","M","R","E","M","R","B",null,"M","$","M","T","?","R","M","E","T","E","M","R","M","E","R","B",null,"M","M","M","M","?","E","R","E","T","M","?","R","M","$","R","B","B",null,"R","$","E","B"],"character_chosen":"THE_SILENT","items_purchased":["Finisher+1","Reflex","Masterful Stab","Reflective Coating","Weak Potion","Membership Card"],"campfire_rested":0,"item_purchase_floors":[4,19,48,54,54,54],"current_hp_per_floor":[59,48,48,48,48,48,48,48,48,48,48,48,26,26,26,12,53,47,47,47,47,66,66,66,51,51,49,40,40,29,29,29,29,57,57,57,54,54,54,52,52,52,52,52,48,48,48,48,48,43,32,58,58,58,43,0,0],"gold":140,"neow_bonus":"THREE_ENEMY_KILL","is_prod":false,"is_daily":false,"chose_seed":false,"campfire_upgraded":11,"win_rate":0,"timestamp":1607550065,"path_taken":["M","?","?","$","M","R","E","R","T","R","M","R","E","?","R","BOSS","M","$","?","?","?","R","?","E","T","E","M","R","M","E","R","BOSS","M","M","?","M","?","E","R","E","T","M","?","R","?","$","R","BOSS","BOSS","R","$","E","BOSS"],"build_version":"2020-11-30","purchased_purges":4,"victory":false,"max_hp_per_floor":[66,66,66,66,66,66,66,66,66,66,66,66,66,66,66,66,66,66,66,66,66,66,66,66,66,66,66,66,66,66,66,66,66,66,66,66,66,66,66,66,66,66,66,66,66,66,66,66,66,66,66,66,66,66,66,66,66],"card_choices":[{"not_picked":["Poisoned Stab","Acrobatics"],"picked":"Blade Dance","floor":1.0},{"not_picked":["Eviscerate","Poisoned Stab"],"picked":"Bullet Time","floor":5.0},{"not_picked":["PiercingWail","ReplayTheSpireMod:Scrap Shanks"],"picked":"Tactician","floor":7.0},{"not_picked":["Dodge and Roll","Outmaneuver"],"picked":"Cloak And Dagger","floor":11.0},{"not_picked":["Catalyst","Bullet Time"],"picked":"Dagger Spray","floor":13.0},{"not_picked":["Backflip","Crippling Poison"],"picked":"Infinite Blades","floor":14.0},{"not_picked":["Tools of the Trade","ReplayTheSpireMod:Necrosis"],"picked":"Wraith Form v2","floor":16.0},{"not_picked":["Toxin Wave","Outmaneuver"],"picked":"Hidden Blade","floor":18.0},{"not_picked":["Eviscerate","ReplayTheSpireMod:The Works","Poisoned Stab"],"picked":"SKIP","floor":20.0},{"not_picked":["Replay:Poison Smokescreen","Flying Knee"],"picked":"Backflip","floor":24.0},{"not_picked":["Leg Sweep","Flying Knee"],"picked":"Acrobatics+1","floor":25},{"not_picked":["Backflip","Underhanded Strike"],"picked":"Well Laid Plans","floor":27},{"not_picked":["Poisoned Stab","Cloak And Dagger","PiercingWail"],"picked":"SKIP","floor":28},{"not_picked":["Acrobatics","Atom Bomb","Reflex"],"picked":"SKIP","floor":30},{"not_picked":["Outmaneuver","Dagger Spray"],"picked":"Concentrate","floor":31},{"not_picked":["Glass Knife","Die Die Die"],"picked":"Phantasmal Killer","floor":33},{"not_picked":["Dagger Throw","Outmaneuver+1","Hidden Blade+1"],"picked":"SKIP","floor":35},{"not_picked":["Leg Sweep","Hidden Blade+1","Fluid Movement"],"picked":"SKIP","floor":36},{"not_picked":["Dodge and Roll+1","Skewer","Toxin Wave"],"picked":"SKIP","floor":37},{"not_picked":["Distraction+1","Bane","Infinite Blades"],"picked":"SKIP","floor":38},{"not_picked":["Poisoned Stab","Doppelganger","Infinite Blades+1"],"picked":"SKIP","floor":40},{"not_picked":["Escape Plan","Dodge and Roll","Outmaneuver+1"],"picked":"SKIP","floor":42},{"not_picked":["Replay:Poison Smokescreen","Endless Agony","Draining Mist"],"picked":"SKIP","floor":44},{"not_picked":["All Out Attack+1","Slice+1","Blade Dance"],"picked":"SKIP","floor":47},{"not_picked":["Crippling Poison","Underhanded Strike"],"picked":"Tactician","floor":55}],"player_experience":2060005,"relics_obtained":[{"floor":7.0,"key":"Iron Hammer"},{"floor":9.0,"key":"Replay:Baseball"},{"floor":13.0,"key":"Dota2Spire:PowerTreads"},{"floor":21.0,"key":"Simple Rune"},{"floor":25,"key":"Blue Candle"},{"floor":26,"key":"InkBottle"},{"floor":27,"key":"Tingsha"},{"floor":31,"key":"Toy Ornithopter"},{"floor":40,"key":"CeramicFish"},{"floor":42,"key":"Replay:Bandana"},{"floor":55,"key":"Dota2Spire:BlackKingBar"}],"event_choices":[{"damage_healed":0.0,"max_hp_gain":0.0,"max_hp_loss":0.0,"gold_gain":75.0,"event_name":"World of Goop","player_choice":"Gather Gold","floor":2.0,"gold_loss":0.0,"damage_taken":11.0},{"cards_removed":["Blade Dance"],"damage_healed":0.0,"max_hp_gain":0.0,"max_hp_loss":0.0,"gold_gain":0.0,"event_name":"WeMeetAgain","player_choice":"Gave Card","floor":3.0,"gold_loss":0.0,"damage_taken":0.0,"relics_obtained":["Calipers"]},{"damage_healed":19.0,"max_hp_gain":0.0,"max_hp_loss":0.0,"gold_gain":0.0,"event_name":"Wheel of Change","player_choice":"Full Heal","floor":22.0,"gold_loss":0.0,"damage_taken":0.0},{"damage_healed":0,"gold_gain":0,"player_choice":"Ignored","damage_taken":0,"max_hp_gain":0,"max_hp_loss":0,"event_name":"Tomb of Lord Red Mask","floor":39,"gold_loss":0},{"damage_healed":0,"gold_gain":0,"player_choice":"Bought 0 Potions","damage_taken":0,"max_hp_gain":0,"max_hp_loss":0,"event_name":"The Woman in Blue","floor":45,"gold_loss":0}],"is_beta":false,"boss_relics":[{"not_picked":["Kintsugi","Velvet Choker"],"picked":"Coffee Dripper"},{"not_picked":["Painkiller Herb","Replay:Drink Me"],"picked":"Snecko Scales"}],"items_purged_floors":[4,19,48,54],"is_endless":false,"potions_floor_spawned":[5,13,16,24,30,31,33,36,38,42,44],"killed_by":"The Heart","ascension_level":20}}