{"host":"ih7ofq2zpufcoifs","time":1607481010,"event":{"gold_per_floor":[117,192,192,202,218,246,256,256,256,256,256,273,49,60,60,159,159,171,171,188,199,8,36,36,77,77,87,97,114,223,148,148,252,252,276,305,317,92,112,153,178,203,229,229,266,366,385,409,409,409,409,409,18,44,44],"floor_reached":56,"playtime":6496,"items_purged":["Pain","Hemokinesis","Cleave"],"score":1812,"play_id":"523648f2-02b4-4f6a-a9c9-a549535c875d","local_time":"20201209123010","is_ascension_mode":true,"campfire_choices":[{"data":"Demon Form","floor":8.0,"key":"SMITH"},{"floor":10.0,"key":"REST"},{"floor":15.0,"key":"REST"},{"data":"Corruption","floor":24.0,"key":"SMITH"},{"data":"Shockwave","floor":32.0,"key":"SMITH"},{"floor":44,"key":"RECALL"},{"data":"Disarm","floor":49,"key":"SMITH"},{"data":"Shrug It Off","floor":52,"key":"SMITH"}],"neow_cost":"NONE","seed_source_timestamp":0,"circlet_count":0,"master_deck":["Entrench","Flame Barrier","Flame Barrier","Impervious","Shockwave+1","Ghostly Armor","Demon Form+1","Headbutt","Corruption+1","Feel No Pain+1","Rampage","Reaper","Shrug It Off+1","Dark Embrace+1","Reaper","Reaper","Exhume","True Grit+1","Sentinel","Ghostly Armor+1","Thunderclap+1","Feed","Warcry+1","Disarm+1","Feel No Pain+1","Flame Barrier","Sword Boomerang+1","Feel No Pain+1","True Grit+1","Body Slam","Shockwave","Second Wind+1","Metallicize+1","Exhume","Master of Strategy","PanicButton"],"special_seed":0,"relics":["Pandora\u0027s Box","WarpedTongs","Art of War","Lantern","Frozen Egg 2","Sozu","Orrery","Bag of Preparation","CeramicFish","Champion Belt","Meat on the Bone","Coffee Dripper","Anchor","Bronze Scales","Juzu Bracelet","Shuriken","Membership Card","Oddly Smooth Stone"],"potions_floor_usage":[55,55],"damage_taken":[{"damage":0.0,"enemies":"Cultist","floor":1.0,"turns":4.0},{"damage":5.0,"enemies":"2 Louse","floor":4.0,"turns":3.0},{"damage":5.0,"enemies":"Small Slimes","floor":5.0,"turns":4.0},{"damage":39.0,"enemies":"Gremlin Nob","floor":6.0,"turns":4.0},{"damage":5.0,"enemies":"Looter","floor":7.0,"turns":3.0},{"damage":4.0,"enemies":"2 Fungi Beasts","floor":12.0,"turns":3.0},{"damage":2.0,"enemies":"Lots of Slimes","floor":14.0,"turns":3.0},{"damage":4.0,"enemies":"Hexaghost","floor":16.0,"turns":7.0},{"damage":0.0,"enemies":"Shell Parasite","floor":18.0,"turns":5.0},{"damage":4.0,"enemies":"Spheric Guardian","floor":20.0,"turns":4.0},{"damage":11.0,"enemies":"3 Cultists","floor":21.0,"turns":4.0},{"damage":25.0,"enemies":"Book of Stabbing","floor":23.0,"turns":6.0},{"damage":12.0,"enemies":"Gremlin Leader","floor":25.0,"turns":5.0},{"damage":10.0,"enemies":"Shelled Parasite and Fungi","floor":27.0,"turns":5.0},{"damage":2.0,"enemies":"Sentry and Sphere","floor":28.0,"turns":5.0},{"damage":11.0,"enemies":"Snake Plant","floor":29.0,"turns":6.0},{"damage":11.0,"enemies":"Colosseum Slavers","floor":30.0,"turns":5.0},{"damage":25.0,"enemies":"Colosseum Nobs","floor":30.0,"turns":6.0},{"damage":10.0,"enemies":"Automaton","floor":33.0,"turns":8.0},{"damage":13,"enemies":"3 Darklings","floor":35,"turns":5},{"damage":15,"enemies":"3 Shapes","floor":36,"turns":6},{"damage":0,"enemies":"Maw","floor":37,"turns":8},{"damage":0,"enemies":"Sphere and 2 Shapes","floor":39,"turns":6},{"damage":21,"enemies":"Nemesis","floor":40,"turns":7},{"damage":0,"enemies":"Spire Growth","floor":41,"turns":5},{"damage":24,"enemies":"Reptomancer","floor":42,"turns":8},{"damage":0,"enemies":"Giant Head","floor":45,"turns":8},{"damage":8,"enemies":"4 Shapes","floor":47,"turns":7},{"damage":0,"enemies":"3 Darklings","floor":48,"turns":7},{"damage":39,"enemies":"Awakened One","floor":50,"turns":10},{"damage":43,"enemies":"Shield and Spear","floor":54,"turns":7},{"damage":35,"enemies":"The Heart","floor":55,"turns":8}],"seed_played":"-6964005226864967875","potions_obtained":[{"floor":1.0,"key":"EssenceOfSteel"},{"floor":7.0,"key":"GamblersBrew"},{"floor":16.0,"key":"Block Potion"}],"is_trial":false,"path_per_floor":["M","?","?","M","M","E","M","R","T","R","?","M","$","M","R","B",null,"M","?","M","M","$","E","R","E","T","M","M","M","?","?","R","B",null,"M","M","M","$","M","E","M","E","T","R","E","?","M","M","R","B",null,"R","$","E","B",null],"character_chosen":"IRONCLAD","items_purchased":["Feel No Pain+1","DuplicationPotion","Orrery","Sentinel","Feel No Pain+1","Flame Barrier","Membership Card","Metallicize+1","Exhume","Master of Strategy","PanicButton"],"campfire_rested":2,"item_purchase_floors":[13,13,22,22,38,38,53,53,53,53,53],"current_hp_per_floor":[72,61,61,56,51,12,7,7,7,31,13,9,9,7,31,27,67,80,80,80,80,80,80,80,80,80,80,80,77,80,80,80,80,80,72,89,92,92,98,91,106,104,104,104,114,114,122,125,125,125,125,125,125,128,128],"gold":44,"neow_bonus":"BOSS_RELIC","is_prod":false,"is_daily":false,"chose_seed":false,"campfire_upgraded":5,"win_rate":0,"timestamp":1607481010,"path_taken":["M","?","?","?","M","E","M","R","T","R","?","M","$","M","R","BOSS","M","?","M","M","$","E","R","E","T","M","M","?","?","?","R","BOSS","M","M","M","$","M","E","M","E","T","R","E","?","M","M","R","BOSS","R","$","E","BOSS"],"build_version":"2020-11-30","purchased_purges":3,"victory":true,"max_hp_per_floor":[80,80,80,80,80,80,80,80,80,80,80,80,80,80,80,80,80,80,80,80,80,80,80,80,80,80,80,80,80,80,80,80,80,80,83,89,92,92,98,102,106,110,110,110,114,114,122,125,125,125,125,125,125,128,128],"card_choices":[{"not_picked":["Feel No Pain","Perfected Strike"],"picked":"Hemokinesis","floor":1.0},{"not_picked":["Power Through","Iron Wave","Shrug It Off"],"picked":"SKIP","floor":4.0},{"not_picked":["Shrug It Off","Heavy Blade"],"picked":"Headbutt","floor":5.0},{"not_picked":["Twin Strike","Seeing Red"],"picked":"Corruption","floor":6.0},{"not_picked":["Warcry","Sword Boomerang","Havoc"],"picked":"SKIP","floor":7.0},{"not_picked":["Thunderclap","Bloodletting","Anger"],"picked":"SKIP","floor":12.0},{"not_picked":["Fire Breathing+1","Reckless Charge"],"picked":"Rampage","floor":14.0},{"not_picked":["Bludgeon","Brutality+1"],"picked":"Reaper","floor":16.0},{"not_picked":["Clothesline","Havoc"],"picked":"Shrug It Off","floor":18.0},{"not_picked":["Flex","Power Through+1"],"picked":"Dark Embrace+1","floor":20.0},{"not_picked":["Iron Wave+1","Warcry","Power Through"],"picked":"SKIP","floor":21.0},{"not_picked":["Metallicize+1","Headbutt+1"],"picked":"Reaper","floor":22.0},{"not_picked":["Shockwave","Armaments+1"],"picked":"Reaper","floor":22.0},{"not_picked":["Dual Wield","Evolve+1"],"picked":"Exhume","floor":22.0},{"not_picked":["Twin Strike+1","Clothesline"],"picked":"True Grit+1","floor":22.0},{"not_picked":["True Grit","Clothesline+1","Flame Barrier"],"picked":"SKIP","floor":23.0},{"not_picked":["Twin Strike","Immolate"],"picked":"Ghostly Armor+1","floor":25.0},{"not_picked":["Heavy Blade","Warcry","Iron Wave+1"],"picked":"SKIP","floor":27.0},{"not_picked":["Heavy Blade","Warcry","Iron Wave+1"],"picked":"SKIP","floor":27.0},{"not_picked":["Pommel Strike","Thunderclap","Whirlwind"],"picked":"SKIP","floor":28.0},{"not_picked":["Clash","Wild Strike","Juggernaut+1"],"picked":"SKIP","floor":29.0},{"not_picked":["Perfected Strike","True Grit"],"picked":"Thunderclap+1","floor":30.0},{"not_picked":["Impervious","Bludgeon"],"picked":"Feed","floor":33.0},{"not_picked":["Perfected Strike","Sword Boomerang"],"picked":"Warcry+1","floor":35},{"not_picked":["Sever Soul+1","Twin Strike"],"picked":"Disarm","floor":36},{"not_picked":["Twin Strike+1","Headbutt","Wild Strike+1"],"picked":"SKIP","floor":37},{"not_picked":["Armaments","Battle Trance"],"picked":"Sword Boomerang+1","floor":39},{"not_picked":["Entrench","Second Wind+1"],"picked":"Feel No Pain+1","floor":40},{"not_picked":["Wild Strike+1","Rampage"],"picked":"True Grit+1","floor":41},{"not_picked":["Clash+1","Rupture+1","Power Through"],"picked":"SKIP","floor":42},{"not_picked":["Hemokinesis+1","Berserk+1"],"picked":"Body Slam","floor":45},{"not_picked":["Armaments","Sword Boomerang"],"picked":"Shockwave","floor":47},{"not_picked":["Flex","Intimidate+1"],"picked":"Second Wind+1","floor":48},{"not_picked":["Sword Boomerang+1","Headbutt","Anger"],"picked":"SKIP","floor":54}],"player_experience":256486,"relics_obtained":[{"floor":6.0,"key":"Art of War"},{"floor":9.0,"key":"Lantern"},{"floor":23.0,"key":"Bag of Preparation"},{"floor":25.0,"key":"CeramicFish"},{"floor":30.0,"key":"Champion Belt"},{"floor":30.0,"key":"Meat on the Bone"},{"floor":40,"key":"Anchor"},{"floor":42,"key":"Bronze Scales"},{"floor":43,"key":"Juzu Bracelet"},{"floor":45,"key":"Shuriken"},{"floor":54,"key":"Oddly Smooth Stone"}],"event_choices":[{"damage_healed":0.0,"max_hp_gain":0.0,"max_hp_loss":0.0,"gold_gain":75.0,"event_name":"World of Goop","player_choice":"Gather Gold","floor":2.0,"gold_loss":0.0,"damage_taken":11.0},{"damage_healed":0.0,"max_hp_gain":0.0,"max_hp_loss":0.0,"gold_gain":0.0,"event_name":"Accursed Blacksmith","player_choice":"Rummage","floor":3.0,"gold_loss":0.0,"damage_taken":0.0,"relics_obtained":["WarpedTongs"],"cards_obtained":["Pain"]},{"damage_healed":0.0,"max_hp_gain":0.0,"max_hp_loss":0.0,"gold_gain":0.0,"event_name":"Scrap Ooze","player_choice":"Success","floor":11.0,"gold_loss":0.0,"damage_taken":18.0,"relics_obtained":["Frozen Egg 2"]},{"cards_removed":["Flex"],"damage_healed":5.0,"max_hp_gain":0.0,"max_hp_loss":0.0,"gold_gain":0.0,"event_name":"Bonfire Elementals","player_choice":"Offered Common","floor":19.0,"gold_loss":0.0,"damage_taken":0.0},{"cards_removed":["Flex"],"damage_healed":5.0,"max_hp_gain":0.0,"max_hp_loss":0.0,"gold_gain":0.0,"event_name":"Bonfire Elementals","player_choice":"Offered Special","floor":19.0,"gold_loss":0.0,"damage_taken":0.0},{"damage_healed":0.0,"max_hp_gain":0.0,"max_hp_loss":0.0,"gold_gain":0.0,"event_name":"Colosseum","player_choice":"Fight","floor":30.0,"gold_loss":0.0,"damage_taken":0.0},{"damage_healed":0.0,"max_hp_gain":0.0,"max_hp_loss":0.0,"gold_gain":0.0,"event_name":"Colosseum","player_choice":"Fought Nobs","floor":30.0,"gold_loss":0.0,"damage_taken":0.0},{"cards_removed":["Bash"],"damage_healed":0.0,"max_hp_gain":0.0,"max_hp_loss":0.0,"gold_gain":0.0,"event_name":"Beggar","player_choice":"Gave Gold","floor":31.0,"gold_loss":75.0,"damage_taken":0.0},{"damage_healed":0,"gold_gain":100,"player_choice":"Pray","damage_taken":0,"max_hp_gain":0,"max_hp_loss":0,"event_name":"Golden Shrine","floor":46,"gold_loss":0}],"is_beta":false,"boss_relics":[{"not_picked":["Runic Dome","Calling Bell"],"picked":"Sozu"},{"not_picked":["Runic Cube","SlaversCollar"],"picked":"Coffee Dripper"}],"items_purged_floors":[13,38,53],"is_endless":false,"potions_floor_spawned":[1,7,16,18,25,27,30,33,35,39,41,42,47,48],"ascension_level":9}}