{"host":"l4zsyynf3knc4g5z","time":1607540121,"event":{"gold_per_floor":[119,119,119,138,152,152,171,246,246,265,323,323,339,38,38,143,143,161,81,92,92,32,32,32,32,32,46,65,65,65,65],"floor_reached":33,"playtime":734,"items_purged":["dioMod:Strike"],"score":235,"play_id":"3c1da816-6247-475b-8d94-9537dc7b7735","local_time":"20201209105521","is_ascension_mode":false,"campfire_choices":[{"data":"Bite","floor":6,"key":"SMITH"},{"floor":15,"key":"REST"},{"data":"dioMod:GoodbyeJojo","floor":23,"key":"SMITH"},{"data":"dioMod:DoubleTime","floor":28,"key":"SMITH"},{"floor":32,"key":"REST"}],"neow_cost":"NONE","seed_source_timestamp":1584287648894200,"circlet_count":0,"master_deck":["dioMod:Strike","dioMod:Strike","dioMod:Strike+1","Bite+1","dioMod:Defend+1","dioMod:Defend","dioMod:Defend","dioMod:Defend","dioMod:VengefulMuda","dioMod:LaserVision","dioMod:LaserVision","dioMod:Muda","dioMod:GoodbyeJojo+1","dioMod:ComboFever","dioMod:MudaMudaMuda","dioMod:Refresh","dioMod:MudaMudaMuda","dioMod:TheWalk","dioMod:DoubleTime+1","dioMod:SlashThroughTime","dioMod:DominatingPresence+1"],"relics":["dioMod:VampireBlood","hubris:Teleporter","hubris:TinFlute","Strange Spoon","Toxic Egg 2"],"potions_floor_usage":[4,16,33,33],"damage_taken":[{"damage":8,"enemies":"Small Slimes","floor":1,"turns":4},{"damage":3,"enemies":"Jaw Worm","floor":4,"turns":5},{"damage":0,"enemies":"2 Louse","floor":5,"turns":2},{"damage":0,"enemies":"Large Slime","floor":7,"turns":4},{"damage":26,"enemies":"3 Louse","floor":10,"turns":3},{"damage":23,"enemies":"3 Sentries","floor":11,"turns":4},{"damage":2,"enemies":"Looter","floor":13,"turns":3},{"damage":101,"enemies":"The Guardian","floor":16,"turns":12},{"damage":5,"enemies":"Spheric Guardian","floor":18,"turns":3},{"damage":30,"enemies":"2 Thieves","floor":21,"turns":4},{"damage":45,"enemies":"Shelled Parasite and Fungi","floor":29,"turns":5},{"damage":7,"enemies":"3 Cultists","floor":31,"turns":4},{"damage":75,"enemies":"hubris:MusketHawk","floor":33,"turns":6}],"seed_played":"-5380701604184877614","potions_obtained":[{"floor":1,"key":"Fruit Juice"},{"floor":11,"key":"FairyPotion"},{"floor":13,"key":"PowerPotion"},{"floor":29,"key":"Doom Potion"},{"floor":31,"key":"Strength Potion"}],"is_trial":false,"path_per_floor":["M","?","?","M","M","R","M","?","T","M","?","?","M","$","R","B",null,"M","$","M","R","?","?","T","$","R","M","M","R","B"],"character_chosen":"THE_DEFAULT","items_purchased":["dioMod:MudaMudaMuda","Strange Spoon","dioMod:SlashThroughTime"],"campfire_rested":2,"item_purchase_floors":[14,14,19],"current_hp_per_floor":[72,57,50,59,67,67,79,68,68,51,40,40,41,41,65,7,80,80,80,56,56,56,56,56,56,56,23,28,52,0,0],"gold":65,"neow_bonus":"ONE_RANDOM_RARE_CARD","is_prod":false,"is_daily":false,"chose_seed":false,"campfire_upgraded":3,"win_rate":0.0,"timestamp":1607540121,"path_taken":["M","?","?","M","M","R","M","?","T","M","?","?","M","$","R","BOSS","M","$","M","R","?","?","T","$","R","M","M","R","BOSS"],"build_version":"2020-11-30","purchased_purges":1,"victory":false,"max_hp_per_floor":[75,75,75,80,80,80,80,80,80,80,80,80,80,80,80,80,80,80,80,80,80,80,80,80,80,80,80,80,80,80,80],"card_choices":[{"not_picked":["dioMod:BloodTransfusion","dioMod:SecretPlan"],"picked":"dioMod:VengefulMuda","floor":1},{"not_picked":["dioMod:TripleThreat","dioMod:BloodShield"],"picked":"dioMod:LaserVision","floor":4},{"not_picked":["dioMod:DisarmingVoice","dioMod:SecretPlan"],"picked":"dioMod:LaserVision","floor":5},{"not_picked":["dioMod:BloodTransfusion","dioMod:WRYYY"],"picked":"dioMod:Muda","floor":7},{"not_picked":["dioMod:VengefulMuda","dioMod:FlyAway"],"picked":"dioMod:GoodbyeJojo","floor":10},{"not_picked":["dioMod:Roundabout","dioMod:Minions"],"picked":"dioMod:ComboFever","floor":11},{"not_picked":["dioMod:BloodSplash","dioMod:Minions"],"picked":"dioMod:Refresh","floor":13},{"not_picked":["dioMod:KonoDioDa","dioMod:Refresh"],"picked":"dioMod:TheWalk","floor":16},{"not_picked":["dioMod:BloodTransfusion+1","dioMod:ComboFever"],"picked":"dioMod:DoubleTime","floor":18},{"not_picked":["dioMod:Hiss+1","dioMod:FlyAway+1"],"picked":"dioMod:DominatingPresence+1","floor":21},{"not_picked":["dioMod:DaggerSpree","dioMod:ComboFever+1","dioMod:WRYYY"],"picked":"SKIP","floor":29},{"not_picked":["dioMod:WRYYY","dioMod:Roundabout+1","dioMod:BloodSplash+1"],"picked":"SKIP","floor":31}],"player_experience":85342,"relics_obtained":[{"floor":9,"key":"hubris:Teleporter"},{"floor":26,"key":"Toxic Egg 2"}],"event_choices":[{"damage_healed":0,"gold_gain":0,"player_choice":"Entered Light","damage_taken":15,"max_hp_gain":0,"max_hp_loss":0,"event_name":"Shining Light","floor":2,"gold_loss":0,"cards_upgraded":["dioMod:Defend","dioMod:Strike"]},{"cards_removed":["dioMod:KonoDioDa"],"damage_healed":0,"gold_gain":0,"player_choice":"Card Removal","damage_taken":7,"max_hp_gain":0,"max_hp_loss":0,"event_name":"Golden Wing","floor":3,"gold_loss":0},{"damage_healed":0,"gold_gain":75,"player_choice":"Gather Gold","damage_taken":11,"max_hp_gain":0,"max_hp_loss":0,"event_name":"World of Goop","floor":8,"gold_loss":0},{"damage_healed":0,"gold_gain":0,"player_choice":"Searched \u00272\u0027 times","damage_taken":0,"relics_obtained":["hubris:TinFlute"],"max_hp_gain":0,"max_hp_loss":0,"event_name":"Dead Adventurer","floor":11,"gold_loss":0},{"damage_healed":0,"gold_gain":0,"player_choice":"Ignored","damage_taken":0,"max_hp_gain":0,"max_hp_loss":0,"event_name":"Ghosts","floor":25,"gold_loss":0}],"is_beta":false,"boss_relics":[{"not_picked":["Replay:Fungal Core","Snecko Eye","ReplayTheSpireMod:DimensionalGlitch"]}],"items_purged_floors":[14],"is_endless":false,"potions_floor_spawned":[1,11,13,29,31],"killed_by":"hubris:MusketHawk","ascension_level":0}}