{"host":"Mythic","time":1607489421,"event":{"gold_per_floor":[115,134,102,67,80,108,108,141,141,141,166,166,166,178,178,279,279,296,296,315,332,332,332,349,376,376,376,376],"floor_reached":27,"playtime":799,"items_purged":[],"score":402,"play_id":"b9f5e174-8a71-4357-a4c1-080d4caf3df7","local_time":"20201208235021","is_ascension_mode":true,"campfire_choices":[{"data":"Double Tap","floor":7,"key":"SMITH"},{"floor":10,"key":"REST"},{"floor":12,"key":"REST"},{"data":"Disarm","floor":15,"key":"SMITH"},{"floor":23,"key":"REST"}],"neow_cost":"NONE","seed_source_timestamp":330460461572200,"circlet_count":0,"master_deck":["AscendersBane","Strike_R","Defend_R","Defend_R","Defend_R","Defend_R","Bash","Inflame","Cleave","Anger","Double Tap+1","Carnage","Shrug It Off","Disarm+1","Immolate","Barricade+1","Ghostly Armor+1","Flex+1","Spot Weakness+1","Heavy Blade+1","Burning Pact+1","Impervious"],"relics":["Velvet Choker","Prayer Wheel","Peace Pipe","Ginger","Smiling Mask","Astrolabe","Eternal Feather","MealTicket"],"potions_floor_usage":[6,14,25,27],"damage_taken":[{"damage":8,"enemies":"Small Slimes","floor":1,"turns":4},{"damage":11,"enemies":"2 Louse","floor":2,"turns":2},{"damage":1,"enemies":"Cultist","floor":5,"turns":3},{"damage":15,"enemies":"Lagavulin","floor":6,"turns":7},{"damage":25,"enemies":"3 Sentries","floor":8,"turns":7},{"damage":30,"enemies":"Lagavulin","floor":11,"turns":5},{"damage":15,"enemies":"2 Fungi Beasts","floor":14,"turns":3},{"damage":21,"enemies":"The Guardian","floor":16,"turns":13},{"damage":13,"enemies":"Spheric Guardian","floor":18,"turns":5},{"damage":21,"enemies":"3 Byrds","floor":20,"turns":6},{"damage":24,"enemies":"Shelled Parasite and Fungi","floor":21,"turns":6},{"damage":17,"enemies":"Snake Plant","floor":24,"turns":5},{"damage":16,"enemies":"Gremlin Leader","floor":25,"turns":7},{"damage":4,"enemies":"Chosen and Byrds","floor":27,"turns":3}],"seed_played":"5124024246807613417","potions_obtained":[{"floor":2,"key":"BloodPotion"},{"floor":5,"key":"DuplicationPotion"},{"floor":6,"key":"FearPotion"},{"floor":14,"key":"ColorlessPotion"},{"floor":18,"key":"Energy Potion"},{"floor":25,"key":"Explosive Potion"}],"is_trial":false,"path_per_floor":["M","M","?","?","M","E","R","E","T","R","E","R","?","M","R","B",null,"M","?","M","M","?","R","M","E","T","M"],"character_chosen":"IRONCLAD","items_purchased":[],"campfire_rested":3,"item_purchase_floors":[],"current_hp_per_floor":[64,53,53,73,72,57,57,32,32,56,26,50,50,51,51,30,68,55,55,34,10,10,34,17,1,1,0,0],"gold":376,"neow_bonus":"BOSS_RELIC","is_prod":false,"is_daily":false,"chose_seed":false,"campfire_upgraded":2,"win_rate":0,"timestamp":1607489421,"path_taken":["M","M","?","?","M","E","R","E","T","R","E","R","?","M","R","BOSS","M","?","M","M","?","R","M","E","T","M"],"build_version":"2020-12-07","purchased_purges":0,"victory":false,"max_hp_per_floor":[80,80,80,80,80,80,80,80,80,80,80,80,80,80,80,80,80,80,80,80,80,80,80,80,80,80,80,80],"relic_stats":{"Peace Pipe":0,"counters":[14,76],"Astrolabe":["Barricade","Ghostly Armor","Flex"],"Prayer Wheel":5,"Eternal Feather":0,"MealTicket":0,"Ginger":[5],"Smiling Mask":0,"obtain_stats":[{"Peace Pipe":8,"Astrolabe":17,"Velvet Choker":0,"Prayer Wheel":6,"Eternal Feather":25,"MealTicket":26,"Ginger":9,"Smiling Mask":11,"Burning Blood":0},{"Peace Pipe":5,"Astrolabe":8,"Velvet Choker":0,"Prayer Wheel":4,"Eternal Feather":13,"MealTicket":13,"Ginger":5,"Smiling Mask":6,"Burning Blood":0},{"Peace Pipe":23,"Astrolabe":44,"Velvet Choker":0,"Prayer Wheel":16,"Eternal Feather":73,"MealTicket":73,"Ginger":23,"Smiling Mask":28,"Burning Blood":0}]},"card_choices":[{"not_picked":["Wild Strike","True Grit"],"picked":"Inflame","floor":1},{"not_picked":["Wild Strike","True Grit"],"picked":"Cleave","floor":2},{"not_picked":["Shockwave","Infernal Blade"],"picked":"Anger","floor":5},{"not_picked":["Clash","Armaments"],"picked":"Double Tap","floor":6},{"not_picked":["Dropkick","Thunderclap"],"picked":"Carnage","floor":8},{"not_picked":["Flex","Juggernaut"],"picked":"Shrug It Off","floor":11},{"not_picked":["Anger","Thunderclap"],"picked":"Disarm","floor":14},{"not_picked":["Headbutt","Second Wind","Pommel Strike"],"picked":"SKIP","floor":14},{"not_picked":["Juggernaut","Barricade"],"picked":"Immolate","floor":16},{"not_picked":["Wild Strike","Metallicize"],"picked":"Spot Weakness+1","floor":18},{"not_picked":["Pommel Strike","Fire Breathing","Flex"],"picked":"SKIP","floor":18},{"not_picked":["Wild Strike","Twin Strike+1"],"picked":"Heavy Blade+1","floor":20},{"not_picked":["Body Slam","Anger","Clash"],"picked":"SKIP","floor":20},{"not_picked":["Anger+1","Carnage"],"picked":"Burning Pact+1","floor":21},{"not_picked":["Seeing Red","Armaments","Body Slam"],"picked":"SKIP","floor":21},{"not_picked":["Clothesline","Body Slam"],"picked":"Impervious","floor":24},{"not_picked":["Anger","Rampage+1","Flex"],"picked":"SKIP","floor":24},{"not_picked":["Sword Boomerang+1","Havoc","Clothesline"],"picked":"SKIP","floor":25}],"player_experience":811667,"relics_obtained":[{"floor":6,"key":"Prayer Wheel"},{"floor":8,"key":"Peace Pipe"},{"floor":9,"key":"Ginger"},{"floor":11,"key":"Smiling Mask"},{"floor":25,"key":"Eternal Feather"},{"floor":26,"key":"MealTicket"}],"event_choices":[{"damage_healed":0,"gold_gain":0,"player_choice":"Left Gold","damage_taken":0,"max_hp_gain":0,"max_hp_loss":0,"event_name":"World of Goop","floor":3,"gold_loss":32},{"damage_healed":20,"gold_gain":0,"player_choice":"Healed","damage_taken":0,"max_hp_gain":0,"max_hp_loss":0,"event_name":"The Cleric","floor":4,"gold_loss":35},{"cards_removed":["Strike_R"],"damage_healed":0,"gold_gain":0,"player_choice":"Offered Basic","damage_taken":0,"max_hp_gain":0,"max_hp_loss":0,"event_name":"Bonfire Elementals","floor":13,"gold_loss":0},{"damage_healed":0,"gold_gain":0,"player_choice":"Ignored","damage_taken":0,"max_hp_gain":0,"max_hp_loss":0,"event_name":"Ghosts","floor":19,"gold_loss":0},{"damage_healed":0,"gold_gain":0,"player_choice":"0 cards matched","damage_taken":0,"max_hp_gain":0,"max_hp_loss":0,"event_name":"Match and Keep!","floor":22,"gold_loss":0,"cards_obtained":[]}],"is_beta":true,"boss_relics":[{"not_picked":["SacredBark","Empty Cage"],"picked":"Astrolabe"}],"items_purged_floors":[],"is_endless":false,"potions_floor_spawned":[2,5,6,14,16,18,25],"killed_by":"Chosen and Byrds","ascension_level":12}}