{"host":"jpcy2bclvs7juczu","time":1607546690,"event":{"gold_per_floor":[112,8,26,26,26,26,61,61,61,73,73,101,101,111,111,111,111],"floor_reached":16,"playtime":345,"items_purged":[],"score":216,"play_id":"707fe297-ec90-49a5-9b73-b6b2c28d6f0e","local_time":"20201209154450","is_ascension_mode":true,"campfire_choices":[{"data":"Streamline","floor":6,"key":"SMITH"},{"data":"Aggregate","floor":8,"key":"SMITH"},{"data":"Reinforced Body","floor":11,"key":"SMITH"},{"data":"Reboot","floor":13,"key":"SMITH"},{"data":"Ball Lightning","floor":15,"key":"SMITH"}],"neow_cost":"NONE","seed_source_timestamp":2689726240948598704,"circlet_count":0,"master_deck":["AscendersBane","Strike_B","Strike_B","Strike_B","Strike_B","Defend_B","Defend_B","Defend_B","Defend_B","Zap+1","Dualcast","Streamline+1","Aggregate+1","Sweeping Beam+1","Undo","Reinforced Body+1","Reboot+1","Ball Lightning+1"],"relics":["SlaversCollar","Mercury Hourglass","StrikeDummy","Pen Nib","Happy Flower"],"potions_floor_usage":[12],"damage_taken":[{"damage":7,"enemies":"2 Louse","floor":1,"turns":3},{"damage":6,"enemies":"Cultist","floor":3,"turns":3},{"damage":10,"enemies":"3 Sentries","floor":7,"turns":7},{"damage":5,"enemies":"Jaw Worm","floor":10,"turns":4},{"damage":5,"enemies":"Gremlin Nob","floor":12,"turns":3},{"damage":4,"enemies":"Exordium Wildlife","floor":14,"turns":3},{"damage":10,"enemies":"Slime Boss","floor":16,"turns":7}],"seed_played":"-4435437304861555952","potions_obtained":[{"floor":1,"key":"LiquidBronze"},{"floor":10,"key":"Energy Potion"},{"floor":14,"key":"Swift Potion"}],"is_trial":false,"path_per_floor":["M","$","M","?","?","R","E","R","T","M","R","E","R","M","R","B"],"character_chosen":"DEFECT","items_purchased":["Aggregate","Sweeping Beam"],"campfire_rested":0,"item_purchase_floors":[2,2],"current_hp_per_floor":[57,57,51,30,30,30,20,20,20,15,15,10,10,6,6,0,0],"gold":111,"neow_bonus":"BOSS_RELIC","is_prod":false,"is_daily":false,"chose_seed":false,"campfire_upgraded":5,"win_rate":0,"timestamp":1607546690,"path_taken":["M","$","M","?","?","R","E","R","T","?","R","E","R","M","R","BOSS"],"build_version":"2020-11-30","purchased_purges":0,"victory":false,"max_hp_per_floor":[71,71,71,71,71,71,71,71,71,71,71,71,71,71,71,71,71],"relic_stats":{"Happy Flower":[3],"counters":[7,30],"Pen Nib":[2],"obtain_stats":[{"SlaversCollar":0,"Happy Flower":12,"Pen Nib":9,"Cracked Core":0,"StrikeDummy":7,"Mercury Hourglass":5},{"SlaversCollar":0,"Happy Flower":5,"Pen Nib":3,"Cracked Core":0,"StrikeDummy":3,"Mercury Hourglass":2},{"SlaversCollar":0,"Happy Flower":20,"Pen Nib":13,"Cracked Core":0,"StrikeDummy":13,"Mercury Hourglass":6}],"Mercury Hourglass":[99]},"card_choices":[{"not_picked":["Rip and Tear","Go for the Eyes"],"picked":"Streamline","floor":1},{"not_picked":["Tempest","Sweeping Beam"],"picked":"Undo","floor":3},{"not_picked":["Darkness","Redo"],"picked":"Reinforced Body","floor":7},{"not_picked":["Steam Power","Aggregate","Static Discharge"],"picked":"SKIP","floor":10},{"not_picked":["Leap","Streamline"],"picked":"Reboot","floor":12},{"not_picked":["Barrage","Cold Snap"],"picked":"Ball Lightning","floor":14}],"player_experience":1471759,"relics_obtained":[{"floor":7,"key":"StrikeDummy"},{"floor":9,"key":"Pen Nib"},{"floor":12,"key":"Happy Flower"}],"event_choices":[{"damage_healed":0,"gold_gain":0,"player_choice":"Entered Light","damage_taken":21,"max_hp_gain":0,"max_hp_loss":0,"event_name":"Shining Light","floor":4,"gold_loss":0,"cards_upgraded":["Zap","Sweeping Beam"]},{"damage_healed":0,"gold_gain":0,"player_choice":"Gave Potion","damage_taken":0,"relics_obtained":["Mercury Hourglass"],"max_hp_gain":0,"max_hp_loss":0,"event_name":"WeMeetAgain","floor":5,"gold_loss":0}],"is_beta":false,"boss_relics":[],"items_purged_floors":[],"is_endless":false,"potions_floor_spawned":[1,10,14],"killed_by":"Slime Boss","ascension_level":20}}