{"host":"plluk4al3qmxlp2w","time":1607516032,"event":{"gold_per_floor":[20,36,50,64,64,92,92,119,201,201,201,230,306,341,341,439,439,449,461,376,376,440,455,455],"floor_reached":23,"playtime":1090,"items_purged":[],"score":243,"play_id":"cc1fd237-8948-41e6-87bc-88ada92895fa","local_time":"20201209041352","is_ascension_mode":true,"campfire_choices":[{"floor":7,"key":"REST"},{"floor":10,"key":"REST"},{"floor":15,"key":"REST"}],"neow_cost":"CURSE","seed_source_timestamp":819789852491400,"circlet_count":0,"master_deck":["Survivor","Neutralize","Poisoned Stab","Poisoned Stab","Poisoned Stab","Poisoned Stab","Poisoned Stab","Dodge and Roll","Dodge and Roll","Dodge and Roll","Dodge and Roll","Dodge and Roll","Poisoned Stab","Flying Knee","Calculated Gamble","Adrenaline","Backflip","Voices","Backflip","Adrenaline","Injury","Deadly Poison","Poisoned Stab"],"relics":["Ring of the Snake","Replay:Accelerometer","Mango","ReplayTheSpireMod:Ring of Collecting","Ring of Hypnosis","Omamori","ReplayTheSpireMod:Ring of Challenge","White Beast Statue","Replay:Ancient Bell","Orichalcum","The Courier","Vampiric Spirits","Bronze Scales"],"potions_floor_usage":[8,16,16,16,19,22,22,23],"damage_taken":[{"damage":0,"enemies":"Jaw Worm","floor":1,"turns":4},{"damage":0,"enemies":"Small Slimes","floor":2,"turns":2},{"damage":3,"enemies":"2 Louse","floor":3,"turns":2},{"damage":4,"enemies":"Blue Slaver","floor":4,"turns":3},{"damage":12,"enemies":"3 Sentries","floor":6,"turns":9},{"damage":11,"enemies":"Gremlin Nob","floor":8,"turns":4},{"damage":6,"enemies":"3 Sentries","floor":12,"turns":7},{"damage":12,"enemies":"Exordium Thugs","floor":14,"turns":7},{"damage":22,"enemies":"Fading Forest","floor":16,"turns":11},{"damage":14,"enemies":"Shell Parasite","floor":18,"turns":5},{"damage":9,"enemies":"2 Thieves","floor":19,"turns":4},{"damage":37,"enemies":"Snake Plant","floor":22,"turns":4},{"damage":43,"enemies":"Book of Stabbing","floor":23,"turns":4}],"seed_played":"-4917699971911909745","potions_obtained":[{"floor":1,"key":"SteroidPotion"},{"floor":4,"key":"Weak Potion"},{"floor":8,"key":"Adrenaline Potion"},{"floor":14,"key":"EssenceOfSteel"},{"floor":16,"key":"PowerPotion"},{"floor":18,"key":"SpeedPotion"},{"floor":19,"key":"Fire Potion"},{"floor":22,"key":"LiquidMemories"}],"is_trial":false,"path_per_floor":["M","M","M","M","?","E","R","E","T","R","?","E","T","M","R","B",null,"M","M","?","?","M","E"],"character_chosen":"THE_SILENT","items_purchased":[],"campfire_rested":3,"item_purchase_floors":[],"current_hp_per_floor":[45,45,42,38,31,19,37,40,40,63,63,57,57,45,68,62,77,63,58,58,77,40,0,0],"gold":455,"neow_bonus":"SILENT_ASSASSIN","is_prod":false,"is_daily":false,"chose_seed":false,"campfire_upgraded":0,"win_rate":0,"timestamp":1607516032,"path_taken":["M","M","M","M","?","E","R","E","T","R","?","E","?","M","R","BOSS","M","M","?","?","M","E"],"build_version":"2020-11-30","purchased_purges":0,"victory":false,"max_hp_per_floor":[63,63,63,63,63,63,63,77,77,77,77,77,77,77,77,77,77,77,77,77,77,77,77,77],"card_choices":[{"not_picked":["Endless Agony","Dodge and Roll","Blade Dance"],"picked":"SKIP","floor":1},{"not_picked":["Well Laid Plans","Dagger Spray"],"picked":"Poisoned Stab","floor":2},{"not_picked":["Heel Hook","Quick Slash"],"picked":"Flying Knee","floor":3},{"not_picked":["Expertise","Cloak And Dagger"],"picked":"Calculated Gamble","floor":4},{"not_picked":["Draining Mist","Backflip"],"picked":"Adrenaline","floor":6},{"not_picked":["Dagger Spray","Quick Slash"],"picked":"Backflip","floor":8},{"not_picked":["Dagger Spray","Cloak And Dagger","Dodge and Roll"],"picked":"SKIP","floor":12},{"not_picked":["Tactician","Underhanded Strike"],"picked":"Backflip","floor":14},{"not_picked":["Atom Bomb","Doppelganger"],"picked":"Adrenaline","floor":16},{"not_picked":["Regret","Injury"],"picked":"Decay","floor":17},{"not_picked":["Pain","Normality"],"picked":"Voices","floor":17},{"not_picked":["Normality","Regret"],"picked":"Injury","floor":17},{"not_picked":["Eviscerate","Underhanded Strike","Heel Hook"],"picked":"SKIP","floor":18},{"not_picked":["Die Die Die","Underhanded Strike"],"picked":"Deadly Poison","floor":19},{"not_picked":["Bane+1","Caltrops+1"],"picked":"Poisoned Stab","floor":22}],"player_experience":264447,"relics_obtained":[{"floor":6,"key":"Replay:Accelerometer"},{"floor":8,"key":"Mango"},{"floor":11,"key":"ReplayTheSpireMod:Ring of Collecting"},{"floor":11,"key":"Ring of Hypnosis"},{"floor":12,"key":"Omamori"},{"floor":13,"key":"ReplayTheSpireMod:Ring of Challenge"},{"floor":13,"key":"White Beast Statue"}],"event_choices":[{"cards_removed":["Doubt"],"damage_healed":0,"gold_gain":0,"player_choice":"Card Removal","damage_taken":7,"max_hp_gain":0,"max_hp_loss":0,"event_name":"Golden Wing","floor":5,"gold_loss":0},{"damage_healed":0,"gold_gain":0,"player_choice":"Obtained Relic","damage_taken":0,"relics_obtained":["Bronze Scales"],"max_hp_gain":0,"max_hp_loss":0,"event_name":"Addict","floor":20,"gold_loss":85},{"damage_healed":25,"gold_gain":0,"player_choice":"Heal","damage_taken":0,"max_hp_gain":0,"max_hp_loss":0,"event_name":"The Library","floor":21,"gold_loss":0}],"is_beta":false,"boss_relics":[{"not_picked":["Runic Dome","Snecko Scales"],"picked":"Replay:Ancient Bell"},{"not_picked":["Lantern","PreservedInsect"],"picked":"Orichalcum"},{"not_picked":["Quantum Egg","Replay:Bottled Steam"],"picked":"The Courier"},{"not_picked":["Dead Branch","Du-Vu Doll"],"picked":"Vampiric Spirits"}],"items_purged_floors":[],"is_endless":false,"potions_floor_spawned":[1,4,8,14,16,18,19,22],"killed_by":"Book of Stabbing","ascension_level":3}}