{"host":"cjhtzh7tp54jdfyv","time":1607532887,"event":{"gold_per_floor":[109,129,143,159,173,173,200,210,236,236,236,236,236],"floor_reached":12,"playtime":531,"items_purged":[],"score":214,"play_id":"74476c5d-6b0b-4659-864e-b3257cc31dfc","local_time":"20201209115447","is_ascension_mode":true,"campfire_choices":[{"data":"Sunder","floor":6,"key":"SMITH"},{"data":"Streamline","floor":10,"key":"SMITH"}],"neow_cost":"NONE","seed_source_timestamp":683292455967700,"circlet_count":0,"master_deck":["AscendersBane","Strike_B","Strike_B","Strike_B","Defend_B","Defend_B","Defend_B","Defend_B","Zap","Dualcast","Compile Driver","Streamline+1","Ball Lightning","Sunder+1","Coolheaded","Self Repair"],"special_seed":0,"relics":["Cracked Core","Happy Flower","Ancient Tea Set"],"potions_floor_usage":[5,7],"damage_taken":[{"damage":7.0,"enemies":"Small Slimes","floor":1.0,"turns":3.0},{"damage":8.0,"enemies":"2 Louse","floor":2.0,"turns":3.0},{"damage":0.0,"enemies":"Cultist","floor":3.0,"turns":3.0},{"damage":8.0,"enemies":"Red Slaver","floor":4.0,"turns":3.0},{"damage":15,"enemies":"Large Slime","floor":5,"turns":4},{"damage":0,"enemies":"3 Sentries","floor":7,"turns":4},{"damage":6,"enemies":"Looter","floor":8,"turns":2},{"damage":32,"enemies":"Gremlin Nob","floor":12,"turns":3}],"seed_played":"-2229284597593272936","potions_obtained":[{"floor":3.0,"key":"SkillPotion"},{"floor":5,"key":"Explosive Potion"}],"is_trial":false,"path_per_floor":["M","M","M","M","M","R","E","M","T","R","?","E"],"character_chosen":"DEFECT","items_purchased":[],"campfire_rested":0,"item_purchase_floors":[],"current_hp_per_floor":[64,56,56,48,33,33,33,27,27,27,20,0,0],"gold":236,"neow_bonus":"TEN_PERCENT_HP_BONUS","is_prod":false,"is_daily":false,"chose_seed":false,"campfire_upgraded":2,"win_rate":0,"timestamp":1607532887,"path_taken":["M","M","M","M","M","R","E","M","T","R","?","E"],"build_version":"2020-11-30","purchased_purges":0,"victory":false,"max_hp_per_floor":[78,78,78,78,78,78,78,78,78,78,78,78,78],"card_choices":[{"not_picked":["Rebound","Beam Cell"],"picked":"Compile Driver","floor":1.0},{"not_picked":["Leap","Conserve Battery"],"picked":"Streamline","floor":2.0},{"not_picked":["Barrage","Beam Cell"],"picked":"Ball Lightning","floor":3.0},{"not_picked":["Compile Driver","White Noise"],"picked":"Sunder","floor":4.0},{"not_picked":["All For One","BootSequence","Beam Cell"],"picked":"SKIP","floor":5},{"not_picked":["Cold Snap","Reprogram"],"picked":"Coolheaded","floor":7},{"not_picked":["Leap","Barrage"],"picked":"Self Repair","floor":8}],"player_experience":4068929,"relics_obtained":[{"floor":7,"key":"Happy Flower"},{"floor":9,"key":"Ancient Tea Set"}],"event_choices":[{"cards_removed":["Strike_B"],"damage_healed":0,"gold_gain":0,"player_choice":"Card Removal","damage_taken":7,"max_hp_gain":0,"max_hp_loss":0,"event_name":"Golden Wing","floor":11,"gold_loss":0}],"is_beta":false,"boss_relics":[],"items_purged_floors":[],"is_endless":false,"potions_floor_spawned":[3,5],"killed_by":"Gremlin Nob","ascension_level":20}}