{"host":"fwes8e3a36usabj9","time":1607480957,"event":{"gold_per_floor":[112,127,139,150,12,12,31,31,31,31,51,51,62,89,89,194,194,233,233,233,272,272,272,300,300,380,380,412,412,16,16,16,173,173,184,184,231,303,303,358,368,368,368,368,388,420,467,495,495,495],"floor_reached":51,"playtime":7414,"items_purged":[],"score":1008,"play_id":"a1927b54-d8e3-49dd-a01e-f9fb05a5930c","local_time":"20201208182917","is_ascension_mode":true,"campfire_choices":[{"data":"Eruption","floor":6.0,"key":"SMITH"},{"data":"LessonLearned","floor":10.0,"key":"SMITH"},{"data":"WindmillStrike","floor":12.0,"key":"SMITH"},{"floor":15.0,"key":"REST"},{"data":"Wish","floor":23.0,"key":"SMITH"},{"floor":27.0,"key":"REST"},{"data":"SandsOfTime","floor":29.0,"key":"SMITH"},{"data":"The Bomb","floor":32.0,"key":"SMITH"},{"floor":42.0,"key":"REST"},{"data":"Protect","floor":44.0,"key":"SMITH"},{"data":"Ragnarok","floor":49,"key":"SMITH"}],"neow_cost":"PERCENT_DAMAGE","seed_source_timestamp":0,"circlet_count":0,"master_deck":["Strike_P+1","Strike_P","Strike_P+1","Strike_P+1","Defend_P+1","Defend_P","Defend_P+1","Defend_P+1","Eruption+1","Vigilance","DeusExMachina+1","Sanctity+1","Evaluate","WindmillStrike+1","SandsOfTime+1","LessonLearned+1","Scrawl","EmptyMind+1","FlyingSleeves","TalkToTheHand+1","Wish+1","TalkToTheHand+1","Protect+1","Wireheading+1","EmptyFist","Wallop+1","The Bomb+1","Shame","Vault","CurseOfTheBell","Madness+1","Madness+1","SandsOfTime+1","EmptyMind+1","CutThroughFate+1","Wallop+1","FearNoEvil","Ragnarok+1"],"special_seed":0,"relics":["PureWater","Letter Opener","Pear","Snecko Eye","Yang","Matryoshka","Akabeko","StrikeDummy","Mercury Hourglass","Strange Spoon","Bag of Preparation","Calling Bell","Bronze Scales","Toxic Egg 2","Calipers","Eternal Feather","InkBottle","Ice Cream","Lizard Tail","Bird Faced Urn","Nunchaku"],"potions_floor_usage":[48,50,50],"damage_taken":[{"damage":0.0,"enemies":"Cultist","floor":1.0,"turns":4.0},{"damage":0.0,"enemies":"Jaw Worm","floor":2.0,"turns":2.0},{"damage":0.0,"enemies":"Small Slimes","floor":3.0,"turns":4.0},{"damage":0.0,"enemies":"Exordium Wildlife","floor":4.0,"turns":2.0},{"damage":1.0,"enemies":"3 Louse","floor":7.0,"turns":5.0},{"damage":0.0,"enemies":"2 Fungi Beasts","floor":11.0,"turns":4.0},{"damage":0.0,"enemies":"Looter","floor":13.0,"turns":3.0},{"damage":10.0,"enemies":"Gremlin Nob","floor":14.0,"turns":3.0},{"damage":50.0,"enemies":"Hexaghost","floor":16.0,"turns":5.0},{"damage":4.0,"enemies":"2 Thieves","floor":18.0,"turns":4.0},{"damage":6.0,"enemies":"3 Byrds","floor":21.0,"turns":6.0},{"damage":23.0,"enemies":"Slavers","floor":24.0,"turns":7.0},{"damage":5.0,"enemies":"Book of Stabbing","floor":28.0,"turns":6.0},{"damage":23.0,"enemies":"Champ","floor":33.0,"turns":11.0},{"damage":2.0,"enemies":"Orb Walker","floor":35.0,"turns":4.0},{"damage":5.0,"enemies":"3 Shapes","floor":37.0,"turns":4.0},{"damage":0.0,"enemies":"Sphere and 2 Shapes","floor":38.0,"turns":7.0},{"damage":50.0,"enemies":"Nemesis","floor":40.0,"turns":6.0},{"damage":0.0,"enemies":"Maw","floor":41.0,"turns":10.0},{"damage":0.0,"enemies":"Jaw Worm Horde","floor":45.0,"turns":3.0},{"damage":0.0,"enemies":"Giant Head","floor":46.0,"turns":7.0},{"damage":2.0,"enemies":"2 Orb Walkers","floor":47.0,"turns":3.0},{"damage":1,"enemies":"Reptomancer","floor":48,"turns":4},{"damage":0,"enemies":"Awakened One","floor":50,"turns":7}],"seed_played":"8969442713802853574","potions_obtained":[{"floor":3.0,"key":"ColorlessPotion"},{"floor":7.0,"key":"GamblersBrew"},{"floor":11.0,"key":"BlessingOfTheForge"},{"floor":16.0,"key":"FearPotion"},{"floor":18.0,"key":"StancePotion"},{"floor":21.0,"key":"Block Potion"},{"floor":24.0,"key":"Fire Potion"},{"floor":28.0,"key":"Fire Potion"},{"floor":40.0,"key":"DistilledChaos"},{"floor":41.0,"key":"Strength Potion"},{"floor":46.0,"key":"StancePotion"},{"floor":47.0,"key":"SteroidPotion"},{"floor":48,"key":"FearPotion"}],"is_trial":false,"path_per_floor":["M","M","M","M","$","R","M","$","T","R","M","R","M","E","R","B",null,"M","?","?","M","?","R","E","?","T","R","E","R","$","?","R","B",null,"M","?","M","M","?","E","M","R","T","R","M","E","?","E","R","B",null],"character_chosen":"WATCHER","items_purchased":["LessonLearned","Strange Spoon","The Bomb","Block Potion"],"campfire_rested":3,"item_purchase_floors":[5,30,30,30],"current_hp_per_floor":[51,51,51,51,51,51,50,50,50,50,50,50,50,50,74,24,82,78,78,78,72,56,56,33,33,33,59,54,54,54,54,54,31,87,85,74,69,69,69,19,19,66,66,87,87,87,85,84,87,87],"gold":495,"neow_bonus":"THREE_RARE_CARDS","is_prod":false,"is_daily":false,"chose_seed":false,"campfire_upgraded":8,"win_rate":0,"timestamp":1607480957,"path_taken":["M","M","M","M","$","R","M","?","T","R","M","R","M","E","R","BOSS","M","?","?","?","?","R","E","?","T","R","E","R","$","?","R","BOSS","M","?","M","M","?","E","?","R","T","R","M","E","?","E","R","BOSS"],"build_version":"2020-11-30","purchased_purges":0,"victory":true,"max_hp_per_floor":[72,72,72,72,72,72,72,72,72,72,72,72,72,82,82,82,82,82,82,82,82,87,87,87,87,87,87,87,87,87,87,87,87,87,87,87,87,87,87,87,87,87,87,87,87,87,87,87,87,87],"card_choices":[{"not_picked":["Omniscience","Brilliance"],"picked":"DeusExMachina","floor":0.0},{"not_picked":["Prostrate","ClearTheMind"],"picked":"Sanctity","floor":1.0},{"not_picked":["Crescendo","FollowUp"],"picked":"Evaluate","floor":2.0},{"not_picked":["Wireheading","EmptyFist"],"picked":"WindmillStrike","floor":3.0},{"not_picked":["Prostrate","CutThroughFate"],"picked":"SandsOfTime","floor":4.0},{"not_picked":["WreathOfFlame","MentalFortress"],"picked":"Scrawl","floor":7.0},{"not_picked":["EmptyBody","Prostrate"],"picked":"EmptyMind","floor":11.0},{"not_picked":["WheelKick","CrushJoints"],"picked":"FlyingSleeves","floor":13.0},{"not_picked":["Halt","MentalFortress"],"picked":"TalkToTheHand","floor":14.0},{"not_picked":["LessonLearned","Devotion"],"picked":"Wish","floor":16.0},{"not_picked":["SashWhip","Consecrate"],"picked":"TalkToTheHand+1","floor":18.0},{"not_picked":["Evaluate+1","CutThroughFate"],"picked":"Wireheading","floor":21.0},{"not_picked":["MentalFortress","FlurryOfBlows+1"],"picked":"EmptyFist","floor":24.0},{"not_picked":["Evaluate","PathToVictory+1"],"picked":"Wallop+1","floor":28.0},{"not_picked":["DeusExMachina","Ragnarok"],"picked":"Vault","floor":33.0},{"not_picked":["Halt+1","Adaptation+1","EmptyMind+1"],"picked":"SKIP","floor":35.0},{"not_picked":["Wireheading+1","Weave+1","FlurryOfBlows"],"picked":"SKIP","floor":37.0},{"not_picked":["Prostrate+1","TalkToTheHand+1"],"picked":"SandsOfTime","floor":38.0},{"not_picked":["Fasting2","Devotion"],"picked":"EmptyMind+1","floor":40.0},{"not_picked":["FlyingSleeves","Study+1"],"picked":"CutThroughFate+1","floor":41.0},{"not_picked":["EmptyMind+1","MentalFortress"],"picked":"Wallop+1","floor":45.0},{"not_picked":["Evaluate+1","SignatureMove"],"picked":"FearNoEvil","floor":46.0},{"not_picked":["Collect+1","Swivel+1"],"picked":"Ragnarok","floor":48}],"player_experience":619252,"relics_obtained":[{"floor":9.0,"key":"Letter Opener"},{"floor":14.0,"key":"Pear"},{"floor":24.0,"key":"Matryoshka"},{"floor":26.0,"key":"Akabeko"},{"floor":26.0,"key":"StrikeDummy"},{"floor":28.0,"key":"Mercury Hourglass"},{"floor":34.0,"key":"Bronze Scales"},{"floor":34.0,"key":"Toxic Egg 2"},{"floor":34.0,"key":"Calipers"},{"floor":40.0,"key":"Eternal Feather"},{"floor":43.0,"key":"InkBottle"},{"floor":43.0,"key":"Ice Cream"},{"floor":46.0,"key":"Lizard Tail"},{"floor":47.0,"key":"Bird Faced Urn"},{"floor":48,"key":"Nunchaku"}],"event_choices":[{"damage_healed":0.0,"max_hp_gain":0.0,"max_hp_loss":0.0,"gold_gain":0.0,"event_name":"The Mausoleum","player_choice":"Opened","floor":19.0,"gold_loss":0.0,"damage_taken":0.0,"relics_obtained":["Yang"]},{"damage_healed":0.0,"max_hp_gain":0.0,"max_hp_loss":0.0,"gold_gain":0.0,"event_name":"The Library","player_choice":"Read","floor":20.0,"gold_loss":0.0,"damage_taken":0.0,"cards_obtained":["Protect"]},{"damage_healed":0.0,"max_hp_gain":5.0,"max_hp_loss":0.0,"gold_gain":0.0,"event_name":"Forgotten Altar","player_choice":"Shed Blood","floor":22.0,"gold_loss":0.0,"damage_taken":21.0},{"damage_healed":0.0,"max_hp_gain":0.0,"max_hp_loss":0.0,"gold_gain":0.0,"event_name":"Ghosts","player_choice":"Ignored","floor":25.0,"gold_loss":0.0,"damage_taken":0.0},{"damage_healed":0.0,"max_hp_gain":0.0,"max_hp_loss":0.0,"gold_gain":0.0,"event_name":"Addict","player_choice":"Stole Relic","floor":31.0,"gold_loss":0.0,"damage_taken":0.0,"relics_obtained":["Bag of Preparation"],"cards_obtained":["Shame"]},{"damage_healed":0.0,"max_hp_gain":0.0,"max_hp_loss":0.0,"gold_gain":0.0,"event_name":"Winding Halls","player_choice":"Embrace Madness","floor":36.0,"gold_loss":0.0,"damage_taken":11.0,"cards_obtained":["Madness","Madness"]},{"damage_healed":0.0,"max_hp_gain":0.0,"max_hp_loss":0.0,"gold_gain":0.0,"event_name":"Accursed Blacksmith","player_choice":"Forge","floor":39.0,"gold_loss":0.0,"damage_taken":0.0,"cards_upgraded":["TalkToTheHand"]},{"damage_healed":0.0,"max_hp_gain":0.0,"max_hp_loss":0.0,"gold_gain":0.0,"event_name":"Mysterious Sphere","player_choice":"Fight","floor":47.0,"gold_loss":0.0,"damage_taken":0.0}],"is_beta":false,"boss_relics":[{"not_picked":["Busted Crown","Astrolabe"],"picked":"Snecko Eye"},{"not_picked":["Pandora\u0027s Box","Empty Cage"],"picked":"Calling Bell"}],"items_purged_floors":[],"is_endless":false,"potions_floor_spawned":[3,7,11,16,18,21,24,28,40,41,46,47,48],"ascension_level":4}}