{"host":"p245q48pmopyklqs","time":1607484467,"event":{"gold_per_floor":[113,123,142,217,235,235,249,249,273,273,303,303,303,333,333,407,407,425,350,365,234,245,245,272,272,297,247,247,263,263,263],"floor_reached":30,"playtime":1114,"items_purged":["Strike_G"],"score":516,"play_id":"d492a96f-9ea2-40a4-a2fb-8ac2f28f459e","local_time":"20201209122747","is_ascension_mode":true,"campfire_choices":[{"data":"Poisoned Stab","floor":6.0,"key":"SMITH"},{"data":"Skewer","floor":8.0,"key":"SMITH"},{"floor":10.0,"key":"REST"},{"floor":12.0,"key":"REST"},{"data":"Well Laid Plans","floor":15.0,"key":"SMITH"},{"floor":23.0,"key":"REST"},{"data":"Footwork","floor":25.0,"key":"SMITH"},{"floor":28.0,"key":"REST"}],"neow_cost":"TEN_PERCENT_HP_LOSS","seed_source_timestamp":1421221128300,"circlet_count":0,"master_deck":["AscendersBane","Strike_G","Strike_G","Defend_G","Defend_G","Defend_G","Defend_G","Survivor","Neutralize","Dagger Spray","Skewer+1","Poisoned Stab+1","Dagger Throw","Calculated Gamble","Noxious Fumes","Well Laid Plans+1","Burst","Terror","Footwork+1","Backflip","Clumsy"],"special_seed":0,"relics":["Ring of the Snake","PreservedInsect","Pen Nib","Toy Ornithopter","Cursed Key","Bottled Lightning"],"potions_floor_usage":[],"damage_taken":[{"damage":3.0,"enemies":"Cultist","floor":1.0,"turns":5.0},{"damage":6.0,"enemies":"2 Louse","floor":2.0,"turns":3.0},{"damage":9.0,"enemies":"Small Slimes","floor":3.0,"turns":4.0},{"damage":3.0,"enemies":"Blue Slaver","floor":5.0,"turns":4.0},{"damage":10.0,"enemies":"Red Slaver","floor":7.0,"turns":3.0},{"damage":27.0,"enemies":"Lagavulin","floor":11.0,"turns":4.0},{"damage":8.0,"enemies":"Gremlin Nob","floor":14.0,"turns":3.0},{"damage":19.0,"enemies":"Hexaghost","floor":16.0,"turns":9.0},{"damage":21.0,"enemies":"Shell Parasite","floor":18.0,"turns":7.0},{"damage":14.0,"enemies":"Chosen","floor":20.0,"turns":4.0},{"damage":10.0,"enemies":"Centurion and Healer","floor":22.0,"turns":7.0},{"damage":18.0,"enemies":"Book of Stabbing","floor":24.0,"turns":4.0},{"damage":15.0,"enemies":"Snake Plant","floor":29.0,"turns":5.0},{"damage":19,"enemies":"Sentry and Sphere","floor":30,"turns":5}],"seed_played":"-839962676454860347","potions_obtained":[{"floor":5.0,"key":"ColorlessPotion"},{"floor":11.0,"key":"Regen Potion"},{"floor":16.0,"key":"FearPotion"},{"floor":24.0,"key":"ColorlessPotion"},{"floor":29.0,"key":"SteroidPotion"}],"is_trial":false,"path_per_floor":["M","M","M","?","M","R","M","R","T","R","E","R","?","E","R","B",null,"M","?","M","$","M","R","E","R","T","?","R","M","M"],"character_chosen":"THE_SILENT","items_purchased":["Backflip"],"campfire_rested":4,"item_purchase_floors":[21],"current_hp_per_floor":[56,50,41,30,27,27,17,17,17,35,8,26,26,18,18,19,50,29,29,15,15,5,23,15,15,15,15,33,18,0,0],"gold":263,"neow_bonus":"REMOVE_TWO","is_prod":false,"is_daily":false,"chose_seed":false,"campfire_upgraded":4,"win_rate":0,"timestamp":1607484467,"path_taken":["M","?","M","?","M","R","M","R","T","R","E","R","?","E","R","BOSS","M","?","M","$","M","R","E","R","T","?","R","M","M"],"build_version":"2020-11-30","purchased_purges":1,"victory":false,"max_hp_per_floor":[60,60,60,60,60,60,60,60,60,60,60,60,60,60,60,60,60,60,60,60,60,60,60,60,60,60,60,60,60,60,60],"relic_stats":{"counters":[14,67],"PreservedInsect":93,"Pen Nib":[7],"Cursed Key":1,"obtain_stats":[{"PreservedInsect":9,"Pen Nib":11,"Bottled Lightning":24,"Cursed Key":17,"Toy Ornithopter":14,"Ring of the Snake":0},{"PreservedInsect":5,"Pen Nib":6,"Bottled Lightning":12,"Cursed Key":8,"Toy Ornithopter":7,"Ring of the Snake":0},{"PreservedInsect":19,"Pen Nib":23,"Bottled Lightning":57,"Cursed Key":35,"Toy Ornithopter":26,"Ring of the Snake":0}],"Toy Ornithopter":15,"Ring of the Snake":[28]},"card_choices":[{"not_picked":["Backflip","Sucker Punch"],"picked":"Dagger Spray","floor":1.0},{"not_picked":["Dodge and Roll","Bane"],"picked":"Skewer","floor":2.0},{"not_picked":["Reflex","Quick Slash"],"picked":"Poisoned Stab","floor":3.0},{"not_picked":["Sucker Punch","Acrobatics"],"picked":"Dagger Throw","floor":5.0},{"not_picked":["Predator","Dagger Spray"],"picked":"Calculated Gamble","floor":7.0},{"not_picked":["Well Laid Plans","Phantasmal Killer"],"picked":"Noxious Fumes","floor":11.0},{"not_picked":["Flying Knee","Underhanded Strike"],"picked":"Well Laid Plans","floor":14.0},{"not_picked":["Doppelganger","Glass Knife"],"picked":"Burst","floor":16.0},{"not_picked":["Flying Knee+1","PiercingWail"],"picked":"Terror","floor":18.0},{"not_picked":["Deflect","Poisoned Stab+1"],"picked":"Footwork","floor":20.0},{"not_picked":["Prepared","Backstab","Cloak And Dagger"],"picked":"SKIP","floor":22.0},{"not_picked":["Tools of the Trade","Tactician","Poisoned Stab"],"picked":"SKIP","floor":24.0},{"not_picked":["Flying Knee","Dagger Spray","Distraction"],"picked":"SKIP","floor":29.0}],"player_experience":2235041,"relics_obtained":[{"floor":9.0,"key":"PreservedInsect"},{"floor":11.0,"key":"Pen Nib"},{"floor":14.0,"key":"Toy Ornithopter"},{"floor":24.0,"key":"Bottled Lightning"}],"event_choices":[{"damage_healed":0.0,"max_hp_gain":0.0,"max_hp_loss":0.0,"gold_gain":75.0,"event_name":"World of Goop","player_choice":"Gather Gold","floor":4.0,"gold_loss":0.0,"damage_taken":11.0},{"damage_healed":0.0,"max_hp_gain":0.0,"max_hp_loss":0.0,"gold_gain":0.0,"event_name":"Shining Light","player_choice":"Ignored","floor":13.0,"gold_loss":0.0,"damage_taken":0.0},{"cards_removed":["Strike_G"],"damage_healed":0.0,"max_hp_gain":0.0,"max_hp_loss":0.0,"gold_gain":0.0,"event_name":"Beggar","player_choice":"Gave Gold","floor":19.0,"gold_loss":75.0,"damage_taken":0.0},{"damage_healed":0.0,"max_hp_gain":0.0,"max_hp_loss":0.0,"gold_gain":0.0,"event_name":"The Joust","player_choice":"Bet on Murderer","floor":27.0,"gold_loss":50.0,"damage_taken":0.0}],"is_beta":false,"boss_relics":[{"not_picked":["Astrolabe","Ectoplasm"],"picked":"Cursed Key"}],"items_purged_floors":[21],"is_endless":false,"potions_floor_spawned":[5,11,16,18,22,24,29],"killed_by":"Sentry and Sphere","ascension_level":20}}