{"host":"e1zuqie93klo2ncl","time":1607512557,"event":{"gold_per_floor":[117,42,117,117,0,27,104,104,129,141,163,185,231,254,266,350,362,389,434,361,313,313],"floor_reached":21,"playtime":723,"items_purged":["Strike_G"],"score":420,"play_id":"a3063b70-4926-42b1-b280-1be602f560ed","local_time":"20201209111557","is_ascension_mode":true,"campfire_choices":[{"data":"Neutralize","floor":8.0,"key":"SMITH"},{"data":"Dagger Spray","floor":10.0,"key":"SMITH"},{"floor":15.0,"key":"REST"}],"neow_cost":"NONE","seed_source_timestamp":7183856246600,"circlet_count":0,"master_deck":["AscendersBane","Strike_G","Strike_G","Strike_G","Strike_G+1","Defend_G","Defend_G","Defend_G","Defend_G","Survivor","Neutralize+1","Dagger Spray+1","Footwork","Bane","Malaise","Quick Slash+1","Dodge and Roll","Bouncing Flask","Die Die Die","Poisoned Stab","Backflip"],"special_seed":0,"relics":["Ring of the Snake","NeowsBlessing","Dream Catcher","The Courier","MawBank","Whetstone","HoveringKite","Red Mask","Pocketwatch"],"potions_floor_usage":[18,21],"damage_taken":[{"damage":0.0,"enemies":"Jaw Worm","floor":1.0,"turns":1.0},{"damage":0.0,"enemies":"Lagavulin","floor":6.0,"turns":1.0},{"damage":0.0,"enemies":"Small Slimes","floor":11.0,"turns":1.0},{"damage":10.0,"enemies":"2 Louse","floor":12.0,"turns":4.0},{"damage":40.0,"enemies":"Gremlin Nob","floor":13.0,"turns":5.0},{"damage":16.0,"enemies":"Large Slime","floor":14.0,"turns":4.0},{"damage":20,"enemies":"Hexaghost","floor":16,"turns":11},{"damage":9,"enemies":"Chosen","floor":18,"turns":3},{"damage":41,"enemies":"Masked Bandits","floor":19,"turns":6},{"damage":17,"enemies":"2 Thieves","floor":21,"turns":2}],"seed_played":"-8754689546038431539","potions_obtained":[{"floor":11.0,"key":"GamblersBrew"},{"floor":12.0,"key":"Energy Potion"},{"floor":13.0,"key":"FairyPotion"},{"floor":16,"key":"DistilledChaos"},{"floor":19,"key":"Fruit Juice"}],"is_trial":false,"path_per_floor":["M","?","?","?","$","E","T","R","T","R","M","M","E","M","R","B",null,"M","?","?","M"],"character_chosen":"THE_SILENT","items_purchased":["Footwork"],"campfire_rested":1,"item_purchase_floors":[5],"current_hp_per_floor":[59,59,48,53,53,53,53,53,53,53,53,43,3,11,32,12,56,47,6,6,0,0],"gold":313,"neow_bonus":"THREE_ENEMY_KILL","is_prod":false,"is_daily":false,"chose_seed":false,"campfire_upgraded":2,"win_rate":0,"timestamp":1607512557,"path_taken":["M","?","?","?","?","E","?","R","T","R","M","M","E","M","R","BOSS","M","?","?","M"],"build_version":"2020-11-30","purchased_purges":1,"victory":false,"max_hp_per_floor":[66,66,66,71,71,71,71,71,71,71,71,71,71,71,71,71,71,71,71,71,76,76],"relic_stats":{"Dream Catcher":1,"counters":[10,38],"HoveringKite":[2],"Whetstone":["Quick Slash","Strike_G"],"MawBank":144,"obtain_stats":[{"Dream Catcher":6,"NeowsBlessing":0,"HoveringKite":17,"The Courier":7,"Red Mask":19,"Whetstone":13,"MawBank":9,"Ring of the Snake":0,"Pocketwatch":20},{"Dream Catcher":2,"NeowsBlessing":0,"HoveringKite":7,"The Courier":2,"Red Mask":9,"Whetstone":5,"MawBank":2,"Ring of the Snake":0,"Pocketwatch":9},{"Dream Catcher":2,"NeowsBlessing":0,"HoveringKite":27,"The Courier":2,"Red Mask":36,"Whetstone":12,"MawBank":2,"Ring of the Snake":0,"Pocketwatch":36}],"Ring of the Snake":[20],"Pocketwatch":[3]},"card_choices":[{"not_picked":["Blade Dance","Bane"],"picked":"Dagger Spray","floor":1.0},{"not_picked":["Dagger Spray","Reflex"],"picked":"Bane","floor":6.0},{"not_picked":["Backflip","Distraction"],"picked":"Malaise","floor":11.0},{"not_picked":["Outmaneuver","Accuracy"],"picked":"Quick Slash","floor":12.0},{"not_picked":["Prepared","Doppelganger"],"picked":"Dodge and Roll","floor":13.0},{"not_picked":["Bane","Dodge and Roll","Tactician"],"picked":"SKIP","floor":14.0},{"not_picked":["Dagger Spray","Prepared"],"picked":"Bouncing Flask","floor":15.0},{"not_picked":["Grand Finale","A Thousand Cuts"],"picked":"Die Die Die","floor":16},{"not_picked":["Slice","Flying Knee"],"picked":"Poisoned Stab","floor":18},{"not_picked":["Dodge and Roll","Distraction"],"picked":"Backflip","floor":19}],"player_experience":770939,"relics_obtained":[{"floor":6.0,"key":"Dream Catcher"},{"floor":7.0,"key":"The Courier"},{"floor":9.0,"key":"MawBank"},{"floor":13.0,"key":"Whetstone"},{"floor":19,"key":"Red Mask"}],"event_choices":[{"cards_removed":["Defend_G"],"damage_healed":0.0,"max_hp_gain":0.0,"max_hp_loss":0.0,"gold_gain":0.0,"event_name":"The Cleric","player_choice":"Card Removal","floor":2.0,"gold_loss":75.0,"damage_taken":0.0},{"damage_healed":0.0,"max_hp_gain":0.0,"max_hp_loss":0.0,"gold_gain":75.0,"event_name":"World of Goop","player_choice":"Gather Gold","floor":3.0,"gold_loss":0.0,"damage_taken":11.0},{"damage_healed":0.0,"max_hp_gain":5.0,"max_hp_loss":0.0,"gold_gain":0.0,"event_name":"Big Fish","player_choice":"Donut","floor":4.0,"gold_loss":0.0,"damage_taken":0.0},{"damage_healed":0,"gold_gain":0,"player_choice":"Fought Bandits","damage_taken":0,"max_hp_gain":0,"max_hp_loss":0,"event_name":"Masked Bandits","floor":19,"gold_loss":0},{"damage_healed":0,"gold_gain":0,"player_choice":"Obtained Relic","damage_taken":0,"relics_obtained":["Pocketwatch"],"max_hp_gain":0,"max_hp_loss":0,"event_name":"Addict","floor":20,"gold_loss":85}],"is_beta":false,"boss_relics":[{"not_picked":["Coffee Dripper","Empty Cage"],"picked":"HoveringKite"}],"items_purged_floors":[5],"is_endless":false,"potions_floor_spawned":[11,12,13,16,19],"killed_by":"2 Thieves","ascension_level":20}}