{"host":"wghdsg8ym2wc7ov9","time":1607548181,"event":{"gold_per_floor":[111,131,142,154,167,167,167,167],"floor_reached":7,"playtime":773,"items_purged":[],"score":45,"play_id":"0f32b010-7986-4eb4-a8f8-8e89c9710300","local_time":"20201209130941","is_ascension_mode":false,"campfire_choices":[{"data":"Bash","floor":6,"key":"SMITH"}],"neow_cost":"TEN_PERCENT_HP_LOSS","seed_source_timestamp":761265570217700,"circlet_count":0,"master_deck":["Strike_R","Strike_R","Strike_R","Strike_R","Strike_R","Defend_R","Defend_R","Defend_R","Defend_R","Bash+1","Searing Blow","Infernal Blade","Evolve","Feel No Pain","Wild Strike"],"relics":["Burning Blood","Gambling Chip"],"potions_floor_usage":[],"damage_taken":[{"damage":5,"enemies":"Small Slimes","floor":1,"turns":4},{"damage":8,"enemies":"Jaw Worm","floor":2,"turns":4},{"damage":9,"enemies":"2 Louse","floor":3,"turns":3},{"damage":17,"enemies":"Lots of Slimes","floor":4,"turns":8},{"damage":9,"enemies":"2 Fungi Beasts","floor":5,"turns":4},{"damage":57,"enemies":"Gremlin Nob","floor":7,"turns":4}],"seed_played":"2397289002118075767","potions_obtained":[{"floor":4,"key":"BlessingOfTheForge"},{"floor":5,"key":"FearPotion"}],"is_trial":false,"path_per_floor":["M","M","M","M","M","R","E"],"character_chosen":"IRONCLAD","items_purchased":[],"campfire_rested":0,"item_purchase_floors":[],"current_hp_per_floor":[72,70,67,56,53,53,0,0],"gold":167,"neow_bonus":"ONE_RARE_RELIC","is_prod":false,"is_daily":false,"chose_seed":false,"campfire_upgraded":1,"win_rate":0.0,"timestamp":1607548181,"path_taken":["M","M","M","M","M","R","E"],"build_version":"2020-11-30","purchased_purges":0,"victory":false,"max_hp_per_floor":[72,72,72,72,72,72,72,72],"relic_stats":{"counters":[6,27],"Gambling Chip":[3],"obtain_stats":[{"Gambling Chip":0,"Burning Blood":0},{"Gambling Chip":0,"Burning Blood":0},{"Gambling Chip":0,"Burning Blood":0}],"Burning Blood":29},"card_choices":[{"not_picked":["Perfected Strike","Havoc"],"picked":"Searing Blow","floor":1},{"not_picked":["Clothesline","Warcry"],"picked":"Infernal Blade","floor":2},{"not_picked":["Clash","Heavy Blade"],"picked":"Evolve","floor":3},{"not_picked":["Evolve","Wild Strike"],"picked":"Feel No Pain","floor":4},{"not_picked":["Intimidate","Heavy Blade"],"picked":"Wild Strike","floor":5}],"player_experience":289526,"relics_obtained":[],"event_choices":[],"is_beta":false,"boss_relics":[],"items_purged_floors":[],"is_endless":false,"potions_floor_spawned":[4,5],"killed_by":"Gremlin Nob","ascension_level":0}}