{"host":"d1za9dvx43o9v494","time":1607510612,"event":{"gold_per_floor":[99,99,99,99,24,38,38,38,63,63,98,98,109,109,126,225,225,150,150,135,74,74,86,113,113,38,70,81,66,268,287,299,394,394,394,411,411,444,444,461,461,486,135,135,135,135,146,156,174,174,174],"floor_reached":50,"playtime":3210,"items_purged":["champ:Strike"],"score":541,"play_id":"66023966-160a-4cf0-8c72-0e3e99b16fc0","local_time":"20201209134332","is_ascension_mode":false,"campfire_choices":[{"floor":1,"key":"RECALL"},{"data":"champ:Taunt","floor":5,"key":"SMITH"},{"data":"champ:AdrenalArmor","floor":8,"key":"SMITH"},{"data":"champ:DeathBlow","floor":10,"key":"SMITH"},{"data":"champ:FocusedBerserking","floor":18,"key":"SMITH"},{"data":"champ:FanOfKnives","floor":22,"key":"SMITH"},{"data":"champ:LastStand","floor":26,"key":"SMITH"},{"data":"champ:SwordThrow","floor":35,"key":"SMITH"},{"data":"champ:Shatter","floor":37,"key":"SMITH"},{"data":"champ:CalledShot","floor":39,"key":"SMITH"},{"data":"champ:HeartStrike","floor":44,"key":"SMITH"}],"neow_cost":"NONE","seed_source_timestamp":651920616704063,"circlet_count":0,"master_deck":["champ:Strike+1","champ:Strike+1","champ:Strike+1","champ:Defend","champ:Defend","champ:Defend","champ:Defend","champ:Execute+1","champ:Taunt+1","champ:AdrenalArmor+1","champ:DeathBlow+1","champ:FanOfKnives+1","champ:FocusedBerserking+1","champ:LastStand+1","champ:GutPunch+1","champ:CalledShot+1","champ:Shatter+1","champ:SwordThrow+1","champ:BerserkerStyle+1","champ:HeartStrike+1","Parasite"],"relics":["champ:ChampionCrown","downfall:HeartBlessingRed","Pantograph","StoneCalendar","champ:ChampionCrownUpgraded","downfall:HeartBlessingGreen","Orichalcum","Meat on the Bone","downfall:HeartBlessingBlue","MealTicket","expansioncontent:StudyCardRelic","Black Star","InkBottle","Frozen Egg 2","Bottled Lightning","Ancient Tea Set","Oddly Smooth Stone","Mummified Hand","downfall:TeleportStone"],"potions_floor_usage":[16,16,42],"damage_taken":[{"damage":8,"enemies":"Cultist","floor":6,"turns":2},{"damage":43,"enemies":"Lagavulin","floor":9,"turns":6},{"damage":37,"enemies":"downfall:FleeingMerchant","floor":11,"turns":4},{"damage":34,"enemies":"Jaw Worm","floor":13,"turns":2},{"damage":2,"enemies":"2 Louse","floor":15,"turns":2},{"damage":105,"enemies":"downfall:Silent","floor":16,"turns":7},{"damage":51,"enemies":"downfall:FleeingMerchant","floor":20,"turns":4},{"damage":75,"enemies":"Shell Parasite","floor":21,"turns":4},{"damage":38,"enemies":"Snake Plant","floor":23,"turns":3},{"damage":126,"enemies":"Slavers","floor":27,"turns":6},{"damage":40,"enemies":"3 Cultists","floor":28,"turns":3},{"damage":42,"enemies":"downfall:FleeingMerchant","floor":29,"turns":4},{"damage":52,"enemies":"downfall:FleeingMerchant","floor":30,"turns":4},{"damage":50,"enemies":"Cultist and Chosen","floor":31,"turns":5},{"damage":32,"enemies":"Sentry and Sphere","floor":32,"turns":2},{"damage":101,"enemies":"downfall:Watcher","floor":33,"turns":5},{"damage":54,"enemies":"3 Shapes","floor":36,"turns":2},{"damage":72,"enemies":"Nemesis","floor":38,"turns":5},{"damage":19,"enemies":"Orb Walker","floor":40,"turns":3},{"damage":162,"enemies":"Giant Head","floor":42,"turns":9},{"damage":65,"enemies":"Writhing Mass","floor":47,"turns":3},{"damage":67,"enemies":"Transient","floor":48,"turns":5},{"damage":30,"enemies":"Sphere and 2 Shapes","floor":49,"turns":1},{"damage":106,"enemies":"downfall:Ironclad","floor":50,"turns":6}],"seed_played":"-3187485706753369005","potions_obtained":[{"floor":13,"key":"Regen Potion"},{"floor":15,"key":"Weak Potion"},{"floor":21,"key":"SteroidPotion"},{"floor":28,"key":"Regen Potion"},{"floor":31,"key":"BlessingOfTheForge"},{"floor":42,"key":"champ:TechniquePotion"}],"is_trial":false,"path_per_floor":["R","?","?","?","R","M","T","R","E","R","$","?","M","T","M","B",null,"R","?","$","M","R","M","T","?","R","E","M","$","$","M","M","B",null,"R","M","R","E","R","M","T","E","$","R","?","?","M","M","M","B"],"character_chosen":"THE_CHAMP","items_purchased":["champ:CalledShot","champ:BerserkerStyle+1","Mummified Hand","champ:HeartStrike"],"campfire_rested":0,"item_purchase_floors":[30,43,43,43],"current_hp_per_floor":[90,90,95,95,95,92,92,92,74,74,69,69,62,62,62,75,95,95,95,84,78,78,79,79,79,89,66,72,105,103,102,102,89,105,105,98,98,97,97,105,105,58,73,73,73,73,73,67,99,0,0],"gold":174,"neow_bonus":"UPGRADE_CARD","is_prod":false,"is_daily":false,"chose_seed":false,"campfire_upgraded":10,"win_rate":0.0,"timestamp":1607510612,"path_taken":["R","?","?","?","R","M","T","R","E","R","$","?","M","?","M","BOSS","R","?","$","M","R","M","T","?","R","E","M","?","$","M","M","BOSS","R","M","R","E","R","M","T","E","$","R","?","?","M","?","M","BOSS"],"build_version":"2020-11-30","purchased_purges":1,"victory":false,"max_hp_per_floor":[90,90,95,95,95,95,95,95,95,95,95,95,95,95,95,95,95,95,95,95,95,95,95,95,95,105,105,105,105,105,105,105,105,105,105,105,105,105,105,105,105,105,105,105,105,105,105,105,105,105,105],"card_choices":[{"not_picked":["champ:Circumvent","champ:Balance"],"picked":"champ:AdrenalArmor","floor":6},{"not_picked":["champ:FanOfKnives","champ:BerserkersShout"],"picked":"champ:DeathBlow","floor":9},{"not_picked":["champ:Haymaker","champ:SteelEdge","champ:FanOfKnives"],"picked":"SKIP","floor":11},{"not_picked":["champ:Haymaker","champ:SteelEdge","champ:FanOfKnives"],"picked":"SKIP","floor":11},{"not_picked":["champ:Haymaker","champ:SteelEdge","champ:FanOfKnives"],"picked":"SKIP","floor":11},{"not_picked":["champ:Haymaker","champ:SteelEdge"],"picked":"champ:FanOfKnives","floor":11},{"not_picked":["champ:FanOfKnives","champ:Circumvent","champ:FightOn"],"picked":"SKIP","floor":13},{"not_picked":["champ:AdrenalArmor","champ:GladiatorsShout"],"picked":"champ:FocusedBerserking","floor":15},{"not_picked":["champ:Devastate","champ:IgnorePain"],"picked":"champ:LastStand","floor":16},{"not_picked":["champ:BringItOn","champ:FlashCut","champ:BerserkersShout"],"picked":"SKIP","floor":20},{"not_picked":["champ:BringItOn","champ:FlashCut","champ:BerserkersShout"],"picked":"SKIP","floor":20},{"not_picked":["champ:ViciousMockery","champ:CrookedStrike","champ:FanOfKnives"],"picked":"SKIP","floor":21},{"not_picked":["champ:ViciousMockery","champ:FlashCut+1","champ:CrookedStrike"],"picked":"SKIP","floor":23},{"not_picked":["champ:Riposte","champ:TornadoPunch+1"],"picked":"champ:GutPunch+1","floor":27},{"not_picked":["champ:FlashCut","champ:FanOfKnives","champ:ShieldWall"],"picked":"SKIP","floor":28},{"not_picked":["champ:Aggression","champ:FocusedBerserking","champ:AdrenalArmor"],"picked":"SKIP","floor":29},{"not_picked":["champ:CrownThrow","champ:StanceDance","champ:FocusedBerserking"],"picked":"SKIP","floor":31},{"not_picked":["champ:PerfectedStrike","champ:TornadoPunch"],"picked":"champ:Shatter","floor":32},{"not_picked":["champ:StrikeOfGenius","champ:DancingMaster"],"picked":"champ:SwordThrow","floor":33},{"not_picked":["champ:PerfectedStrike","champ:DefensiveShout","champ:Circumvent+1"],"picked":"SKIP","floor":36},{"not_picked":["champ:FalseCounter","champ:GladiatorsShout+1","champ:Lariat"],"picked":"SKIP","floor":38},{"not_picked":["champ:DefensiveShout","champ:BringItOn+1","champ:TornadoPunch+1"],"picked":"SKIP","floor":40},{"not_picked":["champ:GladiatorStyle+1","champ:CrookedStrike","champ:Duel+1"],"picked":"SKIP","floor":42},{"not_picked":["champ:BerserkersShout+1","champ:PreciseThrust+1","champ:Backstep+1"],"picked":"SKIP","floor":47},{"not_picked":["champ:BringItOn+1","champ:ArenaPreparation","champ:StanceDance"],"picked":"SKIP","floor":48},{"not_picked":["champ:CrookedStrike+1","champ:Control","champ:Riposte"],"picked":"SKIP","floor":49}],"player_experience":521349,"relics_obtained":[{"floor":7,"key":"Pantograph"},{"floor":9,"key":"StoneCalendar"},{"floor":24,"key":"Orichalcum"},{"floor":27,"key":"MealTicket"},{"floor":38,"key":"InkBottle"},{"floor":38,"key":"Frozen Egg 2"},{"floor":41,"key":"Bottled Lightning"},{"floor":42,"key":"Ancient Tea Set"},{"floor":42,"key":"Oddly Smooth Stone"}],"event_choices":[{"damage_healed":0,"gold_gain":0,"player_choice":"Donut","damage_taken":0,"max_hp_gain":5,"max_hp_loss":0,"event_name":"Big Fish","floor":3,"gold_loss":0},{"damage_healed":0,"gold_gain":0,"player_choice":"Ignored","damage_taken":0,"max_hp_gain":0,"max_hp_loss":0,"event_name":"Vampires","floor":19,"gold_loss":0}],"is_beta":false,"boss_relics":[{"not_picked":["expansioncontent:StudyCardRelic","sneckomod:SneckoTalon"],"picked":"champ:ChampionCrownUpgraded"},{"not_picked":["Snecko Eye","Calling Bell"],"picked":"Black Star"}],"items_purged_floors":[30],"is_endless":false,"potions_floor_spawned":[13,15,21,28,31,36,42],"killed_by":"downfall:Ironclad","ascension_level":0}}