{"host":"5gc11emcm5chfr5t","time":1607479176,"event":{"gold_per_floor":[114,124,140,154,154,185,185,185,185,185,210,210,222,33,33,136,136,119,133,133,152,167,200,200,227,227,245,5,19,19,19,19,19,19],"floor_reached":33,"playtime":1465,"items_purged":[],"score":411,"play_id":"bf458146-a2af-4d25-8db7-9b423b1e88f7","local_time":"20201208205936","is_ascension_mode":true,"campfire_choices":[{"floor":7,"key":"REST"},{"floor":10,"key":"REST"},{"floor":12,"key":"REST"},{"floor":15,"key":"REST"},{"floor":24,"key":"REST"},{"floor":30,"key":"REST"},{"floor":32,"key":"RECALL"}],"neow_cost":"NONE","seed_source_timestamp":169222688479300,"circlet_count":0,"master_deck":["Strike_G","Strike_G","Strike_G","Strike_G","Strike_G","Defend_G","Defend_G","Defend_G","Defend_G","Defend_G","Survivor","Neutralize","Crippling Poison","PiercingWail","Crippling Poison","Dash","Venomology","Backstab","Bandage Up","Doppelganger","Skewer","Footwork"],"relics":["Philosopher\u0027s Stone","Incense Burner","Singing Bowl","White Beast Statue","The Courier","Potion Belt","Chemical X","SlaversCollar","Bottled Flame","Bag of Marbles","Gremlin Horn","Toy Ornithopter","Orichalcum"],"potions_floor_usage":[3,5,6,6,11,13,13,16,16,18,19,19,19,21,22,23,23,23,25,25,27,27,29,29,29,29,29,29,33,33],"damage_taken":[{"damage":0,"enemies":"2 Louse","floor":1,"turns":3},{"damage":10,"enemies":"Small Slimes","floor":2,"turns":4},{"damage":4,"enemies":"Jaw Worm","floor":3,"turns":4},{"damage":0,"enemies":"Gremlin Gang","floor":4,"turns":4},{"damage":37,"enemies":"Gremlin Nob","floor":6,"turns":6},{"damage":24,"enemies":"Lagavulin","floor":11,"turns":9},{"damage":2,"enemies":"Large Slime","floor":13,"turns":6},{"damage":40,"enemies":"The Guardian","floor":16,"turns":15},{"damage":23,"enemies":"2 Thieves","floor":18,"turns":4},{"damage":24,"enemies":"Chosen","floor":19,"turns":7},{"damage":6,"enemies":"Snake Plant","floor":21,"turns":5},{"damage":15,"enemies":"Shelled Parasite and Fungi","floor":22,"turns":4},{"damage":17,"enemies":"Book of Stabbing","floor":23,"turns":5},{"damage":18,"enemies":"Slavers","floor":25,"turns":6},{"damage":6,"enemies":"Snecko","floor":27,"turns":6},{"damage":0,"enemies":"Cultist and Chosen","floor":29,"turns":4},{"damage":99,"enemies":"Champ","floor":33,"turns":12}],"seed_played":"-1661797962152555514","potions_obtained":[{"floor":1,"key":"Fruit Juice"},{"floor":2,"key":"Poison Potion"},{"floor":3,"key":"Ancient Potion"},{"floor":4,"key":"PowerPotion"},{"floor":11,"key":"Energy Potion"},{"floor":13,"key":"AttackPotion"},{"floor":16,"key":"LiquidBronze"},{"floor":18,"key":"SpeedPotion"},{"floor":19,"key":"Dexterity Potion"},{"floor":21,"key":"DistilledChaos"},{"floor":22,"key":"Weak Potion"},{"floor":23,"key":"CunningPotion"},{"floor":25,"key":"PowerPotion"},{"floor":27,"key":"SkillPotion"},{"floor":29,"key":"SteroidPotion"}],"is_trial":false,"path_per_floor":["M","M","M","M","?","E","R","?","T","R","E","R","M","$","R","B",null,"M","M","?","M","M","E","R","E","T","M","$","M","R","$","R","B"],"character_chosen":"THE_SILENT","items_purchased":["Chemical X","Bandage Up","Toy Ornithopter","Orichalcum"],"campfire_rested":6,"item_purchase_floors":[14,14,28,28],"current_hp_per_floor":[63,53,49,49,42,5,27,27,27,49,27,50,48,48,71,35,67,50,34,28,28,19,6,30,18,18,18,18,54,80,80,80,0,0],"gold":19,"neow_bonus":"BOSS_RELIC","is_prod":false,"is_daily":false,"chose_seed":false,"campfire_upgraded":0,"win_rate":0,"timestamp":1607479176,"path_taken":["M","M","M","M","?","E","R","?","T","R","E","R","M","$","R","BOSS","M","M","?","M","?","E","R","E","T","M","$","M","R","$","R","BOSS"],"build_version":"2020-11-30","purchased_purges":0,"victory":false,"max_hp_per_floor":[70,70,70,70,75,75,75,75,75,75,77,77,77,77,77,77,77,79,79,79,81,83,83,83,85,85,87,87,89,89,89,89,89,89],"card_choices":[{"not_picked":["Dodge and Roll","Bane"],"picked":"Crippling Poison","floor":1},{"not_picked":["Choke","Cloak And Dagger"],"picked":"PiercingWail","floor":2},{"not_picked":["Riddle With Holes","Predator"],"picked":"Crippling Poison","floor":3},{"not_picked":["Sucker Punch","Flechettes"],"picked":"Dash","floor":4},{"not_picked":["Backflip","Footwork"],"picked":"Venomology","floor":6},{"not_picked":["Tactician","Flechettes","Poisoned Stab"],"picked":"Singing Bowl","floor":11},{"not_picked":["Prepared","Sucker Punch"],"picked":"Backstab","floor":13},{"not_picked":["Storm of Steel","Burst"],"picked":"Doppelganger","floor":16},{"not_picked":["Masterful Stab","Caltrops+1","Dodge and Roll"],"picked":"Singing Bowl","floor":18},{"not_picked":["Prepared","Reflex"],"picked":"Skewer","floor":19},{"not_picked":["Reflex+1","PiercingWail","Noxious Fumes"],"picked":"Singing Bowl","floor":21},{"not_picked":["Leg Sweep","Endless Agony","Deadly Poison"],"picked":"Singing Bowl","floor":22},{"not_picked":["Blade Dance","Expertise"],"picked":"Footwork","floor":23},{"not_picked":["Well Laid Plans","Prepared","Quick Slash"],"picked":"Singing Bowl","floor":25},{"not_picked":["Accuracy+1","PiercingWail+1","Acrobatics"],"picked":"Singing Bowl","floor":27},{"not_picked":["Dagger Throw+1","Finisher","PiercingWail+1"],"picked":"Singing Bowl","floor":29}],"player_experience":296611,"relics_obtained":[{"floor":6,"key":"Singing Bowl"},{"floor":9,"key":"The Courier"},{"floor":11,"key":"Potion Belt"},{"floor":23,"key":"Bottled Flame"},{"floor":25,"key":"Bag of Marbles"},{"floor":26,"key":"Gremlin Horn"}],"event_choices":[{"damage_healed":0,"gold_gain":0,"player_choice":"Success","damage_taken":12,"relics_obtained":["Incense Burner"],"max_hp_gain":0,"max_hp_loss":0,"event_name":"Scrap Ooze","floor":5,"gold_loss":0},{"damage_healed":0,"gold_gain":0,"player_choice":"Searched \u00272\u0027 times","damage_taken":0,"relics_obtained":["White Beast Statue"],"max_hp_gain":0,"max_hp_loss":0,"event_name":"Dead Adventurer","floor":8,"gold_loss":0},{"damage_healed":0,"gold_gain":0,"player_choice":"","damage_taken":6,"max_hp_gain":0,"max_hp_loss":0,"event_name":"Knowing Skull","floor":20,"potions_obtained":[],"gold_loss":0,"cards_obtained":[]}],"is_beta":false,"boss_relics":[{"not_picked":["Coffee Dripper","Runic Pyramid"],"picked":"SlaversCollar"}],"items_purged_floors":[],"is_endless":false,"potions_floor_spawned":[1,2,3,4,11,13,16,18,19,21,22,23,25,27,29],"killed_by":"Champ","ascension_level":6}}