{"host":"7gewg82ormp6yt4e","time":1607519618,"event":{"gold_per_floor":[113,126,73,91,91,91,119,119,119,150,225,254,273,13,13,84,84,94,111,111,111],"floor_reached":20,"playtime":946,"items_purged":[],"score":384,"play_id":"46f00ad5-b48a-4e17-a561-f3182291c44f","local_time":"20201209221338","is_ascension_mode":true,"campfire_choices":[{"data":"Noxious Fumes","floor":6.0,"key":"SMITH"},{"data":"Accuracy","floor":15,"key":"SMITH"}],"neow_cost":"NONE","seed_source_timestamp":945064283269800,"circlet_count":0,"master_deck":["AscendersBane","Strike_G","Strike_G","Defend_G","Defend_G","Defend_G","Defend_G","Survivor","Neutralize","Deflect+1","Poisoned Stab+1","Envenom+1","Bane","Noxious Fumes+1","Blade Dance","Accuracy+1","Dagger Spray","Phantasmal Killer","Backflip","Bouncing Flask","Well Laid Plans","Burst","Infinite Blades+1"],"special_seed":0,"relics":["Astrolabe","Toy Ornithopter","Bag of Preparation","Lantern","Toolbox","Philosopher\u0027s Stone"],"potions_floor_usage":[13,13,20],"damage_taken":[{"damage":0.0,"enemies":"Small Slimes","floor":1.0,"turns":3.0},{"damage":0.0,"enemies":"2 Louse","floor":2.0,"turns":4.0},{"damage":2.0,"enemies":"Jaw Worm","floor":4.0,"turns":3.0},{"damage":5.0,"enemies":"Lagavulin","floor":7.0,"turns":6.0},{"damage":6.0,"enemies":"Gremlin Nob","floor":10.0,"turns":3.0},{"damage":11.0,"enemies":"3 Sentries","floor":12.0,"turns":4.0},{"damage":0,"enemies":"Gremlin Gang","floor":13,"turns":1},{"damage":7,"enemies":"Slime Boss","floor":16,"turns":5},{"damage":15,"enemies":"Spheric Guardian","floor":18,"turns":4},{"damage":30,"enemies":"Shell Parasite","floor":19,"turns":6},{"damage":24,"enemies":"Snake Plant","floor":20,"turns":3}],"seed_played":"3386114531479324812","potions_obtained":[{"floor":1.0,"key":"Block Potion"},{"floor":7.0,"key":"EntropicBrew"},{"floor":10.0,"key":"Dexterity Potion"},{"floor":18,"key":"GamblersBrew"},{"floor":19,"key":"Ancient Potion"}],"is_trial":false,"path_per_floor":["M","M","$","M","?","R","E","?","T","E","?","E","M","$","R","B",null,"M","M","M"],"character_chosen":"THE_SILENT","items_purchased":["Blade Dance","Well Laid Plans","Toolbox"],"campfire_rested":0,"item_purchase_floors":[3,14,14],"current_hp_per_floor":[59,59,59,57,50,50,45,45,45,44,33,27,37,37,37,30,57,42,12,0,0],"gold":111,"neow_bonus":"BOSS_RELIC","is_prod":false,"is_daily":false,"chose_seed":false,"campfire_upgraded":2,"win_rate":0,"timestamp":1607519618,"path_taken":["M","M","$","M","?","R","E","?","T","E","?","E","?","$","R","BOSS","M","M","?"],"build_version":"2020-11-30","purchased_purges":0,"victory":false,"max_hp_per_floor":[66,66,66,66,66,66,66,66,66,66,66,66,66,66,66,66,66,66,66,66,66],"relic_stats":{"counters":[11,42],"Astrolabe":["Deflect","Poisoned Stab","Envenom"],"Bag of Preparation":[12],"obtain_stats":[{"Lantern":12,"Astrolabe":0,"Toolbox":14,"Philosopher\u0027s Stone":17,"Bag of Preparation":10,"Toy Ornithopter":7,"Ring of the Snake":0},{"Lantern":6,"Astrolabe":0,"Toolbox":7,"Philosopher\u0027s Stone":8,"Bag of Preparation":5,"Toy Ornithopter":4,"Ring of the Snake":0},{"Lantern":23,"Astrolabe":0,"Toolbox":24,"Philosopher\u0027s Stone":29,"Bag of Preparation":19,"Toy Ornithopter":16,"Ring of the Snake":0}],"Toy Ornithopter":25},"card_choices":[{"not_picked":["Tactician","Sucker Punch"],"picked":"Bane","floor":1.0},{"not_picked":["Underhanded Strike","Deflect"],"picked":"Noxious Fumes","floor":2.0},{"not_picked":["Deflect","Dagger Spray"],"picked":"Accuracy","floor":4.0},{"not_picked":["Outmaneuver","Distraction"],"picked":"Dagger Spray","floor":7.0},{"not_picked":["Eviscerate","Distraction"],"picked":"Phantasmal Killer","floor":10.0},{"not_picked":["Outmaneuver","Finisher"],"picked":"Backflip","floor":12.0},{"not_picked":["Setup","Prepared"],"picked":"Bouncing Flask","floor":13},{"not_picked":["Unload","Night Terror"],"picked":"Burst","floor":16},{"not_picked":["Cloak And Dagger","Bane","Flying Knee"],"picked":"SKIP","floor":18},{"not_picked":["Skewer","Sucker Punch+1"],"picked":"Infinite Blades+1","floor":19}],"player_experience":2293042,"relics_obtained":[{"floor":7.0,"key":"Toy Ornithopter"},{"floor":10.0,"key":"Bag of Preparation"},{"floor":12.0,"key":"Lantern"}],"event_choices":[{"cards_removed":["Strike_G"],"damage_healed":0.0,"max_hp_gain":0.0,"max_hp_loss":0.0,"gold_gain":0.0,"event_name":"Golden Wing","player_choice":"Card Removal","floor":5.0,"gold_loss":0.0,"damage_taken":7.0},{"damage_healed":0.0,"max_hp_gain":0.0,"max_hp_loss":0.0,"gold_gain":0.0,"event_name":"Shining Light","player_choice":"Ignored","floor":8.0,"gold_loss":0.0,"damage_taken":0.0},{"damage_healed":0.0,"max_hp_gain":0.0,"max_hp_loss":0.0,"gold_gain":75.0,"event_name":"World of Goop","player_choice":"Gather Gold","floor":11.0,"gold_loss":0.0,"damage_taken":11.0}],"is_beta":false,"boss_relics":[{"not_picked":["Black Star","Sozu"],"picked":"Philosopher\u0027s Stone"}],"items_purged_floors":[],"is_endless":false,"potions_floor_spawned":[1,7,10,18,19],"killed_by":"Snake Plant","ascension_level":20}}