{"host":"o7e73x2jlor2pdmr","time":1607510816,"event":{"gold_per_floor":[112,125,125,135,9536,9571,9571,9671,9671,9686,9701,9713,9732,9732,9732,9832,9832,9850,9861,9861,9861,9017,9017,9029,9041,9041,9067,8057,8057,7310,7330,7330,7428,7428,7443,7462,6457,6457,6474,6499,6499,6554,6554,6573,5589,5607,5625,5659,5659,5659],"floor_reached":51,"playtime":4447,"items_purged":[],"score":831,"play_id":"f11f61da-57b4-4c06-93eb-e5dcc0e55629","local_time":"20201209144656","is_ascension_mode":false,"campfire_choices":[{"data":"Skewer","floor":7,"key":"SMITH"},{"floor":15,"key":"REST"},{"floor":23,"key":"REST"},{"floor":29,"key":"REST"},{"data":"Envenom","floor":32,"key":"SMITH"},{"floor":49,"key":"REST"}],"neow_cost":"NONE","seed_source_timestamp":338756516030200,"circlet_count":0,"master_deck":["Strike_G","Strike_G","Strike_G","Strike_G","Strike_G","Defend_G","Defend_G","Defend_G","Defend_G","Defend_G","Survivor","Neutralize","Skewer+1","Dagger Throw","Heel Hook","Caltrops","Sadistic Nature","Choke","Sucker Punch","Reflex","Underhanded Strike","Blur","Dagger Spray","Eviscerate","Dagger Throw","Pain","Envenom+1","Dash","Deflect","RitualDagger+1","Flash of Steel","Poisoned Stab+1","Deflect","Dodge and Roll","Noxious Fumes","Acrobatics","Backstab+1","Sucker Punch","Backstab+1","Backflip","Dagger Throw","Secret Technique","Finesse","Well Laid Plans","Unload","Deadly Poison","Blind","Predator","Infinite Blades","A Thousand Cuts","Blade Dance","Flying Knee","Quick Slash","Underhanded Strike","Mind Blast","Prepared","Secret Technique","Wraith","Sucker Punch","Predator+1","Trip","Slice","Blur","Riddle With Holes","Sucker Punch","Madness","Poisoned Stab","Escape Plan","Flechettes"],"relics":["Ring of the Snake","Centennial Puzzle","TwistedFunnel","Letter Opener","Toy Ornithopter","WarpedTongs","Busted Crown","Ornamental Fan","Strawberry","Cauldron","White Beast Statue","Whetstone","Regal Pillow","DollysMirror","Bag of Preparation","Boot","ClockworkSouvenir","SacredBark","Question Card","Bronze Scales","Strange Spoon","WingedGreaves","Juzu Bracelet","Darkstone Periapt","Ninja Scroll","Mummified Hand","Toolbox","Orichalcum"],"potions_floor_usage":[6,6,16,16,18,24,33,33,33,33,39,44,44,46,48,48,48,50],"damage_taken":[{"damage":0,"enemies":"Small Slimes","floor":1,"turns":5},{"damage":2,"enemies":"Cultist","floor":2,"turns":4},{"damage":0,"enemies":"Jaw Worm","floor":4,"turns":5},{"damage":13,"enemies":"Lagavulin","floor":6,"turns":4},{"damage":3,"enemies":"Red Slaver","floor":10,"turns":3},{"damage":0,"enemies":"Gremlin Gang","floor":11,"turns":3},{"damage":7,"enemies":"Looter","floor":12,"turns":2},{"damage":0,"enemies":"Lots of Slimes","floor":13,"turns":2},{"damage":38,"enemies":"Hexaghost","floor":16,"turns":10},{"damage":22,"enemies":"Spheric Guardian","floor":18,"turns":4},{"damage":21,"enemies":"2 Thieves","floor":19,"turns":4},{"damage":2,"enemies":"Snake Plant","floor":24,"turns":4},{"damage":4,"enemies":"3 Cultists","floor":25,"turns":3},{"damage":23,"enemies":"Slavers","floor":27,"turns":4},{"damage":5,"enemies":"Centurion and Healer","floor":31,"turns":2},{"damage":21,"enemies":"Collector","floor":33,"turns":7},{"damage":21,"enemies":"3 Shapes","floor":35,"turns":3},{"damage":7,"enemies":"Orb Walker","floor":36,"turns":2},{"damage":2,"enemies":"Jaw Worm Horde","floor":39,"turns":2},{"damage":13,"enemies":"Nemesis","floor":40,"turns":5},{"damage":11,"enemies":"Writhing Mass","floor":44,"turns":4},{"damage":0,"enemies":"Spire Growth","floor":46,"turns":1},{"damage":3,"enemies":"4 Shapes","floor":47,"turns":2},{"damage":4,"enemies":"Giant Head","floor":48,"turns":5},{"damage":34,"enemies":"Donu and Deca","floor":50,"turns":7}],"seed_played":"-500124787436592659","potions_obtained":[{"floor":0,"key":"PowerPotion"},{"floor":0,"key":"PowerPotion"},{"floor":0,"key":"Poison Potion"},{"floor":2,"key":"Regen Potion"},{"floor":10,"key":"Block Potion"},{"floor":16,"key":"BlessingOfTheForge"},{"floor":22,"key":"Energy Potion"},{"floor":22,"key":"CunningPotion"},{"floor":22,"key":"EntropicBrew"},{"floor":24,"key":"SteroidPotion"},{"floor":33,"key":"Dexterity Potion"},{"floor":39,"key":"PowerPotion"},{"floor":44,"key":"CunningPotion"},{"floor":46,"key":"PowerPotion"},{"floor":47,"key":"CunningPotion"},{"floor":48,"key":"GhostInAJar"}],"is_trial":false,"path_per_floor":["M","M","?","M","$","E","R","?","T","M","M","M","M","?","R","B",null,"M","M","?","?","$","R","M","M","T","E","$","R","$","M","R","B",null,"M","M","$","?","M","E","?","T","T","M","$","M","M","E","R","B",null],"character_chosen":"THE_SILENT","items_purchased":["Caltrops","Centennial Puzzle","TwistedFunnel","Sadistic Nature","Choke","Sucker Punch","Reflex","Ornamental Fan","Strawberry","Cauldron","Flash of Steel","Poisoned Stab","Deflect","Dodge and Roll","Noxious Fumes","Whetstone","Regal Pillow","DollysMirror","Backflip","GhostInAJar","Dagger Throw","Secret Technique","Finesse","Well Laid Plans","Bag of Preparation","Boot","ClockworkSouvenir","Unload","Deadly Poison","Blind","Predator","Question Card","Bronze Scales","Strange Spoon","Energy Potion","Quick Slash","Underhanded Strike","Mind Blast","Prepared","Secret Technique","Ninja Scroll","Mummified Hand","Toolbox","Explosive Potion","Blur","Riddle With Holes","Sucker Punch","Madness"],"campfire_rested":4,"item_purchase_floors":[5,5,5,5,5,5,5,22,22,22,22,22,22,22,22,28,28,28,28,28,28,28,28,28,30,30,30,30,30,30,30,37,37,37,37,37,37,37,37,37,45,45,45,45,45,45,45,45],"current_hp_per_floor":[70,68,68,68,68,60,60,60,60,57,57,50,50,50,70,32,70,48,27,50,44,51,74,75,71,71,48,48,77,77,72,72,71,77,56,49,49,49,52,39,39,39,39,38,38,43,40,51,77,48],"gold":5659,"neow_bonus":"THREE_SMALL_POTIONS","is_prod":false,"is_daily":false,"chose_seed":false,"campfire_upgraded":2,"win_rate":1,"timestamp":1607510816,"path_taken":["M","M","?","?","$","E","R","?","T","?","M","M","?","?","R","BOSS","M","?","?","?","$","R","M","M","T","E","?","R","?","M","R","BOSS","M","?","$","?","M","E","?","?","T","M","$","M","M","E","R","BOSS"],"build_version":"2020-11-30","purchased_purges":0,"victory":true,"max_hp_per_floor":[70,70,70,70,70,70,70,70,70,70,70,70,70,70,70,70,70,70,70,70,70,77,77,77,77,77,77,77,77,77,77,77,77,77,77,77,77,77,77,77,77,77,77,77,77,77,77,77,77,77],"card_choices":[{"not_picked":["Reflex","Deflect"],"picked":"Skewer","floor":1},{"not_picked":["Calculated Gamble","Deflect"],"picked":"Dagger Throw","floor":2},{"not_picked":["Prepared","Backflip"],"picked":"Heel Hook","floor":4},{"not_picked":["Outmaneuver","Slice"],"picked":"Underhanded Strike","floor":6},{"not_picked":["Malaise","PiercingWail"],"picked":"Blur","floor":10},{"not_picked":["Calculated Gamble","Choke"],"picked":"Dagger Spray","floor":11},{"not_picked":["Calculated Gamble","Tactician"],"picked":"Eviscerate","floor":12},{"not_picked":["Quick Slash","Slice"],"picked":"Dagger Throw","floor":13},{"not_picked":["Tools of the Trade","Glass Knife"],"picked":"Envenom","floor":16},{"not_picked":[],"picked":"Dash","floor":18},{"not_picked":[],"picked":"Deflect","floor":19},{"not_picked":[],"picked":"Acrobatics","floor":24},{"not_picked":[],"picked":"Backstab+1","floor":25},{"not_picked":[],"picked":"Sucker Punch","floor":27},{"not_picked":[],"picked":"Infinite Blades","floor":31},{"not_picked":[],"picked":"A Thousand Cuts","floor":33},{"not_picked":[],"picked":"Blade Dance","floor":35},{"not_picked":[],"picked":"Flying Knee","floor":36},{"not_picked":["PiercingWail"],"picked":"Sucker Punch","floor":39},{"not_picked":["Dagger Throw+1"],"picked":"Predator+1","floor":40},{"not_picked":["Flash of Steel"],"picked":"Trip","floor":41},{"not_picked":["Dagger Spray"],"picked":"Slice","floor":44},{"not_picked":["Endless Agony+1"],"picked":"Poisoned Stab","floor":46},{"not_picked":["Dagger Throw"],"picked":"Escape Plan","floor":47},{"not_picked":["Heel Hook+1"],"picked":"Flechettes","floor":48}],"player_experience":13827,"relics_obtained":[{"floor":6,"key":"Letter Opener"},{"floor":9,"key":"Toy Ornithopter"},{"floor":26,"key":"White Beast Statue"},{"floor":40,"key":"WingedGreaves"},{"floor":42,"key":"Juzu Bracelet"},{"floor":43,"key":"Darkstone Periapt"},{"floor":48,"key":"Orichalcum"}],"event_choices":[{"damage_healed":0,"gold_gain":0,"player_choice":"Got Potions","damage_taken":0,"max_hp_gain":0,"max_hp_loss":0,"event_name":"Lab","floor":3,"gold_loss":0},{"damage_healed":0,"gold_gain":100,"player_choice":"Gold","damage_taken":0,"max_hp_gain":0,"max_hp_loss":0,"event_name":"Wheel of Change","floor":8,"gold_loss":0},{"damage_healed":0,"gold_gain":0,"player_choice":"Rummage","damage_taken":0,"relics_obtained":["WarpedTongs"],"max_hp_gain":0,"max_hp_loss":0,"event_name":"Accursed Blacksmith","floor":14,"gold_loss":0,"cards_obtained":["Pain"]},{"damage_healed":23,"gold_gain":0,"player_choice":"Heal","damage_taken":0,"max_hp_gain":0,"max_hp_loss":0,"event_name":"The Library","floor":20,"gold_loss":0},{"damage_healed":0,"gold_gain":0,"player_choice":"Joined the Cult","damage_taken":6,"max_hp_gain":0,"max_hp_loss":0,"event_name":"Nest","floor":21,"gold_loss":0,"cards_obtained":["RitualDagger"]},{"damage_healed":0,"gold_gain":0,"player_choice":"Ignored","damage_taken":0,"max_hp_gain":0,"max_hp_loss":0,"event_name":"OrinTheCat","floor":38,"gold_loss":0},{"damage_healed":0,"gold_gain":0,"player_choice":"Memory 1","damage_taken":0,"max_hp_gain":0,"max_hp_loss":0,"event_name":"SensoryStone","floor":41,"gold_loss":0}],"is_beta":false,"boss_relics":[{"not_picked":["SlaversCollar","Velvet Choker"],"picked":"Busted Crown"},{"not_picked":["Runic Dome","Sozu"],"picked":"SacredBark"}],"items_purged_floors":[],"is_endless":false,"potions_floor_spawned":[2,6,10,16,19,24,27,31,33,35,36,39,40,44,46,47,48],"ascension_level":0}}