{"host":"1c52r9kaxdyo25eq","time":1607527593,"event":{"gold_per_floor":[115,135,135,154,170,170,170,188,236,117,131,131,131,144,144,238,238,262,262,285,210,230,230,243,243,243,243,259,259,81,81,81],"floor_reached":31,"playtime":735,"items_purged":["Strike_G","Defend_G"],"score":458,"play_id":"e947de4e-5db7-47f0-a700-350c2509f2ef","local_time":"20201210002633","is_ascension_mode":true,"campfire_choices":[{"data":"Blur","floor":6.0,"key":"SMITH"},{"data":"Bouncing Flask","floor":15.0,"key":"SMITH"},{"data":"Calculated Gamble","floor":23.0,"key":"SMITH"},{"floor":25.0,"key":"REST"},{"data":"Burst","floor":27.0,"key":"SMITH"}],"neow_cost":"NONE","seed_source_timestamp":441333405148400,"circlet_count":0,"master_deck":["AscendersBane","Strike_G","Strike_G","Strike_G","Strike_G","Defend_G","Defend_G","Survivor","Neutralize","Acrobatics","Backflip","Blur+1","Bouncing Flask+1","Reflex","Burst+1","Calculated Gamble+1","Well Laid Plans+1","Catalyst+1","Crippling Poison","Venomology"],"special_seed":0,"relics":["Ring of the Snake","Golden Idol","Anchor","Kunai","Boot","SlaversCollar","Molten Egg 2"],"potions_floor_usage":[28,31,31],"damage_taken":[{"damage":0.0,"enemies":"Jaw Worm","floor":1.0,"turns":5.0},{"damage":0.0,"enemies":"Small Slimes","floor":2.0,"turns":6.0},{"damage":21.0,"enemies":"Cultist","floor":4.0,"turns":6.0},{"damage":10.0,"enemies":"2 Fungi Beasts","floor":5.0,"turns":5.0},{"damage":8.0,"enemies":"Blue Slaver","floor":8.0,"turns":7.0},{"damage":0.0,"enemies":"Looter","floor":11.0,"turns":4.0},{"damage":0.0,"enemies":"3 Louse","floor":14.0,"turns":4.0},{"damage":5.0,"enemies":"The Guardian","floor":16.0,"turns":12.0},{"damage":0.0,"enemies":"Spheric Guardian","floor":18.0,"turns":5.0},{"damage":26.0,"enemies":"Chosen","floor":20.0,"turns":5.0},{"damage":1.0,"enemies":"Sentry and Sphere","floor":22.0,"turns":5.0},{"damage":22.0,"enemies":"Snake Plant","floor":24.0,"turns":3.0},{"damage":14,"enemies":"Snecko","floor":28,"turns":6},{"damage":2,"enemies":"3 Cultists","floor":31,"turns":3}],"seed_played":"-8812664101431857843","potions_obtained":[{"floor":0.0,"key":"Energy Potion"},{"floor":0.0,"key":"Weak Potion"},{"floor":14.0,"key":"DistilledChaos"},{"floor":16.0,"key":"SpeedPotion"},{"floor":22.0,"key":"Regen Potion"},{"floor":24.0,"key":"SpeedPotion"}],"is_trial":false,"path_per_floor":["M","M","?","M","M","R","?","M","T","$","M","?","?","M","R","B",null,"M","?","M","?","M","R","M","R","T","R","M","?","$","M"],"character_chosen":"THE_SILENT","items_purchased":["Reflex","Venomology"],"campfire_rested":1,"item_purchase_floors":[10,30],"current_hp_per_floor":[59,59,59,38,28,28,28,20,20,20,20,15,15,15,15,10,48,48,48,22,22,21,21,11,29,29,29,15,15,15,13,13],"gold":81,"neow_bonus":"THREE_SMALL_POTIONS","is_prod":false,"is_daily":false,"chose_seed":false,"campfire_upgraded":4,"win_rate":0,"timestamp":1607527593,"path_taken":["M","M","?","M","M","R","?","?","T","$","M","?","?","M","R","BOSS","M","?","M","?","?","R","M","R","T","R","M","?","?","?"],"build_version":"2020-11-30","purchased_purges":2,"victory":false,"max_hp_per_floor":[66,66,60,60,60,60,60,60,60,60,60,60,60,60,60,60,60,60,60,60,60,60,60,60,60,60,60,60,60,60,60,60],"card_choices":[{"not_picked":["Caltrops","Predator"],"picked":"Acrobatics","floor":1.0},{"not_picked":["Choke","Setup","Concentrate"],"picked":"SKIP","floor":2.0},{"not_picked":["PiercingWail","Concentrate"],"picked":"Backflip","floor":4.0},{"not_picked":["Sucker Punch","Slice"],"picked":"Blur","floor":5.0},{"not_picked":["Outmaneuver","Poisoned Stab"],"picked":"Bouncing Flask","floor":8.0},{"not_picked":["Dagger Spray","Flying Knee","Bouncing Flask"],"picked":"SKIP","floor":11.0},{"not_picked":["PiercingWail","Terror","Dodge and Roll"],"picked":"SKIP","floor":14.0},{"not_picked":["Phantasmal Killer","Envenom"],"picked":"Burst","floor":16.0},{"not_picked":["Flying Knee","Choke"],"picked":"Calculated Gamble","floor":18.0},{"not_picked":["Blade Dance","Sucker Punch"],"picked":"Well Laid Plans+1","floor":20.0},{"not_picked":["Dagger Spray","Calculated Gamble","Well Laid Plans"],"picked":"SKIP","floor":22.0},{"not_picked":["Flying Knee","Dagger Throw"],"picked":"Catalyst+1","floor":24.0},{"not_picked":["Predator+1","Deflect"],"picked":"Crippling Poison","floor":28}],"player_experience":445633,"relics_obtained":[{"floor":9.0,"key":"Anchor"},{"floor":26.0,"key":"Molten Egg 2"}],"event_choices":[{"damage_healed":0.0,"max_hp_gain":0.0,"max_hp_loss":6.0,"gold_gain":0.0,"event_name":"Golden Idol","player_choice":"Lose Max HP","floor":3.0,"gold_loss":0.0,"damage_taken":0.0,"relics_obtained":["Golden Idol"]},{"damage_healed":0.0,"max_hp_gain":0.0,"max_hp_loss":0.0,"gold_gain":0.0,"event_name":"Lab","player_choice":"Got Potions","floor":7.0,"gold_loss":0.0,"damage_taken":0.0},{"damage_healed":0.0,"max_hp_gain":0.0,"max_hp_loss":0.0,"gold_gain":0.0,"event_name":"Scrap Ooze","player_choice":"Success","floor":12.0,"gold_loss":0.0,"damage_taken":5.0,"relics_obtained":["Kunai"]},{"damage_healed":0.0,"max_hp_gain":0.0,"max_hp_loss":0.0,"gold_gain":0.0,"event_name":"Dead Adventurer","player_choice":"Searched \u00272\u0027 times","floor":13.0,"gold_loss":0.0,"damage_taken":0.0,"relics_obtained":["Boot"]},{"cards_removed":["Defend_G"],"damage_healed":0.0,"max_hp_gain":0.0,"max_hp_loss":0.0,"gold_gain":0.0,"event_name":"Back to Basics","player_choice":"Elegance","floor":19.0,"gold_loss":0.0,"damage_taken":0.0},{"cards_removed":["Defend_G"],"damage_healed":0.0,"max_hp_gain":0.0,"max_hp_loss":0.0,"gold_gain":0.0,"event_name":"Beggar","player_choice":"Gave Gold","floor":21.0,"gold_loss":75.0,"damage_taken":0.0},{"damage_healed":0,"gold_gain":0,"player_choice":"Ignored","damage_taken":0,"max_hp_gain":0,"max_hp_loss":0,"event_name":"The Mausoleum","floor":29,"gold_loss":0}],"is_beta":false,"boss_relics":[{"not_picked":["Runic Dome","Velvet Choker"],"picked":"SlaversCollar"}],"items_purged_floors":[10,30],"is_endless":false,"potions_floor_spawned":[2,5,14,16,22,24],"killed_by":"3 Cultists","ascension_level":20}}