{"host":"ci7ivtocgfxh0ueo","time":1607493936,"event":{"gold_per_floor":[112,124,136,211,226,226,28,63,63,75,75,75,75,105,105,179,179,198,27,77,151,166,191,191,191],"floor_reached":24,"playtime":508,"items_purged":[],"score":403,"play_id":"775770fe-5022-4804-a002-19482c475990","local_time":"20201209140536","is_ascension_mode":true,"campfire_choices":[{"data":"Fire Breathing","floor":6,"key":"SMITH"},{"data":"Heavy Blade","floor":12,"key":"SMITH"},{"data":"Spot Weakness","floor":15,"key":"SMITH"}],"neow_cost":"NONE","seed_source_timestamp":69495160654399,"circlet_count":0,"master_deck":["AscendersBane","Strike_R","Strike_R","Strike_R","Strike_R","Defend_R","Defend_R","Defend_R","Defend_R","Bash","Twin Strike","Heavy Blade+1","Fire Breathing+1","Twin Strike","Carnage","Spot Weakness+1","Ghostly Armor","Double Tap","Intimidate","Thunderclap"],"relics":["Burning Blood","NeowsBlessing","Vajra","HornCleat","Eternal Feather","Empty Cage","Omamori","Gremlin Horn","Mummified Hand"],"potions_floor_usage":[5,5,10,16,22,22],"damage_taken":[{"damage":0,"enemies":"2 Louse","floor":1,"turns":1},{"damage":0,"enemies":"Small Slimes","floor":2,"turns":1},{"damage":0,"enemies":"Jaw Worm","floor":3,"turns":1},{"damage":4,"enemies":"Looter","floor":5,"turns":1},{"damage":32,"enemies":"Gremlin Nob","floor":8,"turns":4},{"damage":15,"enemies":"Gremlin Gang","floor":10,"turns":2},{"damage":10,"enemies":"3 Sentries","floor":14,"turns":4},{"damage":38,"enemies":"Slime Boss","floor":16,"turns":6},{"damage":26,"enemies":"Chosen","floor":18,"turns":5},{"damage":0,"enemies":"3 Byrds","floor":22,"turns":5},{"damage":5,"enemies":"Gremlin Leader","floor":23,"turns":6},{"damage":65,"enemies":"3 Cultists","floor":24,"turns":5}],"seed_played":"9044727339709320104","potions_obtained":[{"floor":1,"key":"SkillPotion"},{"floor":2,"key":"DuplicationPotion"},{"floor":8,"key":"Explosive Potion"},{"floor":16,"key":"PowerPotion"},{"floor":18,"key":"SkillPotion"}],"is_trial":false,"path_per_floor":["M","M","M","?","M","R","$","E","T","M","?","R","?","E","R","B",null,"M","$","?","T","M","E","M"],"character_chosen":"IRONCLAD","items_purchased":["EntropicBrew","Carnage","Omamori"],"campfire_rested":0,"item_purchase_floors":[7,7,19],"current_hp_per_floor":[74,75,75,64,66,66,66,40,40,31,49,49,74,70,75,43,65,45,45,45,45,51,52,0,0],"gold":191,"neow_bonus":"THREE_ENEMY_KILL","is_prod":false,"is_daily":false,"chose_seed":false,"campfire_upgraded":3,"win_rate":0,"timestamp":1607493936,"path_taken":["M","M","M","?","M","R","$","E","T","M","?","R","?","E","R","BOSS","M","$","?","?","M","E","M"],"build_version":"2020-11-30","purchased_purges":0,"victory":false,"max_hp_per_floor":[75,75,75,75,75,75,75,75,75,75,75,75,75,75,75,75,72,72,72,72,72,72,72,72,72],"card_choices":[{"not_picked":["Evolve","Shrug It Off"],"picked":"Twin Strike","floor":1},{"not_picked":["Barricade","Perfected Strike"],"picked":"Heavy Blade","floor":2},{"not_picked":["Heavy Blade","Entrench"],"picked":"Fire Breathing","floor":3},{"not_picked":["Clothesline","Body Slam"],"picked":"Twin Strike","floor":5},{"not_picked":["Twin Strike","Iron Wave"],"picked":"Spot Weakness","floor":8},{"not_picked":["Clothesline","Body Slam","Combust"],"picked":"SKIP","floor":10},{"not_picked":["Wild Strike","Havoc"],"picked":"Ghostly Armor","floor":14},{"not_picked":["Brutality","Berserk"],"picked":"Double Tap","floor":16},{"not_picked":["Clothesline","True Grit+1"],"picked":"Intimidate","floor":18},{"not_picked":["Body Slam","Clothesline"],"picked":"Thunderclap","floor":22},{"not_picked":["Perfected Strike","Flex","Brutality"],"picked":"SKIP","floor":23}],"player_experience":1232404,"relics_obtained":[{"floor":8,"key":"Vajra"},{"floor":9,"key":"HornCleat"},{"floor":14,"key":"Eternal Feather"},{"floor":21,"key":"Gremlin Horn"},{"floor":23,"key":"Mummified Hand"}],"event_choices":[{"damage_healed":0,"gold_gain":75,"player_choice":"Gather Gold","damage_taken":11,"max_hp_gain":0,"max_hp_loss":0,"event_name":"World of Goop","floor":4,"gold_loss":0},{"damage_healed":18,"gold_gain":0,"player_choice":"Healed and dodged fight","damage_taken":0,"max_hp_gain":0,"max_hp_loss":0,"event_name":"Mushrooms","floor":11,"gold_loss":0,"cards_obtained":["Parasite"]},{"damage_healed":25,"gold_gain":0,"player_choice":"Banana","damage_taken":0,"max_hp_gain":0,"max_hp_loss":0,"event_name":"Big Fish","floor":13,"gold_loss":0},{"damage_healed":0,"gold_gain":50,"player_choice":"Stole From Cult","damage_taken":0,"max_hp_gain":0,"max_hp_loss":0,"event_name":"Nest","floor":20,"gold_loss":0}],"is_beta":false,"boss_relics":[{"not_picked":["Tiny House","Cursed Key"],"picked":"Empty Cage"}],"items_purged_floors":[],"is_endless":false,"potions_floor_spawned":[1,2,8,16,18],"killed_by":"3 Cultists","ascension_level":16}}