{"host":"1sep654oresgee70","time":1607541763,"event":{"gold_per_floor":[944,11,26,301,316,346,346,376,376,391,406,406,406,436,436,536,536,551,0,15,0,15,45,60,60,60,60,75,75,90,90,90,190,190,205,220,5,20,35,35,50,80,105,105,105,135,150,165,165,165],"floor_reached":51,"playtime":9471,"items_purged":[],"score":626,"play_id":"251f92dd-892c-44a3-8e14-bf2e4fd0c1af","local_time":"20201209202243","daily_mods":["SealedDeck","Purple Cards","Elite Swarm"],"is_ascension_mode":false,"campfire_choices":[{"floor":7,"key":"REST"},{"floor":12,"key":"REST"},{"floor":15,"key":"REST"},{"floor":27,"key":"REST"},{"floor":32,"key":"REST"},{"floor":40,"key":"REST"},{"data":"Electrodynamics","floor":44,"key":"SMITH"},{"floor":49,"key":"REST"}],"neow_cost":"","seed_source_timestamp":0,"circlet_count":0,"master_deck":["CrushJoints","Evaluate","CutThroughFate","Study","Protect","ReplayTheSpireMod:Repulse","Time Bomb","Steam","Turbo","Ball Lightning","Consecrate","Clumsy","Go for the Eyes","Go for the Eyes","Tempest","Regret","Capacitor","Echo Form","Echo Form","Melter","Stack","Replay:LoomingThreat","Meteor Strike","Static Discharge","Sunder","Barrage+1","Conserve Battery","Electrodynamics+1","BasicCrystalCard+1","Conserve Battery","Time Bomb","Meteor Strike","Prostrate","Crystallizer+1","Specialist","Beam Cell","Gash+1","Conclude+1","Pray","Buffer","Madness","Madness","Meteor Strike","Wireheading","SashWhip+1"],"special_seed":18605,"relics":["Cracked Core","Mummified Hand","Raider\u0027s Mask","Mercury Hourglass","Pantograph","HandDrill","Meat on the Bone","Sundial","MealTicket","Centennial Puzzle","hubris:ToyBattleship","hubris:TenFootPole","hubris:TerracottaHorce","hubris:BallOfYels","conspire:GlowingRock","Blood Vial","Strawberry","Blue Candle","Bird Faced Urn","aspiration:RitualDagger","ClockworkSouvenir","Cables","Replay:Rubber Ducky","hubris:BundleOfHerbs"],"potions_floor_usage":[3,5,6,14,18,20,24,28,38,39,42,42,46],"damage_taken":[{"damage":0,"enemies":"2 Louse","floor":1,"turns":2},{"damage":0,"enemies":"Cultist","floor":3,"turns":2},{"damage":0,"enemies":"Jaw Worm","floor":5,"turns":2},{"damage":8,"enemies":"Lagavulin","floor":6,"turns":4},{"damage":28,"enemies":"Gremlin Nob","floor":8,"turns":4},{"damage":1,"enemies":"Lots of Slimes","floor":10,"turns":2},{"damage":0,"enemies":"Exordium Thugs","floor":11,"turns":2},{"damage":6,"enemies":"Lagavulin","floor":14,"turns":5},{"damage":36,"enemies":"Fading Forest","floor":16,"turns":11},{"damage":27,"enemies":"2 Thieves","floor":18,"turns":3},{"damage":0,"enemies":"Spheric Guardian","floor":20,"turns":3},{"damage":29,"enemies":"Snake Plant","floor":22,"turns":4},{"damage":22,"enemies":"Book of Stabbing","floor":23,"turns":5},{"damage":12,"enemies":"conspire:HollyBat","floor":24,"turns":6},{"damage":2,"enemies":"Centurion and Healer","floor":28,"turns":3},{"damage":24,"enemies":"Shelled Parasite and Fungi","floor":30,"turns":3},{"damage":10,"enemies":"Pondfish","floor":33,"turns":6},{"damage":21,"enemies":"3 Shapes","floor":35,"turns":3},{"damage":24,"enemies":"3 Darklings","floor":36,"turns":2},{"damage":10,"enemies":"Spire Growth","floor":38,"turns":3},{"damage":20,"enemies":"Jaw Worm Horde","floor":39,"turns":3},{"damage":12,"enemies":"4 Shapes","floor":41,"turns":3},{"damage":15,"enemies":"R_Hoarder","floor":42,"turns":5},{"damage":22,"enemies":"Reptomancer","floor":46,"turns":3},{"damage":16,"enemies":"Spire Growth","floor":47,"turns":2},{"damage":16,"enemies":"Writhing Mass","floor":48,"turns":2},{"damage":68,"enemies":"Replay:Hell Engine","floor":50,"turns":10}],"seed_played":"4494449258677458329","potions_obtained":[{"floor":1,"key":"FocusPotion"},{"floor":3,"key":"BlessingOfTheForge"},{"floor":5,"key":"BlessingOfTheForge"},{"floor":11,"key":"Block Potion"},{"floor":16,"key":"LiquidMemories"},{"floor":18,"key":"Fire Potion"},{"floor":23,"key":"SkillPotion"},{"floor":24,"key":"PowerPotion"},{"floor":33,"key":"Reflective Coating"},{"floor":36,"key":"Dexterity Potion"},{"floor":38,"key":"ColorlessPotion"},{"floor":39,"key":"SteroidPotion"},{"floor":42,"key":"BlessingOfTheForge"}],"is_trial":false,"path_per_floor":["M","$","M","?","M","E","R","E","T","M","M","R","?","E","R","B",null,"M","$","M","?","M","E","M","?","T","R","M","?","M","T","R","B",null,"M","M","$","M","M","R","M","E","T","R","?","E","M","M","R","B",null],"character_chosen":"DEFECT","items_purchased":["Mummified Hand","Raider\u0027s Mask","Mercury Hourglass","Pantograph","HandDrill","Go for the Eyes","hubris:BallOfYels","conspire:GlowingRock","Blood Vial","Sunder","ClockworkSouvenir","Specialist","Beam Cell"],"campfire_rested":7,"item_purchase_floors":[2,2,2,2,2,2,19,19,19,19,37,37,37],"current_hp_per_floor":[75,75,75,75,75,67,75,47,47,46,46,68,33,39,61,65,73,46,61,63,63,48,47,49,52,52,77,77,77,55,55,80,85,85,69,57,72,76,70,85,82,85,85,85,80,68,66,62,85,54],"gold":165,"neow_bonus":"","is_prod":false,"is_daily":true,"chose_seed":false,"campfire_upgraded":1,"win_rate":0,"timestamp":1607541763,"path_taken":["M","$","M","?","M","E","R","E","T","?","M","R","?","E","R","BOSS","M","$","?","?","M","E","M","?","T","R","M","?","M","?","R","BOSS","M","M","$","M","M","R","M","E","T","R","?","E","M","M","R","BOSS"],"build_version":"2020-11-30","purchased_purges":0,"victory":true,"max_hp_per_floor":[75,75,75,75,75,75,75,75,75,75,75,75,75,75,75,75,75,75,75,75,75,75,82,82,85,85,85,85,85,85,85,85,85,85,85,85,85,85,85,85,85,85,85,85,85,85,85,85,85,85],"card_choices":[{"not_picked":["Rebound","Crescendo"],"picked":"Consecrate","floor":1},{"not_picked":["FlyingSleeves","Streamline"],"picked":"Tempest","floor":3},{"not_picked":["Replay:AtTheReady","Prostrate"],"picked":"Capacitor","floor":5},{"not_picked":["Scrawl","Replay:AllIn"],"picked":"Echo Form","floor":6},{"not_picked":["Seek","ReplayRNGCard"],"picked":"Echo Form","floor":8},{"not_picked":["Beam Cell","FlurryOfBlows"],"picked":"Melter","floor":10},{"not_picked":["Replay:Cycle","CutThroughFate"],"picked":"Stack","floor":11},{"not_picked":["Vault","Hyperbeam"],"picked":"Replay:LoomingThreat","floor":14},{"not_picked":["ReplayTheSpireMod:Fabricate Wheel","Thunder Strike"],"picked":"Meteor Strike","floor":16},{"not_picked":["Conserve Battery","Adaptation"],"picked":"Static Discharge","floor":18},{"not_picked":["Replay:Cycle","Scrape"],"picked":"Barrage+1","floor":20},{"not_picked":["Hologram","Halt"],"picked":"Conserve Battery","floor":22},{"not_picked":["Meteor Strike","Thunder Strike"],"picked":"Electrodynamics","floor":23},{"not_picked":["Streamline","Turbo"],"picked":"BasicCrystalCard+1","floor":24},{"not_picked":["Crescendo","Gash+1"],"picked":"Conserve Battery","floor":28},{"not_picked":["Redo","conspire:Rain"],"picked":"Time Bomb","floor":30},{"not_picked":["Biased Cognition","Core Surge"],"picked":"Meteor Strike","floor":33},{"not_picked":["Rebound+1","Halt"],"picked":"Prostrate","floor":35},{"not_picked":["Replay:ManipulateFuture","hubris:Ukulele"],"picked":"Crystallizer+1","floor":36},{"not_picked":["ReplaySort","Rebound"],"picked":"Gash+1","floor":38},{"not_picked":["CrushJoints","ThirdEye+1"],"picked":"Conclude+1","floor":39},{"not_picked":["BasicCrystalCard+1","SashWhip"],"picked":"Pray","floor":41},{"not_picked":["Seek","Echo Form"],"picked":"Buffer","floor":42},{"not_picked":["Thunder Strike","Replay:AllIn"],"picked":"Meteor Strike","floor":46},{"not_picked":["SashWhip","Gash+1"],"picked":"Wireheading","floor":47},{"not_picked":["ReplayGash+1","ClearTheMind"],"picked":"SashWhip+1","floor":48}],"player_experience":2232906,"relics_obtained":[{"floor":6,"key":"Meat on the Bone"},{"floor":8,"key":"Sundial"},{"floor":9,"key":"MealTicket"},{"floor":14,"key":"hubris:TenFootPole"},{"floor":23,"key":"Strawberry"},{"floor":26,"key":"Blue Candle"},{"floor":31,"key":"Bird Faced Urn"},{"floor":42,"key":"Cables"},{"floor":43,"key":"Replay:Rubber Ducky"},{"floor":46,"key":"hubris:BundleOfHerbs"}],"event_choices":[{"damage_healed":0,"gold_gain":275,"player_choice":"Desecrate","damage_taken":0,"max_hp_gain":0,"max_hp_loss":0,"event_name":"Golden Shrine","floor":4,"gold_loss":0,"cards_obtained":["Regret"]},{"damage_healed":0,"gold_gain":0,"player_choice":"RE RE ","damage_taken":39,"relics_obtained":["Centennial Puzzle","hubris:ToyBattleship"],"max_hp_gain":0,"max_hp_loss":0,"event_name":"betterSkull:BetterSkull","floor":13,"gold_loss":0,"cards_upgraded":[]},{"damage_healed":0,"gold_gain":0,"player_choice":"Paid Fearfully","damage_taken":0,"max_hp_gain":0,"max_hp_loss":0,"event_name":"Masked Bandits","floor":21,"gold_loss":15},{"damage_healed":0,"gold_gain":0,"player_choice":"Embrace Madness","damage_taken":11,"max_hp_gain":0,"max_hp_loss":0,"event_name":"Winding Halls","floor":45,"gold_loss":0,"cards_obtained":["Madness","Madness"]}],"is_beta":false,"boss_relics":[{"not_picked":["aspiration:SilentSkillbook","FrozenCore"],"picked":"hubris:TerracottaHorce"},{"not_picked":["Sozu","aspiration:BursterCore"],"picked":"aspiration:RitualDagger"}],"items_purged_floors":[],"is_endless":false,"potions_floor_spawned":[1,3,5,11,16,18,23,24,33,36,38,39,42],"ascension_level":0}}