{"host":"i98650m3tufgrrto","time":1607501526,"event":{"gold_per_floor":[138,157,157,432,448,448,458,475,528,297,297,358,370,383,383,462,462,475,475,475,485,485,501,501,501,501],"floor_reached":25,"playtime":1125,"items_purged":["Regret"],"score":390,"play_id":"d44f2eaf-6e5d-4f75-854d-c6f170423620","local_time":"20201209161206","is_ascension_mode":true,"campfire_choices":[{"data":"RuleDissolution_purple","floor":6.0,"key":"SMITH"},{"data":"Enlightenment","floor":15.0,"key":"SMITH"},{"floor":24.0,"key":"REST"}],"neow_cost":"NONE","seed_source_timestamp":48115584776100,"circlet_count":0,"master_deck":["AscendersBane","AT_purpleEX","AT_purpleEX","Defend_purpleEX","Defend_purpleEX","Defend_purpleEX","Defend_purpleEX","Observe_purple_1","Observe_purple_2","RuleDissolution_purple+1","CommonSense_AntiCommonSense_purple","Boundary_LightAndDark_purple","Nest_LightFlightworm_purple","MeetDecomposer_purple","Enlightenment+1","Umbrella_purple","Boundary_LifeAndDeath_purple","Fantasy_PerpetualMotionMachine_purple+1","WangLiang_OokamiKakushi_purple","EighthInstrument_OneDividesIntoTwo_purple"],"special_seed":0,"relics":["Boundary_crack","Memoryfragments_purpleEX","NeowsBlessing","Juzu Bracelet","Frozen Egg 2","Fusion Hammer"],"potions_floor_usage":[25],"damage_taken":[{"damage":0.0,"enemies":"Small Slimes","floor":1.0,"turns":1.0},{"damage":0.0,"enemies":"Cultist","floor":2.0,"turns":1.0},{"damage":0.0,"enemies":"Jaw Worm","floor":5.0,"turns":1.0},{"damage":14.0,"enemies":"2 Fungi Beasts","floor":7.0,"turns":5.0},{"damage":14.0,"enemies":"3 Louse","floor":8.0,"turns":5.0},{"damage":23.0,"enemies":"3 Sentries","floor":12.0,"turns":9.0},{"damage":11.0,"enemies":"Gremlin Gang","floor":13.0,"turns":6.0},{"damage":1.0,"enemies":"Red Slaver","floor":14.0,"turns":4.0},{"damage":3.0,"enemies":"Hexaghost","floor":16.0,"turns":8.0},{"damage":0.0,"enemies":"Spheric Guardian","floor":18.0,"turns":3.0},{"damage":6.0,"enemies":"Chosen","floor":21.0,"turns":5.0},{"damage":38.0,"enemies":"Snecko","floor":23.0,"turns":8.0},{"damage":52,"enemies":"Slavers","floor":25,"turns":7}],"seed_played":"-5501901311723230998","potions_obtained":[{"floor":2.0,"key":"Weak Potion"},{"floor":5.0,"key":"DuplicationPotion"},{"floor":12.0,"key":"Strength Potion"},{"floor":14.0,"key":"Block Potion"},{"floor":23.0,"key":"Regen Potion"}],"is_trial":false,"path_per_floor":["M","M","?","?","M","R","M","M","T","$","?","?","M","M","R","B",null,"M","?","?","M","?","M","R","E"],"character_chosen":"Youkari","items_purchased":["Enlightenment","Umbrella_purple"],"campfire_rested":1,"item_purchase_floors":[10,10],"current_hp_per_floor":[59,59,59,59,59,59,50,41,41,41,34,15,8,12,12,14,52,57,57,57,56,56,23,42,5,5],"gold":501,"neow_bonus":"THREE_ENEMY_KILL","is_prod":false,"is_daily":false,"chose_seed":false,"campfire_upgraded":2,"win_rate":0,"timestamp":1607501526,"path_taken":["M","M","?","?","?","R","M","M","T","$","?","?","M","M","R","BOSS","M","?","?","M","?","M","R","E"],"build_version":"2020-11-30","purchased_purges":1,"victory":false,"max_hp_per_floor":[65,65,65,65,65,65,65,65,65,65,65,65,65,65,65,65,65,65,65,65,65,65,65,65,65,65],"card_choices":[{"not_picked":["Boundary_of_Extermination_purpleEX","Boundary_DreamRealityDamnation_purple"],"picked":"RuleDissolution_purple","floor":1.0},{"not_picked":["Umbrella_purple","Bait_Toxicbait_purple"],"picked":"CommonSense_AntiCommonSense_purple","floor":2.0},{"not_picked":["DimensionStaggered_purple","Line_surface_state_purple"],"picked":"Boundary_LightAndDark_purple","floor":5.0},{"not_picked":["Shallow_ocean_purpleEX","ProofOfUnderstanding_purple"],"picked":"Nest_LightFlightworm_purple","floor":7.0},{"not_picked":["ButterflyHabitatTemple_purple","Anti_communist_purple"],"picked":"MeetDecomposer_purple","floor":8.0},{"not_picked":["DimensionStaggered_purple","Line_surface_state_purple"],"picked":"Boundary_LifeAndDeath_purple","floor":13.0},{"not_picked":["Extrememeaning_purpleEX","MeetDecomposer_purple"],"picked":"Fantasy_PerpetualMotionMachine_purple+1","floor":14.0},{"not_picked":["BarrageBoundary_PipeDream_purple","MagicEyes_LaplaceDemon_purple"],"picked":"WangLiang_OokamiKakushi_purple","floor":16.0},{"not_picked":["Line_surface_state_purple","Worldmountain_purple","AdvanceAttack_purple"],"picked":"SKIP","floor":18.0},{"not_picked":["Charmbait_purple","StateDuplicate_purple+1","PurpleNeedle_purple"],"picked":"SKIP","floor":21.0},{"not_picked":["Charmbait_purple","StateDuplicate_purple+1","PurpleNeedle_purple"],"picked":"SKIP","floor":21.0},{"not_picked":["Charmbait_purple","StateDuplicate_purple+1","PurpleNeedle_purple"],"picked":"SKIP","floor":21.0},{"not_picked":["Realm_recovery_purpleEX","OmniscientAndOmnipotent_Monster_purple"],"picked":"EighthInstrument_OneDividesIntoTwo_purple","floor":23.0}],"player_experience":1175259,"relics_obtained":[{"floor":9.0,"key":"Juzu Bracelet"},{"floor":12.0,"key":"Frozen Egg 2"}],"event_choices":[{"damage_healed":0.0,"max_hp_gain":0.0,"max_hp_loss":0.0,"gold_gain":275.0,"event_name":"Golden Shrine","player_choice":"Desecrate","floor":4.0,"gold_loss":0.0,"damage_taken":0.0,"cards_obtained":["Regret"]},{"cards_removed":["AT_purpleEX"],"damage_healed":0.0,"max_hp_gain":0.0,"max_hp_loss":0.0,"gold_gain":0.0,"event_name":"Golden Wing","player_choice":"Card Removal","floor":11.0,"gold_loss":0.0,"damage_taken":7.0},{"damage_healed":0.0,"max_hp_gain":0.0,"max_hp_loss":0.0,"gold_gain":30.0,"event_name":"Dead Adventurer","player_choice":"Searched \u00272\u0027 times","floor":12.0,"gold_loss":0.0,"damage_taken":0.0},{"damage_healed":0.0,"max_hp_gain":0.0,"max_hp_loss":0.0,"gold_gain":0.0,"event_name":"Vampires","player_choice":"Ignored","floor":19.0,"gold_loss":0.0,"damage_taken":0.0},{"damage_healed":0.0,"max_hp_gain":0.0,"max_hp_loss":0.0,"gold_gain":0.0,"event_name":"Cursed Tome","player_choice":"Ignored","floor":20.0,"gold_loss":0.0,"damage_taken":0.0},{"cards_removed":["AT_purpleEX"],"damage_healed":0.0,"max_hp_gain":0.0,"max_hp_loss":0.0,"gold_gain":0.0,"event_name":"Purifier","player_choice":"Purged","floor":22.0,"gold_loss":0.0,"damage_taken":0.0}],"is_beta":false,"boss_relics":[{"not_picked":["Busted Crown","Pandora\u0027s Box"],"picked":"Fusion Hammer"}],"items_purged_floors":[10],"is_endless":false,"potions_floor_spawned":[2,5,12,14,23],"killed_by":"Slavers","ascension_level":20}}