{"host":"ds28d883r3sz42zs","time":1607517930,"event":{"gold_per_floor":[258,33,47,65,77,77,110,110,187,207,1,34,34,77,77,182,282,301,319,332,347,347,373,373,386,436,436,464,483,501,501,501,600,600,614,614,614,714,726,726,758,768,768,768,801,801,801,811,811,811,811,811,69,302,302,302],"floor_reached":55,"playtime":2597,"items_purged":["Strike_R","Strike_R","Strike_R"],"score":1358,"play_id":"d8269cc9-82a3-4a65-83d3-75a3f76595b9","local_time":"20201209074530","is_ascension_mode":true,"campfire_choices":[{"data":"Whirlwind","floor":6.0,"key":"SMITH"},{"data":"Bash","floor":13.0,"key":"SMITH"},{"data":"Metallicize","floor":15.0,"key":"SMITH"},{"data":"Metallicize","floor":24.0,"key":"SMITH"},{"data":"Flame Barrier","floor":27.0,"key":"SMITH"},{"data":"Disarm","floor":32.0,"key":"SMITH"},{"floor":40,"key":"RECALL"},{"data":"hubris:InfiniteBlow+10253","floor":46,"key":"SMITH"},{"data":"hubris:InfiniteBlow+10254","floor":49,"key":"SMITH"},{"data":"hubris:InfiniteBlow+10255","floor":52,"key":"SMITH"}],"neow_cost":"PERCENT_DAMAGE","seed_source_timestamp":635558331735200,"circlet_count":0,"master_deck":["Strike_R","Strike_R","Defend_R","Defend_R","Defend_R","Defend_R","Bash+1","Clothesline","Thunderclap","Whirlwind+1","Flame Barrier+1","ReplayReversal+1","Metallicize+1","Demonic Infusion+1","Conclude","Shrug It Off","Metallicize+1","Body Slam+1","Wallop","Disarm+1","Exhume","Feel No Pain+1","infinitespire:TheBestDefense","hubris:InfiniteBlow+10256"],"special_seed":0,"relics":["Burning Blood","Happy Flower","hubris:IronBody","hubris:DisguiseKit","Calipers","hubris:SlimyHat","Replay:Wanted Poster","Iron Hammer","Juzu Bracelet","aspiration:FrozenJewel","Philosopher\u0027s Stone","hubris:AstralHammer","hubris:MedicalManual","hubris:Towel","infinitespire:FocusingShard","construct:FoamFinger","StuffTheSpire:BottledEssence","hubris:ChampionShield","hubris:MobiusCoin"],"potions_floor_usage":[55,55,55],"damage_taken":[{"damage":5.0,"enemies":"2 Louse","floor":1.0,"turns":3.0},{"damage":4.0,"enemies":"Jaw Worm","floor":3.0,"turns":3.0},{"damage":5.0,"enemies":"Small Slimes","floor":4.0,"turns":4.0},{"damage":8.0,"enemies":"Blue Slaver","floor":5.0,"turns":3.0},{"damage":24.0,"enemies":"Lagavulin","floor":7.0,"turns":8.0},{"damage":11.0,"enemies":"Looter","floor":10.0,"turns":3.0},{"damage":10.0,"enemies":"3 Sentries","floor":12.0,"turns":4.0},{"damage":14.0,"enemies":"conspire:MimicChest","floor":14.0,"turns":11.0},{"damage":27.0,"enemies":"Hexaghost","floor":16.0,"turns":12.0},{"damage":27.0,"enemies":"theJungle:5_Spyders","floor":18.0,"turns":8.0},{"damage":11.0,"enemies":"theJungle:Flameango_and_Byrd","floor":19.0,"turns":4.0},{"damage":9.0,"enemies":"theJungle:SlimyTreeVines","floor":20.0,"turns":9.0},{"damage":18.0,"enemies":"theJungle:Lyon","floor":21.0,"turns":7.0},{"damage":49.0,"enemies":"theJungle:MamaSnecko","floor":23.0,"turns":8.0},{"damage":12.0,"enemies":"theJungle:Snecko_Cultist_And_Trap","floor":25.0,"turns":5.0},{"damage":23.0,"enemies":"Nightmare","floor":28.0,"turns":9.0},{"damage":25.0,"enemies":"theJungle:2_Snecko_Cultists","floor":29.0,"turns":4.0},{"damage":0.0,"enemies":"theJungle:Lyon","floor":30.0,"turns":5.0},{"damage":0.0,"enemies":"theJungle:FunGuy","floor":33.0,"turns":15.0},{"damage":0.0,"enemies":"Orb Walker","floor":35.0,"turns":4.0},{"damage":0,"enemies":"infinitespire:Three Voidlings","floor":38,"turns":2},{"damage":0,"enemies":"Nightmare_Alpha","floor":38,"turns":14},{"damage":0,"enemies":"3 Shapes","floor":39,"turns":5},{"damage":0,"enemies":"Nemesis","floor":41,"turns":5},{"damage":0,"enemies":"Maw","floor":42,"turns":4},{"damage":0,"enemies":"Reptomancer","floor":45,"turns":1},{"damage":2,"enemies":"4 Shapes","floor":48,"turns":5},{"damage":3,"enemies":"infinitespire:MassOfShapes","floor":50,"turns":1},{"damage":0,"enemies":"hubris:Merchant","floor":53,"turns":1},{"damage":83,"enemies":"Shield and Spear","floor":54,"turns":8},{"damage":33,"enemies":"The Heart","floor":55,"turns":2}],"seed_played":"1279464828765782544","potions_obtained":[{"floor":4.0,"key":"PowerPotion"},{"floor":7.0,"key":"conspire:TimeTravelPotion"},{"floor":14.0,"key":"Energy Potion"},{"floor":20.0,"key":"ColorlessPotion"},{"floor":25.0,"key":"PowerPotion"},{"floor":29.0,"key":"BlessingOfTheForge"}],"is_trial":false,"path_per_floor":["M","$","M","M","M","R","E","?","T","M","$","E","R","?","R","B",null,"M","M","M","M","?","E","R","M","T","R","NM","M","M","?","R","B",null,"M","?","?","?","M","R","E","M","T","?","E","R","?","M","R","B",null,"R","$","E","B"],"character_chosen":"IRONCLAD","items_purchased":["Happy Flower","Demonic Infusion+1","construct:FoamFinger","StuffTheSpire:BottledEssence","hubris:ChampionShield","Ancient Potion"],"campfire_rested":0,"item_purchase_floors":[2,11,53,53,53,53],"current_hp_per_floor":[68,68,70,71,69,69,51,51,51,57,57,53,53,45,45,24,78,57,52,55,43,106,63,63,57,57,57,40,21,27,27,27,33,88,94,68,68,80,86,86,92,98,98,98,104,104,104,106,106,106,106,106,106,29,0,0],"gold":302,"neow_bonus":"TWENTY_PERCENT_HP_BONUS","is_prod":false,"is_daily":false,"chose_seed":false,"campfire_upgraded":9,"win_rate":0,"timestamp":1607517930,"path_taken":["M","$","M","M","M","R","E","?","T","M","$","E","R","?","R","BOSS","M","M","M","M","?","E","R","M","T","R","NM","M","M","?","R","BOSS","M","?","?","?","M","R","E","M","T","?","E","R","?","M","R","BOSS","R","$","E","BOSS"],"build_version":"2020-11-30","purchased_purges":3,"victory":false,"max_hp_per_floor":[96,96,96,96,96,96,96,96,96,96,96,96,96,96,96,96,96,96,96,96,96,106,106,106,106,106,106,106,106,106,106,106,106,106,106,106,106,106,106,106,106,106,106,106,106,106,106,106,106,106,106,106,106,106,106,106],"relic_stats":{"Happy Flower":[58],"counters":[31,177],"Juzu Bracelet":1,"obtain_stats":[{"hubris:DisguiseKit":9,"hubris:MobiusCoin":54,"Calipers":12,"construct:FoamFinger":53,"Happy Flower":2,"hubris:MedicalManual":41,"infinitespire:FocusingShard":45,"StuffTheSpire:BottledEssence":53,"hubris:SlimyHat":14,"Juzu Bracelet":26,"hubris:Towel":44,"Burning Blood":0,"aspiration:FrozenJewel":28,"Replay:Wanted Poster":17,"hubris:AstralHammer":38,"Philosopher\u0027s Stone":34,"hubris:IronBody":7,"Iron Hammer":23,"hubris:ChampionShield":53},{"hubris:DisguiseKit":5,"hubris:MobiusCoin":30,"Calipers":7,"construct:FoamFinger":28,"Happy Flower":1,"hubris:MedicalManual":24,"infinitespire:FocusingShard":26,"StuffTheSpire:BottledEssence":28,"hubris:SlimyHat":8,"Juzu Bracelet":15,"hubris:Towel":25,"Burning Blood":0,"aspiration:FrozenJewel":16,"Replay:Wanted Poster":9,"hubris:AstralHammer":22,"Philosopher\u0027s Stone":19,"hubris:IronBody":5,"Iron Hammer":14,"hubris:ChampionShield":28},{"hubris:DisguiseKit":21,"hubris:MobiusCoin":175,"Calipers":28,"construct:FoamFinger":166,"Happy Flower":3,"hubris:MedicalManual":155,"infinitespire:FocusingShard":160,"StuffTheSpire:BottledEssence":166,"hubris:SlimyHat":39,"Juzu Bracelet":92,"hubris:Towel":159,"Burning Blood":0,"aspiration:FrozenJewel":101,"Replay:Wanted Poster":51,"hubris:AstralHammer":145,"Philosopher\u0027s Stone":125,"hubris:IronBody":21,"Iron Hammer":87,"hubris:ChampionShield":166}],"Burning Blood":169},"card_choices":[{"not_picked":["Body Slam","StuffTheSpire:Incineration"],"picked":"Clothesline","floor":1.0},{"not_picked":["Pommel Strike","Wild Strike"],"picked":"Thunderclap","floor":3.0},{"not_picked":["Cleave","Thunderclap"],"picked":"Whirlwind","floor":4.0},{"not_picked":["Replay:Undeath\u0027s Touch","Hemokinesis"],"picked":"Flame Barrier","floor":5.0},{"not_picked":["Rage","Life Link"],"picked":"ReplayReversal","floor":7.0},{"not_picked":["Fire Breathing","StuffTheSpire:RagingBull","MarkedMod:FirstStrike"],"picked":"Metallicize","floor":10.0},{"not_picked":["Sentinel","Berserk","Armaments"],"picked":"Conclude","floor":12.0},{"not_picked":["StuffTheSpire:TitanForm","Eclipse","Brutality"],"picked":"Ragnarok","floor":16.0},{"not_picked":["hubris:ReadiedAction","Seeing Red+1","MarkedMod:FirstStrike"],"picked":"Shrug It Off","floor":18.0},{"not_picked":["Perfected Strike+1","Inflame","Replay:AtTheReady"],"picked":"Metallicize","floor":19.0},{"not_picked":["Twin Strike","conspire:Charge+1","ReplayTheSpireMod:Strike From Hell","Swivel"],"picked":"SKIP","floor":20.0},{"not_picked":["Perfected Strike","ReplayTheSpireMod:Strike From Hell","Collect"],"picked":"Body Slam+1","floor":21.0},{"not_picked":["Wild Strike+1","Warcry","hubris:StunningStrike","EmptyBody"],"picked":"SKIP","floor":23.0},{"not_picked":["Clash","Cleave","Heavy Blade+1","EmptyFist"],"picked":"SKIP","floor":25.0},{"not_picked":["Thunderclap+1","ReplayTheSpireMod:Corrosion Curse","hubris:StunningStrike","FlyingSleeves"],"picked":"SKIP","floor":28.0},{"not_picked":["Sword Boomerang","Armaments","Inflame"],"picked":"Wallop","floor":29.0},{"not_picked":["Clash","Body Slam","Worship"],"picked":"Disarm","floor":30.0},{"not_picked":["Feed","Barricade","Ragnarok"],"picked":"Exhume","floor":33.0},{"not_picked":["Uppercut+1","Intimidate","MarkedMod:PinPointDefense"],"picked":"Feel No Pain+1","floor":35.0},{"not_picked":["ReplayTheSpireMod:Echoes of Time","infinitespire:SevenWalls"],"picked":"infinitespire:TheBestDefense","floor":36.0},{"not_picked":["infinitespire:DeathsTouch","infinitespire:Gouge"],"picked":"hubris:InfiniteBlow+10253","floor":38},{"not_picked":["ReplayTheSpireMod:Limb From Limb","Replay:Many Hands","Seeing Red","Evaluate"],"picked":"SKIP","floor":39},{"not_picked":["hubris:SharpeningStone+1","Heavy Blade+1","Blood for Blood","CarveReality"],"picked":"SKIP","floor":41},{"not_picked":["Cleave+1","Intimidate+1","Armaments","Protect"],"picked":"SKIP","floor":42},{"not_picked":["Sword Boomerang+1","Armaments","Immolate","Vengeance"],"picked":"SKIP","floor":45},{"not_picked":["Armaments+1","Intimidate+1","Rampage","EmptyMind"],"picked":"SKIP","floor":48},{"not_picked":["Iron Wave+1","Body Slam+1","True Grit","MarkedMod:GracefulMovements"],"picked":"SKIP","floor":54},{"not_picked":["Iron Wave+1","Body Slam+1","True Grit","MarkedMod:GracefulMovements"],"picked":"SKIP","floor":54}],"player_experience":715680,"relics_obtained":[{"floor":7.0,"key":"hubris:IronBody"},{"floor":9.0,"key":"hubris:DisguiseKit"},{"floor":12.0,"key":"Calipers"},{"floor":14.0,"key":"hubris:SlimyHat"},{"floor":23.0,"key":"Iron Hammer"},{"floor":26.0,"key":"Juzu Bracelet"},{"floor":28.0,"key":"aspiration:FrozenJewel"},{"floor":38,"key":"hubris:AstralHammer"},{"floor":41,"key":"hubris:MedicalManual"},{"floor":45,"key":"infinitespire:FocusingShard"},{"floor":54,"key":"hubris:MobiusCoin"}],"event_choices":[{"cards_removed":["Ragnarok"],"damage_healed":53.0,"max_hp_gain":10.0,"max_hp_loss":0.0,"gold_gain":0.0,"event_name":"Bonfire Elementals","player_choice":"Offered Rare","floor":22.0,"gold_loss":0.0,"damage_taken":0.0},{"damage_healed":0.0,"max_hp_gain":0.0,"max_hp_loss":0.0,"gold_gain":0.0,"event_name":"The Woman in Blue","player_choice":"Bought 0 Potions","floor":31.0,"gold_loss":0.0,"damage_taken":0.0},{"damage_healed":0.0,"max_hp_gain":0.0,"max_hp_loss":0.0,"gold_gain":0.0,"event_name":"conspire:Investor","player_choice":"Leave","floor":37.0,"gold_loss":0.0,"damage_taken":0.0}],"is_beta":false,"boss_relics":[{"not_picked":["Fusion Hammer","Astrolabe"],"picked":"Replay:Wanted Poster"},{"not_picked":["aspiration:FutureDiary","Honey Jar"],"picked":"Philosopher\u0027s Stone"}],"items_purged_floors":[2,11,53],"is_endless":true,"potions_floor_spawned":[4,7,14,20,25,28,29,30,38,39],"killed_by":"The Heart","ascension_level":9}}