{"host":"7v9t59ze4jbx2rzq","time":1607529562,"event":{"gold_per_floor":[99,115,143,143,162,2,2,20,45,45,65,215,229,18,31,31,31],"floor_reached":16,"playtime":1917,"items_purged":["champ:Strike"],"score":112,"play_id":"d333b03a-0df5-4e1e-926c-7660a618ef57","local_time":"20201209105922","is_ascension_mode":false,"campfire_choices":[{"data":"champ:Execute","floor":1,"key":"SMITH"},{"data":"champ:Taunt","floor":4,"key":"SMITH"},{"floor":10,"key":"REST"}],"neow_cost":"NONE","seed_source_timestamp":26255118731600,"circlet_count":0,"master_deck":["champ:Strike","champ:Strike","champ:Strike","champ:Defend","champ:Defend","champ:Defend","champ:Defend","champ:Execute+1","champ:Taunt+1","champ:BladeFlurry","champ:Haymaker","champ:FlashCut","champ:RisingSlash","champ:BladeFlurry","champ:FlashCut","champ:PreciseThrust","champ:ViciousMockery","Slimebound:Icky","champ:RisingSlash","champ:StanceDance"],"relics":["champ:ChampionCrown","Tiny Chest","The Courier","Frozen Egg 2","Bottled Lightning"],"potions_floor_usage":[16,16],"damage_taken":[{"damage":5,"enemies":"Cultist","floor":2,"turns":4},{"damage":61,"enemies":"3 Sentries","floor":3,"turns":11},{"damage":5,"enemies":"Small Slimes","floor":5,"turns":3},{"damage":10,"enemies":"downfall:FleeingMerchant","floor":6,"turns":4},{"damage":6,"enemies":"2 Louse","floor":8,"turns":2},{"damage":24,"enemies":"Gremlin Nob","floor":9,"turns":4},{"damage":6,"enemies":"Red Slaver","floor":11,"turns":3},{"damage":20,"enemies":"Exordium Thugs","floor":13,"turns":4},{"damage":15,"enemies":"downfall:FleeingMerchant","floor":14,"turns":4},{"damage":5,"enemies":"Exordium Wildlife","floor":15,"turns":3},{"damage":31,"enemies":"downfall:Watcher","floor":16,"turns":15}],"seed_played":"2608479062997325224","potions_obtained":[{"floor":2,"key":"hexamod:EctoCoolerPotion"},{"floor":3,"key":"Explosive Potion"}],"is_trial":false,"path_per_floor":["R","M","E","R","M","$","T","M","E","R","M","?","M","$","M","B"],"character_chosen":"THE_CHAMP","items_purchased":["champ:BladeFlurry","Weak Potion","Bottled Lightning"],"campfire_rested":1,"item_purchase_floors":[6,6,14],"current_hp_per_floor":[99,99,53,53,53,53,53,52,33,62,56,56,41,31,31,0,0],"gold":31,"neow_bonus":"TEN_PERCENT_HP_BONUS","is_prod":false,"is_daily":false,"chose_seed":false,"campfire_upgraded":2,"win_rate":0.0,"timestamp":1607529562,"path_taken":["R","M","E","R","M","?","T","?","E","R","M","?","M","$","M","BOSS"],"build_version":"2020-11-30","purchased_purges":1,"victory":false,"max_hp_per_floor":[99,99,99,99,99,99,99,99,99,99,99,99,99,99,99,99,99],"card_choices":[{"not_picked":["champ:FocusedDefense","champ:GladiatorsShout"],"picked":"champ:BladeFlurry","floor":2},{"not_picked":["champ:RecklessLeap","champ:PerfectedStrike"],"picked":"champ:Haymaker","floor":3},{"not_picked":["champ:GladiatorsShout","champ:BringItOn"],"picked":"champ:FlashCut","floor":5},{"not_picked":["champ:DefensiveShout","champ:Riposte"],"picked":"champ:RisingSlash","floor":6},{"not_picked":["champ:Backstep","champ:Encircle"],"picked":"champ:FlashCut","floor":8},{"not_picked":["champ:Haymaker","champ:Duel"],"picked":"champ:PreciseThrust","floor":9},{"not_picked":["champ:Riposte","champ:FightOn"],"picked":"champ:ViciousMockery","floor":11},{"not_picked":["champ:ViciousMockery","champ:SkillfulDodge"],"picked":"champ:RisingSlash","floor":13},{"not_picked":["champ:EndlessRage+1","champ:Devastate","champ:BerserkersShout"],"picked":"SKIP","floor":14},{"not_picked":["champ:EndlessRage+1","champ:Devastate","champ:BerserkersShout"],"picked":"SKIP","floor":14},{"not_picked":["champ:EndlessRage+1","champ:Devastate","champ:BerserkersShout"],"picked":"SKIP","floor":14},{"not_picked":["champ:EndlessRage+1","champ:Devastate","champ:BerserkersShout"],"picked":"SKIP","floor":14},{"not_picked":["champ:RecklessLeap","champ:TornadoPunch"],"picked":"champ:StanceDance","floor":15}],"player_experience":2253631,"relics_obtained":[{"floor":3,"key":"Tiny Chest"},{"floor":7,"key":"The Courier"},{"floor":9,"key":"Frozen Egg 2"}],"event_choices":[],"is_beta":false,"boss_relics":[],"items_purged_floors":[6],"is_endless":false,"potions_floor_spawned":[2,3,8,15],"killed_by":"downfall:Watcher","ascension_level":0}}