{"host":"wl5kcyk3ocgwii71","time":1607540857,"event":{"gold_per_floor":[109,109,11,11,28,28,54,54,54,68,86,86,105,29,29,134,134,151,151,151,168,46,75,90,119,119,119,119],"floor_reached":27,"playtime":697,"items_purged":["Strike_G"],"score":424,"play_id":"cc7473ce-8840-4bc7-9e3c-1cdf2e547314","local_time":"20201209110737","is_ascension_mode":true,"campfire_choices":[{"data":"Neutralize","floor":6,"key":"SMITH"},{"data":"Catalyst","floor":8,"key":"SMITH"},{"data":"Catalyst","floor":15,"key":"SMITH"}],"neow_cost":"NONE","seed_source_timestamp":435946934139300,"circlet_count":0,"master_deck":["Strike_G","Strike_G","Strike_G+1","Strike_G","Defend_G","Defend_G","Defend_G","Defend_G","Defend_G","Survivor","Neutralize+1","Poisoned Stab","Bane+1","Deadly Poison","Flying Knee","Catalyst+1","PiercingWail","Bane","Catalyst+1","Corpse Explosion","Blade Dance+1","Cloak And Dagger","Backstab","Backflip","Backstab","Escape Plan"],"relics":["Ring of the Snake","NeowsBlessing","Eternal Feather","Kunai","Ornamental Fan","Black Star","Torii","InkBottle","Strawberry","Replay:Baseball","Bottled Lightning"],"potions_floor_usage":[27],"damage_taken":[{"damage":0,"enemies":"2 Louse","floor":1,"turns":1},{"damage":0,"enemies":"Cultist","floor":5,"turns":1},{"damage":0,"enemies":"3 Sentries","floor":7,"turns":1},{"damage":2,"enemies":"Jaw Worm","floor":10,"turns":3},{"damage":2,"enemies":"Looter","floor":11,"turns":4},{"damage":15,"enemies":"Exordium Thugs","floor":13,"turns":5},{"damage":0,"enemies":"Slime Boss","floor":16,"turns":5},{"damage":7,"enemies":"3 Byrds","floor":18,"turns":3},{"damage":0,"enemies":"Chosen","floor":21,"turns":4},{"damage":33,"enemies":"Slavers","floor":23,"turns":4},{"damage":13,"enemies":"Snake Plant","floor":24,"turns":4},{"damage":7,"enemies":"Replay:Snechameleon","floor":25,"turns":6},{"damage":14,"enemies":"Book of Stabbing","floor":27,"turns":3}],"seed_played":"-6595873908650821875","potions_obtained":[{"floor":1,"key":"Guardian:BlockOnCardUsePotion"},{"floor":5,"key":"ColorlessPotion"},{"floor":13,"key":"sneckomod:MuddlingPotion"}],"is_trial":false,"path_per_floor":["M","?","$","T","M","R","E","R","T","M","M","?","M","$","R","B",null,"M","?","?","M","$","E","M","E","T","E"],"character_chosen":"THE_SILENT","items_purchased":["Bane","Deadly Poison","Catalyst","Backflip"],"campfire_rested":0,"item_purchase_floors":[3,3,14,22],"current_hp_per_floor":[63,56,56,56,56,65,65,70,70,68,66,52,37,37,49,49,65,58,58,58,58,58,25,12,12,12,0,0],"gold":119,"neow_bonus":"THREE_ENEMY_KILL","is_prod":false,"is_daily":false,"chose_seed":false,"campfire_upgraded":3,"win_rate":0,"timestamp":1607540857,"path_taken":["M","?","$","?","M","R","E","R","T","M","M","?","M","?","R","BOSS","M","?","?","M","$","E","?","E","T","E"],"build_version":"2020-11-30","purchased_purges":1,"victory":false,"max_hp_per_floor":[70,70,70,70,70,70,70,70,70,70,70,70,70,70,70,70,70,70,70,70,70,70,70,70,77,77,77,77],"card_choices":[{"not_picked":["Replay:Poison Smokescreen","Underhanded Strike"],"picked":"Poisoned Stab","floor":1},{"not_picked":["Prepared","Setup"],"picked":"Flying Knee","floor":5},{"not_picked":["Cloak And Dagger","Poisoned Stab"],"picked":"Catalyst","floor":7},{"not_picked":["Backflip","Outmaneuver"],"picked":"PiercingWail","floor":10},{"not_picked":["PiercingWail","Finisher"],"picked":"Bane","floor":11},{"not_picked":["ReplayTheSpireMod:Scrap Shanks","Slice","Malaise"],"picked":"SKIP","floor":13},{"not_picked":["Atom Bomb","Night Terror"],"picked":"Corpse Explosion","floor":16},{"not_picked":["Poisoned Stab","Deadly Poison+1"],"picked":"Blade Dance+1","floor":18},{"not_picked":["Fluid Movement","Bane"],"picked":"Backstab","floor":21},{"not_picked":["Flechettes","Riddle With Holes+1"],"picked":"Backstab","floor":23},{"not_picked":["Underhanded Strike+1","Flying Knee"],"picked":"Escape Plan","floor":24},{"not_picked":["Sucker Punch","Backflip","Acrobatics"],"picked":"SKIP","floor":25}],"player_experience":343398,"relics_obtained":[{"floor":4,"key":"Eternal Feather"},{"floor":7,"key":"Kunai"},{"floor":9,"key":"Ornamental Fan"},{"floor":23,"key":"Torii"},{"floor":23,"key":"InkBottle"},{"floor":25,"key":"Strawberry"},{"floor":25,"key":"Replay:Baseball"},{"floor":26,"key":"Bottled Lightning"}],"event_choices":[{"damage_healed":0,"gold_gain":0,"player_choice":"Damaged","damage_taken":7,"max_hp_gain":0,"max_hp_loss":0,"event_name":"Wheel of Change","floor":2,"gold_loss":0},{"damage_healed":66,"gold_gain":0,"player_choice":"Upgrade","damage_taken":14,"max_hp_gain":0,"max_hp_loss":70,"event_name":"betterThird:BetterShining","floor":12,"gold_loss":0,"cards_upgraded":["Strike_G","Bane"]},{"damage_healed":0,"gold_gain":0,"player_choice":"Read","damage_taken":0,"max_hp_gain":0,"max_hp_loss":0,"event_name":"The Library","floor":19,"gold_loss":0,"cards_obtained":["Cloak And Dagger"]},{"damage_healed":0,"gold_gain":0,"player_choice":"Ignored","damage_taken":0,"max_hp_gain":0,"max_hp_loss":0,"event_name":"N\u0027loth","floor":20,"gold_loss":0}],"is_beta":false,"boss_relics":[{"not_picked":["SacredBark","Snecko Scales"],"picked":"Black Star"}],"items_purged_floors":[22],"is_endless":false,"potions_floor_spawned":[1,5,13,16,18,24,25],"killed_by":"Book of Stabbing","ascension_level":6}}