{"host":"mike","time":1607546746,"event":{"gold_per_floor":[112,212,227,240,240,240,272,288,288,300,300,300,317,317,317,443,443,468,481,68,88,88,88,129,148,148,148,148,188,204,10,10,140,140,165,165,185,47,47,47,113,113,113,131,353,374,407,421,421,421,421,421,21,64,64],"floor_reached":56,"playtime":3906,"items_purged":["TheCursedMod:Strike_TheCursed","TheCursedMod:Strike_TheCursed"],"score":1222,"play_id":"cfc3dad3-bcc6-4adc-b9cb-09ac96b2953c","local_time":"20201209154546","is_ascension_mode":false,"campfire_choices":[{"data":"TheCursedMod:CursedWand","floor":6.0,"key":"SMITH"},{"floor":11.0,"key":"REST"},{"data":"TheCursedMod:Torture","floor":15.0,"key":"SMITH"},{"data":"TheCursedMod:AbyssShockwave","floor":23.0,"key":"SMITH"},{"data":"TheCursedMod:CursedRelics","floor":27.0,"key":"SMITH"},{"data":"TheCursedMod:CollectTribute","floor":32.0,"key":"SMITH"},{"floor":40.0,"key":"RECALL"},{"data":"TheCursedMod:CleanUpWorkshop","floor":42.0,"key":"SMITH"},{"data":"TheCursedMod:OutForBlood","floor":49.0,"key":"SMITH"},{"data":"TheCursedMod:Neurasthenia","floor":52.0,"key":"SMITH"}],"neow_cost":"NONE","seed_source_timestamp":5700915301416900,"circlet_count":0,"master_deck":["TheCursedMod:Strike_TheCursed","TheCursedMod:Defend_TheCursed","TheCursedMod:Defend_TheCursed","TheCursedMod:Defend_TheCursed","TheCursedMod:Defend_TheCursed","TheCursedMod:CursedWand+1","TheCursedMod:CleanUpWorkshop+1","TheCursedMod:Dregs","TheCursedMod:CircleOfCorruption","TheCursedMod:SmokeScreen","TheCursedMod:SurpriseAttack","TheCursedMod:CursedMace","TheCursedMod:SaltUponWound","TheCursedMod:Torture+1","TheCursedMod:AbyssShockwave+1","Injury","TheCursedMod:Neurasthenia+1","TheCursedMod:LuckyCharm+1","TheCursedMod:WearCloak","TheCursedMod:DemonSword","TheCursedMod:Hemoplague","TheCursedMod:HellsGateOpen","TheCursedMod:CircleOfFlame+1","Writhe","TheCursedMod:SurpriseAttack","TheCursedMod:CursedRelics+1","TheCursedMod:CollectTribute+1","TheCursedMod:SpitefulStrike+1","TheCursedMod:OutForBlood+1","TheCursedMod:FleshFromBone+1","TheCursedMod:CircleOfFlame+1","TheCursedMod:HellfireBreathing","Madness+1","TheCursedMod:Obscuration+1","TheCursedMod:BlessingInDisguise+1","TheCursedMod:SmokeScreen+1","TheCursedMod:SoulReap+1","TheCursedMod:TroublousMinions+1","Mayhem","TheCursedMod:CursedAmulet+1","TheCursedMod:LuckyCharm"],"special_seed":0,"relics":["TheCursedMod:BlackMagic101","White Beast Statue","Pantograph","The Courier","Golden Idol","TheCursedMod:OminousMark","Strange Spoon","Bag of Preparation","Red Mask","Toxic Egg 2","Meat on the Bone","TheCursedMod:BloodyHarpoon","TheCursedMod:FourLeafCloverCharm","TheCursedMod:MagicCandle","Gremlin Horn","FossilizedHelix","Bird Faced Urn"],"potions_floor_usage":[55,55],"damage_taken":[{"damage":2.0,"enemies":"Small Slimes","floor":1.0,"turns":4.0},{"damage":0.0,"enemies":"Cultist","floor":3.0,"turns":3.0},{"damage":3.0,"enemies":"Jaw Worm","floor":4.0,"turns":5.0},{"damage":22.0,"enemies":"3 Sentries","floor":7.0,"turns":14.0},{"damage":18.0,"enemies":"Large Slime","floor":8.0,"turns":7.0},{"damage":2.0,"enemies":"2 Fungi Beasts","floor":10.0,"turns":3.0},{"damage":0.0,"enemies":"Exordium Wildlife","floor":13.0,"turns":3.0},{"damage":37.0,"enemies":"Slime Boss","floor":16.0,"turns":11.0},{"damage":14.0,"enemies":"Shell Parasite","floor":18.0,"turns":3.0},{"damage":5.0,"enemies":"Chosen","floor":19.0,"turns":4.0},{"damage":15.0,"enemies":"3 Cultists","floor":21.0,"turns":6.0},{"damage":0.0,"enemies":"Masked Bandits","floor":24.0,"turns":2.0},{"damage":0.0,"enemies":"Cultist and Chosen","floor":25.0,"turns":4.0},{"damage":4.0,"enemies":"Book of Stabbing","floor":29.0,"turns":4.0},{"damage":3.0,"enemies":"Centurion and Healer","floor":30.0,"turns":3.0},{"damage":35.0,"enemies":"Automaton","floor":33.0,"turns":12.0},{"damage":18.0,"enemies":"3 Darklings","floor":35.0,"turns":4.0},{"damage":11.0,"enemies":"3 Shapes","floor":37.0,"turns":6.0},{"damage":27.0,"enemies":"2 Orb Walkers","floor":41.0,"turns":5.0},{"damage":11.0,"enemies":"3 Darklings","floor":44.0,"turns":4.0},{"damage":14.0,"enemies":"Maw","floor":46.0,"turns":6.0},{"damage":8.0,"enemies":"Giant Head","floor":47.0,"turns":7.0},{"damage":19.0,"enemies":"Writhing Mass","floor":48.0,"turns":6.0},{"damage":27.0,"enemies":"Time Eater","floor":50.0,"turns":8.0},{"damage":9.0,"enemies":"Shield and Spear","floor":54.0,"turns":6.0},{"damage":75,"enemies":"The Heart","floor":55,"turns":11}],"seed_played":"202331841485519161","potions_obtained":[{"floor":3.0,"key":"Fire Potion"},{"floor":7.0,"key":"SkillPotion"},{"floor":8.0,"key":"Weak Potion"},{"floor":10.0,"key":"SkillPotion"},{"floor":13.0,"key":"DuplicationPotion"},{"floor":18.0,"key":"Swift Potion"},{"floor":21.0,"key":"Strength Potion"},{"floor":25.0,"key":"AttackPotion"},{"floor":29.0,"key":"FairyPotion"},{"floor":30.0,"key":"Ancient Potion"},{"floor":33.0,"key":"AttackPotion"},{"floor":44.0,"key":"EssenceOfSteel"}],"is_trial":false,"path_per_floor":["M","?","M","M","?","R","E","M","T","M","R","?","M","?","R","B",null,"M","M","$","M","?","R","?","M","T","R","?","E","M","$","R","B",null,"M","?","M","$","?","R","?","R","T","M","?","M","E","M","R","B",null,"R","$","E","B",null],"character_chosen":"THE_CURSED","items_purchased":["TheCursedMod:DemonSword","Strange Spoon","TheCursedMod:Hemoplague","TheCursedMod:HellsGateOpen","TheCursedMod:BloodyHarpoon","TheCursedMod:HellfireBreathing","Mayhem","FossilizedHelix","TheCursedMod:CursedAmulet+1"],"campfire_rested":1,"item_purchase_floors":[20,20,20,20,31,38,53,53,53],"current_hp_per_floor":[80,80,80,77,65,65,43,25,25,23,47,47,47,47,47,35,82,68,63,63,48,48,48,48,48,48,48,48,44,53,53,53,43,82,64,64,53,53,53,53,38,38,38,39,39,37,41,45,45,63,82,82,82,79,48],"gold":64,"neow_bonus":"TEN_PERCENT_HP_BONUS","is_prod":false,"is_daily":false,"chose_seed":false,"campfire_upgraded":8,"win_rate":0,"timestamp":1607546746,"path_taken":["M","?","?","M","?","R","E","M","T","M","R","?","M","?","R","BOSS","M","M","$","M","?","R","?","M","T","R","?","E","?","$","R","BOSS","M","?","M","$","?","R","?","R","T","M","?","M","E","M","R","BOSS","R","$","E","BOSS"],"build_version":"2020-12-07","purchased_purges":2,"victory":true,"max_hp_per_floor":[82,82,82,82,82,82,82,82,82,82,82,82,82,82,82,82,82,82,82,82,82,82,82,82,82,82,82,82,82,82,82,82,82,82,82,82,82,82,82,82,82,82,82,82,82,82,82,82,82,82,82,82,82,82,82],"relic_stats":{"Strange Spoon":[36],"Gremlin Horn":[1,1],"counters":[26,151],"Golden Idol":186,"Pantograph":78,"Bird Faced Urn":[8],"Bag of Preparation":[30],"obtain_stats":[{"TheCursedMod:BloodyHarpoon":31,"TheCursedMod:BlackMagic101":0,"TheCursedMod:FourLeafCloverCharm":34,"Gremlin Horn":47,"Golden Idol":14,"The Courier":9,"Bag of Preparation":22,"TheCursedMod:MagicCandle":41,"White Beast Statue":5,"Strange Spoon":20,"TheCursedMod:OminousMark":17,"Pantograph":7,"Bird Faced Urn":54,"Red Mask":24,"Toxic Egg 2":26,"FossilizedHelix":53,"Meat on the Bone":29},{"TheCursedMod:BloodyHarpoon":15,"TheCursedMod:BlackMagic101":0,"TheCursedMod:FourLeafCloverCharm":16,"Gremlin Horn":22,"Golden Idol":7,"The Courier":5,"Bag of Preparation":11,"TheCursedMod:MagicCandle":19,"White Beast Statue":3,"Strange Spoon":10,"TheCursedMod:OminousMark":8,"Pantograph":4,"Bird Faced Urn":25,"Red Mask":12,"Toxic Egg 2":13,"FossilizedHelix":24,"Meat on the Bone":14},{"TheCursedMod:BloodyHarpoon":76,"TheCursedMod:BlackMagic101":0,"TheCursedMod:FourLeafCloverCharm":88,"Gremlin Horn":120,"Golden Idol":39,"The Courier":33,"Bag of Preparation":63,"TheCursedMod:MagicCandle":103,"White Beast Statue":12,"Strange Spoon":57,"TheCursedMod:OminousMark":50,"Pantograph":26,"Bird Faced Urn":140,"Red Mask":65,"Toxic Egg 2":69,"FossilizedHelix":134,"Meat on the Bone":73}],"Meat on the Bone":84},"card_choices":[{"not_picked":["TheCursedMod:Stigma","TheCursedMod:CursedShiv"],"picked":"TheCursedMod:CircleOfCorruption","floor":1.0},{"not_picked":["TheCursedMod:VitalStrike","TheCursedMod:BlessingInDisguise"],"picked":"TheCursedMod:SmokeScreen","floor":3.0},{"not_picked":["TheCursedMod:StingEye","TheCursedMod:RapidMovement"],"picked":"TheCursedMod:SurpriseAttack","floor":4.0},{"not_picked":["TheCursedMod:SmokeScreen","TheCursedMod:RavingStaff"],"picked":"TheCursedMod:CursedMace","floor":7.0},{"not_picked":["TheCursedMod:CursedAmulet","TheCursedMod:CursedShiv"],"picked":"TheCursedMod:SaltUponWound","floor":8.0},{"not_picked":["TheCursedMod:CursedAmulet","TheCursedMod:WearCloak"],"picked":"TheCursedMod:Torture","floor":10.0},{"not_picked":["TheCursedMod:CircleOfCorruption","TheCursedMod:RavingStaff"],"picked":"TheCursedMod:AbyssShockwave","floor":13.0},{"not_picked":["TheCursedMod:StunningStrike","TheCursedMod:ForbiddenAlchemy"],"picked":"TheCursedMod:Neurasthenia","floor":16.0},{"not_picked":["TheCursedMod:Stigma","TheCursedMod:CircleOfFlame"],"picked":"TheCursedMod:LuckyCharm+1","floor":18.0},{"not_picked":["TheCursedMod:CircleOfCorruption","TheCursedMod:RapidMovement"],"picked":"TheCursedMod:WearCloak","floor":19.0},{"not_picked":["TheCursedMod:RapidMovement","TheCursedMod:HellsGateOpen"],"picked":"TheCursedMod:CircleOfFlame+1","floor":21.0},{"not_picked":["TheCursedMod:SmokeScreen+1","TheCursedMod:WearCloak"],"picked":"TheCursedMod:SurpriseAttack","floor":24.0},{"not_picked":["TheCursedMod:CursedShiv+1","TheCursedMod:Stigma"],"picked":"TheCursedMod:CursedRelics","floor":25.0},{"not_picked":["TheCursedMod:Mangle","TheCursedMod:SpitefulPlan+1"],"picked":"TheCursedMod:CollectTribute","floor":29.0},{"not_picked":["TheCursedMod:VitalStrike","TheCursedMod:RavingStaff"],"picked":"TheCursedMod:SpitefulStrike+1","floor":30.0},{"not_picked":["TheCursedMod:ForbiddenAlchemy+1","TheCursedMod:DarkBarrier+1"],"picked":"TheCursedMod:OutForBlood","floor":33.0},{"not_picked":["TheCursedMod:Stretching+1","TheCursedMod:SoulReap"],"picked":"TheCursedMod:FleshFromBone+1","floor":35.0},{"not_picked":["TheCursedMod:Obscuration+1","TheCursedMod:SpitefulStrike"],"picked":"TheCursedMod:CircleOfFlame+1","floor":37.0},{"not_picked":["Thinking Ahead+1","Forethought+1"],"picked":"Madness+1","floor":39.0},{"not_picked":["TheCursedMod:RapidMovement+1","TheCursedMod:CircleOfFlame+1"],"picked":"TheCursedMod:Obscuration+1","floor":41.0},{"not_picked":["TheCursedMod:CircleOfCorruption+1","TheCursedMod:TacticalStrike"],"picked":"TheCursedMod:BlessingInDisguise+1","floor":44.0},{"not_picked":["TheCursedMod:VitalStrike","TheCursedMod:CursedMace+1"],"picked":"TheCursedMod:SmokeScreen+1","floor":46.0},{"not_picked":["TheCursedMod:EmpowerCircles+1","TheCursedMod:CursedShiv"],"picked":"TheCursedMod:SoulReap+1","floor":47.0},{"not_picked":["TheCursedMod:CircleOfCorruption+1","TheCursedMod:CursedShiv+1"],"picked":"TheCursedMod:TroublousMinions+1","floor":48.0},{"not_picked":["TheCursedMod:CircleOfCorruption+1","TheCursedMod:FuryStrike+1"],"picked":"TheCursedMod:LuckyCharm","floor":54.0}],"player_experience":252858,"relics_obtained":[{"floor":7.0,"key":"Pantograph"},{"floor":9.0,"key":"The Courier"},{"floor":24.0,"key":"Red Mask"},{"floor":26.0,"key":"Toxic Egg 2"},{"floor":29.0,"key":"Meat on the Bone"},{"floor":41.0,"key":"TheCursedMod:MagicCandle"},{"floor":47.0,"key":"Gremlin Horn"},{"floor":54.0,"key":"Bird Faced Urn"}],"event_choices":[{"damage_healed":0.0,"max_hp_gain":0.0,"max_hp_loss":0.0,"gold_gain":100.0,"event_name":"Golden Shrine","player_choice":"Pray","floor":2.0,"gold_loss":0.0,"damage_taken":0.0},{"damage_healed":0.0,"max_hp_gain":0.0,"max_hp_loss":0.0,"gold_gain":0.0,"event_name":"Scrap Ooze","player_choice":"Success","floor":5.0,"gold_loss":0.0,"damage_taken":12.0,"relics_obtained":["White Beast Statue"]},{"damage_healed":0.0,"max_hp_gain":0.0,"max_hp_loss":0.0,"gold_gain":0.0,"event_name":"Liars Game","player_choice":"Ignored","floor":12.0,"gold_loss":0.0,"damage_taken":0.0},{"damage_healed":0.0,"max_hp_gain":0.0,"max_hp_loss":0.0,"gold_gain":0.0,"event_name":"Golden Idol","player_choice":"Take Wound","floor":14.0,"gold_loss":0.0,"damage_taken":0.0,"relics_obtained":["Golden Idol"],"cards_obtained":["Injury"]},{"damage_healed":0.0,"max_hp_gain":0.0,"max_hp_loss":0.0,"gold_gain":0.0,"event_name":"The Mausoleum","player_choice":"Opened","floor":22.0,"gold_loss":0.0,"damage_taken":0.0,"relics_obtained":["Bag of Preparation"],"cards_obtained":["Writhe"]},{"damage_healed":0.0,"max_hp_gain":0.0,"max_hp_loss":0.0,"gold_gain":0.0,"event_name":"Masked Bandits","player_choice":"Fought Bandits","floor":24.0,"gold_loss":0.0,"damage_taken":0.0},{"damage_healed":0.0,"max_hp_gain":0.0,"max_hp_loss":0.0,"gold_gain":0.0,"event_name":"Vampires","player_choice":"Ignored","floor":28.0,"gold_loss":0.0,"damage_taken":0.0},{"cards_removed":["TheCursedMod:Strike_TheCursed"],"damage_healed":0.0,"max_hp_gain":0.0,"max_hp_loss":0.0,"gold_gain":0.0,"event_name":"Falling","player_choice":"Removed Attack","floor":36.0,"gold_loss":0.0,"damage_taken":0.0},{"damage_healed":0.0,"max_hp_gain":0.0,"max_hp_loss":0.0,"gold_gain":0.0,"event_name":"SensoryStone","player_choice":"Memory 1","floor":39.0,"gold_loss":0.0,"damage_taken":0.0},{"damage_healed":0.0,"max_hp_gain":0.0,"max_hp_loss":0.0,"gold_gain":0.0,"event_name":"Mysterious Sphere","player_choice":"Fight","floor":41.0,"gold_loss":0.0,"damage_taken":0.0},{"damage_healed":0.0,"max_hp_gain":0.0,"max_hp_loss":0.0,"gold_gain":222.0,"event_name":"Tomb of Lord Red Mask","player_choice":"Wore Mask","floor":45.0,"gold_loss":0.0,"damage_taken":0.0}],"is_beta":true,"boss_relics":[{"not_picked":["Cursed Key","SacredBark"],"picked":"TheCursedMod:OminousMark"},{"not_picked":["Sozu","Tiny House"],"picked":"TheCursedMod:FourLeafCloverCharm"}],"items_purged_floors":[20,38],"is_endless":false,"potions_floor_spawned":[3,7,8,10,13,16,18,19,21,24,25,29,30,33,35,37,41,44,46,47,48,54],"ascension_level":0}}