{"host":"a484oiac96svwyi6","time":1607496522,"event":{"gold_per_floor":[511,511,526,526,526,526,536,562,588,599,616,631,631,631,631,388,388,388,388],"floor_reached":18,"playtime":845,"items_purged":[],"score":112,"play_id":"f632dfd5-d9eb-4cd7-97cc-d9eafaf43788","local_time":"20201209014842","is_ascension_mode":false,"campfire_choices":[{"data":"luka_mod:Edging","floor":6,"key":"SMITH"},{"floor":15,"key":"REST"},{"floor":17,"key":"REST"}],"neow_cost":"","seed_source_timestamp":781245985303400,"circlet_count":0,"master_deck":["luka_mod:StrikeLukaOne","luka_mod:StrikeLukaTwo","luka_mod:StrikeLukaThree","luka_mod:StrikeLukaFour","luka_mod:StrikeLukaFive","luka_mod:StrikeLukaSix","luka_mod:Salt","luka_mod:Guard","luka_mod:Wait","luka_mod:Edging+1","luka_mod:FlailWildly","luka_mod:Meditation","luka_mod:StrikeLuka","luka_mod:Calm","luka_mod:Determination","luka_mod:EndlessGuard","luka_mod:DemonDecapitation","luka_mod:Sara","luka_mod:Gnome","Jack Of All Trades"],"relics":["luka_mod:KeepsakeRing","HowToJump","relicPack:OneForAll","Replay:Rubber Ducky","Strange Spoon"],"potions_floor_usage":[7,18],"damage_taken":[{"damage":0,"enemies":"Cultist","floor":1,"turns":3},{"damage":0,"enemies":"Jaw Worm","floor":3,"turns":2},{"damage":2,"enemies":"Small Slimes","floor":7,"turns":5},{"damage":57,"enemies":"Lagavulin","floor":8,"turns":8},{"damage":0,"enemies":"3 Louse","floor":10,"turns":5},{"damage":16,"enemies":"Large Slime","floor":11,"turns":5},{"damage":1,"enemies":"Exordium Thugs","floor":12,"turns":5},{"damage":32,"enemies":"Slime Boss","floor":18,"turns":10}],"seed_played":"2539756319774794515","potions_obtained":[{"floor":1,"key":"Fire Potion"},{"floor":10,"key":"GamblersBrew"}],"is_trial":false,"path_per_floor":["M","?","M","?","?","R","M","E","T","M","M","M","PTL","PTL","R","$","R","B"],"character_chosen":"LUKA_CLASS","items_purchased":["Strange Spoon","Jack Of All Trades"],"campfire_rested":2,"item_purchase_floors":[16,16],"current_hp_per_floor":[40,40,40,40,40,40,21,24,24,24,8,3,3,3,16,16,29,0,0],"gold":388,"neow_bonus":"","is_prod":false,"is_daily":false,"chose_seed":false,"campfire_upgraded":1,"win_rate":0.0,"timestamp":1607496522,"path_taken":["M","?","M","?","?","R","M","E","T","M","M","M","PTL","PTL","R","$","R","BOSS"],"build_version":"2020-11-30","purchased_purges":0,"victory":false,"max_hp_per_floor":[40,40,40,40,40,40,42,44,44,44,44,46,46,46,46,46,46,46,46],"relic_stats":{"Strange Spoon":[0],"counters":[12,56],"obtain_stats":[{"StuffTheSpire:OccultApparatus":3,"relicPack:OneForAll":4,"Strange Spoon":16,"luka_mod:KeepsakeRing":0,"HowToJump":0,"Replay:Rubber Ducky":9},{"StuffTheSpire:OccultApparatus":2,"relicPack:OneForAll":6,"Strange Spoon":11,"luka_mod:KeepsakeRing":0,"HowToJump":0,"Replay:Rubber Ducky":8},{"StuffTheSpire:OccultApparatus":7,"relicPack:OneForAll":18,"Strange Spoon":46,"luka_mod:KeepsakeRing":0,"HowToJump":0,"Replay:Rubber Ducky":31}]},"card_choices":[{"not_picked":["luka_mod:DemonSkullBeheading","luka_mod:IliasesJudgement"],"picked":"luka_mod:StrikeLuka","floor":1},{"not_picked":["luka_mod:FlashKill","luka_mod:Alice"],"picked":"luka_mod:Calm","floor":3},{"not_picked":["luka_mod:BladeOfRagingFire","luka_mod:WindSlash"],"picked":"luka_mod:Determination","floor":7},{"not_picked":["luka_mod:StressRelief","luka_mod:EarthRumblingDecapitation"],"picked":"luka_mod:EndlessGuard","floor":8},{"not_picked":["luka_mod:HeavenlyDemonRevival","luka_mod:OiAlice"],"picked":"luka_mod:DemonDecapitation","floor":10},{"not_picked":["luka_mod:OiAlice","luka_mod:Struggle"],"picked":"luka_mod:Sara","floor":11},{"not_picked":["luka_mod:Request","luka_mod:RestrictedStrike"],"picked":"luka_mod:Gnome","floor":12}],"player_experience":263585,"relics_obtained":[{"floor":9,"key":"Replay:Rubber Ducky"}],"event_choices":[{"cards_removed":["luka_mod:Surrender"],"damage_healed":0,"gold_gain":0,"player_choice":"Card Removal","damage_taken":0,"max_hp_gain":0,"max_hp_loss":0,"event_name":"Wheel of Change","floor":2,"gold_loss":0},{"damage_healed":0,"gold_gain":0,"player_choice":"Leave","damage_taken":0,"max_hp_gain":0,"max_hp_loss":0,"event_name":"The Cleric","floor":5,"gold_loss":0}],"is_beta":false,"boss_relics":[],"items_purged_floors":[],"is_endless":false,"potions_floor_spawned":[1,10],"killed_by":"Slime Boss","ascension_level":0}}