{"host":"zx10cf1fsoa3eqiy","time":1607500103,"event":{"gold_per_floor":[109,109,122,397,397,424,442,475,475,475,506,506,524,524,524],"floor_reached":14,"playtime":536,"items_purged":[],"score":153,"play_id":"c552bcd2-30db-46e0-b3b6-35d3a9e9d8cb","local_time":"20201209154823","is_ascension_mode":true,"campfire_choices":[{"floor":10.0,"key":"REST"},{"floor":12,"key":"REST"}],"neow_cost":"NONE","seed_source_timestamp":16393711831800,"circlet_count":0,"master_deck":["Strike_B","Strike_B","Strike_B","Strike_B+1","Defend_B","Defend_B+1","Defend_B","Defend_B","Zap+1","Dualcast","Sweeping Beam+1","Static Discharge","Regret","Conserve Battery","Leap","Loop","Self Repair"],"special_seed":0,"relics":["Cracked Core","NeowsBlessing","Matryoshka","Torii","Simple Rune","Smiling Mask"],"potions_floor_usage":[],"damage_taken":[{"damage":0.0,"enemies":"Jaw Worm","floor":1.0,"turns":1.0},{"damage":0.0,"enemies":"2 Louse","floor":3.0,"turns":1.0},{"damage":0.0,"enemies":"Gremlin Nob","floor":6.0,"turns":1.0},{"damage":1.0,"enemies":"Cultist","floor":7.0,"turns":3.0},{"damage":30.0,"enemies":"3 Sentries","floor":8.0,"turns":7.0},{"damage":35,"enemies":"Lagavulin","floor":11,"turns":6},{"damage":11,"enemies":"Blue Slaver","floor":13,"turns":4},{"damage":28,"enemies":"3 Sentries","floor":14,"turns":4}],"seed_played":"4798876178436527939","potions_obtained":[{"floor":1.0,"key":"Weak Potion"},{"floor":7.0,"key":"Slimebound:ThreeZeroPotion"},{"floor":13,"key":"Explosive Potion"}],"is_trial":false,"path_per_floor":["M","?","M","?","$","E","M","E","T","R","E","R","M","E"],"character_chosen":"DEFECT","items_purchased":[],"campfire_rested":2,"item_purchase_floors":[],"current_hp_per_floor":[75,60,60,60,60,60,59,29,29,51,16,38,27,0,0],"gold":524,"neow_bonus":"THREE_ENEMY_KILL","is_prod":false,"is_daily":false,"chose_seed":false,"campfire_upgraded":0,"win_rate":0,"timestamp":1607500103,"path_taken":["M","?","M","?","$","E","M","E","T","R","E","R","M","E"],"build_version":"2020-11-30","purchased_purges":0,"victory":false,"max_hp_per_floor":[75,75,75,75,75,75,75,75,75,75,75,75,75,75,75],"card_choices":[{"not_picked":["Reprogram","Gash"],"picked":"Sweeping Beam","floor":1.0},{"not_picked":["Turbo","Hologram"],"picked":"Static Discharge","floor":3.0},{"not_picked":["ReplayRNGCard","Barrage"],"picked":"Conserve Battery","floor":6.0},{"not_picked":["ReplayTheSpireMod:GoodbyeWorld","Panic Button"],"picked":"Leap","floor":7.0},{"not_picked":["Go for the Eyes","Barrage"],"picked":"Loop","floor":8.0},{"not_picked":["Turbo","Rebound","Steam Power"],"picked":"SKIP","floor":11},{"not_picked":["Fusion","Redo"],"picked":"Self Repair","floor":13}],"player_experience":232776,"relics_obtained":[{"floor":6.0,"key":"Matryoshka"},{"floor":8.0,"key":"Torii"},{"floor":9.0,"key":"Simple Rune"},{"floor":11,"key":"Smiling Mask"}],"event_choices":[{"damage_healed":0.0,"max_hp_gain":0.0,"max_hp_loss":0.0,"gold_gain":0.0,"event_name":"Shining Light","player_choice":"Entered Light","floor":2.0,"gold_loss":0.0,"damage_taken":15.0,"cards_upgraded":["Sweeping Beam","Zap"]},{"damage_healed":0.0,"max_hp_gain":0.0,"max_hp_loss":0.0,"gold_gain":275.0,"event_name":"Golden Shrine","player_choice":"Desecrate","floor":4.0,"gold_loss":0.0,"damage_taken":0.0,"cards_obtained":["Regret"]}],"is_beta":false,"boss_relics":[],"items_purged_floors":[],"is_endless":false,"potions_floor_spawned":[1,7,13],"killed_by":"3 Sentries","ascension_level":3}}