{"host":"knkiqlnt7kg6m7j2","time":1607511897,"event":{"gold_per_floor":[113,63,63,80,80,80,92,105,130,140,157,28,45,55,55,155,155,168,40,55,5,5,24,24,24,73,93,192,192,209,226,226,226,226,226],"floor_reached":33,"playtime":1982,"items_purged":["Gatherer:Defend_Gatherer"],"score":243,"play_id":"8aa9e372-9bf1-4fe9-971e-70ba88347241","local_time":"20201209190457","is_ascension_mode":false,"metric_token":789,"campfire_choices":[{"data":"Gatherer:Convert","floor":6,"key":"SMITH"},{"data":"Gatherer:FruitForce","floor":15,"key":"SMITH"},{"floor":24,"key":"REST"},{"data":"Gatherer:EnergyBasket","floor":29,"key":"SMITH"},{"floor":32,"key":"REST"}],"neow_cost":"NONE","seed_source_timestamp":418511460115500,"circlet_count":0,"master_deck":["Gatherer:Strike_Gatherer","Gatherer:Strike_Gatherer","Gatherer:Strike_Gatherer","Gatherer:Defend_Gatherer","Gatherer:Defend_Gatherer","Gatherer:Defend_Gatherer","Gatherer:Defend_Gatherer","Gatherer:Centralize","Gatherer:FlowerWhip","Gatherer:Convert+1","Gatherer:RecoveryHerb","Gatherer:FruitForce+1","Gatherer:ScherryThrow","Gatherer:Frenzy","Gatherer:FlowerShield","Gatherer:EnergyBasket+1","Gatherer:BlackTea","Gatherer:Snatch","Gatherer:BlackTea","Gatherer:Liquidism","Gatherer:DrugPower","Gatherer:AcidicSpray","Gatherer:Enchant+1","Gatherer:Uplift","Gatherer:Duality"],"relics":["Gatherer:AlchemyBag","NeowsBlessing","Happy Flower","Philosopher\u0027s Stone","Toy Ornithopter"],"potions_floor_usage":[11,16,16,16,30,33,33],"damage_taken":[{"damage":0,"enemies":"Small Slimes","floor":1,"turns":1},{"damage":0,"enemies":"2 Louse","floor":4,"turns":1},{"damage":0,"enemies":"Cultist","floor":7,"turns":1},{"damage":1,"enemies":"3 Louse","floor":8,"turns":4},{"damage":0,"enemies":"Large Slime","floor":10,"turns":6},{"damage":0,"enemies":"Looter","floor":11,"turns":2},{"damage":0,"enemies":"3 Louse","floor":13,"turns":2},{"damage":5,"enemies":"Blue Slaver","floor":14,"turns":3},{"damage":21,"enemies":"The Guardian","floor":16,"turns":5},{"damage":27,"enemies":"3 Byrds","floor":18,"turns":4},{"damage":0,"enemies":"Shell Parasite","floor":20,"turns":2},{"damage":29,"enemies":"Sentry and Sphere","floor":23,"turns":5},{"damage":0,"enemies":"Snake Plant","floor":27,"turns":2},{"damage":21,"enemies":"Centurion and Healer","floor":30,"turns":5},{"damage":26,"enemies":"Cultist and Chosen","floor":31,"turns":5},{"damage":60,"enemies":"Collector","floor":33,"turns":5}],"seed_played":"-1727732607793912800","potions_obtained":[{"floor":7,"key":"Energy Potion"},{"floor":8,"key":"LiquidMemories"},{"floor":10,"key":"SkillPotion"},{"floor":11,"key":"SkillPotion"},{"floor":14,"key":"LiquidMemories"},{"floor":23,"key":"Energy Potion"},{"floor":27,"key":"ColorlessPotion"},{"floor":31,"key":"SteroidPotion"}],"is_trial":false,"path_per_floor":["M","?","?","M","?","R","M","M","T","M","M","$","M","M","R","B",null,"M","$","M","$","?","M","R","$","T","M","?","R","M","M","R","B"],"character_chosen":"THE_GATHERER","items_purchased":["Gatherer:EnergyBasket","Gatherer:Liquidism","Gatherer:DrugPower","Gatherer:AcidicSpray"],"campfire_rested":2,"item_purchase_floors":[12,19,19,21],"current_hp_per_floor":[72,72,72,72,76,76,76,76,76,76,76,76,76,72,72,51,76,49,49,49,49,49,23,45,45,45,45,45,45,38,22,44,0,0,0],"gold":226,"neow_bonus":"THREE_ENEMY_KILL","is_prod":false,"is_daily":false,"chose_seed":false,"campfire_upgraded":3,"win_rate":0.0,"timestamp":1607511897,"path_taken":["M","?","?","M","?","R","M","M","T","?","M","$","M","M","R","BOSS","M","$","M","$","?","M","R","$","T","M","?","R","M","M","R","BOSS"],"build_version":"2020-11-30","purchased_purges":1,"victory":false,"max_hp_per_floor":[72,72,72,72,76,76,76,76,76,76,76,76,76,76,76,76,76,76,76,76,76,76,76,76,76,76,76,76,76,76,76,76,76,76,76],"card_choices":[{"not_picked":["Gatherer:WitheringStrike","Gatherer:Pollute"],"picked":"Gatherer:Convert","floor":1},{"not_picked":["Gatherer:WoolGloves","Gatherer:FruitForce"],"picked":"Gatherer:RecoveryHerb","floor":4},{"not_picked":["Gatherer:CarefulStrike","Gatherer:EchoOfNature"],"picked":"Gatherer:ScherryThrow","floor":7},{"not_picked":["Gatherer:TacticalStrike","Gatherer:DrugPower","Gatherer:GatherMaterial"],"picked":"SKIP","floor":8},{"not_picked":["Gatherer:TreeGrowth","Gatherer:CollectorsShot"],"picked":"Gatherer:Frenzy","floor":10},{"not_picked":["Gatherer:SaveValuables","Gatherer:AlchemyTrial"],"picked":"Gatherer:FlowerShield","floor":11},{"not_picked":["Gatherer:UpgradeBag","Gatherer:Convert"],"picked":"Gatherer:BlackTea","floor":13},{"not_picked":["Gatherer:SealedBomb","Gatherer:Solidify"],"picked":"Gatherer:Snatch","floor":14},{"not_picked":["Gatherer:ScrollOfPurity","Gatherer:StoneFence"],"picked":"Gatherer:BlackTea","floor":16},{"not_picked":["Gatherer:Solidify","Gatherer:Enchant","Gatherer:EnergyBasket"],"picked":"SKIP","floor":18},{"not_picked":["Gatherer:FragileHammer","Gatherer:TreeGrowth","Gatherer:RottenStipe"],"picked":"SKIP","floor":20},{"not_picked":["Gatherer:WoolGloves","Gatherer:WitheringStrike"],"picked":"Gatherer:Enchant+1","floor":23},{"not_picked":["Gatherer:CollectorsShot","Gatherer:Convert","Gatherer:Enchant"],"picked":"SKIP","floor":27},{"not_picked":["Gatherer:EchoOfNature","Gatherer:ScherryThrow"],"picked":"Gatherer:Uplift","floor":30},{"not_picked":["Gatherer:WitheringStrike","Gatherer:RecipeChange"],"picked":"Gatherer:Duality","floor":31}],"player_experience":118649,"relics_obtained":[{"floor":9,"key":"Happy Flower"},{"floor":26,"key":"Toy Ornithopter"}],"event_choices":[{"cards_removed":["Gatherer:Strike_Gatherer"],"damage_healed":0,"gold_gain":0,"player_choice":"Card Removal","damage_taken":0,"max_hp_gain":0,"max_hp_loss":0,"event_name":"The Cleric","floor":2,"gold_loss":50},{"damage_healed":0,"gold_gain":0,"player_choice":"Ignored","damage_taken":0,"max_hp_gain":0,"max_hp_loss":0,"event_name":"Liars Game","floor":3,"gold_loss":0},{"damage_healed":0,"gold_gain":0,"cards_transformed":["Gatherer:Strike_Gatherer"],"player_choice":"Transformed","damage_taken":0,"max_hp_gain":0,"max_hp_loss":0,"event_name":"Transmorgrifier","floor":5,"gold_loss":0,"cards_obtained":["Gatherer:FruitForce"]},{"damage_healed":0,"gold_gain":0,"player_choice":"Ignored","damage_taken":0,"max_hp_gain":0,"max_hp_loss":0,"event_name":"Ghosts","floor":22,"gold_loss":0},{"damage_healed":0,"gold_gain":99,"player_choice":"Stole From Cult","damage_taken":0,"max_hp_gain":0,"max_hp_loss":0,"event_name":"Nest","floor":28,"gold_loss":0}],"is_beta":false,"boss_relics":[{"not_picked":["Ectoplasm","Black Star"],"picked":"Philosopher\u0027s Stone"}],"items_purged_floors":[12],"is_endless":false,"potions_floor_spawned":[7,8,10,11,14,23,27,31],"killed_by":"Collector","ascension_level":0}}