{"host":"qqjv58wfhopf6ysa","time":1607518887,"event":{"gold_per_floor":[115,115,115,127,127,162,172,191,273,51,51,61,81,98,98,98,98],"floor_reached":16,"playtime":372,"items_purged":[],"score":129,"play_id":"5956de05-7ad8-4d77-88fb-8a502f659f6c","local_time":"20201209220127","is_ascension_mode":false,"campfire_choices":[{"data":"Biased Cognition","floor":11,"key":"SMITH"},{"data":"Defragment","floor":15,"key":"SMITH"}],"neow_cost":"NONE","seed_source_timestamp":68697333518500,"circlet_count":0,"master_deck":["Strike_B","Strike_B","Strike_B","Strike_B","Defend_B","Defend_B","Defend_B","Defend_B","Zap","Dualcast","Biased Cognition+1","hubris:PowerSurge","Defragment+1"],"relics":["Cracked Core","REME_ComplimentaryCards","NeowsBlessing","hubris:Towel","Onion Ring","Mango","InkBottle","aspiration:HiddenCompartment"],"potions_floor_usage":[],"damage_taken":[{"damage":0,"enemies":"Jaw Worm","floor":1,"turns":1},{"damage":0,"enemies":"2 Louse","floor":4,"turns":1},{"damage":0,"enemies":"Gremlin Nob","floor":6,"turns":1},{"damage":5,"enemies":"Small Slimes","floor":7,"turns":3},{"damage":9,"enemies":"Gremlin Gang","floor":8,"turns":6},{"damage":6,"enemies":"3 Louse","floor":12,"turns":2},{"damage":5,"enemies":"Large Slime","floor":13,"turns":5},{"damage":1,"enemies":"2 Fungi Beasts","floor":14,"turns":3},{"damage":32,"enemies":"Hexaghost","floor":16,"turns":4}],"seed_played":"7373376851824164037","potions_obtained":[{"floor":4,"key":"FearPotion"},{"floor":12,"key":"LifebloodPotion"},{"floor":13,"key":"Elixir"}],"is_trial":false,"path_per_floor":["M","?","?","M","$","E","M","M","T","$","R","M","M","M","R","B"],"character_chosen":"DEFECT","items_purchased":["aspiration:HiddenCompartment","hubris:PowerSurge"],"campfire_rested":0,"item_purchase_floors":[10,10],"current_hp_per_floor":[75,75,75,75,75,89,84,75,75,75,75,69,64,63,63,31,31],"gold":98,"neow_bonus":"THREE_ENEMY_KILL","is_prod":false,"is_daily":false,"chose_seed":false,"campfire_upgraded":2,"win_rate":0,"timestamp":1607518887,"path_taken":["M","?","?","M","$","E","M","M","T","$","R","M","M","M","R","BOSS"],"build_version":"2020-11-30","purchased_purges":0,"victory":false,"max_hp_per_floor":[75,75,75,75,75,89,89,89,89,89,89,89,89,89,89,89,89],"card_choices":[{"not_picked":["Streamline","White Noise","Skim"],"picked":"SKIP","floor":1},{"not_picked":["Ball Lightning","Skim","Heatsinks"],"picked":"SKIP","floor":4},{"not_picked":["Steam","Sweeping Beam","Stack"],"picked":"SKIP","floor":6},{"not_picked":["Panic Button","Steam","Hologram"],"picked":"SKIP","floor":7},{"not_picked":["Streamline","Redo"],"picked":"Biased Cognition","floor":8},{"not_picked":["Double Energy","Melter","Redo"],"picked":"SKIP","floor":12},{"not_picked":["Gash","Leap"],"picked":"Defragment","floor":13},{"not_picked":["Gash","Blizzard","Tempest"],"picked":"SKIP","floor":14}],"player_experience":415620,"relics_obtained":[{"floor":3,"key":"Onion Ring"},{"floor":6,"key":"Mango"},{"floor":9,"key":"InkBottle"}],"event_choices":[],"is_beta":false,"boss_relics":[],"items_purged_floors":[],"is_endless":false,"potions_floor_spawned":[4,12,13,14],"killed_by":"Hexaghost","ascension_level":0}}