{"host":"pcbz64t4k17ey4z1","time":1607554702,"event":{"gold_per_floor":[120,135,147,166,185,218,228,253,253,266,231,231,231],"floor_reached":12,"playtime":674,"items_purged":[],"score":239,"play_id":"fc4ceec7-642e-48ba-bcf9-b6de6fe77f4b","local_time":"20201209225822","is_ascension_mode":true,"campfire_choices":[],"neow_cost":"","seed_source_timestamp":6124257784900,"circlet_count":0,"master_deck":["AscendersBane","Strike_P","Strike_P","Strike_P","Strike_P","Defend_P","Defend_P+1","Defend_P+1","Defend_P","Eruption","Vigilance","Pot Of Greed","conspire:Banana","Pot Of Greed","Sadistic Nature","MentalFortress","Flash of Steel","Replay:Anticipation","FlurryOfBlows","Replay:Cycle","Fasting2","FlurryOfBlows","Consecrate","FlurryOfBlows"],"special_seed":0,"relics":["PureWater","Hammer of Thor","Seething Fire","Anvil of the Gods","Grinning Jar","potionbrewer:RamsHorn","StuffTheSpire:Expresso","vexMod:GhostlyGear","aspiration:FetidBarrel","Runesmith:Locket","Shuriken","Simple Rune","hubris:Zylophone","ReplayTheSpireMod:CursedCoin","Bag of Marbles","Runesmith:AutoHammer","conspire:Dentures"],"potions_floor_usage":[1,5,6,7,12],"damage_taken":[{"damage":4,"enemies":"Small Slimes","floor":1,"turns":4},{"damage":12,"enemies":"Jaw Worm","floor":2,"turns":2},{"damage":1,"enemies":"Cultist","floor":3,"turns":3},{"damage":4,"enemies":"Exordium Wildlife","floor":4,"turns":2},{"damage":8,"enemies":"Blue Slaver","floor":5,"turns":2},{"damage":0,"enemies":"Lagavulin","floor":6,"turns":5},{"damage":14,"enemies":"Exordium Thugs","floor":7,"turns":3},{"damage":28,"enemies":"Gremlin Nob","floor":8,"turns":5},{"damage":7,"enemies":"Lots of Slimes","floor":10,"turns":3},{"damage":30,"enemies":"Lagavulin","floor":12,"turns":3}],"seed_played":"-4924120907389264737","potions_obtained":[{"floor":3,"key":"potionbrewer:BarricadePotion"},{"floor":4,"key":"ColorlessPotion"},{"floor":6,"key":"Block Potion"},{"floor":10,"key":"Dexterity Potion"}],"is_trial":false,"path_per_floor":["M","M","M","M","M","E","M","E","T","M","?","E"],"character_chosen":"WATCHER","items_purchased":["Grinning Jar","potionbrewer:RamsHorn","conspire:Banana","Sadistic Nature","vexMod:GhostlyGear","aspiration:FetidBarrel","MentalFortress","Shuriken","Simple Rune","ReplayTheSpireMod:CursedCoin","Flash of Steel","Energy Potion"],"campfire_rested":0,"item_purchase_floors":[0,0,0,0,0,0,0,0,0,0,0,0],"current_hp_per_floor":[63,55,57,53,48,52,38,11,11,5,27,0,0],"gold":231,"neow_bonus":"","is_prod":false,"is_daily":false,"chose_seed":false,"campfire_upgraded":0,"win_rate":0,"timestamp":1607554702,"path_taken":["M","M","M","M","M","E","M","E","T","M","?","E"],"build_version":"2020-11-30","purchased_purges":0,"victory":false,"max_hp_per_floor":[74,78,81,81,84,88,88,89,89,90,90,93,93],"card_choices":[{"not_picked":["DeceiveReality","Evaluate"],"picked":"Replay:Anticipation","floor":1},{"not_picked":["CutThroughFate","Prostrate"],"picked":"FlurryOfBlows","floor":2},{"not_picked":["FlyingSleeves","FollowUp"],"picked":"Replay:Cycle","floor":3},{"not_picked":["Worship","EmptyBody"],"picked":"Fasting2","floor":4},{"not_picked":["Replay:BluntJabs","MentalFortress"],"picked":"FlurryOfBlows","floor":5},{"not_picked":["Replay:BluntJabs","Judgement"],"picked":"Consecrate","floor":6},{"not_picked":["Nirvana","PathToVictory","Replay:Hum"],"picked":"SKIP","floor":7},{"not_picked":["SignatureMove","Establishment"],"picked":"FlurryOfBlows","floor":8},{"not_picked":["Replay:DivineShield","ClearTheMind","Replay:Vibes"],"picked":"SKIP","floor":10}],"player_experience":3707228,"relics_obtained":[{"floor":6,"key":"Bag of Marbles"},{"floor":8,"key":"Runesmith:AutoHammer"},{"floor":9,"key":"conspire:Dentures"}],"event_choices":[{"damage_healed":22,"gold_gain":0,"player_choice":"Healed","damage_taken":0,"max_hp_gain":0,"max_hp_loss":0,"event_name":"The Cleric","floor":11,"gold_loss":35}],"is_beta":false,"boss_relics":[],"items_purged_floors":[],"is_endless":false,"potions_floor_spawned":[3,4,6,10],"killed_by":"Lagavulin","ascension_level":16}}