{"host":"zi8o4akxlgxypwgb","time":1607545349,"event":{"gold_per_floor":[119,136,136,136,153,163,163,0,0,34,34,34,64,76,199,217,217,217,217],"floor_reached":18,"playtime":710,"items_purged":[],"score":179,"play_id":"f69abf7e-aa1d-4e43-b31a-c5de306df383","local_time":"20201210042229","is_ascension_mode":true,"campfire_choices":[{"data":"Discovery","floor":9.0,"key":"SMITH"},{"data":"Calculated Gamble","floor":14,"key":"SMITH"},{"data":"m_Survivalism","floor":17,"key":"SMITH"}],"neow_cost":"TEN_PERCENT_HP_LOSS","seed_source_timestamp":29608674731074,"circlet_count":0,"master_deck":["Strike_G","Strike_G","Strike_G","Strike_G","Strike_G","Defend_G+1","Defend_G","Defend_G","Defend_G","Defend_G","Neutralize","Flying Knee+1","Calculated Gamble+1","Dagger Spray","Cloak And Dagger","Terror","Discovery+1","Hidden Blade","m_Survivalism+1","Leg Sweep","ReplayTheSpireMod:Splinters","Flying Knee+1","Backflip"],"special_seed":0,"relics":["Ring of the Snake","FossilizedHelix","Iron Hammer","Letter Opener","MawBank","ReplayTheSpireMod:CursedCoin"],"potions_floor_usage":[18],"damage_taken":[{"damage":0.0,"enemies":"2 Louse","floor":1.0,"turns":2.0},{"damage":0.0,"enemies":"Jaw Worm","floor":2.0,"turns":4.0},{"damage":0.0,"enemies":"Cultist","floor":5.0,"turns":3.0},{"damage":0.0,"enemies":"Large Slime","floor":6.0,"turns":8.0},{"damage":17.0,"enemies":"3 Sentries","floor":10.0,"turns":8.0},{"damage":6,"enemies":"Lagavulin","floor":13,"turns":7},{"damage":0,"enemies":"Looter","floor":16,"turns":2},{"damage":15,"enemies":"Fading Forest","floor":18,"turns":9}],"seed_played":"-4144734951373727229","potions_obtained":[{"floor":5.0,"key":"Block Potion"},{"floor":10.0,"key":"ColorlessPotion"},{"floor":16,"key":"LiquidMemories"}],"is_trial":false,"path_per_floor":["M","M","PTL","PTL","M","M","?","$","R","E","T","?","E","R","$","M","R","B"],"character_chosen":"THE_SILENT","items_purchased":["Terror","Discovery","ReplayTheSpireMod:CursedCoin","Flying Knee+1"],"campfire_rested":0,"item_purchase_floors":[8,8,15,15],"current_hp_per_floor":[63,63,63,63,63,63,50,50,50,33,33,33,27,27,27,27,27,12,12],"gold":217,"neow_bonus":"ONE_RARE_RELIC","is_prod":false,"is_daily":false,"chose_seed":false,"campfire_upgraded":3,"win_rate":0,"timestamp":1607545349,"path_taken":["M","M","PTL","PTL","M","M","?","$","R","E","T","?","E","R","?","M","R","BOSS"],"build_version":"2020-11-30","purchased_purges":0,"victory":false,"max_hp_per_floor":[63,63,63,63,63,63,63,63,63,63,63,63,63,63,63,63,63,63,63],"card_choices":[{"not_picked":["Tactician","ReplayTheSpireMod:The Works"],"picked":"Flying Knee","floor":1.0},{"not_picked":["Underhanded Strike","Choke"],"picked":"Calculated Gamble","floor":2.0},{"not_picked":["Flying Knee","PiercingWail"],"picked":"Dagger Spray","floor":5.0},{"not_picked":["Deflect","Deadly Poison"],"picked":"Cloak And Dagger","floor":6.0},{"not_picked":["Dodge and Roll","Fluid Movement"],"picked":"Hidden Blade","floor":10.0},{"not_picked":["PiercingWail","Envenom"],"picked":"Leg Sweep","floor":13},{"not_picked":["Underhanded Strike","Outmaneuver"],"picked":"Backflip","floor":16}],"player_experience":255734,"relics_obtained":[{"floor":10.0,"key":"Iron Hammer"},{"floor":11.0,"key":"Letter Opener"},{"floor":13,"key":"MawBank"}],"event_choices":[{"damage_healed":0.0,"max_hp_gain":0.0,"max_hp_loss":0.0,"gold_gain":0.0,"event_name":"Shining Light","player_choice":"Entered Light","floor":7.0,"gold_loss":0.0,"damage_taken":13.0,"cards_upgraded":["Defend_G","Flying Knee"]}],"is_beta":false,"boss_relics":[],"items_purged_floors":[],"is_endless":false,"potions_floor_spawned":[5,10,16],"killed_by":"Fading Forest","ascension_level":1}}