{"host":"lhth1efayex2023z","time":1607530689,"event":{"gold_per_floor":[111,61,61,80,80,105,118,118,144,178,178,210,220,253,253,348,348,365,50,50,50,65,96,108,18,100,113,144,157,187,202,202,301,301,317,367,383,383,131,162,191,224,298,298,316,349,349,366,366,366,366,366,57,90,90,90],"floor_reached":55,"playtime":1902,"items_purged":["Regret","Strike_R","Strike_R"],"score":1397,"play_id":"e3c82d26-9332-467d-9060-a24f90e75b53","local_time":"20201209091809","is_ascension_mode":true,"campfire_choices":[{"data":"Flex","floor":8,"key":"SMITH"},{"data":"Pummel","floor":15,"key":"SMITH"},{"floor":32,"key":"REST"},{"floor":44,"key":"RECALL"},{"data":"Limit Break","floor":49,"key":"SMITH"},{"data":"Double Tap","floor":52,"key":"SMITH"}],"neow_cost":"NONE","seed_source_timestamp":1371114214199000,"circlet_count":0,"master_deck":["Strike_R","Defend_R","Defend_R+1","Defend_R","Defend_R","Bash","Twin Strike+1","Flex+1","Cleave","Twin Strike+1","Pummel+1","Double Tap+1","Flex","Sword Boomerang","Warcry","Pummel","Warcry+1","Spot Weakness","Reaper","Heavy Blade+1","Flex+1","Limit Break+1","Warcry+1","Warcry+1","Limit Break+1","Battle Trance+1","Reaper","Demon Form"],"relics":["Burning Blood","NeowsBlessing","Red Skull","Potion Belt","Orichalcum","Regal Pillow","Shuriken","InkBottle","Letter Opener","Sozu","Bag of Marbles","Bronze Scales","Gremlin Horn","Sundial","Philosopher\u0027s Stone","WingedGreaves","Bottled Flame","Anchor","HornCleat","Toxic Egg 2","Lantern","DollysMirror","FossilizedHelix"],"potions_floor_usage":[10,14,55,55],"damage_taken":[{"damage":0,"enemies":"Jaw Worm","floor":1,"turns":1},{"damage":0,"enemies":"2 Louse","floor":4,"turns":1},{"damage":1,"enemies":"3 Sentries","floor":6,"turns":2},{"damage":0,"enemies":"Cultist","floor":7,"turns":2},{"damage":18,"enemies":"Gremlin Nob","floor":10,"turns":4},{"damage":28,"enemies":"Lagavulin","floor":12,"turns":5},{"damage":3,"enemies":"Large Slime","floor":13,"turns":3},{"damage":13,"enemies":"Gremlin Nob","floor":14,"turns":3},{"damage":5,"enemies":"Slime Boss","floor":16,"turns":7},{"damage":8,"enemies":"3 Byrds","floor":18,"turns":4},{"damage":2,"enemies":"Chosen","floor":22,"turns":3},{"damage":39,"enemies":"Slavers","floor":23,"turns":3},{"damage":17,"enemies":"Centurion and Healer","floor":24,"turns":2},{"damage":5,"enemies":"Chosen and Byrds","floor":27,"turns":2},{"damage":0,"enemies":"Gremlin Leader","floor":28,"turns":2},{"damage":0,"enemies":"3 Cultists","floor":29,"turns":3},{"damage":28,"enemies":"Slavers","floor":30,"turns":3},{"damage":14,"enemies":"Shelled Parasite and Fungi","floor":31,"turns":2},{"damage":27,"enemies":"Champ","floor":33,"turns":5},{"damage":39,"enemies":"3 Shapes","floor":35,"turns":3},{"damage":21,"enemies":"Mind Bloom Boss Battle","floor":36,"turns":4},{"damage":0,"enemies":"3 Darklings","floor":37,"turns":1},{"damage":14,"enemies":"Nemesis","floor":40,"turns":3},{"damage":0,"enemies":"Reptomancer","floor":41,"turns":2},{"damage":45,"enemies":"Giant Head","floor":42,"turns":6},{"damage":0,"enemies":"Writhing Mass","floor":45,"turns":1},{"damage":0,"enemies":"Reptomancer","floor":46,"turns":3},{"damage":12,"enemies":"Sphere and 2 Shapes","floor":48,"turns":2},{"damage":61,"enemies":"Time Eater","floor":50,"turns":5},{"damage":4,"enemies":"Shield and Spear","floor":54,"turns":2},{"damage":118,"enemies":"The Heart","floor":55,"turns":5}],"seed_played":"-7181153617694911712","potions_obtained":[{"floor":6,"key":"Explosive Potion"},{"floor":7,"key":"Regen Potion"},{"floor":12,"key":"Energy Potion"},{"floor":14,"key":"ColorlessPotion"}],"is_trial":false,"path_per_floor":["M","$","?","M","?","E","M","R","T","E","T","E","M","E","R","B",null,"M","$","?","?","M","E","M","?","T","M","E","M","E","M","R","B",null,"M","?","M","?","$","E","E","E","T","R","M","E","?","M","R","B",null,"R","$","E","B"],"character_chosen":"IRONCLAD","items_purchased":["Flex","Flex","Bag of Marbles","Sword Boomerang","Limit Break","Battle Trance+1","DollysMirror"],"campfire_rested":1,"item_purchase_floors":[2,19,19,19,39,53,53],"current_hp_per_floor":[78,78,62,68,68,73,79,79,79,67,67,45,48,46,46,47,72,70,70,70,70,74,41,30,30,30,31,37,43,21,13,52,31,68,35,36,42,42,42,34,40,14,14,14,20,76,76,70,70,51,73,73,73,75,0,0],"gold":90,"neow_bonus":"THREE_ENEMY_KILL","is_prod":false,"is_daily":false,"chose_seed":false,"campfire_upgraded":4,"win_rate":0,"timestamp":1607530689,"path_taken":["M","$","?","M","?","E","M","R","T","E","?","E","M","E","R","BOSS","M","$","?","?","M","E","?","?","T","?","E","M","E","M","R","BOSS","M","?","M","?","$","E","E","E","T","R","?","E","?","M","R","BOSS","R","$","E","BOSS"],"build_version":"2020-11-30","purchased_purges":3,"victory":false,"max_hp_per_floor":[80,80,80,80,80,80,80,80,80,80,80,80,80,80,80,80,80,80,80,80,80,80,80,80,80,80,80,80,80,80,80,80,80,80,80,80,80,80,80,80,80,80,80,80,80,80,80,80,80,80,80,80,80,80,80,80],"card_choices":[{"not_picked":["Wild Strike","Metallicize"],"picked":"Twin Strike","floor":1},{"not_picked":["Second Wind","True Grit","Perfected Strike"],"picked":"SKIP","floor":4},{"not_picked":["Iron Wave","Fire Breathing","Armaments"],"picked":"SKIP","floor":6},{"not_picked":["Anger","Wild Strike","Corruption"],"picked":"SKIP","floor":7},{"not_picked":["Immolate","Anger","Heavy Blade"],"picked":"SKIP","floor":10},{"not_picked":["Metallicize","Rage"],"picked":"Cleave","floor":12},{"not_picked":["Fire Breathing","Body Slam"],"picked":"Twin Strike","floor":13},{"not_picked":["Thunderclap","Evolve"],"picked":"Pummel","floor":14},{"not_picked":["Barricade","Immolate"],"picked":"Double Tap","floor":16},{"not_picked":["Headbutt","Perfected Strike","Rage"],"picked":"SKIP","floor":18},{"not_picked":["Uppercut","Thunderclap","Dual Wield"],"picked":"SKIP","floor":22},{"not_picked":["Wild Strike+1","Uppercut","Havoc"],"picked":"SKIP","floor":23},{"not_picked":["Bloodletting","Disarm+1"],"picked":"Warcry","floor":24},{"not_picked":["Dark Embrace","Armaments","Combust+1"],"picked":"SKIP","floor":27},{"not_picked":["Anger","Metallicize"],"picked":"Pummel","floor":28},{"not_picked":["Evolve","Iron Wave+1","Havoc"],"picked":"SKIP","floor":29},{"not_picked":["Combust","Dropkick+1"],"picked":"Warcry+1","floor":30},{"not_picked":["Heavy Blade","Reckless Charge"],"picked":"Spot Weakness","floor":31},{"not_picked":["Exhume","Feed"],"picked":"Reaper","floor":33},{"not_picked":["Reckless Charge","Flex"],"picked":"Heavy Blade+1","floor":35},{"not_picked":["Dropkick","Combust+1"],"picked":"Flex+1","floor":36},{"not_picked":["Shockwave+1","Clash+1","Armaments+1"],"picked":"SKIP","floor":37},{"not_picked":["Sentinel","Sword Boomerang","Heavy Blade+1"],"picked":"SKIP","floor":40},{"not_picked":["Impervious","Flex","Sword Boomerang+1"],"picked":"SKIP","floor":41},{"not_picked":["Carnage+1","Fire Breathing+1"],"picked":"Warcry+1","floor":42},{"not_picked":["Reckless Charge+1","Inflame+1","Armaments+1"],"picked":"SKIP","floor":45},{"not_picked":["Burning Pact+1","Second Wind+1"],"picked":"Warcry+1","floor":46},{"not_picked":["Thunderclap","Hemokinesis+1","Sword Boomerang"],"picked":"SKIP","floor":48},{"not_picked":["Heavy Blade","Reckless Charge"],"picked":"Demon Form","floor":54}],"player_experience":338661,"relics_obtained":[{"floor":6,"key":"Potion Belt"},{"floor":9,"key":"Orichalcum"},{"floor":10,"key":"Regal Pillow"},{"floor":11,"key":"Shuriken"},{"floor":12,"key":"InkBottle"},{"floor":14,"key":"Letter Opener"},{"floor":23,"key":"Bronze Scales"},{"floor":28,"key":"Gremlin Horn"},{"floor":30,"key":"Sundial"},{"floor":36,"key":"WingedGreaves"},{"floor":40,"key":"Bottled Flame"},{"floor":41,"key":"Anchor"},{"floor":42,"key":"HornCleat"},{"floor":43,"key":"Toxic Egg 2"},{"floor":46,"key":"Lantern"},{"floor":54,"key":"FossilizedHelix"}],"event_choices":[{"damage_healed":0,"gold_gain":0,"player_choice":"Entered Light","damage_taken":16,"max_hp_gain":0,"max_hp_loss":0,"event_name":"Shining Light","floor":3,"gold_loss":0,"cards_upgraded":["Twin Strike","Defend_R"]},{"damage_healed":0,"gold_gain":0,"player_choice":"Box","damage_taken":0,"relics_obtained":["Red Skull"],"max_hp_gain":0,"max_hp_loss":0,"event_name":"Big Fish","floor":5,"gold_loss":0,"cards_obtained":["Regret"]},{"damage_healed":0,"gold_gain":0,"player_choice":"Ignored","damage_taken":0,"max_hp_gain":0,"max_hp_loss":0,"event_name":"Ghosts","floor":20,"gold_loss":0},{"damage_healed":0,"gold_gain":0,"player_choice":"Bought 0 Potions","damage_taken":0,"max_hp_gain":0,"max_hp_loss":0,"event_name":"The Woman in Blue","floor":21,"gold_loss":0},{"cards_removed":["Strike_R"],"damage_healed":0,"gold_gain":0,"player_choice":"Upgrade and Remove","damage_taken":0,"max_hp_gain":0,"max_hp_loss":0,"event_name":"Designer","floor":25,"gold_loss":90,"cards_upgraded":["Twin Strike"]},{"damage_healed":0,"gold_gain":0,"player_choice":"Fight","damage_taken":0,"max_hp_gain":0,"max_hp_loss":0,"event_name":"MindBloom","floor":36,"gold_loss":0},{"cards_removed":["Strike_R"],"damage_healed":0,"gold_gain":0,"player_choice":"Offered Basic","damage_taken":0,"max_hp_gain":0,"max_hp_loss":0,"event_name":"Bonfire Elementals","floor":38,"gold_loss":0},{"damage_healed":0,"gold_gain":0,"player_choice":"Copied","damage_taken":0,"max_hp_gain":0,"max_hp_loss":0,"event_name":"Duplicator","floor":47,"gold_loss":0,"cards_obtained":["Limit Break"]}],"is_beta":false,"boss_relics":[{"not_picked":["Ectoplasm","SacredBark"],"picked":"Sozu"},{"not_picked":["Runic Pyramid","Astrolabe"],"picked":"Philosopher\u0027s Stone"}],"items_purged_floors":[19,39,53],"is_endless":false,"potions_floor_spawned":[6,7,12,14,24,27,28,30,33,37,40,41,45],"killed_by":"The Heart","ascension_level":7}}