{"host":"h4390p13uu6iw1q5","time":1607488929,"event":{"gold_per_floor":[114,114,129,144,159,189,189,219,219,249,249,249,249,279,279,379,379,394,409,93,108,123,123,123],"floor_reached":23,"playtime":1673,"items_purged":[],"score":271,"play_id":"c05da5bf-446a-4609-b116-3a9c34fba9e8","local_time":"20201208234209","daily_mods":["SealedDeck","Purple Cards","Elite Swarm"],"is_ascension_mode":false,"campfire_choices":[{"data":"Omniscience","floor":7,"key":"SMITH"},{"data":"Establishment","floor":11,"key":"SMITH"},{"data":"Melter","floor":12,"key":"SMITH"},{"data":"Protect","floor":15,"key":"SMITH"}],"neow_cost":"","seed_source_timestamp":0,"circlet_count":0,"master_deck":["Double Energy","Rebound","FlyingSleeves","PathToVictory","PathToVictory","Double Energy","Sunder","Protect+1","WaveOfTheHand","TalkToTheHand","ThirdEye","Melter+1","Auto Shields","Doom and Gloom","PathToVictory","Omniscience+1","Creative AI","Establishment+1","MasterReality","Amplify","Sanctity","DeceiveReality","FlyingSleeves","Fusion","Self Repair","Hologram"],"special_seed":18605,"relics":["FrozenCore","WingedGreaves","Dream Catcher","Orichalcum","Bottled Flame","Centennial Puzzle","Bag of Preparation"],"potions_floor_usage":[5,14,16,21],"damage_taken":[{"damage":0,"enemies":"2 Louse","floor":1,"turns":1},{"damage":0,"enemies":"Cultist","floor":3,"turns":3},{"damage":0,"enemies":"Jaw Worm","floor":4,"turns":3},{"damage":1,"enemies":"Lots of Slimes","floor":5,"turns":3},{"damage":20,"enemies":"Lagavulin","floor":6,"turns":4},{"damage":2,"enemies":"Gremlin Nob","floor":8,"turns":4},{"damage":7,"enemies":"Lagavulin","floor":10,"turns":4},{"damage":13,"enemies":"Gremlin Nob","floor":14,"turns":3},{"damage":0,"enemies":"Hexaghost","floor":16,"turns":8},{"damage":17,"enemies":"3 Byrds","floor":18,"turns":7},{"damage":0,"enemies":"Spheric Guardian","floor":19,"turns":3},{"damage":22,"enemies":"Snake Plant","floor":21,"turns":5},{"damage":12,"enemies":"Centurion and Healer","floor":22,"turns":7},{"damage":18,"enemies":"Gremlin Leader","floor":23,"turns":8}],"seed_played":"4494449258677458329","potions_obtained":[{"floor":1,"key":"Energy Potion"},{"floor":4,"key":"EssenceOfSteel"},{"floor":5,"key":"FearPotion"},{"floor":10,"key":"Swift Potion"},{"floor":16,"key":"SteroidPotion"},{"floor":19,"key":"LiquidMemories"},{"floor":21,"key":"SteroidPotion"},{"floor":22,"key":"FairyPotion"}],"is_trial":false,"path_per_floor":["M","?","M","M","M","E","R","E","T","E","R","R","?","E","R","B",null,"M","M","$","M","M","E"],"character_chosen":"DEFECT","items_purchased":["Bag of Preparation","FlyingSleeves","Fusion","Self Repair"],"campfire_rested":0,"item_purchase_floors":[20,20,20,20],"current_hp_per_floor":[75,75,75,75,74,54,54,52,52,45,45,45,38,25,25,25,75,58,58,58,36,31,13,13],"gold":123,"neow_bonus":"","is_prod":false,"is_daily":true,"chose_seed":false,"campfire_upgraded":4,"win_rate":0,"timestamp":1607488929,"path_taken":["M","?","M","M","?","E","R","E","T","E","R","R","?","E","R","BOSS","M","M","$","M","M","E"],"build_version":"2020-11-30","purchased_purges":0,"victory":false,"max_hp_per_floor":[75,75,75,75,75,75,75,75,75,75,75,75,75,75,75,75,75,75,75,75,75,75,75,75],"card_choices":[{"not_picked":["CrushJoints","Evaluate"],"picked":"ThirdEye","floor":1},{"not_picked":["Consume","DeceiveReality"],"picked":"Auto Shields","floor":3},{"not_picked":["FlyingSleeves","Scrape"],"picked":"Doom and Gloom","floor":4},{"not_picked":["FlurryOfBlows","Capacitor"],"picked":"PathToVictory","floor":5},{"not_picked":["Meteor Strike","Alpha"],"picked":"Omniscience","floor":6},{"not_picked":["Omniscience","Scrawl"],"picked":"Creative AI","floor":8},{"not_picked":["Reboot","Alpha"],"picked":"Establishment","floor":10},{"not_picked":["Rainbow","Ragnarok"],"picked":"MasterReality","floor":14},{"not_picked":["Brilliance","Creative AI"],"picked":"Amplify","floor":16},{"not_picked":["BattleHymn","Turbo"],"picked":"Sanctity","floor":18},{"not_picked":["ReachHeaven","SashWhip"],"picked":"DeceiveReality","floor":19},{"not_picked":["Steam","ThirdEye"],"picked":"Hologram","floor":21},{"not_picked":["Nirvana","Perseverance","Scrape"],"picked":"SKIP","floor":22}],"player_experience":2364329,"relics_obtained":[{"floor":6,"key":"WingedGreaves"},{"floor":8,"key":"Dream Catcher"},{"floor":9,"key":"Orichalcum"},{"floor":10,"key":"Bottled Flame"},{"floor":14,"key":"Centennial Puzzle"}],"event_choices":[{"damage_healed":0,"gold_gain":0,"player_choice":"1 cards matched","damage_taken":0,"max_hp_gain":0,"max_hp_loss":0,"event_name":"Match and Keep!","floor":2,"gold_loss":0,"cards_obtained":["Melter"]},{"damage_healed":0,"gold_gain":0,"player_choice":"Damaged","damage_taken":7,"max_hp_gain":0,"max_hp_loss":0,"event_name":"Wheel of Change","floor":13,"gold_loss":0}],"is_beta":false,"boss_relics":[{"not_picked":["SlaversCollar","Empty Cage"],"picked":"FrozenCore"}],"items_purged_floors":[],"is_endless":false,"potions_floor_spawned":[1,4,5,10,16,19,21,22],"killed_by":"Gremlin Leader","ascension_level":0}}