{"host":"2pkirg8lp2j2yw4c","time":1607488592,"event":{"gold_per_floor":[113,126,26,26,41,67,82,113,140,140,164,178,219,233,233,353,353,378,229,248,248,263,307,307,307],"floor_reached":24,"playtime":1078,"items_purged":["Shame"],"score":289,"play_id":"944b0e0e-fc92-4808-8448-0767b5bf1628","local_time":"20201208233632","is_ascension_mode":true,"campfire_choices":[{"floor":15.0,"key":"REST"}],"neow_cost":"CURSE","seed_source_timestamp":162947529834000,"circlet_count":0,"master_deck":["Defend_R","Defend_R","Defend_R","Defend_R","Bash","Thunderclap","Iron Wave","Flex","Spot Weakness","Ghostly Armor","Sword Boomerang","Anger","Limit Break","CurseOfTheBell","Cleave","Dual Wield","Inflame","Bite","Bite","Bite","Bite","Bite"],"special_seed":0,"relics":["Burning Blood","CaptainsWheel","Regal Pillow","Toy Ornithopter","Happy Flower","Golden Idol","Boot","Calling Bell","InkBottle","Runesmith:Locket","Toxic Egg 2"],"potions_floor_usage":[22],"damage_taken":[{"damage":4.0,"enemies":"Jaw Worm","floor":1.0,"turns":5.0},{"damage":0.0,"enemies":"2 Louse","floor":2.0,"turns":3.0},{"damage":1.0,"enemies":"Cultist","floor":5.0,"turns":3.0},{"damage":23.0,"enemies":"Gremlin Nob","floor":6.0,"turns":5.0},{"damage":19.0,"enemies":"3 Louse","floor":7.0,"turns":4.0},{"damage":31.0,"enemies":"Lagavulin","floor":8.0,"turns":8.0},{"damage":3.0,"enemies":"Blue Slaver","floor":11.0,"turns":3.0},{"damage":0.0,"enemies":"Large Slime","floor":12.0,"turns":4.0},{"damage":21.0,"enemies":"3 Sentries","floor":13.0,"turns":7.0},{"damage":9.0,"enemies":"Lots of Slimes","floor":14.0,"turns":3.0},{"damage":13.0,"enemies":"Slime Boss","floor":16.0,"turns":7.0},{"damage":4.0,"enemies":"Spheric Guardian","floor":18.0,"turns":4.0},{"damage":16.0,"enemies":"3 Byrds","floor":20.0,"turns":5.0},{"damage":57,"enemies":"Snake Plant","floor":22,"turns":5},{"damage":30,"enemies":"Book of Stabbing","floor":23,"turns":4},{"damage":1,"enemies":"Chosen and Byrds","floor":24,"turns":1}],"seed_played":"-4286698842150106299","potions_obtained":[{"floor":6.0,"key":"Strength Potion"},{"floor":7.0,"key":"SteroidPotion"},{"floor":11.0,"key":"LiquidBronze"},{"floor":14.0,"key":"Ancient Potion"},{"floor":18.0,"key":"Swift Potion"},{"floor":22,"key":"Ancient Potion"}],"is_trial":false,"path_per_floor":["M","M","$","?","M","E","M","E","T","?","M","M","E","M","R","B",null,"M","$","M","?","M","E","M"],"character_chosen":"IRONCLAD","items_purchased":["Flex","Dual Wield","Inflame"],"campfire_rested":1,"item_purchase_floors":[3,19,19],"current_hp_per_floor":[80,80,80,73,78,61,48,23,23,23,26,32,22,19,56,59,74,74,74,64,64,28,8,7,7],"gold":307,"neow_bonus":"ONE_RARE_RELIC","is_prod":false,"is_daily":false,"chose_seed":false,"campfire_upgraded":0,"win_rate":0,"timestamp":1607488592,"path_taken":["M","M","$","?","M","E","M","E","T","?","M","M","E","M","R","BOSS","M","$","M","?","M","E","M"],"build_version":"2020-11-30","purchased_purges":1,"victory":false,"max_hp_per_floor":[80,80,80,80,80,80,80,80,80,74,74,74,74,74,74,74,74,74,74,74,74,74,74,74,74],"card_choices":[{"not_picked":["Armaments","Feel No Pain"],"picked":"Thunderclap","floor":1.0},{"not_picked":["Infernal Blade","Body Slam"],"picked":"Iron Wave","floor":2.0},{"not_picked":["Dropkick","Shrug It Off"],"picked":"Spot Weakness","floor":5.0},{"not_picked":["Fire Breathing","Power Through","Feel No Pain"],"picked":"SKIP","floor":6.0},{"not_picked":["Clothesline","Offering"],"picked":"Ghostly Armor","floor":7.0},{"not_picked":["True Grit","Uppercut","Disarm"],"picked":"SKIP","floor":8.0},{"not_picked":["Evolve","Thunderclap"],"picked":"Sword Boomerang","floor":11.0},{"not_picked":["Body Slam","Iron Wave","Clothesline"],"picked":"SKIP","floor":12.0},{"not_picked":["Warcry","Body Slam"],"picked":"Anger","floor":13.0},{"not_picked":["Headbutt","Thunderclap","Uppercut"],"picked":"SKIP","floor":14.0},{"not_picked":["Berserk","Impervious"],"picked":"Limit Break","floor":16.0},{"not_picked":["Bloodletting","Shrug It Off"],"picked":"Cleave","floor":18.0},{"not_picked":["Clash+1","Cleave","True Grit+1"],"picked":"SKIP","floor":20.0},{"not_picked":["Entrench","Perfected Strike","Havoc"],"picked":"SKIP","floor":22},{"not_picked":["Searing Blow","Thunderclap+1","Clash"],"picked":"SKIP","floor":23}],"player_experience":152221,"relics_obtained":[{"floor":6.0,"key":"Regal Pillow"},{"floor":8.0,"key":"Toy Ornithopter"},{"floor":9.0,"key":"Happy Flower"},{"floor":13.0,"key":"Boot"},{"floor":17.0,"key":"Blood Vial"},{"floor":17.0,"key":"InkBottle"},{"floor":17.0,"key":"Runesmith:Locket"},{"floor":23,"key":"Toxic Egg 2"}],"event_choices":[{"cards_removed":["Strike_R"],"damage_healed":0.0,"max_hp_gain":0.0,"max_hp_loss":0.0,"gold_gain":0.0,"event_name":"Golden Wing","player_choice":"Card Removal","floor":4.0,"gold_loss":0.0,"damage_taken":7.0},{"damage_healed":0.0,"max_hp_gain":0.0,"max_hp_loss":6.0,"gold_gain":0.0,"event_name":"Golden Idol","player_choice":"Lose Max HP","floor":10.0,"gold_loss":0.0,"damage_taken":0.0,"relics_obtained":["Golden Idol"]},{"damage_healed":0.0,"max_hp_gain":0.0,"max_hp_loss":0.0,"gold_gain":0.0,"event_name":"Vampires","player_choice":"Became a vampire (Vial)","floor":21.0,"relics_lost":["Blood Vial"],"gold_loss":0.0,"damage_taken":0.0,"cards_obtained":["Bite","Bite","Bite","Bite","Bite"]}],"is_beta":false,"boss_relics":[{"not_picked":["Astrolabe","Runic Cube"],"picked":"Calling Bell"}],"items_purged_floors":[3],"is_endless":false,"potions_floor_spawned":[6,7,11,14,18,22],"killed_by":"Chosen and Byrds","ascension_level":2}}