{"host":"on8rz1ayhhz269sg","time":1607505951,"event":{"gold_per_floor":[110,110,110,130,149,167,77,97,97,110,110,130,130,148,148,148,148],"floor_reached":16,"playtime":1544,"items_purged":[],"score":96,"play_id":"b482f8a2-df68-4922-ab9d-58fbce51597a","local_time":"20201209172551","is_ascension_mode":false,"campfire_choices":[{"floor":11,"key":"REST"},{"data":"HollowMod:NewGlowingWomb","floor":13,"key":"SMITH"},{"floor":15,"key":"REST"}],"neow_cost":"NONE","seed_source_timestamp":102903757597700,"circlet_count":0,"master_deck":["HollowMod:NailStrikeStart","HollowMod:NailStrikeStart","HollowMod:NailStrikeStart","HollowMod:NailStrikeStart","HollowMod:QuickDashStart","HollowMod:QuickDashStart","HollowMod:QuickDashStart","HollowMod:FocusHealStart","HollowMod:PogoStrike","HollowMod:NewGlowingWomb+1","HollowMod:VengefulVoid","HollowMod:LifebloodCore","Flash of Steel","HollowMod:DashSlash","HollowMod:QuirrelsAssistance","HollowMod:NewLittleFool","HollowMod:SharpenedNail","HollowMod:SoulShaman","HollowMod:SoulStrike","HollowMod:LifebloodCocoon","HollowMod:SoulVessel","HollowMod:FastStrike"],"relics":["HollowMod:VesselMask","NeowsBlessing","Strawberry"],"potions_floor_usage":[16,16],"damage_taken":[{"damage":0,"enemies":"Small Slimes","floor":1,"turns":1},{"damage":0,"enemies":"2 Louse","floor":4,"turns":1},{"damage":0,"enemies":"Cultist","floor":5,"turns":1},{"damage":22,"enemies":"Exordium Wildlife","floor":6,"turns":5},{"damage":34,"enemies":"HollowMod:HuskWarrior","floor":8,"turns":6},{"damage":7,"enemies":"Large Slime","floor":10,"turns":7},{"damage":14,"enemies":"Exordium Thugs","floor":12,"turns":6},{"damage":26,"enemies":"Red Slaver","floor":14,"turns":4},{"damage":62,"enemies":"Hexaghost","floor":16,"turns":10}],"seed_played":"1254096106558792965","potions_obtained":[{"floor":8,"key":"LiquidMemories"},{"floor":10,"key":"Dexterity Potion"},{"floor":14,"key":"Energy Potion"}],"is_trial":false,"path_per_floor":["M","?","?","M","M","M","$","M","T","M","R","M","R","M","R","B"],"character_chosen":"THE_BUGKNIGHT","items_purchased":["HollowMod:SharpenedNail","HollowMod:SoulShaman"],"campfire_rested":2,"item_purchase_floors":[7,7],"current_hp_per_floor":[75,75,75,75,75,59,59,25,32,31,55,41,41,21,45,0,0],"gold":148,"neow_bonus":"THREE_ENEMY_KILL","is_prod":false,"is_daily":false,"chose_seed":false,"campfire_upgraded":1,"win_rate":0.0,"timestamp":1607505951,"path_taken":["M","?","?","M","?","M","$","M","T","M","R","M","R","M","R","BOSS"],"build_version":"2020-11-30","purchased_purges":0,"victory":false,"max_hp_per_floor":[75,75,75,75,75,75,75,75,82,82,82,82,82,82,82,82,82],"card_choices":[{"not_picked":["HollowMod:CornifersMapStart","HollowMod:LifebloodCocoon"],"picked":"HollowMod:NewGlowingWomb","floor":1},{"not_picked":["HollowMod:CornifersMapStart","HollowMod:NewJinnsSoul"],"picked":"HollowMod:DashSlash","floor":4},{"not_picked":["HollowMod:CycloneSlash","HollowMod:NewJinnsSoul"],"picked":"HollowMod:QuirrelsAssistance","floor":5},{"not_picked":["HollowMod:CornifersMapStart","HollowMod:CrystalDash"],"picked":"HollowMod:NewLittleFool","floor":6},{"not_picked":["HollowMod:VengefulVoid","HollowMod:SlysStrikes"],"picked":"HollowMod:SoulStrike","floor":8},{"not_picked":["HollowMod:CornifersMapStart","HollowMod:VengefulVoid"],"picked":"HollowMod:LifebloodCocoon","floor":10},{"not_picked":["HollowMod:HowlingWraiths","HollowMod:RecoilStrike"],"picked":"HollowMod:SoulVessel","floor":12},{"not_picked":["HollowMod:DreamGate","HollowMod:DesolateDive"],"picked":"HollowMod:FastStrike","floor":14}],"player_experience":86903,"relics_obtained":[{"floor":9,"key":"Strawberry"}],"event_choices":[{"damage_healed":0,"gold_gain":0,"player_choice":"3 cards matched","damage_taken":0,"max_hp_gain":0,"max_hp_loss":0,"event_name":"Match and Keep!","floor":3,"gold_loss":0,"cards_obtained":["HollowMod:VengefulVoid","HollowMod:LifebloodCore","Flash of Steel"]}],"is_beta":false,"boss_relics":[],"items_purged_floors":[],"is_endless":false,"potions_floor_spawned":[8,10,14],"killed_by":"Hexaghost","ascension_level":0}}