{"host":"rmsq46plbpwfbxcc","time":1607528222,"event":{"gold_per_floor":[116,126,126,126,126,126,126,126,126,126,161,86,112,125,125,198,198,214,233,123,8,8,36,36,36,83,83,83,117,117,134,134,208,208,225,236,236,253,72,72,72,72],"floor_reached":41,"playtime":998,"items_purged":["Strike_G","Writhe"],"score":824,"play_id":"e241070e-6faa-4dcf-8586-d6e17ab7b0f1","local_time":"20201210003702","is_ascension_mode":true,"campfire_choices":[{"data":"Neutralize","floor":6.0,"key":"SMITH"},{"data":"Dash","floor":8.0,"key":"SMITH"},{"data":"Survivor","floor":10.0,"key":"SMITH"},{"data":"Phantasmal Killer","floor":15.0,"key":"SMITH"},{"data":"Cloak And Dagger","floor":24.0,"key":"SMITH"},{"floor":32.0,"key":"REST"},{"data":"Noxious Fumes","floor":40,"key":"SMITH"}],"neow_cost":"NONE","seed_source_timestamp":0,"circlet_count":0,"master_deck":["AscendersBane","Strike_G+1","Strike_G","Strike_G+1","Defend_G","Defend_G","Defend_G","Defend_G","Survivor+1","Neutralize+1","Dash+1","Blur","Phantasmal Killer+1","Choke+1","Die Die Die+1","Terror+1","Cloak And Dagger+1","Tactician","Shame","Slice+1","Well Laid Plans","Adrenaline","Acrobatics","Blur","Madness","Madness","Parasite","Noxious Fumes+1"],"special_seed":0,"relics":["Ring of the Snake","NeowsBlessing","Toy Ornithopter","Juzu Bracelet","InkBottle","Molten Egg 2","Philosopher\u0027s Stone","Kunai","Whetstone","Bag of Preparation","Vajra","Blue Candle","Meat on the Bone","Sozu"],"potions_floor_usage":[],"damage_taken":[{"damage":0.0,"enemies":"Cultist","floor":1.0,"turns":1.0},{"damage":0.0,"enemies":"Jaw Worm","floor":2.0,"turns":1.0},{"damage":0.0,"enemies":"Lagavulin","floor":11.0,"turns":1.0},{"damage":12.0,"enemies":"Gremlin Nob","floor":13.0,"turns":5.0},{"damage":0.0,"enemies":"2 Louse","floor":14.0,"turns":3.0},{"damage":16.0,"enemies":"Hexaghost","floor":16.0,"turns":16.0},{"damage":2.0,"enemies":"Chosen","floor":18.0,"turns":6.0},{"damage":5.0,"enemies":"Shell Parasite","floor":19.0,"turns":4.0},{"damage":40.0,"enemies":"Book of Stabbing","floor":23.0,"turns":6.0},{"damage":3.0,"enemies":"Gremlin Leader","floor":29.0,"turns":4.0},{"damage":3.0,"enemies":"Snecko","floor":31.0,"turns":3.0},{"damage":24.0,"enemies":"Champ","floor":33.0,"turns":10.0},{"damage":0,"enemies":"Orb Walker","floor":35,"turns":2},{"damage":2,"enemies":"3 Darklings","floor":36,"turns":3},{"damage":2,"enemies":"Writhing Mass","floor":38,"turns":6},{"damage":45,"enemies":"2 Orb Walkers","floor":41,"turns":5}],"seed_played":"-3270165353253335440","potions_obtained":[{"floor":2.0,"key":"AttackPotion"},{"floor":14.0,"key":"Explosive Potion"},{"floor":19.0,"key":"Fire Potion"},{"floor":33.0,"key":"Weak Potion"}],"is_trial":false,"path_per_floor":["M","M","?","?","?","R","?","R","T","R","E","?","E","M","R","B",null,"M","M","?","$","T","E","R","$","T","$","?","E","?","M","R","B",null,"M","M","?","M","$","R","?"],"character_chosen":"THE_SILENT","items_purchased":["Tactician","Noxious Fumes"],"campfire_rested":1,"item_purchase_floors":[21,39],"current_hp_per_floor":[59,59,33,38,38,38,34,34,34,34,34,34,27,27,27,11,56,54,49,49,49,49,14,14,14,14,14,14,11,11,20,41,34,62,62,60,47,45,45,45,0,0],"gold":72,"neow_bonus":"THREE_ENEMY_KILL","is_prod":false,"is_daily":false,"chose_seed":false,"campfire_upgraded":6,"win_rate":0,"timestamp":1607528222,"path_taken":["M","?","?","?","?","R","?","R","T","R","E","?","E","M","R","BOSS","M","M","?","$","?","E","R","$","T","?","?","E","?","M","R","BOSS","M","M","?","M","$","R","?"],"build_version":"2020-11-30","purchased_purges":2,"victory":false,"max_hp_per_floor":[66,66,66,71,71,71,71,71,71,71,71,71,71,71,71,71,71,71,71,71,71,71,71,71,71,71,71,71,71,71,71,71,71,71,71,71,71,71,71,71,71,71],"card_choices":[{"not_picked":["Dagger Throw","Sucker Punch"],"picked":"Dash","floor":1.0},{"not_picked":["Caltrops","Flying Knee","Masterful Stab"],"picked":"SKIP","floor":2.0},{"not_picked":["Footwork","Flying Knee"],"picked":"Blur","floor":11.0},{"not_picked":["Quick Slash+1","PiercingWail"],"picked":"Phantasmal Killer","floor":13.0},{"not_picked":["Flechettes+1","Flying Knee+1"],"picked":"Choke+1","floor":14.0},{"not_picked":["Tools of the Trade","Burst"],"picked":"Die Die Die+1","floor":16.0},{"not_picked":["Bouncing Flask","Distraction"],"picked":"Terror","floor":18.0},{"not_picked":["Masterful Stab+1","Flying Knee+1"],"picked":"Cloak And Dagger","floor":19.0},{"not_picked":["Distraction","Setup","Dagger Throw+1"],"picked":"SKIP","floor":23.0},{"not_picked":["Grand Finale+1","Bane+1"],"picked":"Slice+1","floor":29.0},{"not_picked":["Dagger Throw+1","Deadly Poison"],"picked":"Well Laid Plans","floor":31.0},{"not_picked":["Grand Finale+1","Venomology"],"picked":"Adrenaline","floor":33.0},{"not_picked":["Deflect","Bane+1"],"picked":"Acrobatics","floor":35},{"not_picked":["Setup+1","Prepared"],"picked":"Blur","floor":36},{"not_picked":["Backflip","Outmaneuver","Sucker Punch+1"],"picked":"SKIP","floor":38}],"player_experience":1296307,"relics_obtained":[{"floor":9.0,"key":"Juzu Bracelet"},{"floor":11.0,"key":"InkBottle"},{"floor":13.0,"key":"Molten Egg 2"},{"floor":22.0,"key":"Kunai"},{"floor":23.0,"key":"Whetstone"},{"floor":26.0,"key":"Bag of Preparation"},{"floor":29.0,"key":"Blue Candle"}],"event_choices":[{"damage_healed":0.0,"max_hp_gain":0.0,"max_hp_loss":0.0,"gold_gain":0.0,"event_name":"Scrap Ooze","player_choice":"Success","floor":3.0,"gold_loss":0.0,"damage_taken":26.0,"relics_obtained":["Toy Ornithopter"]},{"damage_healed":0.0,"max_hp_gain":5.0,"max_hp_loss":0.0,"gold_gain":0.0,"event_name":"Big Fish","player_choice":"Donut","floor":4.0,"gold_loss":0.0,"damage_taken":0.0},{"damage_healed":0.0,"max_hp_gain":0.0,"max_hp_loss":0.0,"gold_gain":0.0,"event_name":"Liars Game","player_choice":"Ignored","floor":5.0,"gold_loss":0.0,"damage_taken":0.0},{"damage_healed":0.0,"max_hp_gain":0.0,"max_hp_loss":0.0,"gold_gain":0.0,"event_name":"The Woman in Blue","player_choice":"Bought 0 Potions","floor":7.0,"gold_loss":0.0,"damage_taken":0.0},{"cards_removed":["Strike_G"],"damage_healed":0.0,"max_hp_gain":0.0,"max_hp_loss":0.0,"gold_gain":0.0,"event_name":"The Cleric","player_choice":"Card Removal","floor":12.0,"gold_loss":75.0,"damage_taken":0.0},{"cards_removed":["Defend_G"],"damage_healed":0.0,"max_hp_gain":0.0,"max_hp_loss":0.0,"gold_gain":0.0,"event_name":"Designer","player_choice":"Upgrade and Remove","floor":20.0,"gold_loss":110.0,"damage_taken":0.0,"cards_upgraded":["Terror"]},{"damage_healed":0.0,"max_hp_gain":0.0,"max_hp_loss":0.0,"gold_gain":0.0,"event_name":"Addict","player_choice":"Stole Relic","floor":28.0,"gold_loss":0.0,"damage_taken":0.0,"relics_obtained":["Vajra"],"cards_obtained":["Shame"]},{"damage_healed":0.0,"max_hp_gain":0.0,"max_hp_loss":0.0,"gold_gain":0.0,"event_name":"The Mausoleum","player_choice":"Opened","floor":30.0,"gold_loss":0.0,"damage_taken":0.0,"relics_obtained":["Meat on the Bone"],"cards_obtained":["Writhe"]},{"damage_healed":0,"gold_gain":0,"player_choice":"Embrace Madness","damage_taken":13,"max_hp_gain":0,"max_hp_loss":0,"event_name":"Winding Halls","floor":37,"gold_loss":0,"cards_obtained":["Madness","Madness"]},{"damage_healed":0,"gold_gain":0,"player_choice":"Fight","damage_taken":0,"max_hp_gain":0,"max_hp_loss":0,"event_name":"Mysterious Sphere","floor":41,"gold_loss":0}],"is_beta":false,"boss_relics":[{"not_picked":["Snecko Eye","Ectoplasm"],"picked":"Philosopher\u0027s Stone"},{"not_picked":["HoveringKite","Pandora\u0027s Box"],"picked":"Sozu"}],"items_purged_floors":[21,39],"is_endless":false,"potions_floor_spawned":[2,14,19,33],"killed_by":"2 Orb Walkers","ascension_level":16}}