{"host":"woah5shdh5xsovm3","time":1607548826,"event":{"gold_per_floor":[109,109,109,124,124,124,159,170,196,229,279,293,306,68,68,167,167,182,195,95,95,10,10,10,40,95,194,204,304,304,319,319,417,467,483,483,529,529,540,556,556,110,133,133,133],"floor_reached":44,"playtime":1601,"items_purged":["Hallucinations","HollowMod:NailStrikeStart","HollowMod:FocusHealStart"],"score":484,"play_id":"41f80d2c-ac30-44e9-b6c6-4327905c738f","local_time":"20201209152026","is_ascension_mode":false,"campfire_choices":[{"data":"HollowMod:GrimmsGift","floor":6,"key":"SMITH"},{"floor":11,"key":"REST"},{"floor":15,"key":"REST"},{"floor":23,"key":"REST"},{"floor":30,"key":"REST"},{"floor":32,"key":"REST"},{"floor":41,"key":"REST"}],"neow_cost":"NONE","seed_source_timestamp":667025099661100,"circlet_count":0,"master_deck":["HollowMod:NailStrikeStart","HollowMod:QuickDashStart","HollowMod:QuickDashStart","HollowMod:QuickDashStart","HollowMod:QuickDashStart+1","HollowMod:PogoStrike","HollowMod:GrimmsGift+1","ReplayTheSpireMod:Haul","expansioncontent:Chronoboost+1","HollowMod:SiblingsSouls","HollowMod:SharpenedShadows","HollowMod:BlackTendrils","HollowMod:BlackTendrils","HollowMod:DescendingDark","HollowMod:MantisMark+1","HollowMod:WraithStrike","HollowMod:VoidDash","HollowMod:SiblingsShadow","ReplayTheSpireMod:Echoes of Time","HollowMod:SoulMaster","HollowMod:AbyssShriek","HollowMod:HuntersJournal+1","HollowMod:SiblingsShadow+1"],"relics":["HollowMod:VesselMask","NeowsBlessing","hubris:MobiusCoin","ReplayTheSpireMod:CursedCoin","Letter Opener","hubris:ScarierMask","HollowMod:StagPassRelic","Bag of Marbles","HollowMod:MantisClawRelic","HollowMod:MillibellesNoteRelic","construct:WeddingRing","hubris:MedicalManual","hubris:Icosahedron","War Paint","TheAbacus","hubris:SlimyHat"],"potions_floor_usage":[8,10,16,16,25,33,33],"damage_taken":[{"damage":0,"enemies":"Jaw Worm","floor":1,"turns":1},{"damage":0,"enemies":"2 Louse","floor":4,"turns":1},{"damage":0,"enemies":"3 Sentries","floor":7,"turns":1},{"damage":0,"enemies":"Cultist","floor":8,"turns":2},{"damage":34,"enemies":"Gremlin Nob","floor":10,"turns":4},{"damage":20,"enemies":"Blue Slaver","floor":12,"turns":5},{"damage":13,"enemies":"Red Slaver","floor":13,"turns":5},{"damage":48,"enemies":"Fading Forest","floor":16,"turns":11},{"damage":30,"enemies":"Shell Parasite","floor":18,"turns":4},{"damage":5,"enemies":"3 Byrds","floor":19,"turns":3},{"damage":72,"enemies":"Book of Stabbing","floor":25,"turns":6},{"damage":0,"enemies":"Cultist and Chosen","floor":28,"turns":3},{"damage":7,"enemies":"3 Cultists","floor":31,"turns":3},{"damage":99,"enemies":"HollowMod:NKGrimm","floor":33,"turns":13},{"damage":17,"enemies":"3 Shapes","floor":35,"turns":2},{"damage":35,"enemies":"2 Orb Walkers","floor":37,"turns":4},{"damage":29,"enemies":"Orb Walker","floor":39,"turns":4},{"damage":6,"enemies":"Jaw Worm Horde","floor":40,"turns":2},{"damage":49,"enemies":"Nightmare","floor":44,"turns":3}],"seed_played":"3017074853569225838","potions_obtained":[{"floor":1,"key":"Fire Potion"},{"floor":7,"key":"Fire Potion"},{"floor":10,"key":"EntropicBrew"},{"floor":19,"key":"SteroidPotion"},{"floor":25,"key":"Languid Potion"},{"floor":31,"key":"Adrenaline Potion"},{"floor":37,"key":"Elixir"}],"is_trial":false,"path_per_floor":["M","?","?","M","?","R","E","M","T","E","R","M","M","$","R","B",null,"M","M","$","?","?","R","AVR","E","T","?","M","?","R","M","R","B",null,"M","?","?","?","M","M","R","$","T","NM"],"character_chosen":"THE_BUGKNIGHT","items_purchased":["ReplayTheSpireMod:CursedCoin","Letter Opener","HollowMod:WraithStrike","War Paint","TheAbacus","HollowMod:SiblingsShadow"],"campfire_rested":6,"item_purchase_floors":[14,14,14,42,42,42],"current_hp_per_floor":[75,56,56,56,56,56,56,58,58,28,50,33,26,26,48,36,75,49,48,48,48,48,70,70,20,20,20,24,24,46,57,75,11,75,74,74,46,46,25,19,41,41,41,0,0],"gold":133,"neow_bonus":"THREE_ENEMY_KILL","is_prod":false,"is_daily":false,"chose_seed":false,"campfire_upgraded":1,"win_rate":0,"timestamp":1607548826,"path_taken":["M","?","?","?","?","R","E","M","T","E","R","?","M","$","R","BOSS","M","M","$","?","?","R","AVR","E","T","?","M","?","R","?","R","BOSS","M","?","?","?","M","M","R","$","T","NM"],"build_version":"2020-11-30","purchased_purges":3,"victory":false,"max_hp_per_floor":[75,75,75,75,75,75,75,75,75,75,75,75,75,75,75,75,75,75,75,75,75,75,75,75,75,75,75,75,75,75,75,75,75,75,75,75,75,75,75,75,75,75,75,75,75],"card_choices":[{"not_picked":["HollowMod:ChannelNail","HollowMod:SoulVessel"],"picked":"HollowMod:GrimmsGift","floor":1},{"not_picked":["infinitespire:SealOfDarkness+","infinitespire:TheBestDefense"],"picked":"ReplayTheSpireMod:Haul","floor":2},{"not_picked":["HollowMod:NewJinnsSoul","HollowMod:HeavyBlow"],"picked":"HollowMod:SharpenedShadows","floor":4},{"not_picked":["HollowMod:DesolateDive","HollowMod:CloakDash"],"picked":"HollowMod:BlackTendrils","floor":7},{"not_picked":["HollowMod:HowlingWraiths","HollowMod:SoulVessel"],"picked":"HollowMod:BlackTendrils","floor":8},{"not_picked":["HollowMod:VengefulSpirit","HollowMod:HowlingWraiths","HollowMod:SoulStrike"],"picked":"SKIP","floor":10},{"not_picked":["HollowMod:VengefulVoid","HollowMod:InfectedAttack"],"picked":"HollowMod:DescendingDark","floor":12},{"not_picked":["HollowMod:QuirrelsAssistance","HollowMod:SoulSplash"],"picked":"HollowMod:MantisMark","floor":13},{"not_picked":["HollowMod:LifebloodCore","HollowMod:AwokenDreamNail"],"picked":"HollowMod:VoidDash","floor":16},{"not_picked":["HollowMod:HuntersJournal","HollowMod:InfectedCysts+1"],"picked":"HollowMod:SiblingsShadow","floor":18},{"not_picked":["HollowMod:InfectedAttack+1","HollowMod:DescendingDark","HollowMod:SiblingsSouls+1"],"picked":"SKIP","floor":19},{"not_picked":["HollowMod:LifebloodCocoon+1","HollowMod:Hiveblood","HollowMod:BrokenVessel"],"picked":"SKIP","floor":25},{"not_picked":["HollowMod:FastStrike","HollowMod:SoulEater+1","HollowMod:TaintedHusks"],"picked":"SKIP","floor":28},{"not_picked":["HollowMod:SiblingsSouls","HollowMod:FallenFury+1","HollowMod:CrystalDash"],"picked":"SKIP","floor":31},{"not_picked":["HollowMod:Weaversong","HollowMod:ElderbugsWisdom"],"picked":"HollowMod:SoulMaster","floor":33},{"not_picked":["HollowMod:DreamGate","HollowMod:CloakDash+1","HollowMod:CycloneSlash+1"],"picked":"SKIP","floor":35},{"not_picked":["HollowMod:WraithStrike","HollowMod:CycloneSlash"],"picked":"HollowMod:AbyssShriek","floor":39},{"not_picked":["HollowMod:RecoilStrike","HollowMod:LifebloodCocoon+1"],"picked":"HollowMod:HuntersJournal+1","floor":40}],"player_experience":366493,"relics_obtained":[{"floor":10,"key":"hubris:MobiusCoin"},{"floor":25,"key":"HollowMod:MantisClawRelic"},{"floor":26,"key":"HollowMod:MillibellesNoteRelic"},{"floor":37,"key":"hubris:MedicalManual"},{"floor":43,"key":"hubris:SlimyHat"}],"event_choices":[{"damage_healed":0,"gold_gain":0,"player_choice":"2 cards matched","damage_taken":0,"max_hp_gain":0,"max_hp_loss":0,"event_name":"Match and Keep!","floor":3,"gold_loss":0,"cards_obtained":["expansioncontent:Chronoboost","HollowMod:SiblingsSouls"]},{"damage_healed":0,"gold_gain":0,"player_choice":"Upgraded","damage_taken":0,"max_hp_gain":0,"max_hp_loss":0,"event_name":"Upgrade Shrine","floor":5,"gold_loss":0,"cards_upgraded":["expansioncontent:Chronoboost"]},{"damage_healed":0,"gold_gain":0,"player_choice":"Obtained Relic","damage_taken":0,"relics_obtained":["HollowMod:StagPassRelic"],"max_hp_gain":0,"max_hp_loss":0,"event_name":"Addict","floor":22,"gold_loss":85},{"damage_healed":0,"gold_gain":99,"player_choice":"Stole From Cult","damage_taken":0,"max_hp_gain":0,"max_hp_loss":0,"event_name":"Nest","floor":27,"gold_loss":0},{"damage_healed":0,"gold_gain":100,"player_choice":"Pray","damage_taken":0,"max_hp_gain":0,"max_hp_loss":0,"event_name":"Golden Shrine","floor":29,"gold_loss":0},{"cards_removed":["HollowMod:NailStrikeStart"],"damage_healed":0,"gold_gain":0,"player_choice":"Removed Attack","damage_taken":0,"max_hp_gain":0,"max_hp_loss":0,"event_name":"Falling","floor":36,"gold_loss":0},{"damage_healed":0,"gold_gain":0,"player_choice":"Fight","damage_taken":0,"max_hp_gain":0,"max_hp_loss":0,"event_name":"Mysterious Sphere","floor":37,"gold_loss":0}],"is_beta":false,"boss_relics":[{"not_picked":["hubris:RunicObelisk","Coffee Dripper"],"picked":"hubris:ScarierMask"},{"not_picked":["SacredBark","Kintsugi"],"picked":"construct:WeddingRing"}],"items_purged_floors":[14,20,42],"is_endless":false,"potions_floor_spawned":[1,7,10,19,25,31,37],"killed_by":"Nightmare","ascension_level":0}}