{"host":"m7puq4mk16tgc6yn","time":1607475538,"event":{"gold_per_floor":[118,38,57,77,66,101,101,26,26,40,40,51,78,78,78,78,78],"floor_reached":16,"playtime":619,"items_purged":["Normality"],"score":129,"play_id":"cddad357-d5d5-4e95-ba79-525eaf428c87","local_time":"20201208165858","is_ascension_mode":true,"campfire_choices":[{"data":"Bash","floor":7,"key":"SMITH"},{"data":"Shrug It Off","floor":15,"key":"SMITH"}],"neow_cost":"CURSE","seed_source_timestamp":159306637895700,"circlet_count":0,"master_deck":["Strike_R","Strike_R+1","Strike_R","Strike_R","Strike_R","Defend_R","Defend_R","Defend_R","Defend_R+1","Bash+1","Pommel Strike+1","Clothesline","Shrug It Off+1","Feel No Pain","Armaments","Feed","Dropkick"],"relics":["Burning Blood","Ice Cream","InkBottle","Ornamental Fan","Sundial","PreservedInsect"],"potions_floor_usage":[5,6,12,16],"damage_taken":[{"damage":13,"enemies":"Jaw Worm","floor":1,"turns":5},{"damage":1,"enemies":"Cultist","floor":3,"turns":3},{"damage":2,"enemies":"2 Louse","floor":4,"turns":3},{"damage":0,"enemies":"Exordium Thugs","floor":5,"turns":4},{"damage":27,"enemies":"Gremlin Nob","floor":6,"turns":5},{"damage":5,"enemies":"3 Louse","floor":10,"turns":6},{"damage":0,"enemies":"Exordium Wildlife","floor":12,"turns":5},{"damage":6,"enemies":"Lagavulin","floor":13,"turns":7},{"damage":60,"enemies":"Slime Boss","floor":16,"turns":10}],"seed_played":"8482336840040621670","potions_obtained":[{"floor":4,"key":"HeartOfIron"},{"floor":5,"key":"BlessingOfTheForge"},{"floor":6,"key":"Swift Potion"},{"floor":13,"key":"DistilledChaos"}],"is_trial":false,"path_per_floor":["M","?","M","M","M","E","R","$","T","M","?","M","E","?","R","B"],"character_chosen":"IRONCLAD","items_purchased":[],"campfire_rested":0,"item_purchase_floors":[],"current_hp_per_floor":[73,73,78,80,80,59,59,59,59,60,44,50,54,54,54,0,0],"gold":78,"neow_bonus":"ONE_RARE_RELIC","is_prod":false,"is_daily":false,"chose_seed":false,"campfire_upgraded":2,"win_rate":0,"timestamp":1607475538,"path_taken":["M","?","?","M","M","E","R","$","T","M","?","M","E","?","R","BOSS"],"build_version":"2020-11-30","purchased_purges":1,"victory":false,"max_hp_per_floor":[80,80,80,80,80,80,80,80,80,80,80,80,84,84,84,84,84],"relic_stats":{"counters":[9,48],"Ornamental Fan":[16],"Sundial":[6],"PreservedInsect":0,"obtain_stats":[{"Ice Cream":0,"Ornamental Fan":6,"Sundial":9,"PreservedInsect":13,"Burning Blood":0,"InkBottle":2},{"Ice Cream":0,"Ornamental Fan":5,"Sundial":5,"PreservedInsect":8,"Burning Blood":0,"InkBottle":1},{"Ice Cream":0,"Ornamental Fan":20,"Sundial":20,"PreservedInsect":38,"Burning Blood":0,"InkBottle":5}],"Burning Blood":40,"InkBottle":[10]},"card_choices":[{"not_picked":["Body Slam","Cleave"],"picked":"Pommel Strike","floor":1},{"not_picked":["Sever Soul","Infernal Blade","Havoc"],"picked":"SKIP","floor":3},{"not_picked":["Wild Strike","Warcry"],"picked":"Clothesline","floor":4},{"not_picked":["Iron Wave","Clash"],"picked":"Shrug It Off","floor":5},{"not_picked":["Clash","Shockwave"],"picked":"Feel No Pain","floor":6},{"not_picked":["Body Slam","Havoc"],"picked":"Armaments","floor":10},{"not_picked":["Body Slam","Heavy Blade"],"picked":"Feed","floor":12},{"not_picked":["Sever Soul","Dual Wield"],"picked":"Dropkick","floor":13}],"player_experience":36149,"relics_obtained":[{"floor":6,"key":"Ornamental Fan"},{"floor":9,"key":"Sundial"},{"floor":13,"key":"PreservedInsect"}],"event_choices":[{"damage_healed":0,"gold_gain":0,"player_choice":"Paid Gold","damage_taken":0,"relics_obtained":["InkBottle"],"max_hp_gain":0,"max_hp_loss":0,"event_name":"WeMeetAgain","floor":2,"gold_loss":80},{"damage_healed":0,"gold_gain":0,"player_choice":"Entered Light","damage_taken":16,"max_hp_gain":0,"max_hp_loss":0,"event_name":"Shining Light","floor":11,"gold_loss":0,"cards_upgraded":["Strike_R","Defend_R"]},{"damage_healed":0,"gold_gain":0,"player_choice":"Upgraded","damage_taken":0,"max_hp_gain":0,"max_hp_loss":0,"event_name":"Upgrade Shrine","floor":14,"gold_loss":0,"cards_upgraded":["Pommel Strike"]}],"is_beta":false,"boss_relics":[],"items_purged_floors":[8],"is_endless":false,"potions_floor_spawned":[4,5,6,13],"killed_by":"Slime Boss","ascension_level":3}}