{"host":"l4zsyynf3knc4g5z","time":1607534254,"event":{"gold_per_floor":[117,117,65,81,92,126,126,232,232,266,266,280,205,216,216,320,320,331,451,451,58,71,87,98,98,98,98,116,45,45,63,63,163,163,183,194,212,212,212,212,225,225,248,265,280,155,155,183,183,183,183],"floor_reached":50,"playtime":1816,"items_purged":["Strike_G","Blur","Parasite"],"score":584,"play_id":"7c8bbc24-5e23-42de-9b9b-b61db64248d0","local_time":"20201209091734","is_ascension_mode":false,"campfire_choices":[{"data":"Accuracy","floor":7,"key":"SMITH"},{"data":"BlessedFruit","floor":11,"key":"SMITH"},{"data":"BlessedFruit","floor":11,"key":"SMITH"},{"floor":15,"key":"REST"},{"data":"Blade Dance","floor":27,"key":"SMITH"},{"data":"Cloak And Dagger","floor":27,"key":"SMITH"},{"data":"Hidden Blade","floor":30,"key":"SMITH"},{"data":"Cloak And Dagger","floor":30,"key":"SMITH"},{"data":"Phantasmal Killer","floor":32,"key":"SMITH"},{"data":"dioMod:DominatingPresence","floor":32,"key":"SMITH"},{"data":"dioMod:SlashThroughTime","floor":40,"key":"SMITH"},{"data":"Hidden Blade","floor":40,"key":"SMITH"},{"data":"dioMod:GoldVial","floor":42,"key":"SMITH"},{"data":"Phantasmal Killer","floor":42,"key":"SMITH"},{"data":"Neutralize","floor":49,"key":"SMITH"},{"data":"Survivor","floor":49,"key":"SMITH"}],"neow_cost":"NONE","seed_source_timestamp":1577338321362600,"circlet_count":0,"master_deck":["Strike_G","Strike_G","Strike_G","Defend_G","Defend_G","Defend_G","Defend_G","Defend_G","Survivor+1","Neutralize+1","Accuracy+1","Cloak And Dagger+1","Hidden Blade+1","BlessedFruit+1","BlessedFruit+1","Phantasmal Killer+1","Blade Dance+1","Hidden Blade+1","Phantasmal Killer+1","Cloak And Dagger+1","dioMod:GoldVial+1","dioMod:DominatingPresence+1","ReplayTheSpireMod:Shiv Toss+1","dioMod:SlashThroughTime+1","Cloak And Dagger+1","Cloak And Dagger+1"],"relics":["Ring of the Snake","HeavenlyBonsai","hubris:DisguiseKit","Replay:Arrowhead","Sozu","Nunchaku","Ice Cream","SpikesRelics:DaevaFist","Snack Pack","CosmicIsotope","hubris:Towel","PreservedInsect","Eternal Feather"],"potions_floor_usage":[6,6,10,16,18],"damage_taken":[{"damage":0,"enemies":"2 Louse","floor":1,"turns":3},{"damage":0,"enemies":"Cultist","floor":4,"turns":4},{"damage":0,"enemies":"Small Slimes","floor":5,"turns":3},{"damage":20,"enemies":"Lagavulin","floor":6,"turns":8},{"damage":22,"enemies":"3 Sentries","floor":10,"turns":6},{"damage":29,"enemies":"Exordium Thugs","floor":12,"turns":5},{"damage":1,"enemies":"Exordium Wildlife","floor":14,"turns":5},{"damage":35,"enemies":"The Guardian","floor":16,"turns":8},{"damage":17,"enemies":"theJungle:Flameango_and_Byrd","floor":18,"turns":6},{"damage":16,"enemies":"theJungle:5_Spyders","floor":22,"turns":5},{"damage":48,"enemies":"theJungle:2_Flameangoes","floor":23,"turns":4},{"damage":0,"enemies":"theJungle:2_Snecko_Cultists","floor":24,"turns":2},{"damage":4,"enemies":"theJungle:SlimyTreeVines","floor":28,"turns":3},{"damage":30,"enemies":"theJungle:2_Flameangoes","floor":31,"turns":4},{"damage":30,"enemies":"theJungle:TotemBoss","floor":33,"turns":5},{"damage":14,"enemies":"Orb Walker","floor":35,"turns":3},{"damage":8,"enemies":"3 Darklings","floor":36,"turns":3},{"damage":29,"enemies":"4 Shapes","floor":37,"turns":5},{"damage":1,"enemies":"Maw","floor":41,"turns":7},{"damage":10,"enemies":"Writhing Mass","floor":44,"turns":5},{"damage":2,"enemies":"Spire Growth","floor":45,"turns":3},{"damage":26,"enemies":"R_Hoarder","floor":48,"turns":5},{"damage":168,"enemies":"Time Eater","floor":50,"turns":8}],"seed_played":"-8949362930835265832","potions_obtained":[{"floor":0,"key":"Milkshake"},{"floor":0,"key":"Elixir"},{"floor":0,"key":"Weak Potion"},{"floor":4,"key":"Block Potion"},{"floor":14,"key":"SpeedPotion"},{"floor":16,"key":"Weak Potion"}],"is_trial":false,"path_per_floor":["M","?","$","M","M","E","R","?","T","E","R","M","$","M","R","B",null,"M","?","?","$","M","M","M","?","T","R","M","?","R","M","R","B",null,"M","M","M","?","?","R","M","R","T","M","M","$","?","E","R","B"],"character_chosen":"THE_SILENT","items_purchased":["Cloak And Dagger","Ice Cream"],"campfire_rested":1,"item_purchase_floors":[3,21],"current_hp_per_floor":[70,70,70,70,70,50,50,50,50,30,30,5,5,8,32,1,84,83,70,70,70,67,32,36,100,100,100,100,100,100,89,89,89,112,102,111,101,101,101,101,125,125,125,127,132,129,129,116,131,0,0],"gold":183,"neow_bonus":"THREE_SMALL_POTIONS","is_prod":false,"is_daily":false,"chose_seed":false,"campfire_upgraded":15,"win_rate":0.0,"timestamp":1607534254,"path_taken":["M","?","$","?","M","E","R","?","T","E","R","M","?","M","R","BOSS","M","?","?","$","?","M","M","?","T","R","?","?","R","M","R","BOSS","M","M","?","?","?","R","M","R","T","M","M","$","?","E","R","BOSS"],"build_version":"2020-11-30","purchased_purges":3,"victory":false,"max_hp_per_floor":[70,70,70,70,70,70,70,70,70,72,72,76,76,80,80,84,84,88,88,88,88,92,96,100,100,100,100,104,104,104,108,108,112,112,116,118,122,122,122,122,126,126,126,130,132,129,129,133,133,137,137],"card_choices":[{"not_picked":["Slice","Dodge and Roll"],"picked":"Accuracy","floor":1},{"not_picked":["Deadly Poison","Quick Slash"],"picked":"Blur","floor":4},{"not_picked":["hubris:SlightOfHand","Footwork"],"picked":"Hidden Blade","floor":5},{"not_picked":["PiercingWail","Outmaneuver"],"picked":"Phantasmal Killer","floor":6},{"not_picked":["ReplayTheSpireMod:Shiv Toss","Acrobatics"],"picked":"Blade Dance","floor":8},{"not_picked":["Slice","Dodge and Roll"],"picked":"Hidden Blade","floor":8},{"not_picked":["Poisoned Stab","Eviscerate","dioMod:RoadRoller"],"picked":"Phantasmal Killer","floor":10},{"not_picked":["Dodge and Roll","Deadly Poison","Catalyst","dioMod:WRYYY"],"picked":"SKIP","floor":12},{"not_picked":["Draining Mist","Predator","dioMod:Roundabout"],"picked":"Cloak And Dagger","floor":14},{"not_picked":["Malaise","Grand Finale","Night Terror"],"picked":"dioMod:GoldVial","floor":16},{"not_picked":["Flying Knee","Blur","hubris:SlightOfHand"],"picked":"dioMod:DominatingPresence","floor":18},{"not_picked":["hubris:SlightOfHand","PiercingWail","Deadly Poison","dioMod:SecretPlan"],"picked":"SKIP","floor":22},{"not_picked":["Dagger Spray+1","Bane+1","Poisoned Stab","dioMod:DaggerSpree"],"picked":"SKIP","floor":23},{"not_picked":["Acrobatics+1","Deflect","dioMod:BloodShield"],"picked":"Backstab","floor":24},{"not_picked":["PiercingWail","Sucker Punch","Quick Slash","dioMod:CoffinBath"],"picked":"SKIP","floor":28},{"not_picked":["Noxious Fumes","Pace","Sucker Punch+1","dioMod:Hiss"],"picked":"SKIP","floor":31},{"not_picked":["Poisoned Stab+1","Riddle With Holes+1","Acrobatics","dioMod:StreetSign"],"picked":"SKIP","floor":35},{"not_picked":["Flying Knee+1","Reflex","dioMod:DisarmingVoice"],"picked":"ReplayTheSpireMod:Shiv Toss+1","floor":36},{"not_picked":["Heel Hook","Eviscerate","Deadly Poison"],"picked":"dioMod:SlashThroughTime","floor":37},{"not_picked":["Skewer","Bane","Catalyst+1","dioMod:DarkRebirth"],"picked":"SKIP","floor":41},{"not_picked":["Dodge and Roll","Prepared","dioMod:SadisticLaugh"],"picked":"Cloak And Dagger+1","floor":44},{"not_picked":["Terror","Poisoned Stab","dioMod:HeavyLifting"],"picked":"Cloak And Dagger+1","floor":45},{"not_picked":["Bane","Poisoned Stab","Flying Knee+1","dioMod:Freeze"],"picked":"SKIP","floor":48}],"player_experience":80203,"relics_obtained":[{"floor":6,"key":"HeavenlyBonsai"},{"floor":9,"key":"hubris:DisguiseKit"},{"floor":10,"key":"Replay:Arrowhead"},{"floor":20,"key":"Nunchaku"},{"floor":26,"key":"SpikesRelics:DaevaFist"},{"floor":43,"key":"PreservedInsect"},{"floor":48,"key":"Eternal Feather"}],"event_choices":[{"damage_healed":0,"gold_gain":0,"player_choice":"Bought 0 Potions","damage_taken":0,"max_hp_gain":0,"max_hp_loss":0,"event_name":"The Woman in Blue","floor":2,"gold_loss":0},{"damage_healed":0,"gold_gain":0,"player_choice":"Relic","damage_taken":0,"max_hp_gain":0,"max_hp_loss":0,"event_name":"Wheel of Change","floor":20,"gold_loss":0},{"cards_removed":["Backstab"],"damage_healed":64,"gold_gain":0,"player_choice":"Offered Uncommon","damage_taken":0,"max_hp_gain":0,"max_hp_loss":0,"event_name":"Bonfire Elementals","floor":25,"gold_loss":0},{"damage_healed":0,"gold_gain":0,"player_choice":"Paid Gold","damage_taken":0,"relics_obtained":["Snack Pack"],"max_hp_gain":0,"max_hp_loss":0,"event_name":"WeMeetAgain","floor":29,"gold_loss":71},{"cards_removed":["Strike_G"],"damage_healed":0,"gold_gain":0,"player_choice":"Removed Attack","damage_taken":0,"max_hp_gain":0,"max_hp_loss":0,"event_name":"Falling","floor":47,"gold_loss":0}],"is_beta":false,"boss_relics":[{"not_picked":["Runic Dome","Replay:Drink Me"],"picked":"Sozu"},{"not_picked":["Runic Pyramid","hubris:TerracottaHorce"],"picked":"CosmicIsotope"}],"items_purged_floors":[13,21,46],"is_endless":false,"potions_floor_spawned":[4,14,16,18,23,31,33,35,44,45],"killed_by":"Time Eater","ascension_level":0}}