{"host":"cop8ymgpsji2w9by","time":1607479941,"event":{"gold_per_floor":[115,115,115,140,66,101,114,114,141,153,165,195,125,88,88,88,88],"floor_reached":16,"playtime":961,"items_purged":[],"score":216,"play_id":"5d4dfce4-83aa-4f9c-a01b-439d773cb3c1","local_time":"20201208211221","is_ascension_mode":true,"campfire_choices":[{"data":"Sadistic Nature","floor":8,"key":"SMITH"},{"floor":15,"key":"REST"}],"neow_cost":"","seed_source_timestamp":1770301960600,"circlet_count":0,"master_deck":["Strike_G","Strike_G","Strike_G","Strike_G","Survivor","Neutralize","Sadistic Nature+1","Poisoned Stab","Hallownest:skillLeafShield","Hallownest:skillLeafShield","Hallownest:skillLeafShield","Hallownest:skillLeafShield+1","Hallownest:skillLeafShield+1","Flechettes","Pot Of Greed","Pot Of Greed","Noxious Fumes","Draining Mist","PiercingWail","Flying Knee","Bouncing Flask","Dagger Spray","Dagger Spray","Dagger Spray"],"relics":["Ring of the Snake","Grinning Jar","hubris:AncientText","War Paint","Vajra","Hallownest:StagBellRelic1"],"potions_floor_usage":[16,16],"damage_taken":[{"damage":0,"enemies":"Hallownest:monsterHuskGuard","floor":1,"turns":4},{"damage":0,"enemies":"Hallownest:eliteMossKnight","floor":6,"turns":4},{"damage":6,"enemies":"Hallownest:2_MossCreeps","floor":7,"turns":6},{"damage":0,"enemies":"Hallownest:monsterHuskWarrior","floor":10,"turns":3},{"damage":0,"enemies":"Hallownest:1_Ooma_and_2_Uuma","floor":11,"turns":3},{"damage":12,"enemies":"Hallownest:eliteVengeflyKing","floor":12,"turns":5},{"damage":74,"enemies":"Hallownest:BossHornet","floor":16,"turns":5}],"seed_played":"-4524409919406026632","potions_obtained":[{"floor":1,"key":"SmokeBomb"},{"floor":10,"key":"SteroidPotion"},{"floor":12,"key":"blueLaboratory:AbyssPotion"}],"is_trial":false,"path_per_floor":["M","?","?","T","$","E","M","R","T","M","M","E","?","$","R","B"],"character_chosen":"THE_SILENT","items_purchased":["Sadistic Nature","Noxious Fumes","Dagger Spray"],"campfire_rested":1,"item_purchase_floors":[0,5,14],"current_hp_per_floor":[66,66,66,66,66,66,60,60,60,60,60,48,48,48,69,0,0],"gold":88,"neow_bonus":"","is_prod":false,"is_daily":false,"chose_seed":false,"campfire_upgraded":1,"win_rate":0,"timestamp":1607479941,"path_taken":["M","?","?","?","?","E","?","R","T","M","M","E","?","$","R","BOSS"],"build_version":"2020-11-30","purchased_purges":0,"victory":false,"max_hp_per_floor":[70,70,70,70,70,70,70,70,70,70,70,70,70,70,70,70,70],"card_choices":[{"not_picked":["PiercingWail","Blade Dance"],"picked":"Poisoned Stab","floor":1},{"not_picked":["hubris:SlightOfHand","All Out Attack"],"picked":"Draining Mist","floor":6},{"not_picked":["Endless Agony","Cloak And Dagger"],"picked":"PiercingWail","floor":7},{"not_picked":["Prepared","Endless Agony"],"picked":"Flying Knee","floor":10},{"not_picked":["Dagger Spray","hubris:SlightOfHand"],"picked":"Bouncing Flask","floor":11},{"not_picked":["Terror","Well Laid Plans"],"picked":"Dagger Spray","floor":12}],"player_experience":366685,"relics_obtained":[{"floor":4,"key":"Grinning Jar"},{"floor":6,"key":"hubris:AncientText"},{"floor":9,"key":"War Paint"},{"floor":12,"key":"Vajra"}],"event_choices":[],"is_beta":false,"boss_relics":[],"items_purged_floors":[],"is_endless":false,"potions_floor_spawned":[1,10,12],"killed_by":"Hallownest:BossHornet","ascension_level":1}}