{"host":"f1miojwxaupu79sp","time":1607498636,"event":{"gold_per_floor":[111,129,143,143,155,155,184,199,199,199,218,23,48,67,67,162,162,150,150,179,29,29,44,44,75,75,87,130,142,174,199,211,318,330,360,262,290,314,36,36,66,66,93,126,126,126,140,15,15,15],"floor_reached":51,"playtime":4909,"items_purged":["Strike_G","Strike_G","Strike_G"],"score":793,"play_id":"20827e03-e196-4742-b391-0e84c2517c1c","local_time":"20201209022356","is_ascension_mode":true,"campfire_choices":[{"data":"Slice","floor":6.0,"key":"SMITH"},{"data":"Calculated Gamble","floor":10.0,"key":"SMITH"},{"data":"Apotheosis","floor":15,"key":"SMITH"},{"data":"1","floor":24,"key":"LIFT"},{"data":"2","floor":27,"key":"LIFT"},{"data":"3","floor":29,"key":"LIFT"},{"data":"After Image","floor":32,"key":"SMITH"},{"data":"Master of Strategy","floor":40,"key":"SMITH"},{"data":"Backstab","floor":42,"key":"SMITH"},{"data":"Adrenaline","floor":45,"key":"SMITH"},{"data":"Backstab","floor":49,"key":"SMITH"}],"neow_cost":"NONE","seed_source_timestamp":42545366856000,"circlet_count":0,"master_deck":["Strike_G","Defend_G","Defend_G","Defend_G","Defend_G","Defend_G","Survivor","Neutralize","Slice+1","Escape Plan","Quick Slash","Calculated Gamble+1","Apotheosis+1","Leg Sweep","Adrenaline+1","Noxious Fumes","Deflect","After Image+1","Backstab+1","Malaise","CurseOfTheBell","Crippling Poison","Master of Strategy+1","Slice","Backstab+1","Dark Shackles","Sadistic Nature","Swift Strike"],"special_seed":0,"relics":["Ring of the Snake","Bag of Preparation","Unceasing Top","Girya","Black Star","Red Mask","WingedGreaves","Tiny Chest","MawBank","Blood Vial","Paper Crane","Calling Bell","Nunchaku","Darkstone Periapt","Tough Bandages","Kunai","Oddly Smooth Stone","Tingsha","Snake Skull","Art of War","Gremlin Horn"],"potions_floor_usage":[13,16,20,28,41,44,50],"damage_taken":[{"damage":0.0,"enemies":"Cultist","floor":1.0,"turns":4.0},{"damage":0.0,"enemies":"Small Slimes","floor":2.0,"turns":5.0},{"damage":3.0,"enemies":"Jaw Worm","floor":3.0,"turns":3.0},{"damage":2.0,"enemies":"2 Fungi Beasts","floor":5.0,"turns":4.0},{"damage":5.0,"enemies":"3 Sentries","floor":7.0,"turns":10.0},{"damage":0.0,"enemies":"3 Louse","floor":8.0,"turns":4.0},{"damage":3.0,"enemies":"Gremlin Gang","floor":11.0,"turns":5.0},{"damage":4,"enemies":"Lagavulin","floor":13,"turns":5},{"damage":1,"enemies":"Large Slime","floor":14,"turns":5},{"damage":7,"enemies":"Hexaghost","floor":16,"turns":11},{"damage":2,"enemies":"2 Thieves","floor":18,"turns":4},{"damage":3,"enemies":"Masked Bandits","floor":20,"turns":5},{"damage":2,"enemies":"Shell Parasite","floor":23,"turns":4},{"damage":0,"enemies":"Book of Stabbing","floor":25,"turns":8},{"damage":3,"enemies":"Gremlin Leader","floor":28,"turns":7},{"damage":1,"enemies":"Shelled Parasite and Fungi","floor":30,"turns":5},{"damage":3,"enemies":"Snecko","floor":31,"turns":8},{"damage":15,"enemies":"Collector","floor":33,"turns":12},{"damage":6,"enemies":"3 Darklings","floor":35,"turns":6},{"damage":0,"enemies":"Orb Walker","floor":37,"turns":5},{"damage":5,"enemies":"Writhing Mass","floor":38,"turns":7},{"damage":0,"enemies":"Reptomancer","floor":41,"turns":7},{"damage":8,"enemies":"Nemesis","floor":44,"turns":9},{"damage":0,"enemies":"Spire Growth","floor":47,"turns":3},{"damage":3,"enemies":"Donu and Deca","floor":50,"turns":10}],"seed_played":"2958276189501674652","potions_obtained":[{"floor":2.0,"key":"SkillPotion"},{"floor":3.0,"key":"Explosive Potion"},{"floor":4.0,"key":"FearPotion"},{"floor":7.0,"key":"GhostInAJar"},{"floor":14,"key":"FearPotion"},{"floor":20,"key":"SpeedPotion"},{"floor":25,"key":"GhostInAJar"},{"floor":33,"key":"Dexterity Potion"},{"floor":37,"key":"Strength Potion"},{"floor":41,"key":"SpeedPotion"},{"floor":44,"key":"Poison Potion"}],"is_trial":false,"path_per_floor":["M","M","M","?","M","R","E","M","T","R","M","$","E","M","R","B",null,"M","?","?","$","?","M","R","E","T","R","E","R","M","M","R","B",null,"M","?","M","M","$","R","E","R","T","E","R","?","M","$","R","B",null],"character_chosen":"THE_SILENT","items_purchased":["Apotheosis","Noxious Fumes","Master of Strategy","Slice"],"campfire_rested":0,"item_purchase_floors":[12,21,39,39],"current_hp_per_floor":[70,70,67,67,65,65,60,60,60,60,57,57,53,52,52,45,70,68,55,52,52,52,50,50,50,50,50,47,47,48,47,47,34,75,69,69,71,68,68,68,70,70,70,64,64,54,56,56,56,55],"gold":15,"neow_bonus":"TRANSFORM_CARD","is_prod":false,"is_daily":false,"chose_seed":false,"campfire_upgraded":8,"win_rate":0,"timestamp":1607498636,"path_taken":["M","?","?","?","M","R","E","?","T","R","M","$","E","M","R","BOSS","M","?","?","$","?","M","R","E","T","R","E","R","M","M","R","BOSS","M","?","?","M","$","R","E","R","T","E","R","?","M","$","R","BOSS"],"build_version":"2020-11-30","purchased_purges":3,"victory":true,"max_hp_per_floor":[70,70,70,70,70,70,70,70,70,70,70,70,70,70,70,70,70,70,75,75,75,75,75,75,75,75,75,75,75,75,75,75,75,75,75,75,75,75,75,75,75,75,75,75,75,75,75,75,75,75],"card_choices":[{"not_picked":["Dodge and Roll","Terror"],"picked":"Escape Plan","floor":1.0},{"not_picked":["All Out Attack","Deadly Poison","Dagger Spray"],"picked":"SKIP","floor":2.0},{"not_picked":["Setup","Catalyst","Backflip"],"picked":"SKIP","floor":3.0},{"not_picked":["Flying Knee","Acrobatics","Cloak And Dagger"],"picked":"SKIP","floor":5.0},{"not_picked":["Reflex","Slice"],"picked":"Quick Slash","floor":7.0},{"not_picked":["Outmaneuver","Backflip"],"picked":"Calculated Gamble","floor":8.0},{"not_picked":["Dagger Spray","Flechettes","Quick Slash"],"picked":"SKIP","floor":11.0},{"not_picked":["Backflip","Dagger Spray","Underhanded Strike"],"picked":"SKIP","floor":13},{"not_picked":["Flying Knee","Envenom"],"picked":"Leg Sweep","floor":14},{"not_picked":["Burst","Unload"],"picked":"Adrenaline","floor":16},{"not_picked":["Dodge and Roll","Slice","Caltrops"],"picked":"SKIP","floor":18},{"not_picked":["Quick Slash","Prepared"],"picked":"Deflect","floor":23},{"not_picked":["Quick Slash","Poisoned Stab"],"picked":"After Image","floor":25},{"not_picked":["Finisher+1","Bane","Deadly Poison+1"],"picked":"SKIP","floor":28},{"not_picked":["Bane","Cloak And Dagger","A Thousand Cuts"],"picked":"SKIP","floor":30},{"not_picked":["PiercingWail","Flying Knee"],"picked":"Backstab","floor":31},{"not_picked":["Storm of Steel","Tools of the Trade"],"picked":"Malaise","floor":33},{"not_picked":["Underhanded Strike","Dagger Spray","Outmaneuver+1"],"picked":"SKIP","floor":35},{"not_picked":["Accuracy+1","Underhanded Strike+1"],"picked":"Crippling Poison","floor":37},{"not_picked":["Poisoned Stab+1","All Out Attack+1","Bouncing Flask+1"],"picked":"SKIP","floor":38},{"not_picked":["Accuracy+1","Dagger Spray","Finisher+1"],"picked":"SKIP","floor":41},{"not_picked":["Deadly Poison+1","Choke+1"],"picked":"Backstab","floor":44},{"not_picked":["Deep Breath","Swift Strike"],"picked":"Dark Shackles","floor":46},{"not_picked":["PanicButton","Violence"],"picked":"Sadistic Nature","floor":46},{"not_picked":["Discovery","PanicButton"],"picked":"Swift Strike","floor":46},{"not_picked":["Backflip","Finisher","Dagger Throw+1"],"picked":"SKIP","floor":47}],"player_experience":317517,"relics_obtained":[{"floor":7.0,"key":"Bag of Preparation"},{"floor":9.0,"key":"Unceasing Top"},{"floor":13,"key":"Girya"},{"floor":20,"key":"Red Mask"},{"floor":25,"key":"WingedGreaves"},{"floor":25,"key":"Tiny Chest"},{"floor":26,"key":"MawBank"},{"floor":28,"key":"Blood Vial"},{"floor":28,"key":"Paper Crane"},{"floor":34,"key":"Nunchaku"},{"floor":34,"key":"Darkstone Periapt"},{"floor":34,"key":"Tough Bandages"},{"floor":41,"key":"Oddly Smooth Stone"},{"floor":41,"key":"Tingsha"},{"floor":43,"key":"Snake Skull"},{"floor":44,"key":"Art of War"},{"floor":44,"key":"Gremlin Horn"}],"event_choices":[{"damage_healed":0.0,"max_hp_gain":0.0,"max_hp_loss":0.0,"gold_gain":0.0,"event_name":"Lab","player_choice":"Got Potions","floor":4.0,"gold_loss":0.0,"damage_taken":0.0},{"damage_healed":0,"gold_gain":0,"player_choice":"Shed Blood","damage_taken":18,"max_hp_gain":5,"max_hp_loss":0,"event_name":"Forgotten Altar","floor":19,"gold_loss":0},{"damage_healed":0,"gold_gain":0,"player_choice":"Fought Bandits","damage_taken":0,"max_hp_gain":0,"max_hp_loss":0,"event_name":"Masked Bandits","floor":20,"gold_loss":0},{"damage_healed":0,"gold_gain":0,"player_choice":"Ignored","damage_taken":0,"max_hp_gain":0,"max_hp_loss":0,"event_name":"Ghosts","floor":22,"gold_loss":0},{"damage_healed":0,"gold_gain":0,"player_choice":"Paid Gold","damage_taken":0,"relics_obtained":["Kunai"],"max_hp_gain":0,"max_hp_loss":0,"event_name":"WeMeetAgain","floor":36,"gold_loss":110},{"damage_healed":0,"gold_gain":0,"player_choice":"Memory 3","damage_taken":10,"max_hp_gain":0,"max_hp_loss":0,"event_name":"SensoryStone","floor":46,"gold_loss":0}],"is_beta":false,"boss_relics":[{"not_picked":["HoveringKite","Velvet Choker"],"picked":"Black Star"},{"not_picked":["Snecko Eye","Coffee Dripper"],"picked":"Calling Bell"}],"items_purged_floors":[21,39,48],"is_endless":false,"potions_floor_spawned":[2,3,7,14,20,25,33,37,41,44,47],"ascension_level":1}}