{"host":"ci7ivtocgfxh0ueo","time":1607515987,"event":{"gold_per_floor":[113,113,388,407,117,117,152,152,178,195,227,227,227,227],"floor_reached":13,"playtime":183,"items_purged":[],"score":209,"play_id":"b9cd6c68-22b5-4ad4-841b-75abaa188fdd","local_time":"20201209201307","is_ascension_mode":true,"campfire_choices":[{"data":"Deep Breath","floor":6,"key":"SMITH"},{"data":"Melter","floor":8,"key":"SMITH"}],"neow_cost":"NONE","seed_source_timestamp":91872607735000,"circlet_count":0,"master_deck":["AscendersBane","Strike_B+1","Strike_B","Strike_B","Strike_B","Defend_B","Defend_B+1","Defend_B","Defend_B","Zap","Dualcast","Defragment","Regret","Melter+1","Deep Breath+1","Go for the Eyes","Redo"],"relics":["Cracked Core","NeowsBlessing","Regal Pillow","Bag of Marbles","Centennial Puzzle"],"potions_floor_usage":[11,11,11,11],"damage_taken":[{"damage":0,"enemies":"Jaw Worm","floor":1,"turns":1},{"damage":0,"enemies":"Small Slimes","floor":4,"turns":1},{"damage":0,"enemies":"3 Sentries","floor":7,"turns":1},{"damage":8,"enemies":"Cultist","floor":10,"turns":3},{"damage":43,"enemies":"Gremlin Nob","floor":11,"turns":5},{"damage":35,"enemies":"3 Sentries","floor":13,"turns":2}],"seed_played":"-304058261034217530","potions_obtained":[{"floor":1,"key":"Energy Potion"},{"floor":10,"key":"Regen Potion"}],"is_trial":false,"path_per_floor":["M","?","?","M","$","R","E","R","T","M","E","?","E"],"character_chosen":"DEFECT","items_purchased":["EntropicBrew","Melter","Deep Breath"],"campfire_rested":0,"item_purchase_floors":[5,5,5],"current_hp_per_floor":[64,43,43,43,43,43,43,43,43,35,6,29,0,0],"gold":227,"neow_bonus":"THREE_ENEMY_KILL","is_prod":false,"is_daily":false,"chose_seed":false,"campfire_upgraded":2,"win_rate":0,"timestamp":1607515987,"path_taken":["M","?","?","?","?","R","E","R","T","M","E","?","E"],"build_version":"2020-11-30","purchased_purges":0,"victory":false,"max_hp_per_floor":[71,71,71,71,71,71,71,71,71,71,71,71,71,71],"card_choices":[{"not_picked":["Genetic Algorithm","Rip and Tear"],"picked":"Defragment","floor":1},{"not_picked":["Beam Cell","Stack","Skim"],"picked":"SKIP","floor":4},{"not_picked":["Tempest","Rebound"],"picked":"Go for the Eyes","floor":7},{"not_picked":["Barrage","Recycle"],"picked":"Redo","floor":10},{"not_picked":["Rebound","Reinforced Body","Reprogram"],"picked":"SKIP","floor":11}],"player_experience":1240902,"relics_obtained":[{"floor":7,"key":"Regal Pillow"},{"floor":9,"key":"Bag of Marbles"},{"floor":11,"key":"Centennial Puzzle"}],"event_choices":[{"damage_healed":0,"gold_gain":0,"player_choice":"Entered Light","damage_taken":21,"max_hp_gain":0,"max_hp_loss":0,"event_name":"Shining Light","floor":2,"gold_loss":0,"cards_upgraded":["Defend_B","Strike_B"]},{"damage_healed":0,"gold_gain":275,"player_choice":"Desecrate","damage_taken":0,"max_hp_gain":0,"max_hp_loss":0,"event_name":"Golden Shrine","floor":3,"gold_loss":0,"cards_obtained":["Regret"]},{"damage_healed":23,"gold_gain":0,"player_choice":"Banana","damage_taken":0,"max_hp_gain":0,"max_hp_loss":0,"event_name":"Big Fish","floor":12,"gold_loss":0}],"is_beta":false,"boss_relics":[],"items_purged_floors":[],"is_endless":false,"potions_floor_spawned":[1,7,10],"killed_by":"3 Sentries","ascension_level":16}}