{"host":"l4zsyynf3knc4g5z","time":1607548819,"event":{"gold_per_floor":[116,5,20,30,30,30,60,71,71,71,71,0,33,33,33,137,137,147,165,182,107,121,121,21,21,103,103,129,147,147,166,166,264,264,279,154,166,177,137,137,168,168,168,200,53,70,70,88,88,88,88],"floor_reached":50,"playtime":972,"items_purged":["Blizzard+1","Defend_B","Defend_B","Injury"],"score":630,"play_id":"c8214191-126f-4a6a-807f-87a68fb331b5","local_time":"20201209132019","is_ascension_mode":false,"campfire_choices":[{"data":"Tempest","floor":6,"key":"SMITH"},{"data":"Genetic Algorithm","floor":10,"key":"SMITH"},{"floor":15,"key":"REST"},{"data":"Electrodynamics","floor":23,"key":"SMITH"},{"floor":25,"key":"REST"},{"floor":27,"key":"REST"},{"data":"Loop","floor":32,"key":"SMITH"},{"data":"Loop","floor":40,"key":"SMITH"},{"floor":42,"key":"REST"},{"floor":49,"key":"REST"}],"neow_cost":"NONE","seed_source_timestamp":1592744768942200,"circlet_count":0,"master_deck":["Strike_B+1","Strike_B+2","Defend_B+1","Defend_B","Zap","Dualcast","Electrodynamics+1","Tempest+1","Barrage","hubris:PowerSurge+1","Genetic Algorithm+1","Loop+1","Electrodynamics+1","Barrage+1","Ball Lightning+1","Loop+1","Ball Lightning+1","Ball Lightning+1","Thunder Strike+1","Ball Lightning+1","Electrodynamics","Loop","Defragment+1","Thunder Strike+1"],"relics":["Cracked Core","hubris:RGBLights","Molten Egg 2","WizardHat","Du-Vu Doll","Philosopher\u0027s Stone","White Beast Statue","Nloth\u0027s Gift","RetroEgg","SuspiciousGoo","Prayer Wheel","Simple Rune","ReplayTheSpireMod:CursedCoin","Anchor"],"potions_floor_usage":[7,13,16,20,22,22,28,31,33,37,44,44,46,48],"damage_taken":[{"damage":4,"enemies":"Cultist","floor":1,"turns":4},{"damage":5,"enemies":"2 Louse","floor":3,"turns":2},{"damage":11,"enemies":"Jaw Worm","floor":4,"turns":2},{"damage":0,"enemies":"3 Sentries","floor":7,"turns":1},{"damage":7,"enemies":"Blue Slaver","floor":8,"turns":2},{"damage":0,"enemies":"Gremlin Nob","floor":13,"turns":2},{"damage":15,"enemies":"Slime Boss","floor":16,"turns":4},{"damage":7,"enemies":"Chosen","floor":18,"turns":2},{"damage":20,"enemies":"3 Byrds","floor":19,"turns":2},{"damage":5,"enemies":"Centurion and Healer","floor":20,"turns":2},{"damage":0,"enemies":"3 Cultists","floor":22,"turns":2},{"damage":0,"enemies":"Gremlin Leader","floor":28,"turns":2},{"damage":0,"enemies":"Snake Plant","floor":29,"turns":2},{"damage":22,"enemies":"Centurion and Healer","floor":31,"turns":2},{"damage":19,"enemies":"Collector","floor":33,"turns":5},{"damage":0,"enemies":"3 Darklings","floor":35,"turns":1},{"damage":5,"enemies":"3 Shapes","floor":37,"turns":2},{"damage":0,"enemies":"Jaw Worm Horde","floor":38,"turns":1},{"damage":46,"enemies":"Nemesis","floor":41,"turns":5},{"damage":40,"enemies":"Giant Head","floor":44,"turns":6},{"damage":18,"enemies":"Transient","floor":46,"turns":5},{"damage":23,"enemies":"Maw","floor":48,"turns":5},{"damage":29,"enemies":"Donu and Deca","floor":50,"turns":3}],"seed_played":"-3231710823580543606","potions_obtained":[{"floor":0,"key":"GamblersBrew"},{"floor":0,"key":"DuplicationPotion"},{"floor":0,"key":"Swift Potion"},{"floor":7,"key":"GamblersBrew"},{"floor":8,"key":"FairyPotion"},{"floor":13,"key":"ColorlessPotion"},{"floor":16,"key":"GamblersBrew"},{"floor":20,"key":"PowerPotion"},{"floor":22,"key":"DistilledChaos"},{"floor":28,"key":"Swift Potion"},{"floor":29,"key":"ColorlessPotion"},{"floor":31,"key":"Flashbang"},{"floor":33,"key":"SkillPotion"},{"floor":37,"key":"Fruit Juice"},{"floor":38,"key":"Fire Potion"},{"floor":41,"key":"SkillPotion"},{"floor":44,"key":"Ancient Potion"},{"floor":46,"key":"Explosive Potion"},{"floor":48,"key":"SpeedPotion"}],"is_trial":false,"path_per_floor":["M","$","M","M","?","R","E","M","T","R","?","$","E","T","R","B",null,"M","M","M","$","M","R","$","R","T","R","E","M","?","M","R","B",null,"M","$","M","M","?","R","E","R","T","E","$","M","$","M","R","B"],"character_chosen":"DEFECT","items_purchased":["Electrodynamics+1","Loop","ReplayTheSpireMod:CursedCoin","Anchor"],"campfire_rested":5,"item_purchase_floors":[2,12,45,45],"current_hp_per_floor":[71,71,66,55,55,55,55,48,48,48,48,48,48,48,70,55,75,68,48,43,43,43,43,43,65,65,75,75,75,75,53,53,34,75,75,75,75,75,75,75,29,53,53,13,13,24,24,1,25,0,0],"gold":88,"neow_bonus":"THREE_SMALL_POTIONS","is_prod":false,"is_daily":false,"chose_seed":false,"campfire_upgraded":5,"win_rate":0,"timestamp":1607548819,"path_taken":["M","?","M","?","?","R","E","M","T","R","?","?","E","?","R","BOSS","M","M","M","$","M","R","$","R","T","R","E","M","?","?","R","BOSS","M","$","M","M","?","R","E","R","T","E","?","?","$","M","R","BOSS"],"build_version":"2020-11-30","purchased_purges":4,"victory":false,"max_hp_per_floor":[75,75,75,75,75,75,75,75,75,75,75,75,75,75,75,75,75,75,75,75,75,75,75,75,75,75,75,75,75,75,75,75,75,75,75,75,80,80,80,80,80,80,80,80,80,80,80,80,80,80,80],"card_choices":[{"not_picked":["Consume","Compile Driver","ReplayGash"],"picked":"SKIP","floor":1},{"not_picked":["hubris:Prefetch","Compile Driver"],"picked":"Tempest","floor":3},{"not_picked":["Auto Shields","Lockon"],"picked":"Barrage","floor":4},{"not_picked":["Stack","Consume","Panic Button"],"picked":"SKIP","floor":7},{"not_picked":["FIFO Queue","Cold Snap"],"picked":"Genetic Algorithm","floor":8},{"not_picked":["Beam Cell+1","Rebound+1"],"picked":"Blizzard+1","floor":13},{"not_picked":["Reboot","Creative AI"],"picked":"Electrodynamics","floor":16},{"not_picked":["Gash+1","Blizzard+1","BasicCrystalCard"],"picked":"SKIP","floor":18},{"not_picked":["Panic Button","RefreshScreen"],"picked":"Barrage+1","floor":19},{"not_picked":["Darkness","Time Bomb"],"picked":"Ball Lightning+1","floor":20},{"not_picked":["Sweeping Beam+1","Go for the Eyes+1"],"picked":"Loop","floor":22},{"not_picked":["Conserve Battery","Undo"],"picked":"Ball Lightning+1","floor":28},{"not_picked":["Cold Snap+1","hubris:PowerSurge"],"picked":"Ball Lightning+1","floor":29},{"not_picked":["Leap","Machine Learning","Gash+1"],"picked":"SKIP","floor":31},{"not_picked":["Seek","ReplayTheSpireMod:Fabricate Wheel"],"picked":"Thunder Strike+1","floor":33},{"not_picked":["ReplayTheSpireMod:Calculation Training+1","hubris:Ukulele+1"],"picked":"Ball Lightning+1","floor":35},{"not_picked":["Force Field","Redo","Go for the Eyes+1"],"picked":"SKIP","floor":37},{"not_picked":["Stack","Time Bomb","ReplaySolidLightProjector"],"picked":"SKIP","floor":38},{"not_picked":["Mirror Shield","Coolheaded+1","ReplayRNGCard"],"picked":"SKIP","floor":41},{"not_picked":["BootSequence+1","Cold Snap+1"],"picked":"Electrodynamics","floor":44},{"not_picked":["BasicCrystalCard+1","Reboot"],"picked":"Loop","floor":46},{"not_picked":["Panic Button","Stack+1","FTL+1"],"picked":"SKIP","floor":46},{"not_picked":["Barrage+1","Redo"],"picked":"Defragment+1","floor":48},{"not_picked":["Ball Lightning+1","All For One+1"],"picked":"Thunder Strike+1","floor":48}],"player_experience":94294,"relics_obtained":[{"floor":7,"key":"hubris:RGBLights"},{"floor":9,"key":"Molten Egg 2"},{"floor":13,"key":"WizardHat"},{"floor":14,"key":"Du-Vu Doll"},{"floor":26,"key":"White Beast Statue"},{"floor":28,"key":"Tiny Chest"},{"floor":41,"key":"RetroEgg"},{"floor":43,"key":"SuspiciousGoo"},{"floor":44,"key":"Simple Rune"}],"event_choices":[{"damage_healed":0,"gold_gain":0,"player_choice":"Traded Relic","damage_taken":0,"relics_obtained":["Nloth\u0027s Gift"],"max_hp_gain":0,"max_hp_loss":0,"event_name":"N\u0027loth","floor":30,"relics_lost":["Tiny Chest"],"gold_loss":0},{"damage_healed":0,"gold_gain":0,"player_choice":"Upgraded Two","damage_taken":0,"max_hp_gain":0,"max_hp_loss":0,"event_name":"Designer","floor":39,"gold_loss":40,"cards_upgraded":["Strike_B","Strike_B"]}],"is_beta":false,"boss_relics":[{"not_picked":["Snecko Heart","hubris:RunicObelisk"],"picked":"Philosopher\u0027s Stone"},{"not_picked":["hubris:GrandSneckoEye","Honey Jar","Runic Pyramid"]}],"items_purged_floors":[21,24,36,45],"is_endless":false,"potions_floor_spawned":[7,8,13,16,18,20,22,28,29,31,33,35,37,38,41,44,46,48],"killed_by":"Donu and Deca","ascension_level":0}}