{"host":"0xtpc43j5kblke7u","time":1607486439,"event":{"gold_per_floor":[115,115,125,75,75,103,103,132,157,157,175,210,224,20,20,118,118,135,58,68,68,68,68,68,98,124,124,152,152,170,170,170],"floor_reached":31,"playtime":2404,"items_purged":[],"score":366,"play_id":"49f8739d-fc36-4b2c-b65f-b60938f99e46","local_time":"20201208230039","is_ascension_mode":true,"campfire_choices":[{"floor":7.0,"key":"REST"},{"data":"Barrage","floor":10.0,"key":"SMITH"},{"floor":15.0,"key":"REST"},{"data":"Hologram","floor":23,"key":"SMITH"}],"neow_cost":"NONE","seed_source_timestamp":0,"circlet_count":0,"master_deck":["Strike_B","Strike_B","Defend_B","Defend_B","Defend_B","Defend_B","Zap","Dualcast","Seek","Cold Snap","Barrage+1","Sweeping Beam","Sunder","Capacitor","Conserve Battery","Reboot","Chill+1","Ball Lightning","Hologram+1","Auto Shields+1","Capacitor","Go for the Eyes"],"special_seed":0,"relics":["Cracked Core","Boot","Mummified Hand","MealTicket","StrikeDummy","Vajra","Inserter","Symbiotic Virus","CeramicFish"],"potions_floor_usage":[25,31,31],"damage_taken":[{"damage":4.0,"enemies":"Jaw Worm","floor":1.0,"turns":3.0},{"damage":2.0,"enemies":"2 Louse","floor":3.0,"turns":2.0},{"damage":20.0,"enemies":"Gremlin Nob","floor":6.0,"turns":4.0},{"damage":16.0,"enemies":"3 Sentries","floor":8.0,"turns":5.0},{"damage":4.0,"enemies":"Cultist","floor":11.0,"turns":3.0},{"damage":19.0,"enemies":"Gremlin Nob","floor":12.0,"turns":4.0},{"damage":14.0,"enemies":"3 Louse","floor":13.0,"turns":3.0},{"damage":14.0,"enemies":"The Guardian","floor":16.0,"turns":9.0},{"damage":9,"enemies":"3 Byrds","floor":18,"turns":4},{"damage":28,"enemies":"Shell Parasite","floor":20,"turns":4},{"damage":33,"enemies":"Book of Stabbing","floor":25,"turns":7},{"damage":0,"enemies":"Centurion and Healer","floor":28,"turns":5},{"damage":11,"enemies":"Snecko","floor":30,"turns":3},{"damage":10,"enemies":"Snake Plant","floor":31,"turns":3}],"seed_played":"3777423606075528099","potions_obtained":[{"floor":3.0,"key":"BlessingOfTheForge"},{"floor":6.0,"key":"GamblersBrew"},{"floor":11.0,"key":"Swift Potion"},{"floor":12.0,"key":"FearPotion"},{"floor":13.0,"key":"Fire Potion"},{"floor":25,"key":"SpeedPotion"},{"floor":30,"key":"GamblersBrew"}],"is_trial":false,"path_per_floor":["M","?","M","?","?","E","R","E","T","R","M","E","M","$","R","B",null,"M","$","M","?","?","R","?","E","T","?","M","?","M","M"],"character_chosen":"DEFECT","items_purchased":["Conserve Battery","Vajra","Ball Lightning","Hologram"],"campfire_rested":2,"item_purchase_floors":[14,14,19,19],"current_hp_per_floor":[64,64,62,62,55,35,57,41,41,41,37,18,4,19,41,27,63,54,69,41,66,52,52,52,19,19,19,19,19,8,0,0],"gold":170,"neow_bonus":"ONE_RANDOM_RARE_CARD","is_prod":false,"is_daily":false,"chose_seed":false,"campfire_upgraded":2,"win_rate":0,"timestamp":1607486439,"path_taken":["M","?","M","?","?","E","R","E","T","R","?","E","M","?","R","BOSS","M","$","M","?","?","R","?","E","T","?","M","?","M","?"],"build_version":"2020-11-30","purchased_purges":0,"victory":false,"max_hp_per_floor":[75,75,75,75,75,75,75,75,75,75,75,75,75,75,75,75,75,75,75,75,75,80,80,80,80,80,80,80,80,80,80,80],"card_choices":[{"not_picked":["Steam","Aggregate"],"picked":"Cold Snap","floor":1.0},{"not_picked":["Hologram","Consume"],"picked":"Barrage","floor":3.0},{"not_picked":["Melter","Fusion"],"picked":"Sweeping Beam","floor":6.0},{"not_picked":["Beam Cell","Biased Cognition"],"picked":"Sunder","floor":8.0},{"not_picked":["Streamline","Heatsinks"],"picked":"Capacitor","floor":11.0},{"not_picked":["Chaos","Sweeping Beam","Barrage"],"picked":"SKIP","floor":12.0},{"not_picked":["Chaos","Sweeping Beam","Barrage"],"picked":"SKIP","floor":12.0},{"not_picked":["Steam Power","Rip and Tear","Hello World"],"picked":"SKIP","floor":13.0},{"not_picked":["Core Surge","Buffer"],"picked":"Reboot","floor":16.0},{"not_picked":["White Noise+1","Stack+1"],"picked":"Chill+1","floor":18},{"not_picked":["Sweeping Beam","Stack"],"picked":"Auto Shields+1","floor":20},{"not_picked":["Compile Driver+1","Doom and Gloom+1"],"picked":"Capacitor","floor":25},{"not_picked":["Steam","Streamline"],"picked":"Go for the Eyes","floor":28},{"not_picked":["Amplify","Compile Driver","Chaos+1"],"picked":"SKIP","floor":30}],"player_experience":610837,"relics_obtained":[{"floor":6.0,"key":"Boot"},{"floor":8.0,"key":"Mummified Hand"},{"floor":9.0,"key":"MealTicket"},{"floor":12.0,"key":"StrikeDummy"},{"floor":25,"key":"Symbiotic Virus"},{"floor":26,"key":"CeramicFish"}],"event_choices":[{"damage_healed":0.0,"max_hp_gain":0.0,"max_hp_loss":0.0,"gold_gain":0.0,"event_name":"Liars Game","player_choice":"Ignored","floor":2.0,"gold_loss":0.0,"damage_taken":0.0},{"cards_removed":["Strike_B"],"damage_healed":0.0,"max_hp_gain":0.0,"max_hp_loss":0.0,"gold_gain":0.0,"event_name":"The Cleric","player_choice":"Card Removal","floor":4.0,"gold_loss":50.0,"damage_taken":0.0},{"cards_removed":["Strike_B"],"damage_healed":0.0,"max_hp_gain":0.0,"max_hp_loss":0.0,"gold_gain":0.0,"event_name":"Golden Wing","player_choice":"Card Removal","floor":5.0,"gold_loss":0.0,"damage_taken":7.0},{"damage_healed":25,"gold_gain":0,"player_choice":"Heal","damage_taken":0,"max_hp_gain":0,"max_hp_loss":0,"event_name":"The Library","floor":21,"gold_loss":0},{"damage_healed":0,"gold_gain":0,"player_choice":"Shed Blood","damage_taken":19,"max_hp_gain":5,"max_hp_loss":0,"event_name":"Forgotten Altar","floor":22,"gold_loss":0},{"damage_healed":0,"gold_gain":0,"player_choice":"Ignored","damage_taken":0,"max_hp_gain":0,"max_hp_loss":0,"event_name":"Cursed Tome","floor":27,"gold_loss":0},{"damage_healed":0,"gold_gain":0,"player_choice":"Ignored","damage_taken":0,"max_hp_gain":0,"max_hp_loss":0,"event_name":"Ghosts","floor":29,"gold_loss":0}],"is_beta":false,"boss_relics":[{"not_picked":["Busted Crown","SacredBark"],"picked":"Inserter"}],"items_purged_floors":[],"is_endless":false,"potions_floor_spawned":[3,6,11,12,13,25,30],"killed_by":"Snake Plant","ascension_level":7}}