{"host":"qqjv58wfhopf6ysa","time":1607502233,"event":{"gold_per_floor":[116,44,44,44,44,44,57,57,82,101,101,117,144,144,160,171,171,268,268,284,297,324,334,350,350,367,367,437,437,437,457,457,457,457,555,555,571,589,489,489,489,489,589,589,589,604,604,604,618,632,139,153,153,153],"floor_reached":55,"playtime":6012,"items_purged":["Strike_B"],"score":756,"play_id":"8ece3300-dc22-44d5-aeed-9f18d757eac5","local_time":"20201209172353","is_ascension_mode":false,"campfire_choices":[{"data":"Zap","floor":8,"key":"SMITH"},{"data":"Storm","floor":14,"key":"SMITH"},{"data":"ReplayTheSpireMod:Calculation Training","floor":17,"key":"SMITH"},{"floor":25,"key":"REST"},{"floor":27,"key":"REST"},{"data":"Creative AI","floor":29,"key":"SMITH"},{"data":"Capacitor","floor":44,"key":"SMITH"},{"data":"Flash of Steel","floor":48,"key":"SMITH"},{"floor":53,"key":"REST"}],"neow_cost":"NONE","seed_source_timestamp":46392925970800,"circlet_count":0,"master_deck":["Strike_B","Defend_B","Defend_B","Defend_B","Defend_B","Dualcast","Capacitor+1","FTL","hubris:Ukulele+1","Storm+1","Creative AI+1","BootSequence","Strike_B","Flash of Steel+1","Hello World+1","expansioncontent:Collect+1","ReplayTheSpireMod:Calculation Training","Bandage Up","Amplify","Panache","Heatsinks","Defragment"],"relics":["Cracked Core","REME_ComplimentaryCards","NeowsBlessing","hubris:BallOfYels","infinitespire:CursedDice","Replay:Bottled Steam","REME_LowDesire","hubris:OldNail","Centennial Puzzle","Vajra","Ornamental Fan","InkBottle","hubris:BlackHole","hubris:MobiusCoin","infinitespire:Bottled Soul","Pet Ghost"],"potions_floor_usage":[21,23,46,54],"damage_taken":[{"damage":0,"enemies":"Small Slimes","floor":1,"turns":1},{"damage":0,"enemies":"Cultist","floor":7,"turns":1},{"damage":0,"enemies":"Gremlin Nob","floor":9,"turns":1},{"damage":0,"enemies":"Jaw Worm","floor":10,"turns":1},{"damage":3,"enemies":"Lots of Slimes","floor":12,"turns":3},{"damage":16,"enemies":"3 Sentries","floor":13,"turns":5},{"damage":5,"enemies":"Looter","floor":15,"turns":2},{"damage":16,"enemies":"3 Louse","floor":16,"turns":3},{"damage":23,"enemies":"The Guardian","floor":18,"turns":9},{"damage":10,"enemies":"Chosen","floor":20,"turns":3},{"damage":35,"enemies":"2 Thieves","floor":21,"turns":3},{"damage":29,"enemies":"Centurion and Healer","floor":23,"turns":5},{"damage":1,"enemies":"Snake Plant","floor":24,"turns":3},{"damage":15,"enemies":"Snecko","floor":26,"turns":5},{"damage":20,"enemies":"Shelled Parasite and Fungi","floor":31,"turns":3},{"damage":32,"enemies":"hubris:MusketHawk","floor":35,"turns":5},{"damage":0,"enemies":"Orb Walker","floor":37,"turns":3},{"damage":2,"enemies":"3 Shapes","floor":38,"turns":4},{"damage":41,"enemies":"Maw","floor":46,"turns":6},{"damage":0,"enemies":"4 Shapes","floor":49,"turns":4},{"damage":0,"enemies":"Jaw Worm Horde","floor":50,"turns":4},{"damage":18,"enemies":"Maw","floor":52,"turns":3},{"damage":25,"enemies":"Donu and Deca","floor":54,"turns":5}],"seed_played":"3127455608725980926","potions_obtained":[{"floor":10,"key":"PowerPotion"},{"floor":12,"key":"Regen Potion"},{"floor":13,"key":"EssenceOfSteel"},{"floor":16,"key":"Fire Potion"},{"floor":21,"key":"Ancient Potion"},{"floor":23,"key":"Block Potion"},{"floor":24,"key":"Fire Potion"},{"floor":38,"key":"infinitespire:BlackPotion"},{"floor":49,"key":"PowerPotion"}],"is_trial":false,"path_per_floor":["M","$","PTL","PTL","?","$","M","R","E","M","T","M","E","R","M","M","R","B",null,"M","M","T","M","M","R","M","R","T","R","?","M","AVR","?","R","B",null,"M","M","NS","PTL","PTL","?","AVR","R","?","M","T","R","M","M","$","M","R","B",null],"character_chosen":"DEFECT","items_purchased":["Capacitor","Amplify","Panache","Heatsinks","Pet Ghost"],"campfire_rested":3,"item_purchase_floors":[2,51,51,51,51],"current_hp_per_floor":[75,75,75,75,75,75,75,75,75,75,75,72,56,56,51,35,35,12,75,65,30,30,13,12,34,19,41,41,41,41,21,21,75,75,43,75,75,73,73,73,73,73,73,73,75,34,34,34,34,34,34,20,42,21],"gold":153,"neow_bonus":"THREE_ENEMY_KILL","is_prod":false,"is_daily":false,"chose_seed":false,"campfire_upgraded":6,"win_rate":0,"timestamp":1607502233,"path_taken":["M","$","PTL","PTL","?","$","M","R","E","M","T","M","E","R","M","?","R","BOSS","M","M","?","M","M","R","M","R","T","R","?","?","AVR","?","R","BOSS","M","M","NS","PTL","PTL","?","AVR","R","?","M","T","R","?","M","$","M","R","BOSS"],"build_version":"2020-11-30","purchased_purges":1,"victory":true,"max_hp_per_floor":[75,75,75,75,75,75,75,75,75,75,75,75,75,75,75,75,75,75,75,75,75,75,75,75,75,75,75,75,75,75,75,75,75,75,75,75,75,75,75,75,75,75,75,75,75,75,75,75,75,75,75,75,75,75],"card_choices":[{"not_picked":["Stack","Hello World","White Noise"],"picked":"SKIP","floor":1},{"not_picked":["Aggregate","Barrage"],"picked":"FTL","floor":7},{"not_picked":["White Noise","Turbo","Streamline"],"picked":"SKIP","floor":9},{"not_picked":["Steam","Hologram","Force Field"],"picked":"SKIP","floor":10},{"not_picked":["Streamline","Panic Button"],"picked":"hubris:Ukulele","floor":12},{"not_picked":["Barrage","Amplify"],"picked":"Storm","floor":13},{"not_picked":["Doom and Gloom","Coolheaded","Hologram"],"picked":"SKIP","floor":15},{"not_picked":["Beam Cell","Ball Lightning"],"picked":"ReplayTheSpireMod:Calculation Training","floor":16},{"not_picked":["Multi-Cast","hubris:SpecializedCircuitry"],"picked":"Creative AI","floor":18},{"not_picked":["Hologram","ReplayTheSpireMod:GoodbyeWorld","Gash","HandOfGreed"],"picked":"SKIP","floor":20},{"not_picked":["Meteor Strike","Reinforced Body","Compile Driver","Swift Strike"],"picked":"SKIP","floor":21},{"not_picked":["Chill","Hello World+1","Replay:SS_hec_1"],"picked":"BootSequence","floor":23},{"not_picked":["Go for the Eyes+1","Stack","Cold Snap","expansioncontent:PolyBeam+1"],"picked":"SKIP","floor":24},{"not_picked":["Barrage","Lockon","Sweeping Beam","expansioncontent:BronzeBeam"],"picked":"SKIP","floor":26},{"not_picked":["White Noise","Cold Snap","Auto Shields+1","expansioncontent:Chronoboost"],"picked":"SKIP","floor":31},{"not_picked":["Compile Driver+1","Hologram+1","Turbo+1"],"picked":"Flash of Steel","floor":37},{"not_picked":["Redo+1","Go for the Eyes","Secret Weapon"],"picked":"Hello World+1","floor":38},{"not_picked":["Leap","Compile Driver+1","BasicCrystalCard+1"],"picked":"expansioncontent:Collect+1","floor":46},{"not_picked":["Panic Button+1","Rainbow","Mind Blast"],"picked":"ReplayTheSpireMod:Calculation Training","floor":49},{"not_picked":["Stack+1","Doom and Gloom+1","Barrage"],"picked":"Bandage Up","floor":50},{"not_picked":["Conserve Battery+1","hubris:Ukulele+1","ReplayTheSpireMod:Brewmster"],"picked":"Defragment","floor":52}],"player_experience":405252,"relics_obtained":[{"floor":9,"key":"hubris:BallOfYels"},{"floor":11,"key":"infinitespire:CursedDice"},{"floor":13,"key":"Replay:Bottled Steam"},{"floor":19,"key":"hubris:OldNail"},{"floor":19,"key":"Centennial Puzzle"},{"floor":22,"key":"Vajra"},{"floor":28,"key":"Ornamental Fan"},{"floor":47,"key":"infinitespire:Bottled Soul"}],"event_choices":[{"damage_healed":0,"gold_gain":0,"cards_transformed":["Strike_B"],"player_choice":"Transformed","damage_taken":0,"max_hp_gain":0,"max_hp_loss":0,"event_name":"Transmorgrifier","floor":5,"gold_loss":0,"cards_obtained":["Rip and Tear"]},{"damage_healed":0,"gold_gain":0,"player_choice":"Ignored","damage_taken":0,"max_hp_gain":0,"max_hp_loss":0,"event_name":"NoteForYourself","floor":30,"gold_loss":0},{"cards_removed":["Rip and Tear"],"damage_healed":54,"gold_gain":0,"player_choice":"Offered Uncommon","damage_taken":0,"max_hp_gain":0,"max_hp_loss":0,"event_name":"Bonfire Elementals","floor":33,"gold_loss":0},{"damage_healed":0,"gold_gain":0,"player_choice":"Forge","damage_taken":0,"max_hp_gain":0,"max_hp_loss":0,"event_name":"Accursed Blacksmith","floor":34,"gold_loss":0,"cards_upgraded":["hubris:Ukulele"]},{"cards_removed":["Strike_B"],"damage_healed":0,"gold_gain":0,"player_choice":"Removed Attack","damage_taken":0,"max_hp_gain":0,"max_hp_loss":0,"event_name":"Falling","floor":42,"gold_loss":0},{"damage_healed":2,"gold_gain":0,"player_choice":"Full Heal","damage_taken":0,"max_hp_gain":0,"max_hp_loss":0,"event_name":"Wheel of Change","floor":45,"gold_loss":0}],"is_beta":false,"boss_relics":[{"not_picked":["Busted Crown","Replay:Drink Me"],"picked":"REME_LowDesire"},{"not_picked":["hubris:GrandSneckoEye","ReplayTheSpireMod:SealedPack"],"picked":"hubris:BlackHole"}],"items_purged_floors":[43],"is_endless":false,"potions_floor_spawned":[10,12,13,15,16,21,23,24,38,49,52],"ascension_level":0}}