{"host":"126yiuos2nq86se7","time":1607484447,"event":{"gold_per_floor":[366,366,382,270,282,237,237,237,282,295,285,304,8,8,8,136,136,155,178,192,67,138,138,158,178,226,226,244,244,269,269,269,398,398,412,462,486,504,517,517,530,546,546,546,144,144,21,44,44,44],"floor_reached":51,"playtime":1911,"items_purged":["Strike_G","Strike_G","Strike_G","Parasite"],"score":520,"play_id":"5abf1fb2-8a3b-4c48-9c97-1bb567e45ca6","local_time":"20201209142727","is_ascension_mode":false,"campfire_choices":[{"data":"Noxious Fumes","floor":7,"key":"SMITH"},{"floor":15,"key":"REST"},{"data":"Accuracy","floor":23,"key":"SMITH"},{"floor":27,"key":"REST"},{"data":"Fluid Movement","floor":29,"key":"SMITH"},{"data":"Envenom","floor":32,"key":"SMITH"},{"floor":40,"key":"REST"},{"data":"Well Laid Plans","floor":44,"key":"SMITH"},{"data":"Accuracy","floor":46,"key":"SMITH"},{"floor":49,"key":"REST"}],"neow_cost":"BASIC_CARDS","seed_source_timestamp":1862691775399400,"circlet_count":0,"master_deck":["Strike_G","Strike_G","Defend_G","Defend_G","Defend_G","Defend_G","Defend_G","Survivor","Neutralize","animator:Defend_Fate","animator:Strike_FullmetalAlchemist","Toxin Wave","Blur","Crippling Poison","Infinite Blades","Noxious Fumes+1","Escape Plan","Accuracy+1","Fluid Movement+1","Leg Sweep","Bane","Envenom+1","Well Laid Plans+1","Accuracy+1","Noxious Fumes","Replay:Bag of Tricks","Draining Mist","After Image","Poisoned Stab+1","Draining Mist+1","Poisoned Stab+1","Metamorphosis","Poisoned Strike","Poisoned Strike"],"relics":["Ring of the Snake","Golden Idol","Replay:Wax Seal","Strange Spoon","Replay:Grab Bag","hubris:VirtuousBlindfold","Painkiller Herb","Ring of Chaos","hubris:Backtick","Snake Skull","Replay:Rubber Ducky","SsserpentHead","hubris:HollowSoul","Letter Opener","Mercury Hourglass","ReplayTheSpireMod:ShopPack"],"potions_floor_usage":[16,16,16,22,33,33,33,50,50,50],"damage_taken":[{"damage":0,"enemies":"Jaw Worm","floor":1,"turns":5},{"damage":0,"enemies":"2 Louse","floor":3,"turns":2},{"damage":0,"enemies":"Small Slimes","floor":5,"turns":4},{"damage":5,"enemies":"Looter","floor":6,"turns":5},{"damage":13,"enemies":"Gremlin Gang","floor":10,"turns":3},{"damage":7,"enemies":"Exordium Thugs","floor":11,"turns":5},{"damage":2,"enemies":"Looter","floor":12,"turns":5},{"damage":13,"enemies":"Hexaghost","floor":16,"turns":8},{"damage":9,"enemies":"Spheric Guardian","floor":18,"turns":4},{"damage":0,"enemies":"Chosen","floor":19,"turns":6},{"damage":16,"enemies":"Snecko","floor":20,"turns":6},{"damage":40,"enemies":"3 Cultists","floor":24,"turns":6},{"damage":22,"enemies":"Snake Plant","floor":25,"turns":6},{"damage":0,"enemies":"Cultist and Chosen","floor":28,"turns":6},{"damage":0,"enemies":"Chosen and Byrds","floor":30,"turns":5},{"damage":22,"enemies":"Champ","floor":33,"turns":10},{"damage":17,"enemies":"3 Darklings","floor":35,"turns":6},{"damage":17,"enemies":"Orb Walker","floor":37,"turns":4},{"damage":11,"enemies":"4 Shapes","floor":38,"turns":6},{"damage":38,"enemies":"Transient","floor":39,"turns":5},{"damage":0,"enemies":"Writhing Mass","floor":41,"turns":7},{"damage":12,"enemies":"Maw","floor":42,"turns":7},{"damage":20,"enemies":"Sphere and 2 Shapes","floor":48,"turns":6},{"damage":33,"enemies":"Replay:Hell Engine","floor":50,"turns":10}],"seed_played":"-1146157883634159547","potions_obtained":[{"floor":1,"key":"Weak Potion"},{"floor":10,"key":"ColorlessPotion"},{"floor":11,"key":"Strength Potion"},{"floor":12,"key":"Fire Potion"},{"floor":16,"key":"SteroidPotion"},{"floor":19,"key":"Strength Potion"},{"floor":22,"key":"Adrenaline Potion"},{"floor":22,"key":"Fruit Juice"},{"floor":22,"key":"Energy Potion"},{"floor":25,"key":"Reflective Coating"},{"floor":33,"key":"Fire Potion"},{"floor":35,"key":"BlessingOfTheForge"},{"floor":39,"key":"LiquidBronze"},{"floor":41,"key":"LiquidBronze"}],"is_trial":false,"path_per_floor":["M","?","M","$","M","M","R","?","T","M","M","M","$","?","R","B",null,"?","?","?","T","?","T","?","?","T","T","?","T","?","?","T","B",null,"?","?","?","?","?","T","?","?","T","T","T","T","T","?","T","B",null],"character_chosen":"THE_SILENT","items_purchased":["Infinite Blades","Strange Spoon","Bane","Mercury Hourglass","ReplayTheSpireMod:ShopPack"],"campfire_rested":4,"item_purchase_floors":[4,13,13,45,47],"current_hp_per_floor":[70,70,70,70,70,65,65,48,48,35,28,26,26,26,47,34,70,61,67,54,60,54,60,26,10,16,44,50,56,62,68,74,53,75,58,64,53,48,16,44,50,44,50,56,62,68,72,52,72,39],"gold":44,"neow_bonus":"TWO_FIFTY_GOLD","is_prod":false,"is_daily":false,"chose_seed":false,"campfire_upgraded":6,"win_rate":0,"timestamp":1607484447,"path_taken":["M","?","M","$","M","M","R","?","T","M","M","M","$","?","R","BOSS","?","?","?","T","?","T","?","?","T","T","?","T","?","?","T","BOSS","?","?","?","?","?","T","?","?","T","T","T","T","T","?","T","BOSS"],"build_version":"2020-11-30","purchased_purges":4,"victory":true,"max_hp_per_floor":[70,70,70,70,70,70,70,70,70,70,70,70,70,70,70,70,70,70,70,70,70,75,75,75,75,75,75,75,75,75,75,75,75,75,75,75,75,75,75,75,75,75,75,75,72,72,72,72,72,72],"card_choices":[{"not_picked":["Backflip","Prepared"],"picked":"Toxin Wave","floor":1},{"not_picked":["Deflect","Skewer"],"picked":"Crippling Poison","floor":3},{"not_picked":["PiercingWail","Acrobatics"],"picked":"Noxious Fumes","floor":5},{"not_picked":["hubris:Counter","Prepared"],"picked":"Escape Plan","floor":6},{"not_picked":["Well Laid Plans","Leg Sweep"],"picked":"Accuracy","floor":10},{"not_picked":["Bane","Deadly Poison"],"picked":"Fluid Movement","floor":11},{"not_picked":["Cloak And Dagger","Terror"],"picked":"Leg Sweep","floor":12},{"not_picked":["Phantasmal Killer","After Image"],"picked":"Envenom","floor":16},{"not_picked":["Concentrate","Terror","Dodge and Roll"],"picked":"SKIP","floor":18},{"not_picked":["hubris:SlightOfHand+1","Quick Slash","Dagger Throw"],"picked":"SKIP","floor":19},{"not_picked":["Dodge and Roll","Slice"],"picked":"Well Laid Plans","floor":20},{"not_picked":["hubris:SlightOfHand+1","Acrobatics"],"picked":"Accuracy","floor":22},{"not_picked":["Flying Knee","Slice+1","Dagger Spray"],"picked":"SKIP","floor":24},{"not_picked":["Infinite Blades","ReplayTheSpireMod:Tripwire"],"picked":"Noxious Fumes","floor":25},{"not_picked":["Blur","Endless Agony"],"picked":"Replay:Bag of Tricks","floor":28},{"not_picked":["Bane","Poisoned Stab"],"picked":"Draining Mist","floor":30},{"not_picked":["ReplayTheSpireMod:From All Sides","Night Terror"],"picked":"After Image","floor":33},{"not_picked":["hubris:SlightOfHand+1","Flying Knee+1","Acrobatics+1"],"picked":"SKIP","floor":35},{"not_picked":["Expertise+1","Endless Agony+1"],"picked":"Poisoned Stab+1","floor":37},{"not_picked":["Dagger Throw","Dagger Spray+1","Outmaneuver+1"],"picked":"SKIP","floor":38},{"not_picked":["Acrobatics+1","Setup+1"],"picked":"Draining Mist+1","floor":39},{"not_picked":["Acrobatics+1","Distraction+1"],"picked":"Poisoned Stab+1","floor":41},{"not_picked":["Reflex+1","Dagger Throw+1","Tactician+1"],"picked":"SKIP","floor":42},{"not_picked":["Master of Strategy","Secret Technique"],"picked":"Metamorphosis","floor":47},{"not_picked":["Madness","Panacea"],"picked":"Poisoned Strike","floor":47},{"not_picked":["Madness","Jack Of All Trades"],"picked":"Poisoned Strike","floor":47},{"not_picked":["Backflip","Flechettes","All Out Attack+1"],"picked":"SKIP","floor":48}],"player_experience":1495125,"relics_obtained":[{"floor":9,"key":"Replay:Wax Seal"},{"floor":26,"key":"Replay:Rubber Ducky"},{"floor":43,"key":"Letter Opener"}],"event_choices":[{"damage_healed":0,"gold_gain":0,"player_choice":"Take Damage","damage_taken":17,"relics_obtained":["Golden Idol"],"max_hp_gain":0,"max_hp_loss":0,"event_name":"Golden Idol","floor":8,"gold_loss":0},{"damage_healed":0,"gold_gain":0,"player_choice":"Ignored","damage_taken":0,"max_hp_gain":0,"max_hp_loss":0,"event_name":"Liars Game","floor":14,"gold_loss":0},{"damage_healed":0,"gold_gain":0,"player_choice":"Trade","damage_taken":0,"relics_obtained":["SsserpentHead"],"max_hp_gain":0,"max_hp_loss":0,"event_name":"FaceTrader","floor":31,"gold_loss":0}],"is_beta":false,"boss_relics":[{"not_picked":["Replay:Bronze Core","Ring of the Serpent"],"picked":"Replay:Grab Bag"},{"not_picked":["Sozu","Ectoplasm"],"picked":"hubris:VirtuousBlindfold"},{"not_picked":["hubris:TerracottaHorce","ChewingGum"],"picked":"Painkiller Herb"},{"not_picked":["Snecko Eye","hubris:BlackHole"],"picked":"Ring of Chaos"},{"not_picked":["HoveringKite","Runic Pyramid"],"picked":"hubris:Backtick"},{"not_picked":["hubris:Stopwatch","Pandora\u0027s Box"],"picked":"hubris:HollowSoul"}],"items_purged_floors":[4,13,21,45],"is_endless":false,"potions_floor_spawned":[1,10,11,12,16,19,25,28,33,35,39,41],"ascension_level":0}}