{"host":"6zvpb25n18ixfmh8","time":1607479992,"event":{"gold_per_floor":[116,38,49,224,224,249,249,280,280,280,159,159,193,212,212,308,308,293,293,293,143,143,173,184,184,235,235,267,267,267,279,279,396,396,438,477,477,528,528,528],"floor_reached":41,"playtime":4679,"items_purged":["Doubt","aspiration:Polymerization"],"score":668,"play_id":"b7457bf0-3ef2-4903-8c91-15cb35d26b8b","local_time":"20201208201312","daily_mods":["Draft"],"is_ascension_mode":false,"campfire_choices":[{"data":"Blizzard","floor":7,"key":"SMITH"},{"data":"Barrage","floor":10,"key":"SMITH"},{"data":"Chaos","floor":12,"key":"SMITH"},{"data":"Capacitor","floor":15,"key":"SMITH"},{"data":"White Noise","floor":25,"key":"SMITH"},{"floor":27,"key":"REST"},{"data":"Defragment","floor":30,"key":"SMITH"},{"floor":32,"key":"REST"}],"neow_cost":"","seed_source_timestamp":0,"circlet_count":0,"master_deck":["Static Discharge","Self Repair","Leap","FTL+1","Turbo","Barrage+1","Capacitor+1","Panic Button","Conserve Battery","Glacier","FTL","Compile Driver","Genetic Algorithm","Defragment+1","Conserve Battery","Cold Snap","Chaos+1","Panic Button","Blizzard+1","Barrage","Machine Learning","Cold Snap","Lockon","White Noise+1","Go for the Eyes","BootSequence","ReplayRNGCard+1"],"relics":["Cracked Core","Bottled Flame","Replay:Ringing Soul","infinitespire:Joker Card","Orichalcum","aspiration:BursterCore","hubris:GlazedTorus","Golden Egg","Happy Flower","hubris:MedicalManual","Shuriken","infinitespire:EvilPickle","hubris:Backtick","hubris:Spice"],"potions_floor_usage":[14,23,23,31,31,33,33,33,40],"damage_taken":[{"damage":5,"enemies":"Cultist","floor":1,"turns":4},{"damage":0,"enemies":"Small Slimes","floor":3,"turns":3},{"damage":2,"enemies":"Lagavulin","floor":6,"turns":8},{"damage":22,"enemies":"Gremlin Nob","floor":8,"turns":5},{"damage":3,"enemies":"HollowMod:MossKnight","floor":13,"turns":5},{"damage":0,"enemies":"Jaw Worm","floor":14,"turns":3},{"damage":7,"enemies":"Slime Boss","floor":16,"turns":9},{"damage":15,"enemies":"2 Thieves","floor":18,"turns":5},{"damage":0,"enemies":"Book of Stabbing","floor":23,"turns":5},{"damage":12,"enemies":"Shell Parasite","floor":24,"turns":4},{"damage":21,"enemies":"Gremlin Leader","floor":28,"turns":6},{"damage":9,"enemies":"Snecko","floor":31,"turns":5},{"damage":16,"enemies":"Pondfish","floor":33,"turns":6},{"damage":18,"enemies":"3 Darklings","floor":35,"turns":3},{"damage":6,"enemies":"Orb Walker","floor":36,"turns":2},{"damage":0,"enemies":"Spire Growth","floor":38,"turns":4},{"damage":26,"enemies":"Donu and Deca","floor":40,"turns":7}],"seed_played":"3678948178587271025","potions_obtained":[{"floor":5,"key":"EntropicBrew"},{"floor":5,"key":"Regen Potion"},{"floor":5,"key":"SteroidPotion"},{"floor":6,"key":"Dexterity Potion"},{"floor":13,"key":"Fruit Juice"},{"floor":18,"key":"ColorlessPotion"},{"floor":23,"key":"BlessingOfTheForge"},{"floor":36,"key":"FearPotion"}],"is_trial":true,"path_per_floor":["M","$","M","?","?","E","R","E","T","R","$","R","E","M","R","B",null,"M","?","?","$","?","E","M","R","T","R","E","AVR","R","M","R","B",null,"M","M","?","M","?","B",null],"character_chosen":"DEFECT","items_purchased":["Chaos","Barrage","hubris:GlazedTorus"],"campfire_rested":2,"item_purchase_floors":[2,11,21],"current_hp_per_floor":[75,75,75,75,75,75,75,63,63,63,66,66,77,89,89,92,92,80,61,61,61,61,71,69,69,69,100,89,89,89,83,112,106,123,112,106,106,106,106,87],"gold":528,"neow_bonus":"","is_prod":false,"is_daily":false,"chose_seed":false,"campfire_upgraded":6,"win_rate":0,"timestamp":1607479992,"path_taken":["M","?","?","?","?","E","R","E","T","R","$","R","E","M","R","BOSS","M","?","?","$","?","E","?","R","T","R","E","AVR","R","M","R","BOSS","M","M","?","M","?","BOSS"],"build_version":"2020-11-30","purchased_purges":2,"victory":true,"max_hp_per_floor":[75,75,75,75,75,75,75,78,78,78,81,81,81,89,89,92,92,95,100,100,100,100,103,106,106,106,106,109,109,109,112,112,115,123,123,123,117,117,117,117],"card_choices":[{"not_picked":["Fusion","ReplayTheSpireMod:Reroute Power"],"picked":"Static Discharge","floor":0},{"not_picked":["Sunder","Gash"],"picked":"Self Repair","floor":0},{"not_picked":["Hologram","Steam"],"picked":"Leap","floor":0},{"not_picked":["Force Field","Compile Driver"],"picked":"FTL","floor":0},{"not_picked":["Tempest","Stack"],"picked":"Turbo","floor":0},{"not_picked":["Hologram","Gash"],"picked":"Barrage","floor":0},{"not_picked":["Steam Power","Beam Cell"],"picked":"Capacitor","floor":0},{"not_picked":["Turbo","Melter"],"picked":"Panic Button","floor":0},{"not_picked":["Blizzard","Skim"],"picked":"Conserve Battery","floor":0},{"not_picked":["Hologram","Steam"],"picked":"Glacier","floor":0},{"not_picked":["Fusion","Rip and Tear"],"picked":"FTL","floor":0},{"not_picked":["Crystallizer","Panic Button"],"picked":"Compile Driver","floor":0},{"not_picked":["Gash","Conserve Battery"],"picked":"Genetic Algorithm","floor":0},{"not_picked":["Panic Button","Ball Lightning"],"picked":"Defragment","floor":0},{"not_picked":["Beam Cell","hubris:PowerSurge"],"picked":"Conserve Battery","floor":0},{"not_picked":["Steam","Compile Driver"],"picked":"Cold Snap","floor":1},{"not_picked":["Compile Driver","Coolheaded"],"picked":"Panic Button","floor":3},{"not_picked":["Panic Button","Conserve Battery"],"picked":"Blizzard","floor":6},{"not_picked":["Cold Snap","Time Bomb"],"picked":"aspiration:Polymerization","floor":8},{"not_picked":["Streamline","Reinforced Body","Coolheaded"],"picked":"SKIP","floor":13},{"not_picked":["Coolheaded","Streamline"],"picked":"Barrage","floor":14},{"not_picked":["Electrodynamics","Amplify"],"picked":"Machine Learning","floor":16},{"not_picked":["Panic Button+1","Coolheaded"],"picked":"Cold Snap","floor":18},{"not_picked":["ReplayTheSpireMod:Calculation Training","Recycle+1"],"picked":"Lockon","floor":23},{"not_picked":["Steam","Ball Lightning"],"picked":"White Noise","floor":24},{"not_picked":["Gash+1","Reprogram"],"picked":"Go for the Eyes","floor":28},{"not_picked":["Cold Snap","Rebound"],"picked":"BootSequence","floor":31},{"not_picked":["hubris:Prefetch","Seek"],"picked":"ReplayRNGCard","floor":33},{"not_picked":["Cold Snap+1","Rebound+1","Turbo+1"],"picked":"SKIP","floor":35},{"not_picked":["Loop+1","Panic Button+1","Reinforced Body+1"],"picked":"SKIP","floor":36},{"not_picked":["ReplayTheSpireMod:Omega Cannon","Coolheaded+1","Compile Driver"],"picked":"SKIP","floor":38}],"player_experience":149700,"relics_obtained":[{"floor":6,"key":"Bottled Flame"},{"floor":8,"key":"Replay:Ringing Soul"},{"floor":9,"key":"infinitespire:Joker Card"},{"floor":13,"key":"Orichalcum"},{"floor":23,"key":"Golden Egg"},{"floor":26,"key":"Happy Flower"},{"floor":28,"key":"hubris:MedicalManual"}],"event_choices":[{"damage_healed":0,"gold_gain":175,"player_choice":"AGREE","damage_taken":0,"max_hp_gain":0,"max_hp_loss":0,"event_name":"Liars Game","floor":4,"gold_loss":0,"cards_obtained":["Doubt"]},{"damage_healed":0,"gold_gain":0,"player_choice":"Got Potions","damage_taken":0,"max_hp_gain":0,"max_hp_loss":0,"event_name":"Lab","floor":5,"gold_loss":0},{"damage_healed":0,"gold_gain":0,"player_choice":"Shed Blood","damage_taken":24,"max_hp_gain":5,"max_hp_loss":0,"event_name":"Forgotten Altar","floor":19,"gold_loss":0},{"cards_removed":["Barrage"],"damage_healed":0,"gold_gain":0,"player_choice":"Elegance","damage_taken":0,"max_hp_gain":0,"max_hp_loss":0,"event_name":"Back to Basics","floor":20,"gold_loss":0},{"damage_healed":0,"gold_gain":0,"player_choice":"Max HP","damage_taken":0,"max_hp_gain":0,"max_hp_loss":6,"event_name":"Winding Halls","floor":37,"gold_loss":0},{"damage_healed":0,"gold_gain":0,"player_choice":"Took Portal","damage_taken":0,"max_hp_gain":0,"max_hp_loss":0,"event_name":"SecretPortal","floor":39,"gold_loss":0}],"is_beta":false,"boss_relics":[{"not_picked":["ReplayTheSpireMod:DimensionalGlitch","energizedSpire:UnstableMolecules"],"picked":"aspiration:BursterCore"},{"not_picked":["aspiration:PoetsPen_weak","hubris:ScarierMask"],"picked":"hubris:Backtick"}],"items_purged_floors":[11,29],"is_endless":false,"potions_floor_spawned":[6,13,18,23,36],"ascension_level":0}}