{"host":"x0ovlu53kkkog8rv","time":1607515759,"event":{"gold_per_floor":[117,130,205,205,130,130,150,166,191,191,191,204,216,235,235,336,336,356,370,370,370,14,49,60,60,60,10,22,32,32,48,48,150,150,161,177,177,40,90,121,21,21,21,40,59,59,0,10,10,10],"floor_reached":51,"playtime":1698,"items_purged":["Strike_G","Defend_G"],"score":812,"play_id":"9d4ae75b-4cc7-48e6-81e3-708feb84c80e","local_time":"20201209210919","is_ascension_mode":true,"campfire_choices":[{"data":"Blade Dance","floor":6,"key":"SMITH"},{"data":"Footwork","floor":11,"key":"SMITH"},{"floor":15,"key":"REST"},{"floor":25,"key":"REST"},{"floor":30,"key":"REST"},{"data":"Writhe","floor":32,"key":"PURGE"},{"floor":42,"key":"REST"},{"floor":46,"key":"REST"},{"floor":49,"key":"REST"}],"neow_cost":"NONE","seed_source_timestamp":83249259920844,"circlet_count":0,"master_deck":["Strike_G","Strike_G","Defend_G","Defend_G","Defend_G","Defend_G","Survivor","Neutralize","Dagger Spray+1","Blade Dance+1","Footwork+1","Backstab","Prepared","Deadly Poison","Blade Dance","Prepared","Calculated Gamble","Blade Dance","Finisher+1","Noxious Fumes","Backstab","Flechettes","Slice","Blade Dance","After Image","Eviscerate+1","Adrenaline","Calculated Gamble","Acrobatics+1"],"special_seed":0,"relics":["Ring of the Snake","Bronze Scales","PreservedInsect","Toy Ornithopter","WristBlade","Mummified Hand","Peace Pipe","Dream Catcher","InkBottle","SlaversCollar","Turnip","Calipers","StoneCalendar","Red Mask"],"potions_floor_usage":[16,16,18,24,28,33,36,40,50,50],"damage_taken":[{"damage":0,"enemies":"Cultist","floor":1,"turns":3},{"damage":3,"enemies":"2 Louse","floor":2,"turns":1},{"damage":4,"enemies":"Jaw Worm","floor":7,"turns":3},{"damage":0,"enemies":"Gremlin Gang","floor":8,"turns":2},{"damage":0,"enemies":"Lots of Slimes","floor":12,"turns":1},{"damage":13,"enemies":"Blue Slaver","floor":13,"turns":2},{"damage":0,"enemies":"3 Louse","floor":14,"turns":3},{"damage":12,"enemies":"The Guardian","floor":16,"turns":7},{"damage":0,"enemies":"Chosen","floor":18,"turns":3},{"damage":11,"enemies":"Spheric Guardian","floor":19,"turns":3},{"damage":24,"enemies":"Book of Stabbing","floor":23,"turns":3},{"damage":12,"enemies":"Shelled Parasite and Fungi","floor":24,"turns":4},{"damage":0,"enemies":"Sentry and Sphere","floor":28,"turns":2},{"damage":0,"enemies":"Snake Plant","floor":29,"turns":1},{"damage":0,"enemies":"3 Cultists","floor":31,"turns":3},{"damage":52,"enemies":"Collector","floor":33,"turns":5},{"damage":11,"enemies":"Orb Walker","floor":35,"turns":2},{"damage":16,"enemies":"3 Darklings","floor":36,"turns":2},{"damage":0,"enemies":"Mind Bloom Boss Battle","floor":39,"turns":6},{"damage":43,"enemies":"Reptomancer","floor":40,"turns":4},{"damage":2,"enemies":"Jaw Worm Horde","floor":44,"turns":3},{"damage":18,"enemies":"Spire Growth","floor":45,"turns":2},{"damage":9,"enemies":"3 Darklings","floor":48,"turns":2},{"damage":35,"enemies":"Donu and Deca","floor":50,"turns":7}],"seed_played":"-7847150718490342115","potions_obtained":[{"floor":7,"key":"Energy Potion"},{"floor":8,"key":"DistilledChaos"},{"floor":12,"key":"Strength Potion"},{"floor":13,"key":"Dexterity Potion"},{"floor":16,"key":"CunningPotion"},{"floor":29,"key":"FairyPotion"},{"floor":31,"key":"Weak Potion"},{"floor":33,"key":"LiquidMemories"},{"floor":35,"key":"GamblersBrew"},{"floor":40,"key":"Fruit Juice"},{"floor":48,"key":"Strength Potion"}],"is_trial":false,"path_per_floor":["M","M","?","?","$","R","M","M","T","?","R","M","M","M","R","B",null,"M","M","?","?","$","E","M","R","T","$","M","M","R","M","R","B",null,"M","M","?","$","?","E","$","R","T","M","M","R","?","M","R","B",null],"character_chosen":"THE_SILENT","items_purchased":["Peace Pipe","Calculated Gamble","PowerPotion","After Image"],"campfire_rested":6,"item_purchase_floors":[22,22,27,38],"current_hp_per_floor":[70,67,56,56,56,56,52,52,52,52,52,52,39,39,60,58,70,70,59,59,59,59,35,28,49,49,49,54,54,70,70,70,18,70,59,48,48,48,48,15,15,37,37,35,17,39,39,30,52,27],"gold":10,"neow_bonus":"RANDOM_COMMON_RELIC","is_prod":false,"is_daily":false,"chose_seed":false,"campfire_upgraded":2,"win_rate":0,"timestamp":1607515759,"path_taken":["M","M","?","?","$","R","M","?","T","?","R","M","?","?","R","BOSS","M","M","?","?","?","E","?","R","T","$","M","M","R","M","R","BOSS","M","M","?","$","?","E","$","R","T","M","M","R","?","M","R","BOSS"],"build_version":"2020-11-30","purchased_purges":2,"victory":true,"max_hp_per_floor":[70,70,70,70,70,70,70,70,70,70,70,70,70,70,70,70,70,70,70,70,70,70,70,70,70,70,70,70,70,70,70,70,70,70,70,70,70,70,70,75,75,75,75,75,75,75,75,75,75,75],"card_choices":[{"not_picked":["Outmaneuver","Endless Agony"],"picked":"Dagger Spray","floor":1},{"not_picked":["Poisoned Stab","Deadly Poison"],"picked":"Blade Dance","floor":2},{"not_picked":["Masterful Stab","Underhanded Strike","Predator"],"picked":"SKIP","floor":7},{"not_picked":["Leg Sweep","Setup"],"picked":"Footwork","floor":8},{"not_picked":["Slice","Dagger Throw"],"picked":"Backstab","floor":12},{"not_picked":["Finisher","Underhanded Strike"],"picked":"Prepared","floor":13},{"not_picked":["Dash","Reflex"],"picked":"Deadly Poison","floor":14},{"not_picked":["Tactician+1","Concentrate"],"picked":"Blade Dance","floor":18},{"not_picked":["Dagger Throw+1","Deflect+1"],"picked":"Prepared","floor":19},{"not_picked":["Outmaneuver","Flying Knee"],"picked":"Blade Dance","floor":23},{"not_picked":["All Out Attack","Footwork"],"picked":"Finisher+1","floor":24},{"not_picked":["Quick Slash+1","Outmaneuver"],"picked":"Noxious Fumes","floor":25},{"not_picked":["All Out Attack","Choke+1"],"picked":"Backstab","floor":28},{"not_picked":["Predator","Crippling Poison+1","Cloak And Dagger"],"picked":"SKIP","floor":29},{"not_picked":["Quick Slash+1","Blur"],"picked":"Flechettes","floor":30},{"not_picked":["Reflex","Footwork+1"],"picked":"Slice","floor":31},{"not_picked":["Leg Sweep","Flying Knee+1"],"picked":"Blade Dance","floor":35},{"not_picked":["Dagger Spray+1","Poisoned Stab+1","Acrobatics"],"picked":"SKIP","floor":36},{"not_picked":["All Out Attack+1","Poisoned Stab"],"picked":"Eviscerate+1","floor":40},{"not_picked":["Underhanded Strike","Deadly Poison"],"picked":"Adrenaline","floor":44},{"not_picked":["Flying Knee","Bouncing Flask+1","Backflip"],"picked":"SKIP","floor":45},{"not_picked":["Dash+1","Slice+1"],"picked":"Calculated Gamble","floor":48},{"not_picked":["Cloak And Dagger","Poisoned Stab+1"],"picked":"Acrobatics+1","floor":49}],"player_experience":157188,"relics_obtained":[{"floor":9,"key":"PreservedInsect"},{"floor":23,"key":"Dream Catcher"},{"floor":26,"key":"InkBottle"},{"floor":39,"key":"Turnip"},{"floor":40,"key":"Calipers"},{"floor":43,"key":"StoneCalendar"}],"event_choices":[{"damage_healed":0,"gold_gain":75,"player_choice":"Gather Gold","damage_taken":11,"max_hp_gain":0,"max_hp_loss":0,"event_name":"World of Goop","floor":3,"gold_loss":0},{"damage_healed":0,"gold_gain":0,"player_choice":"Upgraded","damage_taken":0,"max_hp_gain":0,"max_hp_loss":0,"event_name":"Upgrade Shrine","floor":4,"gold_loss":0,"cards_upgraded":["Dagger Spray"]},{"damage_healed":0,"gold_gain":0,"player_choice":"Gave Potion","damage_taken":0,"relics_obtained":["Toy Ornithopter"],"max_hp_gain":0,"max_hp_loss":0,"event_name":"WeMeetAgain","floor":10,"gold_loss":0},{"cards_removed":["Strike_G"],"damage_healed":0,"gold_gain":0,"player_choice":"Elegance","damage_taken":0,"max_hp_gain":0,"max_hp_loss":0,"event_name":"Back to Basics","floor":20,"gold_loss":0},{"damage_healed":0,"gold_gain":0,"player_choice":"Opened","damage_taken":0,"relics_obtained":["Mummified Hand"],"max_hp_gain":0,"max_hp_loss":0,"event_name":"The Mausoleum","floor":21,"gold_loss":0,"cards_obtained":["Writhe"]},{"cards_removed":["Strike_G"],"damage_healed":0,"gold_gain":0,"player_choice":"Removed Attack","damage_taken":0,"max_hp_gain":0,"max_hp_loss":0,"event_name":"Falling","floor":37,"gold_loss":0},{"damage_healed":0,"gold_gain":0,"player_choice":"Fight","damage_taken":0,"max_hp_gain":0,"max_hp_loss":0,"event_name":"MindBloom","floor":39,"gold_loss":0},{"damage_healed":0,"gold_gain":0,"player_choice":"Paid","damage_taken":0,"relics_obtained":["Red Mask"],"max_hp_gain":0,"max_hp_loss":0,"event_name":"Tomb of Lord Red Mask","floor":47,"gold_loss":59}],"is_beta":false,"boss_relics":[{"not_picked":["Tiny House","Philosopher\u0027s Stone"],"picked":"WristBlade"},{"not_picked":["Astrolabe","Sozu"],"picked":"SlaversCollar"}],"items_purged_floors":[5,41],"is_endless":false,"potions_floor_spawned":[7,8,12,13,16,29,31,33,35,40,48],"ascension_level":3}}