{"host":"4edbuligkc8x13l4","time":1607532819,"event":{"gold_per_floor":[110,110,110,120,136,136,164,164,164,164,164,164,187,202,202,202,202],"floor_reached":16,"playtime":337,"items_purged":[],"score":167,"play_id":"e3dbfe8f-788d-4858-9d39-9cebd72e74eb","local_time":"20201210005339","is_ascension_mode":true,"campfire_choices":[{"data":"Noxious Fumes","floor":6,"key":"SMITH"},{"data":"Cloak And Dagger","floor":8,"key":"SMITH"},{"floor":10,"key":"REST"},{"data":"Prepared","floor":12,"key":"SMITH"},{"data":"Neutralize","floor":15,"key":"SMITH"}],"neow_cost":"NONE","seed_source_timestamp":477850579059800,"circlet_count":0,"master_deck":["AscendersBane","Strike_G","Strike_G","Strike_G","Strike_G","Defend_G","Defend_G","Defend_G","Defend_G","Survivor","Neutralize+1","Cloak And Dagger+1","Prepared+1","Noxious Fumes+1","Deflect","Flying Knee"],"relics":["Ring of the Snake","NeowsBlessing","TungstenRod","Pantograph","MealTicket"],"potions_floor_usage":[7,7,7],"damage_taken":[{"damage":0,"enemies":"2 Louse","floor":1,"turns":1},{"damage":0,"enemies":"Cultist","floor":4,"turns":1},{"damage":0,"enemies":"Jaw Worm","floor":5,"turns":1},{"damage":17,"enemies":"Lagavulin","floor":7,"turns":9},{"damage":0,"enemies":"2 Fungi Beasts","floor":14,"turns":5},{"damage":71,"enemies":"Slime Boss","floor":16,"turns":11}],"seed_played":"-3077579258318310006","potions_obtained":[{"floor":1,"key":"EntropicBrew"}],"is_trial":false,"path_per_floor":["M","?","?","M","M","R","E","R","T","R","?","R","T","M","R","B"],"character_chosen":"THE_SILENT","items_purchased":[],"campfire_rested":1,"item_purchase_floors":[],"current_hp_per_floor":[59,52,52,52,52,52,35,35,35,54,54,54,54,54,54,0,0],"gold":202,"neow_bonus":"THREE_ENEMY_KILL","is_prod":false,"is_daily":false,"chose_seed":false,"campfire_upgraded":4,"win_rate":0,"timestamp":1607532819,"path_taken":["M","?","?","M","?","R","E","R","T","R","?","R","?","M","R","BOSS"],"build_version":"2020-11-30","purchased_purges":0,"victory":false,"max_hp_per_floor":[66,66,66,66,66,66,66,66,66,66,66,66,66,66,66,66,66],"card_choices":[{"not_picked":["Dash","Riddle With Holes"],"picked":"Cloak And Dagger","floor":1},{"not_picked":["Dagger Spray","PiercingWail"],"picked":"Prepared","floor":4},{"not_picked":["Sucker Punch","Leg Sweep"],"picked":"Noxious Fumes","floor":5},{"not_picked":["Phantasmal Killer","Predator"],"picked":"Deflect","floor":7},{"not_picked":["Terror","Dagger Throw"],"picked":"Flying Knee","floor":14}],"player_experience":883935,"relics_obtained":[{"floor":7,"key":"TungstenRod"},{"floor":9,"key":"Pantograph"},{"floor":13,"key":"MealTicket"}],"event_choices":[{"cards_removed":["Defend_G"],"damage_healed":0,"gold_gain":0,"player_choice":"Card Removal","damage_taken":7,"max_hp_gain":0,"max_hp_loss":0,"event_name":"Golden Wing","floor":2,"gold_loss":0},{"cards_removed":["Strike_G"],"damage_healed":0,"gold_gain":0,"player_choice":"Purged","damage_taken":0,"max_hp_gain":0,"max_hp_loss":0,"event_name":"Purifier","floor":3,"gold_loss":0},{"damage_healed":0,"gold_gain":0,"player_choice":"Ignored","damage_taken":0,"max_hp_gain":0,"max_hp_loss":0,"event_name":"Liars Game","floor":11,"gold_loss":0}],"is_beta":false,"boss_relics":[],"items_purged_floors":[],"is_endless":false,"potions_floor_spawned":[1],"killed_by":"Slime Boss","ascension_level":14}}