{"host":"eez7vtcxu2i37lck","time":1607494666,"event":{"gold_per_floor":[116,136,136,136,136,136,61,88,88,13,25,36,54,54,54,149,149,162,172,226,241,258,258,258],"floor_reached":23,"playtime":971,"items_purged":["ReplayTheSpireMod:Restless Dread"],"score":193,"play_id":"050cc0ff-c64e-4b87-8041-90144e5d4a79","local_time":"20201209011746","is_ascension_mode":false,"campfire_choices":[{"floor":6.0,"key":"REST"},{"floor":15.0,"key":"REST"}],"neow_cost":"CURSE","seed_source_timestamp":793695385437800,"circlet_count":0,"master_deck":["Strike_G","Strike_G","Strike_G","Strike_G","Defend_G","Defend_G","Defend_G","Defend_G","Survivor","Neutralize","The Bomb","Blade Dance","Fluid Movement","ReplayTheSpireMod:Haul","Cloak And Dagger","Cloak And Dagger","Grand Finale","Distraction+1"],"special_seed":0,"relics":["Ring of the Snake","hubris:Reverence","hubris:BottledRain","HornCleat","Replay:WaspNest","Black Star","Strawberry"],"potions_floor_usage":[22],"damage_taken":[{"damage":0.0,"enemies":"Cultist","floor":1.0,"turns":3.0},{"damage":8.0,"enemies":"Small Slimes","floor":2.0,"turns":3.0},{"damage":16.0,"enemies":"Gremlin Nob","floor":8.0,"turns":3.0},{"damage":3.0,"enemies":"Jaw Worm","floor":11.0,"turns":3.0},{"damage":0.0,"enemies":"Large Slime","floor":12.0,"turns":4.0},{"damage":13.0,"enemies":"Lots of Slimes","floor":13.0,"turns":3.0},{"damage":53.0,"enemies":"Fading Forest","floor":16.0,"turns":11.0},{"damage":0.0,"enemies":"Chosen","floor":18.0,"turns":3.0},{"damage":4.0,"enemies":"3 Byrds","floor":19.0,"turns":4.0},{"damage":16.0,"enemies":"Snake Plant","floor":21.0,"turns":5.0},{"damage":35,"enemies":"Chosen and Byrds","floor":22,"turns":6},{"damage":17,"enemies":"Nightmare","floor":23,"turns":7}],"seed_played":"-4009930900929349453","potions_obtained":[{"floor":1.0,"key":"SpeedPotion"},{"floor":8.0,"key":"Swift Potion"},{"floor":13.0,"key":"GamblersBrew"},{"floor":21.0,"key":"SkillPotion"}],"is_trial":false,"path_per_floor":["M","M","T","?","?","R","$","E","T","?","M","M","M","?","R","B",null,"M","M","T","M","M","NM"],"character_chosen":"THE_SILENT","items_purchased":[],"campfire_rested":2,"item_purchase_floors":[],"current_hp_per_floor":[70,62,62,62,45,66,66,50,50,50,47,47,34,34,55,24,70,70,66,73,57,22,5,5],"gold":258,"neow_bonus":"RANDOM_COLORLESS_2","is_prod":false,"is_daily":false,"chose_seed":false,"campfire_upgraded":0,"win_rate":0,"timestamp":1607494666,"path_taken":["M","M","?","?","?","R","$","E","T","?","M","?","M","?","R","BOSS","M","M","?","M","?","NM"],"build_version":"2020-11-30","purchased_purges":1,"victory":false,"max_hp_per_floor":[70,70,70,70,70,70,70,70,70,70,70,70,70,70,70,70,70,70,70,77,77,77,77,77],"card_choices":[{"not_picked":["Apotheosis","Chrysalis"],"picked":"The Bomb","floor":0.0},{"not_picked":["hubris:SlightOfHand","Deflect"],"picked":"Blade Dance","floor":1.0},{"not_picked":["Finisher","hubris:TrickCloak"],"picked":"Fluid Movement","floor":2.0},{"not_picked":["infinitespire:TheBestDefense","infinitespire:UltimateForm"],"picked":"ReplayTheSpireMod:Haul","floor":5.0},{"not_picked":["Infinite Blades","Endless Agony","Poisoned Stab"],"picked":"SKIP","floor":8.0},{"not_picked":["Dagger Throw","Accuracy"],"picked":"Cloak And Dagger","floor":11.0},{"not_picked":["Underhanded Strike","Crippling Poison","Poisoned Stab"],"picked":"SKIP","floor":12.0},{"not_picked":["Quick Slash","Choke"],"picked":"Cloak And Dagger","floor":13.0},{"not_picked":["Corpse Explosion","Doppelganger"],"picked":"Grand Finale","floor":16.0},{"not_picked":["Noxious Fumes","Predator","ReplayTheSpireMod:The Works"],"picked":"SKIP","floor":18.0},{"not_picked":["Slice","Sucker Punch"],"picked":"Distraction+1","floor":19.0},{"not_picked":["Quick Slash+1","Flying Knee","Endless Agony"],"picked":"SKIP","floor":21.0},{"not_picked":["Bane+1","ReplayTheSpireMod:Speed Training","Dagger Throw"],"picked":"SKIP","floor":22}],"player_experience":206038,"relics_obtained":[{"floor":3.0,"key":"hubris:Reverence"},{"floor":8.0,"key":"hubris:BottledRain"},{"floor":9.0,"key":"HornCleat"},{"floor":20.0,"key":"Strawberry"}],"event_choices":[{"damage_healed":0.0,"max_hp_gain":0.0,"max_hp_loss":0.0,"gold_gain":0.0,"event_name":"WeMeetAgain","player_choice":"Paid Gold","floor":10.0,"gold_loss":75.0,"damage_taken":0.0,"relics_obtained":["Replay:WaspNest"]},{"cards_removed":["Strike_G"],"damage_healed":0.0,"max_hp_gain":0.0,"max_hp_loss":0.0,"gold_gain":0.0,"event_name":"Purifier","player_choice":"Purged","floor":14.0,"gold_loss":0.0,"damage_taken":0.0}],"is_beta":false,"boss_relics":[{"not_picked":["hubris:CrackedHourglass","Replay:Grab Bag"],"picked":"Black Star"}],"items_purged_floors":[7],"is_endless":false,"potions_floor_spawned":[1,8,13,16,19,21],"killed_by":"Nightmare","ascension_level":0}}