{"host":"jm9833yuloeli2yd","time":1607538803,"event":{"gold_per_floor":[114,39,58,76,76,110,122,122,122,451,451,461,461,485,485,562,562,576,576,35,0,14,14,14,49,128,159,34,34,34],"floor_reached":29,"playtime":756,"items_purged":["Shame","Strike_B","Defend_B"],"score":588,"play_id":"09c1ca9e-6f56-4ef7-b684-dec1e98a9b11","local_time":"20201209133323","is_ascension_mode":true,"campfire_choices":[{"floor":8.0,"key":"REST"},{"data":"Pain","floor":11.0,"key":"PURGE"},{"data":"Buffer","floor":13.0,"key":"SMITH"},{"data":"Consume","floor":15.0,"key":"SMITH"},{"floor":23.0,"key":"REST"}],"neow_cost":"CURSE","seed_source_timestamp":764535348423400,"circlet_count":0,"master_deck":["AscendersBane","Strike_B","Defend_B","Defend_B","Defend_B","Zap","Dualcast","Buffer+1","Streamline","Conserve Battery","Glacier","Ball Lightning","Echo Form","Conserve Battery","Consume+1","Seek","Defragment","Loop","Hologram","Rip and Tear","Genetic Algorithm","Loop"],"special_seed":0,"relics":["Cracked Core","WarpedTongs","Prayer Wheel","Peace Pipe","Old Coin","Odd Mushroom","SacredBark","Nilry\u0027s Codex","Mummified Hand","OrangePellets","Shuriken","StrikeDummy","Orichalcum"],"potions_floor_usage":[25,25],"damage_taken":[{"damage":4.0,"enemies":"2 Louse","floor":1.0,"turns":3.0},{"damage":0.0,"enemies":"Cultist","floor":3.0,"turns":3.0},{"damage":0.0,"enemies":"Small Slimes","floor":4.0,"turns":4.0},{"damage":25.0,"enemies":"3 Sentries","floor":6.0,"turns":7.0},{"damage":15.0,"enemies":"Exordium Thugs","floor":7.0,"turns":5.0},{"damage":10.0,"enemies":"Gremlin Nob","floor":10.0,"turns":4.0},{"damage":6.0,"enemies":"Looter","floor":12.0,"turns":4.0},{"damage":5.0,"enemies":"The Mushroom Lair","floor":14.0,"turns":5.0},{"damage":18.0,"enemies":"The Guardian","floor":16.0,"turns":11.0},{"damage":14.0,"enemies":"Shell Parasite","floor":18.0,"turns":7.0},{"damage":0.0,"enemies":"Chosen","floor":22.0,"turns":4.0},{"damage":15,"enemies":"Slavers","floor":25,"turns":5},{"damage":0,"enemies":"Gremlin Leader","floor":27,"turns":6},{"damage":31,"enemies":"3 Cultists","floor":29,"turns":3}],"seed_played":"-1862834573063695653","potions_obtained":[{"floor":1.0,"key":"AttackPotion"},{"floor":6.0,"key":"Weak Potion"},{"floor":12.0,"key":"SteroidPotion"},{"floor":16.0,"key":"Swift Potion"},{"floor":18.0,"key":"Explosive Potion"}],"is_trial":false,"path_per_floor":["M","$","M","M","?","E","M","R","T","E","R","M","R","?","R","B",null,"M","?","$","?","M","R","?","E","T","E","$","M"],"character_chosen":"DEFECT","items_purchased":["Mummified Hand","OrangePellets"],"campfire_rested":2,"item_purchase_floors":[20,20],"current_hp_per_floor":[60,60,60,60,60,35,20,41,41,31,31,25,25,20,20,2,54,40,19,19,19,19,40,40,25,25,25,25,0,0],"gold":34,"neow_bonus":"THREE_RARE_CARDS","is_prod":false,"is_daily":false,"chose_seed":false,"campfire_upgraded":2,"win_rate":0,"timestamp":1607538803,"path_taken":["M","$","M","M","?","E","M","R","T","E","R","?","R","?","R","BOSS","M","?","$","?","M","R","?","E","T","E","$","M"],"build_version":"2020-11-30","purchased_purges":3,"victory":false,"max_hp_per_floor":[71,71,71,71,71,71,71,71,71,71,71,71,71,71,71,71,71,71,71,71,71,71,71,71,71,71,71,71,71,71],"card_choices":[{"not_picked":["All For One","Rainbow"],"picked":"Buffer","floor":0.0},{"not_picked":["Conserve Battery","White Noise"],"picked":"Streamline","floor":1.0},{"not_picked":["Double Energy","Coolheaded","Turbo"],"picked":"SKIP","floor":3.0},{"not_picked":["Reprogram","Rip and Tear","Sunder"],"picked":"SKIP","floor":4.0},{"not_picked":["Sunder","Turbo"],"picked":"Conserve Battery","floor":6.0},{"not_picked":["Fission","Go for the Eyes"],"picked":"Glacier","floor":7.0},{"not_picked":["Loop","Fusion"],"picked":"Ball Lightning","floor":7.0},{"not_picked":["Capacitor","BootSequence"],"picked":"Echo Form","floor":10.0},{"not_picked":["Rebound","Redo"],"picked":"Conserve Battery","floor":12.0},{"not_picked":["Rebound","Steam","Conserve Battery"],"picked":"SKIP","floor":12.0},{"not_picked":["Chill","Lockon"],"picked":"Consume","floor":14.0},{"not_picked":["Meteor Strike","Echo Form"],"picked":"Seek","floor":16.0},{"not_picked":["Hologram","Doom and Gloom"],"picked":"Defragment","floor":18.0},{"not_picked":["Steam","Conserve Battery","Auto Shields"],"picked":"SKIP","floor":18.0},{"not_picked":["Fusion+1","Undo+1"],"picked":"Loop","floor":22.0},{"not_picked":["Cold Snap","Sunder","Ball Lightning"],"picked":"SKIP","floor":22.0},{"not_picked":["Cold Snap","Reprogram"],"picked":"Genetic Algorithm","floor":25},{"not_picked":["FTL","Storm"],"picked":"Loop","floor":27}],"player_experience":982883,"relics_obtained":[{"floor":6.0,"key":"Prayer Wheel"},{"floor":9.0,"key":"Peace Pipe"},{"floor":10.0,"key":"Old Coin"},{"floor":14.0,"key":"Odd Mushroom"},{"floor":19.0,"key":"Nilry\u0027s Codex"},{"floor":25,"key":"Shuriken"},{"floor":26,"key":"StrikeDummy"},{"floor":27,"key":"Orichalcum"}],"event_choices":[{"damage_healed":0.0,"max_hp_gain":0.0,"max_hp_loss":0.0,"gold_gain":0.0,"event_name":"Accursed Blacksmith","player_choice":"Rummage","floor":5.0,"gold_loss":0.0,"damage_taken":0.0,"relics_obtained":["WarpedTongs"],"cards_obtained":["Pain"]},{"damage_healed":0.0,"max_hp_gain":0.0,"max_hp_loss":0.0,"gold_gain":0.0,"event_name":"Mushrooms","player_choice":"Fought Mushrooms","floor":14.0,"gold_loss":0.0,"damage_taken":0.0},{"damage_healed":0.0,"max_hp_gain":0.0,"max_hp_loss":0.0,"gold_gain":0.0,"event_name":"Cursed Tome","player_choice":"Obtained Book","floor":19.0,"gold_loss":0.0,"damage_taken":21.0},{"damage_healed":0.0,"max_hp_gain":0.0,"max_hp_loss":0.0,"gold_gain":0.0,"event_name":"Masked Bandits","player_choice":"Paid Fearfully","floor":21.0,"gold_loss":35.0,"damage_taken":0.0},{"damage_healed":0.0,"max_hp_gain":0.0,"max_hp_loss":0.0,"gold_gain":0.0,"cards_transformed":["Strike_B","Strike_B"],"event_name":"Drug Dealer","player_choice":"Became Test Subject","floor":24.0,"gold_loss":0.0,"damage_taken":0.0,"cards_obtained":["Hologram","Rip and Tear"]}],"is_beta":false,"boss_relics":[{"not_picked":["Snecko Eye","Runic Dome"],"picked":"SacredBark"}],"items_purged_floors":[2,20,28],"is_endless":false,"potions_floor_spawned":[1,6,12,16,18],"killed_by":"3 Cultists","ascension_level":20}}