{"host":"4w8ocelhatf0iefc","time":1607523593,"event":{"gold_per_floor":[112,112,112,40,58,101,125,125,125,125,149,185,203,88,88,209,209,225,244,263,316,329,329,329,329,329],"floor_reached":25,"playtime":1043,"items_purged":["Injury"],"score":325,"play_id":"1513c364-81a2-4c5b-a717-95bfab855a33","local_time":"20201209221953","is_ascension_mode":true,"campfire_choices":[{"floor":8,"key":"REST"},{"data":"Runesmith:OneForEveryone","floor":10,"key":"SMITH"},{"floor":15,"key":"REST"},{"floor":24,"key":"REST"}],"neow_cost":"NONE","seed_source_timestamp":8013306146900,"circlet_count":0,"master_deck":["Runesmith:Strike_RS","Runesmith:Strike_RS","Runesmith:Strike_RS","Runesmith:Strike_RS","Runesmith:Defend_RS","Runesmith:Defend_RS","Runesmith:Defend_RS","Runesmith:Defend_RS","Runesmith:CraftFirestone","Runesmith:Fortify","Runesmith:EnergizedChisel","Injury","Runesmith:CraftObretio+1","Runesmith:CraftProtectio+1","Runesmith:OneForEveryone+1","Runesmith:Grindstone+1","Runesmith:CraftIncendium+1","Runesmith:Firestorm+1","Runesmith:Superposition","Runesmith:LithiumIon+1","Runesmith:CraftPrismatica+1","Runesmith:Retool+1","Runesmith:Empowerment+1","Runesmith:BackupBattery+1","Runesmith:Grindstone+1"],"relics":["Runesmith:CoreCrystal","Bag of Marbles","Toxic Egg 2","Golden Idol","Frozen Egg 2","FossilizedHelix","Runesmith:EmergencyProvisions","Boot"],"potions_floor_usage":[11,11,11,12,16,18,23],"damage_taken":[{"damage":6,"enemies":"Jaw Worm","floor":1,"turns":3},{"damage":1,"enemies":"Cultist","floor":5,"turns":4},{"damage":38,"enemies":"Lagavulin","floor":6,"turns":8},{"damage":1,"enemies":"2 Louse","floor":7,"turns":3},{"damage":0,"enemies":"Exordium Wildlife","floor":11,"turns":6},{"damage":24,"enemies":"Gremlin Nob","floor":12,"turns":5},{"damage":0,"enemies":"Large Slime","floor":13,"turns":4},{"damage":0,"enemies":"The Guardian","floor":16,"turns":9},{"damage":9,"enemies":"Spheric Guardian","floor":18,"turns":6},{"damage":9,"enemies":"3 Byrds","floor":19,"turns":6},{"damage":21,"enemies":"Snake Plant","floor":20,"turns":6},{"damage":27,"enemies":"3 Cultists","floor":22,"turns":6},{"damage":0,"enemies":"Book of Stabbing","floor":23,"turns":2},{"damage":37,"enemies":"Slavers","floor":25,"turns":3}],"seed_played":"-3233831153708568029","potions_obtained":[{"floor":5,"key":"Energy Potion"},{"floor":6,"key":"EntropicBrew"},{"floor":13,"key":"SkillPotion"},{"floor":18,"key":"Fruit Juice"}],"is_trial":false,"path_per_floor":["M","?","?","$","M","E","M","R","T","R","M","E","M","$","R","B",null,"M","M","M","T","M","E","R","E"],"character_chosen":"RUNESMITH_CLASS","items_purchased":["Runesmith:CraftObretio+1","Runesmith:LithiumIon+1"],"campfire_rested":3,"item_purchase_floors":[4,14],"current_hp_per_floor":[64,64,64,64,63,25,24,45,45,45,45,21,21,21,42,42,70,66,57,36,36,9,9,31,0,0],"gold":329,"neow_bonus":"RANDOM_COMMON_RELIC","is_prod":false,"is_daily":false,"chose_seed":false,"campfire_upgraded":1,"win_rate":0,"timestamp":1607523593,"path_taken":["M","?","?","?","M","E","M","R","T","R","M","E","M","?","R","BOSS","M","?","M","?","M","E","R","E"],"build_version":"2020-11-30","purchased_purges":1,"victory":false,"max_hp_per_floor":[70,70,70,70,70,70,70,70,70,70,70,70,70,70,70,70,70,75,75,75,75,75,75,75,75,75],"card_choices":[{"not_picked":["Runesmith:HeatExchange","Runesmith:StaticCage"],"picked":"Runesmith:EnergizedChisel","floor":1},{"not_picked":["Runesmith:HammerThrow","Runesmith:Augment+1"],"picked":"Runesmith:CraftProtectio+1","floor":5},{"not_picked":["Runesmith:HeatedChisel","Runesmith:HammerTime"],"picked":"Runesmith:OneForEveryone","floor":6},{"not_picked":["Runesmith:HammerThrow","Runesmith:Empowerment+1"],"picked":"Runesmith:Grindstone+1","floor":7},{"not_picked":["Runesmith:EnergizedChisel","Runesmith:Permafrost+1"],"picked":"Runesmith:CraftIncendium+1","floor":11},{"not_picked":["Runesmith:EnergizedChisel","Runesmith:CraftProtectio+1"],"picked":"Runesmith:Firestorm+1","floor":12},{"not_picked":["Runesmith:NanitesCloud+1","Runesmith:CraftProtectio+1"],"picked":"Runesmith:Superposition","floor":13},{"not_picked":["Runesmith:GrandSlam","Runesmith:DuctTape+1"],"picked":"Runesmith:CraftPrismatica+1","floor":16},{"not_picked":["Runesmith:WhiteBalance","Runesmith:Grindstone+1"],"picked":"Runesmith:Retool+1","floor":18},{"not_picked":["Runesmith:HeatExchange","Runesmith:CraftProtectio+1"],"picked":"Runesmith:Empowerment+1","floor":19},{"not_picked":["Runesmith:CraftSpiculum+1","Runesmith:Electrocute"],"picked":"Runesmith:BackupBattery+1","floor":20},{"not_picked":["Runesmith:Empowerment+1","Runesmith:HammerThrow"],"picked":"Runesmith:Grindstone+1","floor":22}],"player_experience":270916,"relics_obtained":[{"floor":6,"key":"Frozen Egg 2"},{"floor":9,"key":"FossilizedHelix"},{"floor":12,"key":"Runesmith:EmergencyProvisions"},{"floor":21,"key":"Boot"}],"event_choices":[{"damage_healed":0,"gold_gain":0,"player_choice":"Take Wound","damage_taken":0,"relics_obtained":["Golden Idol"],"max_hp_gain":0,"max_hp_loss":0,"event_name":"Golden Idol","floor":3,"gold_loss":0,"cards_obtained":["Injury"]}],"is_beta":false,"boss_relics":[{"not_picked":["Runesmith:UraniumAnvil","SacredBark"],"picked":"Runesmith:CoreCrystal"}],"items_purged_floors":[14],"is_endless":false,"potions_floor_spawned":[5,6,13,18],"killed_by":"Slavers","ascension_level":3}}