{"host":"ds28d883r3sz42zs","time":1607528510,"event":{"gold_per_floor":[216,7,21,21,101,134,9,43,43,43,43,43,43,74,74,170,170,95,115,129,129,59,59,59,69,69,69,99,99,127,137,137,237,237,257,357,370,381,398,398,39,39,39,39,39,174,174,185,185,185,185,185,17,47,47],"floor_reached":56,"playtime":2668,"items_purged":["Doubt","Armaments"],"score":1488,"play_id":"433a62f3-ce87-4ae0-8804-34d125717e1e","local_time":"20201209104150","is_ascension_mode":true,"campfire_choices":[{"data":"Evolve","floor":10.0,"key":"SMITH"},{"data":"Bash","floor":13.0,"key":"SMITH"},{"data":"Feel No Pain","floor":23,"key":"SMITH"},{"data":"Pommel Strike","floor":27,"key":"SMITH"},{"data":"Limit Break","floor":32,"key":"SMITH"},{"data":"True Grit","floor":40,"key":"SMITH"},{"data":"Reckless Charge","floor":42,"key":"SMITH"},{"data":"Spot Weakness","floor":44,"key":"SMITH"},{"floor":49,"key":"RECALL"},{"data":"Battle Trance","floor":52,"key":"SMITH"}],"neow_cost":"NONE","seed_source_timestamp":645947492162200,"circlet_count":0,"master_deck":["Defend_R","Defend_R","Defend_R+1","Evolve+1","StuffTheSpire:Resist+1","ReplayTheSpireMod:Stacked+1","Battle Trance+1","Spot Weakness+1","Pommel Strike+1","Reckless Charge+1","Thunderclap","StuffTheSpire:Resist+1","Feel No Pain+1","Limit Break+1","True Grit+1","Inflame+1","Fire Breathing","expansioncontent:Collect","Dark Embrace"],"special_seed":0,"relics":["Burning Blood","ReplayTheSpireMod:CursedCoin","Replay:Bottled Eggs","StuffTheSpire:CocoNut","infinitespire:Eraser","Letter Opener","Dream Catcher","Ice Cream","hubris:GlazedTorus","ReplayTheSpireMod:TigerMarble","Replay:Drink Me","aspiration:Lifesprig","aspiration:FetidBarrel","aspiration:Stabinomicon","Coffee Dripper","Mummified Hand","hubris:Icosahedron","Omamori","aspiration:HummingbirdHeart"],"potions_floor_usage":[18,28,31,55],"damage_taken":[{"damage":14.0,"enemies":"Small Slimes","floor":1.0,"turns":6.0},{"damage":2.0,"enemies":"Jaw Worm","floor":3.0,"turns":3.0},{"damage":9.0,"enemies":"Replay:BlueRogue","floor":6.0,"turns":7.0},{"damage":11.0,"enemies":"3 Sentries","floor":8.0,"turns":8.0},{"damage":0.0,"enemies":"Lagavulin","floor":14.0,"turns":6.0},{"damage":20.0,"enemies":"Fading Forest","floor":16.0,"turns":11.0},{"damage":13,"enemies":"2 Thieves","floor":18,"turns":5},{"damage":17,"enemies":"Shell Parasite","floor":19,"turns":17},{"damage":7,"enemies":"Centurion and Healer","floor":20,"turns":12},{"damage":12,"enemies":"3 Cultists","floor":25,"turns":7},{"damage":43,"enemies":"Slavers","floor":28,"turns":6},{"damage":7,"enemies":"Book of Stabbing","floor":30,"turns":6},{"damage":6,"enemies":"Shelled Parasite and Fungi","floor":31,"turns":5},{"damage":14,"enemies":"Automaton","floor":33,"turns":10},{"damage":0,"enemies":"Orb Walker","floor":35,"turns":3},{"damage":0,"enemies":"3 Darklings","floor":37,"turns":4},{"damage":0,"enemies":"Maw","floor":38,"turns":6},{"damage":0,"enemies":"Transient","floor":39,"turns":5},{"damage":0,"enemies":"Reptomancer","floor":46,"turns":3},{"damage":0,"enemies":"Jaw Worm Horde","floor":48,"turns":2},{"damage":6,"enemies":"Replay:Hell Engine","floor":50,"turns":5},{"damage":0,"enemies":"Shield and Spear","floor":54,"turns":5},{"damage":33,"enemies":"The Heart","floor":55,"turns":6}],"seed_played":"-555723392660813337","potions_obtained":[{"floor":3.0,"key":"Elixir"},{"floor":8.0,"key":"FearPotion"},{"floor":14.0,"key":"DistilledChaos"},{"floor":25,"key":"AttackPotion"},{"floor":28,"key":"PowerPotion"},{"floor":30,"key":"BloodPotion"},{"floor":31,"key":"Milkshake"}],"is_trial":false,"path_per_floor":["M","$","M","?","T","E","$","E","T","R","?","T","R","E","R_BF","B",null,"M","M","M","?","$","R","?","M","T","R","E","?","E","M","R","B",null,"M","?","M","M","M","R","$","R","T","R","?","E","?","M","R","B",null,"R","$","E","B",null],"character_chosen":"IRONCLAD","items_purchased":["ReplayTheSpireMod:CursedCoin","Replay:Bottled Eggs","Evolve","Battle Trance","Adrenaline Potion","Feel No Pain","Mummified Hand","Fire Breathing","expansioncontent:Collect"],"campfire_rested":0,"item_purchase_floors":[2,2,2,7,7,22,41,53,53],"current_hp_per_floor":[64,64,68,68,75,72,72,67,67,67,67,67,67,73,87,73,66,59,48,47,47,47,47,47,56,56,56,23,23,22,35,35,31,57,63,63,66,66,66,66,66,66,66,66,66,66,66,66,66,66,66,66,66,66,39],"gold":47,"neow_bonus":"HUNDRED_GOLD","is_prod":false,"is_daily":false,"chose_seed":false,"campfire_upgraded":9,"win_rate":0,"timestamp":1607528510,"path_taken":["M","$","M","?","?","E","?","E","T","R","?","?","R","E","R_BF","BOSS","M","M","M","?","$","R","?","?","T","R","E","?","E","M","R","BOSS","M","?","M","M","?","R","$","R","T","R","?","E","?","M","R","BOSS","R","$","E","BOSS"],"build_version":"2020-11-30","purchased_purges":2,"victory":true,"max_hp_per_floor":[80,80,80,80,87,87,87,87,87,87,87,87,87,87,87,87,66,66,66,66,66,66,66,66,66,66,66,66,66,66,66,66,66,66,66,66,66,66,66,66,66,66,66,66,66,66,66,66,66,66,66,66,66,66,66],"relic_stats":{"Dream Catcher":1,"counters":[23,148],"Mummified Hand":[33],"Letter Opener":[292],"obtain_stats":[{"Ice Cream":11,"aspiration:Lifesprig":26,"ReplayTheSpireMod:CursedCoin":2,"aspiration:FetidBarrel":28,"aspiration:Stabinomicon":30,"Omamori":46,"aspiration:HummingbirdHeart":54,"Letter Opener":8,"Burning Blood":0,"Dream Catcher":9,"hubris:Icosahedron":45,"Mummified Hand":41,"StuffTheSpire:CocoNut":5,"ReplayTheSpireMod:TigerMarble":14,"Coffee Dripper":34,"Replay:Bottled Eggs":2,"infinitespire:Eraser":6,"Replay:Drink Me":17,"hubris:GlazedTorus":12},{"Ice Cream":4,"aspiration:Lifesprig":10,"ReplayTheSpireMod:CursedCoin":1,"aspiration:FetidBarrel":11,"aspiration:Stabinomicon":12,"Omamori":19,"aspiration:HummingbirdHeart":22,"Letter Opener":4,"Burning Blood":0,"Dream Catcher":4,"hubris:Icosahedron":18,"Mummified Hand":18,"StuffTheSpire:CocoNut":2,"ReplayTheSpireMod:TigerMarble":5,"Coffee Dripper":14,"Replay:Bottled Eggs":1,"infinitespire:Eraser":3,"Replay:Drink Me":6,"hubris:GlazedTorus":4},{"Ice Cream":24,"aspiration:Lifesprig":82,"ReplayTheSpireMod:CursedCoin":6,"aspiration:FetidBarrel":88,"aspiration:Stabinomicon":94,"Omamori":130,"aspiration:HummingbirdHeart":142,"Letter Opener":24,"Burning Blood":0,"Dream Catcher":24,"hubris:Icosahedron":127,"Mummified Hand":127,"StuffTheSpire:CocoNut":9,"ReplayTheSpireMod:TigerMarble":30,"Coffee Dripper":109,"Replay:Bottled Eggs":6,"infinitespire:Eraser":16,"Replay:Drink Me":41,"hubris:GlazedTorus":24}],"Burning Blood":105},"card_choices":[{"not_picked":["Flex","Heavy Blade"],"picked":"Perfected Strike","floor":1.0},{"not_picked":["Havoc","Abandon"],"picked":"StuffTheSpire:Resist","floor":3.0},{"not_picked":["Armaments","Massacre"],"picked":"ReplayTheSpireMod:Stacked","floor":6.0},{"not_picked":["Shrug It Off","hubris:SharpeningStone"],"picked":"Power Through","floor":8.0},{"not_picked":["Infernal Blade","Brutality"],"picked":"Spot Weakness","floor":14.0},{"not_picked":["Havoc","Pummel"],"picked":"Pommel Strike","floor":15.0},{"not_picked":["Juggernaut","StuffTheSpire:TitanForm"],"picked":"conspire:Purge","floor":16.0},{"not_picked":["Dark Embrace","ReplayTheSpireMod:Corrosion Curse","StuffTheSpire:RockThrow"],"picked":"SKIP","floor":18},{"not_picked":["Dark Embrace+1","ReplayTheSpireMod:Strike From Hell"],"picked":"Reckless Charge","floor":19},{"not_picked":["Thunderclap","Carnage","Dark Embrace"],"picked":"SKIP","floor":20},{"not_picked":["Carnage","Dark Embrace"],"picked":"Thunderclap","floor":20},{"not_picked":["Blood for Blood+1","Clash+1"],"picked":"Armaments","floor":25},{"not_picked":["Iron Wave","Warcry+1","Replay:Many Hands"],"picked":"SKIP","floor":28},{"not_picked":["Thunderclap+1","Ghostly Armor+1"],"picked":"Limit Break","floor":30},{"not_picked":["Clothesline","Wild Strike+1","Run Through"],"picked":"SKIP","floor":31},{"not_picked":["Spot Weakness","Headbutt+1"],"picked":"True Grit","floor":35},{"not_picked":["Uppercut+1","infinitespire:OneForAll","conspire:Charge+1"],"picked":"SKIP","floor":37},{"not_picked":["Heavy Blade+1","Searing Blow+1","Massacre+1"],"picked":"SKIP","floor":38},{"not_picked":["Clothesline+1","hubris:CleavingFinish+1","ReplayTheSpireMod:Corrosion Curse+1"],"picked":"SKIP","floor":39},{"not_picked":["StuffTheSpire:RagingBull+1","Wild Strike"],"picked":"Inflame+1","floor":46},{"not_picked":["Life Link","StuffTheSpire:Slingshot","Flex"],"picked":"SKIP","floor":48},{"not_picked":["Searing Blow","Run Through"],"picked":"Dark Embrace","floor":54}],"player_experience":718277,"relics_obtained":[{"floor":5.0,"key":"StuffTheSpire:CocoNut"},{"floor":6.0,"key":"infinitespire:Eraser"},{"floor":8.0,"key":"Letter Opener"},{"floor":9.0,"key":"Dream Catcher"},{"floor":11.0,"key":"Ice Cream"},{"floor":12.0,"key":"hubris:GlazedTorus"},{"floor":14.0,"key":"ReplayTheSpireMod:TigerMarble"},{"floor":26,"key":"aspiration:Lifesprig"},{"floor":28,"key":"aspiration:FetidBarrel"},{"floor":30,"key":"aspiration:Stabinomicon"},{"floor":46,"key":"Omamori"},{"floor":54,"key":"aspiration:HummingbirdHeart"}],"event_choices":[{"damage_healed":0,"gold_gain":0,"player_choice":"Copied","damage_taken":0,"max_hp_gain":0,"max_hp_loss":0,"event_name":"Duplicator","floor":21,"gold_loss":0,"cards_obtained":["StuffTheSpire:Resist"]},{"damage_healed":0,"gold_gain":0,"player_choice":"Ignored","damage_taken":0,"max_hp_gain":0,"max_hp_loss":0,"event_name":"betterNote:BetterNote","floor":24,"gold_loss":0,"cards_obtained":["Neutralize"]},{"damage_healed":0,"gold_gain":100,"player_choice":"Pray","damage_taken":0,"max_hp_gain":0,"max_hp_loss":0,"event_name":"Golden Shrine","floor":36,"gold_loss":0},{"damage_healed":0,"gold_gain":0,"player_choice":"Upgraded","damage_taken":0,"max_hp_gain":0,"max_hp_loss":0,"event_name":"Upgrade Shrine","floor":47,"gold_loss":0,"cards_upgraded":["Defend_R"]}],"is_beta":false,"boss_relics":[{"not_picked":["hubris:TerracottaHorce","aspiration:DefectSkillbook"],"picked":"Replay:Drink Me"},{"not_picked":["Ring of Chaos","Calling Bell"],"picked":"Coffee Dripper"}],"items_purged_floors":[2,41],"is_endless":false,"potions_floor_spawned":[3,8,14,25,28,30,31,35,37,39,54],"ascension_level":9}}