{"host":"Jay","time":1607540475,"event":{"gold_per_floor":[111,123,26,46,57,82,93,119,119,136,166,166,200,215,215,311,311,321,341,266,266,278,278,310,322,322,355,367,367,399,414,414,515,515,533,543,188,188,205,205,239,255,255,283,299,331,331,364,364,364],"floor_reached":51,"playtime":2012,"items_purged":["Strike_G","Slice"],"score":1189,"play_id":"cd7aad59-b76f-4d47-b1e3-a5e02eff95da","local_time":"20201209140115","is_ascension_mode":true,"campfire_choices":[{"data":"1","floor":12,"key":"LIFT"},{"data":"2","floor":15,"key":"LIFT"},{"data":"3","floor":23,"key":"LIFT"},{"data":"Accuracy","floor":32,"key":"SMITH"},{"data":"Accuracy","floor":40,"key":"SMITH"},{"data":"Night Terror","floor":47,"key":"SMITH"},{"data":"Phantasmal Killer","floor":49,"key":"SMITH"}],"neow_cost":"","seed_source_timestamp":0,"circlet_count":0,"master_deck":["Defend_G","Survivor","Defend_G","Neutralize","Skewer+1","Blade Dance","Cloak And Dagger","Accuracy+1","Phantasmal Killer+1","Terror","Accuracy+1","Distraction+1","Prepared+1","Infinite Blades+1","Blade Dance+1","Blade Dance","Accuracy+1","Blade Dance+1","Night Terror+1","PiercingWail+1","Calculated Gamble+1","Infinite Blades+1","Cloak And Dagger+1"],"special_seed":0,"relics":["Ring of the Snake","Chemical X","WristBlade","Girya","HornCleat","Shuriken","Mummified Hand","Blue Candle","Astrolabe","GremlinMask","Bird Faced Urn","Boot","Tiny Chest","Pen Nib","Runic Dome","Bottled Tornado","Omamori","Meat on the Bone","Vajra","Dream Catcher","Blood Vial"],"potions_floor_usage":[18,50,50,50],"damage_taken":[{"damage":0.0,"enemies":"Cultist","floor":1.0,"turns":3.0},{"damage":0.0,"enemies":"2 Louse","floor":2.0,"turns":2.0},{"damage":0.0,"enemies":"Small Slimes","floor":4.0,"turns":2.0},{"damage":0.0,"enemies":"Gremlin Gang","floor":5.0,"turns":3.0},{"damage":0,"enemies":"3 Sentries","floor":6,"turns":3},{"damage":0,"enemies":"Blue Slaver","floor":7,"turns":1},{"damage":0,"enemies":"Lagavulin","floor":8,"turns":2},{"damage":0,"enemies":"Exordium Thugs","floor":10,"turns":3},{"damage":0,"enemies":"3 Sentries","floor":11,"turns":3},{"damage":0,"enemies":"Lagavulin","floor":13,"turns":2},{"damage":8,"enemies":"Exordium Wildlife","floor":14,"turns":3},{"damage":9,"enemies":"Hexaghost","floor":16,"turns":3},{"damage":4,"enemies":"2 Thieves","floor":18,"turns":2},{"damage":0,"enemies":"Shell Parasite","floor":19,"turns":1},{"damage":1,"enemies":"Centurion and Healer","floor":22,"turns":2},{"damage":0,"enemies":"Book of Stabbing","floor":24,"turns":2},{"damage":0,"enemies":"Shelled Parasite and Fungi","floor":25,"turns":2},{"damage":4,"enemies":"Gremlin Leader","floor":27,"turns":2},{"damage":0,"enemies":"Snecko","floor":28,"turns":2},{"damage":12,"enemies":"Slavers","floor":30,"turns":2},{"damage":0,"enemies":"Centurion and Healer","floor":31,"turns":2},{"damage":0,"enemies":"Champ","floor":33,"turns":3},{"damage":2,"enemies":"3 Darklings","floor":35,"turns":2},{"damage":18,"enemies":"3 Shapes","floor":36,"turns":1},{"damage":16,"enemies":"Spire Growth","floor":39,"turns":2},{"damage":5,"enemies":"Giant Head","floor":41,"turns":2},{"damage":9,"enemies":"Writhing Mass","floor":42,"turns":2},{"damage":0,"enemies":"Reptomancer","floor":44,"turns":3},{"damage":0,"enemies":"Maw","floor":45,"turns":3},{"damage":0,"enemies":"Giant Head","floor":46,"turns":3},{"damage":25,"enemies":"Nemesis","floor":48,"turns":3},{"damage":22,"enemies":"Donu and Deca","floor":50,"turns":4}],"seed_played":"9175858520272301633","potions_obtained":[{"floor":1.0,"key":"AttackPotion"},{"floor":4.0,"key":"SkillPotion"},{"floor":7,"key":"Strength Potion"},{"floor":8,"key":"Ancient Potion"},{"floor":13,"key":"SteroidPotion"},{"floor":19,"key":"LiquidBronze"},{"floor":27,"key":"PowerPotion"},{"floor":42,"key":"SteroidPotion"}],"is_trial":true,"path_per_floor":["M","M","$","M","M","E","M","E","T","M","E","R","E","M","R","B",null,"M","M","?","?","M","R","E","M","T","E","M","?","E","M","R","B",null,"M","M","$","?","M","R","E","M","T","E","M","E","R","E","R","B",null],"character_chosen":"THE_SILENT","items_purchased":["Cloak And Dagger","Bottled Tornado"],"campfire_rested":0,"item_purchase_floors":[3,37],"current_hp_per_floor":[70,70,70,70,70,70,70,70,70,70,70,70,70,62,62,53,70,66,66,66,66,65,65,65,70,70,68,70,70,58,62,62,70,70,70,52,52,52,40,40,43,44,44,52,62,66,66,43,43,41],"gold":364,"neow_bonus":"","is_prod":false,"is_daily":false,"chose_seed":false,"campfire_upgraded":4,"win_rate":0,"timestamp":1607540475,"path_taken":["M","M","$","M","M","E","M","E","T","M","E","R","E","M","R","BOSS","M","?","?","?","M","R","E","M","T","E","?","?","E","M","R","BOSS","M","M","$","?","M","R","E","M","T","E","M","E","R","E","R","BOSS"],"build_version":"2020-12-07","purchased_purges":2,"victory":true,"max_hp_per_floor":[70,70,70,70,70,70,70,70,70,70,70,70,70,70,70,70,70,70,70,70,70,70,70,70,70,70,70,70,70,70,70,70,70,70,70,70,70,66,66,66,66,66,66,66,66,66,66,66,66,66],"card_choices":[{"not_picked":["Catalyst","Poisoned Stab","Calculated Gamble"],"picked":"SKIP","floor":1.0},{"not_picked":["Deadly Poison","Riddle With Holes"],"picked":"Blade Dance","floor":2.0},{"not_picked":["Dagger Throw","Blur"],"picked":"Accuracy","floor":4.0},{"not_picked":["Well Laid Plans","Predator"],"picked":"Slice","floor":5.0},{"not_picked":["Deadly Poison","Slice","Concentrate"],"picked":"SKIP","floor":6},{"not_picked":["Poisoned Stab","Bouncing Flask"],"picked":"Phantasmal Killer","floor":7},{"not_picked":["Finisher","Noxious Fumes","Outmaneuver"],"picked":"SKIP","floor":8},{"not_picked":["Deadly Poison","Concentrate","Deflect"],"picked":"SKIP","floor":10},{"not_picked":["Blur","Caltrops"],"picked":"Terror","floor":11},{"not_picked":["Dagger Spray","PiercingWail","Wraith Form v2"],"picked":"SKIP","floor":13},{"not_picked":["Flying Knee","Tactician"],"picked":"Accuracy","floor":14},{"not_picked":["Blur+1","Riddle With Holes+1"],"picked":"Blade Dance+1","floor":18},{"not_picked":["Quick Slash+1","Backflip"],"picked":"Blade Dance","floor":19},{"not_picked":["Sucker Punch","Eviscerate+1","Expertise"],"picked":"SKIP","floor":22},{"not_picked":["Blade Dance+1","PiercingWail"],"picked":"Accuracy+1","floor":24},{"not_picked":["Underhanded Strike","Dagger Spray","Dagger Throw"],"picked":"SKIP","floor":25},{"not_picked":["Acrobatics","Prepared","A Thousand Cuts"],"picked":"SKIP","floor":27},{"not_picked":["Quick Slash+1","Heel Hook","Deadly Poison+1"],"picked":"SKIP","floor":28},{"not_picked":["Backflip","Poisoned Stab+1"],"picked":"Blade Dance+1","floor":30},{"not_picked":["Blade Dance","Deadly Poison","Outmaneuver+1"],"picked":"SKIP","floor":31},{"not_picked":["After Image","Venomology"],"picked":"Night Terror","floor":33},{"not_picked":["Catalyst+1","Deflect+1"],"picked":"PiercingWail+1","floor":35},{"not_picked":["Deflect","Blade Dance"],"picked":"Calculated Gamble+1","floor":36},{"not_picked":["Poisoned Stab","Flying Knee"],"picked":"Infinite Blades+1","floor":39},{"not_picked":["Heel Hook+1","Terror","Blur+1"],"picked":"SKIP","floor":41},{"not_picked":["Concentrate","Sucker Punch+1","Dagger Spray+1"],"picked":"SKIP","floor":42},{"not_picked":["Setup+1","PiercingWail+1","Underhanded Strike+1"],"picked":"SKIP","floor":44},{"not_picked":["Distraction","Poisoned Stab+1","Phantasmal Killer"],"picked":"SKIP","floor":45},{"not_picked":["Poisoned Stab","Acrobatics+1","Dodge and Roll"],"picked":"SKIP","floor":46},{"not_picked":["All Out Attack+1","Flying Knee+1"],"picked":"Cloak And Dagger+1","floor":48}],"player_experience":2057921,"relics_obtained":[{"floor":6,"key":"Girya"},{"floor":8,"key":"HornCleat"},{"floor":9,"key":"Shuriken"},{"floor":11,"key":"Mummified Hand"},{"floor":13,"key":"Blue Candle"},{"floor":24,"key":"Bird Faced Urn"},{"floor":26,"key":"Boot"},{"floor":27,"key":"Tiny Chest"},{"floor":30,"key":"Pen Nib"},{"floor":41,"key":"Omamori"},{"floor":43,"key":"Meat on the Bone"},{"floor":44,"key":"Vajra"},{"floor":46,"key":"Dream Catcher"},{"floor":48,"key":"Blood Vial"}],"event_choices":[{"cards_removed":["Defend_G"],"damage_healed":0,"gold_gain":0,"player_choice":"Gave Gold","damage_taken":0,"max_hp_gain":0,"max_hp_loss":0,"event_name":"Beggar","floor":20,"gold_loss":75},{"damage_healed":0,"gold_gain":0,"player_choice":"Trade","damage_taken":0,"relics_obtained":["GremlinMask"],"max_hp_gain":0,"max_hp_loss":0,"event_name":"FaceTrader","floor":21,"gold_loss":0},{"damage_healed":0,"gold_gain":0,"player_choice":"0 cards matched","damage_taken":0,"max_hp_gain":0,"max_hp_loss":0,"event_name":"Match and Keep!","floor":29,"gold_loss":0,"cards_obtained":[]},{"damage_healed":0,"gold_gain":0,"player_choice":"Max HP","damage_taken":0,"max_hp_gain":0,"max_hp_loss":4,"event_name":"Winding Halls","floor":38,"gold_loss":0}],"is_beta":true,"boss_relics":[{"not_picked":["Runic Pyramid","Calling Bell"],"picked":"Astrolabe"},{"not_picked":["Empty Cage","Cursed Key"],"picked":"Runic Dome"}],"items_purged_floors":[3,37],"is_endless":false,"potions_floor_spawned":[1,4,7,8,10,13,14,19,24,27,30,39,41,42,46],"ascension_level":1}}