{"host":"87fdiiwflhrwsj8a","time":1607550441,"event":{"gold_per_floor":[111,111,124,36,51,77,77,106,131,131,131,131,131,131],"floor_reached":13,"playtime":320,"items_purged":[],"score":182,"play_id":"13286cc2-36de-4918-8485-ad4a4c10ee8b","local_time":"20201209164721","is_ascension_mode":true,"campfire_choices":[{"floor":7,"key":"REST"},{"floor":10,"key":"REST"},{"floor":12,"key":"DIG"}],"neow_cost":"NONE","seed_source_timestamp":105128814274000,"circlet_count":0,"master_deck":["AscendersBane","Strike_B","Strike_B","Strike_B","Strike_B","Defend_B","Defend_B","Defend_B","Defend_B","Zap","Dualcast","Static Discharge","StuffTheSpire:Snapshot+1","Thunder Strike"],"relics":["Cracked Core","NeowsBlessing","Replay:Ringing Soul","Darkstone Periapt","aspiration:ChemicalBlood","Shovel","Omamori"],"potions_floor_usage":[6,6,8],"damage_taken":[{"damage":0,"enemies":"2 Louse","floor":1,"turns":1},{"damage":0,"enemies":"Cultist","floor":3,"turns":1},{"damage":0,"enemies":"Small Slimes","floor":5,"turns":1},{"damage":48,"enemies":"Lagavulin","floor":6,"turns":10},{"damage":33,"enemies":"3 Sentries","floor":8,"turns":8},{"damage":42,"enemies":"Gremlin Gang","floor":13,"turns":3}],"seed_played":"-3977976586879433252","potions_obtained":[{"floor":3,"key":"Energy Potion"},{"floor":5,"key":"BlessingOfTheForge"},{"floor":6,"key":"Block Potion"}],"is_trial":false,"path_per_floor":["M","?","M","$","M","E","R","E","T","R","?","R","M"],"character_chosen":"DEFECT","items_purchased":["Chaos"],"campfire_rested":2,"item_purchase_floors":[4],"current_hp_per_floor":[64,64,64,64,64,16,37,7,7,29,29,29,0,0],"gold":131,"neow_bonus":"THREE_ENEMY_KILL","is_prod":false,"is_daily":false,"chose_seed":false,"campfire_upgraded":0,"win_rate":0,"timestamp":1607550441,"path_taken":["M","?","?","$","M","E","R","E","T","R","?","R","M"],"build_version":"2020-11-30","purchased_purges":0,"victory":false,"max_hp_per_floor":[71,71,71,71,71,71,71,74,74,74,74,74,74,74],"card_choices":[{"not_picked":["Gash","White Noise"],"picked":"StuffTheSpire:SnapShoot","floor":1},{"not_picked":["Go for the Eyes","ReplaySolidLightProjector"],"picked":"Static Discharge","floor":3},{"not_picked":["Go for the Eyes","Hologram","Panic Button"],"picked":"SKIP","floor":5},{"not_picked":["Streamline","Beam Cell","ReplayTheSpireMod:System Scan"],"picked":"SKIP","floor":6},{"not_picked":["Rebound","Blizzard"],"picked":"Thunder Strike","floor":8}],"player_experience":2511452,"relics_obtained":[{"floor":6,"key":"Replay:Ringing Soul"},{"floor":8,"key":"Darkstone Periapt"},{"floor":9,"key":"aspiration:ChemicalBlood"},{"floor":12,"key":"Omamori"}],"event_choices":[{"damage_healed":0,"gold_gain":0,"player_choice":"Upgraded","damage_taken":0,"max_hp_gain":0,"max_hp_loss":0,"event_name":"Upgrade Shrine","floor":2,"gold_loss":0,"cards_upgraded":["StuffTheSpire:SnapShoot"]},{"cards_removed":["Chaos"],"damage_healed":0,"gold_gain":0,"player_choice":"Gave Card","damage_taken":0,"relics_obtained":["Shovel"],"max_hp_gain":0,"max_hp_loss":0,"event_name":"WeMeetAgain","floor":11,"gold_loss":0}],"is_beta":false,"boss_relics":[],"items_purged_floors":[],"is_endless":false,"potions_floor_spawned":[3,5,6],"killed_by":"Gremlin Gang","ascension_level":20}}