{"host":"tst5pjz7m60hr0pr","time":1607499685,"event":{"gold_per_floor":[118,44,61,61,76,110,125,125,150,163,163,175,175,201,201,298,298,309,319,337,337,351,351,381,395,395,395,395,411,422,436,436,534,534,581,931,981,981,981,981,1055,834,834,253,304,304,335,369,369,494,494,534,534,534,234,256,256,286,286,286,320,320,342,372,406,406,511,611,649,650,650,650,699,699,727,763,772,772,772,888,888,888],"floor_reached":81,"playtime":9267,"items_purged":["Pain","Defend_S"],"score":1617,"play_id":"0d76507d-150b-450f-a76a-08b618049907","local_time":"20201209014125","is_ascension_mode":false,"campfire_choices":[{"floor":11,"key":"REST"},{"data":"Ricochet","floor":13,"key":"SMITH"},{"data":"Potential","floor":15,"key":"SMITH"},{"data":"Manipulate","floor":23,"key":"SMITH"},{"floor":27,"key":"REST"},{"floor":32,"key":"REST"},{"floor":40,"key":"REST"},{"floor":49,"key":"REST"},{"data":"KillingDoll","floor":57,"key":"SMITH"},{"data":"Duplication","floor":62,"key":"SMITH"},{"floor":66,"key":"REST"},{"data":"Replay:BasicMightCard","floor":74,"key":"SMITH"},{"data":"Starlight","floor":78,"key":"SMITH"}],"neow_cost":"NONE","seed_source_timestamp":848476238594400,"circlet_count":0,"master_deck":["Strike_S","Strike_S","Strike_S","Defend_S","Defend_S","Defend_S","KidneyShot","Exchange","Potential+1","Starlight","RealityMarble","Ricochet+1","ShatteredReality","Manipulate+1","ReturningBlade","Advance","Snipe","SoulSculpture","Revamp","Ricochet+1","Rearm+1","Alleviate+1","Revamp","Sabotage+1","SurpressingFire","MurderousAura","Foresight","Comet","Replace+1","Potential+1","Luminosity","Moonlight","expansioncontent:DashGenerateEvil","Replay:BasicMightCard+1","BottledTime","Moondial+1","Luminosity+1","TheWorld","ShiftingGears","infinitespire:TheBestDefense","KillingDoll+1","Advance","Duplication+1","Luminosity","SilverBlades+1","Starlight+1","Replace","ReplayTheSpireMod:Echoes of Time","Dilation","Rearm","Revamp+1","SilverBlades","Gouge","Solidify","Potential+1","Sabotage+1","Reset+1","expansioncontent:TimeRipple+1","expansioncontent:StudyTheSpire+1"],"relics":["SplendidAttire","Guardian:ModeShifter","Simple Rune","hubris:Towel","Letter Opener","Replay:Kaleidoscope","WarpedTongs","infinitespire:EvilPickle","Old Coin","infinitespire:Golems Mask","StuffTheSpire:GreaterSneckoEye","hubris:ToyBattleship","MerchantsRug","ReplayTheSpireMod:ShopPack","conspire:TopHat","Honey Jar","ClockworkSouvenir","Anchor","halation:IllGainedPizza","Replay:Wax Seal","Replay:Wanted Poster","CaptainsWheel","MutagenicStrength","CCEMRelics:JestersCrown","StuffTheSpire:RubySignet","Bottled Tornado","Golden Egg","Replay:Lucky Slots","hubris:NiceRug","Oddly Smooth Stone","Frozen Eye","hubris:CuriousFeather","hubris:CrystalStatue","CCEMRelics:WhiteRose"],"potions_floor_usage":[16,22,33,33,41,47,48,50,50,50,58,80],"damage_taken":[{"damage":6,"enemies":"Jaw Worm","floor":1,"turns":5},{"damage":0,"enemies":"Cultist","floor":3,"turns":3},{"damage":0,"enemies":"Small Slimes","floor":5,"turns":3},{"damage":23,"enemies":"3 Sentries","floor":6,"turns":6},{"damage":7,"enemies":"Looter","floor":7,"turns":2},{"damage":0,"enemies":"Exordium Wildlife","floor":10,"turns":3},{"damage":4,"enemies":"Gremlin Gang","floor":12,"turns":3},{"damage":0,"enemies":"HollowMod:MossKnight","floor":14,"turns":5},{"damage":13,"enemies":"Hexaghost","floor":16,"turns":8},{"damage":3,"enemies":"Shell Parasite","floor":18,"turns":4},{"damage":9,"enemies":"3 Byrds","floor":19,"turns":3},{"damage":0,"enemies":"Snecko","floor":20,"turns":4},{"damage":0,"enemies":"3 Cultists","floor":22,"turns":2},{"damage":17,"enemies":"Nightmare","floor":24,"turns":7},{"damage":11,"enemies":"Snake Plant","floor":25,"turns":3},{"damage":10,"enemies":"conspire:HollyBat","floor":29,"turns":7},{"damage":13,"enemies":"Shelled Parasite and Fungi","floor":30,"turns":3},{"damage":6,"enemies":"Centurion and Healer","floor":31,"turns":6},{"damage":12,"enemies":"Pondfish","floor":33,"turns":9},{"damage":12,"enemies":"3 Darklings","floor":35,"turns":3},{"damage":0,"enemies":"Mind Bloom Boss Battle","floor":36,"turns":3},{"damage":25,"enemies":"2 Orb Walkers","floor":37,"turns":4},{"damage":0,"enemies":"Orb Walker","floor":41,"turns":1},{"damage":15,"enemies":"Reptomancer","floor":45,"turns":4},{"damage":2,"enemies":"Writhing Mass","floor":47,"turns":4},{"damage":22,"enemies":"Jaw Worm Horde","floor":48,"turns":4},{"damage":5,"enemies":"Awakened One","floor":50,"turns":7},{"damage":0,"enemies":"Jaw Worm","floor":52,"turns":1},{"damage":0,"enemies":"2 Louse","floor":56,"turns":2},{"damage":0,"enemies":"Small Slimes","floor":58,"turns":1},{"damage":0,"enemies":"Gremlin Nob","floor":61,"turns":2},{"damage":35,"enemies":"Nightmare","floor":63,"turns":3},{"damage":0,"enemies":"2 Fungi Beasts","floor":64,"turns":2},{"damage":0,"enemies":"3 Louse","floor":65,"turns":1},{"damage":0,"enemies":"Slime Boss","floor":67,"turns":2},{"damage":0,"enemies":"3 Byrds","floor":69,"turns":2},{"damage":0,"enemies":"Shell Parasite","floor":73,"turns":2},{"damage":0,"enemies":"Nightmare","floor":75,"turns":3},{"damage":0,"enemies":"Snecko","floor":76,"turns":2},{"damage":0,"enemies":"Snake Plant","floor":77,"turns":2},{"damage":50,"enemies":"hubris:Merchant","floor":80,"turns":3}],"seed_played":"-706345448263724268","potions_obtained":[{"floor":6,"key":"BlessingOfTheForge"},{"floor":7,"key":"AttackPotion"},{"floor":16,"key":"Swift Potion"},{"floor":20,"key":"ColorlessPotion"},{"floor":24,"key":"Fire Potion"},{"floor":33,"key":"Dexterity Potion"},{"floor":35,"key":"Swift Potion"},{"floor":41,"key":"sneckomod:MuddlingPotion"},{"floor":48,"key":"DistilledChaos"},{"floor":58,"key":"jedi:mysterypotion"},{"floor":63,"key":"AttackPotion"},{"floor":64,"key":"Strength Potion"},{"floor":75,"key":"Death Potion"},{"floor":76,"key":"jedi:wingpotion"},{"floor":80,"key":"AttackPotion"},{"floor":80,"key":"jedi:StrikingPotion"},{"floor":80,"key":"AttackPotion"}],"is_trial":false,"path_per_floor":["M","?","M","?","M","E","M","?","T","M","R","M","R","E","R","B",null,"M","M","M","AVR","M","R","NM","M","T","R","?","M","M","M","R_BF","B",null,"M","?","?","?","?","R","M","$","T","$","E","?","M","M","R","B",null,"M","?","?","$","M","R","M","?","T","E","R","NM","M","M","R","B",null,"M","?","?","?","M","R","NM","M","MIM","R","AVR","$","?"],"character_chosen":"THE_SERVANT","items_purchased":["jedi:fakemustache","PowerPotion","hubris:ToyBattleship","MerchantsRug","ReplayTheSpireMod:ShopPack","Luminosity","Moonlight","ClockworkSouvenir","KillingDoll","Replay:Lucky Slots"],"campfire_rested":6,"item_purchase_floors":[42,44,44,44,44,44,44,55,55,80],"current_hp_per_floor":[59,67,67,67,67,44,37,37,45,45,69,65,65,65,65,52,65,62,53,53,53,53,53,36,25,25,44,44,34,21,15,34,22,65,53,53,28,8,8,27,27,42,42,57,42,42,40,18,35,30,57,57,57,43,43,43,43,43,67,67,67,67,32,32,32,52,52,67,67,61,61,61,61,61,61,61,61,61,61,13,0,0],"gold":888,"neow_bonus":"NOSTALGIA","is_prod":false,"is_daily":false,"chose_seed":false,"campfire_upgraded":7,"win_rate":0,"timestamp":1607499685,"path_taken":["M","?","?","?","M","E","M","?","T","?","R","M","R","E","R","BOSS","M","?","M","AVR","M","R","NM","M","T","R","?","M","M","M","R_BF","BOSS","M","?","?","?","?","R","?","$","T","$","E","?","M","M","R","BOSS","M","?","?","$","M","R","M","?","T","E","R","NM","?","M","R","BOSS","M","?","?","?","?","R","NM","?","MIM","R","AVR","?","?"],"build_version":"2020-11-30","purchased_purges":2,"victory":false,"max_hp_per_floor":[65,73,73,73,73,73,73,73,81,81,81,81,81,73,73,73,65,65,65,65,65,65,65,65,65,65,65,65,65,65,65,65,65,65,65,65,65,65,65,65,65,65,57,57,57,57,57,57,57,57,57,57,57,57,57,57,57,57,67,67,67,67,67,67,67,67,67,67,67,67,67,67,67,67,67,67,67,67,67,67,67,67],"card_choices":[{"not_picked":["Barrier","Shuttle"],"picked":"Potential","floor":1},{"not_picked":["TimeWarp","ReturningBlade"],"picked":"Starlight","floor":3},{"not_picked":["Potential","Rearm"],"picked":"Ricochet","floor":5},{"not_picked":["FlawlessForm","BottledTime"],"picked":"ShatteredReality","floor":6},{"not_picked":["Contraction","FastForward"],"picked":"Manipulate","floor":7},{"not_picked":["hubris:SpiceAddiction","Collapse"],"picked":"ReturningBlade","floor":10},{"not_picked":["Spin","ShatteredReality"],"picked":"Advance","floor":12},{"not_picked":["ShatteredReality","Defy"],"picked":"Snipe","floor":14},{"not_picked":["KillingDoll","LightFlow"],"picked":"SoulSculpture","floor":16},{"not_picked":["hubris:SpiceAddiction","FastForward","Replace"],"picked":"SKIP","floor":18},{"not_picked":["Unruled","hubris:SpiceAddiction","Replace"],"picked":"SKIP","floor":19},{"not_picked":["ShatteredReality","Potential+1"],"picked":"Revamp","floor":20},{"not_picked":["hubris:SpiceAddiction","Contraction+1"],"picked":"Ricochet+1","floor":22},{"not_picked":["hubris:SpiceAddiction","StarChef"],"picked":"Rearm+1","floor":24},{"not_picked":["Rearm","hubris:SpiceAddiction"],"picked":"Alleviate+1","floor":25},{"not_picked":["Alleviate+1","Rearm"],"picked":"Revamp","floor":29},{"not_picked":["hubris:SpiceAddiction","FastForward"],"picked":"Sabotage+1","floor":30},{"not_picked":["Starlight","Desolation"],"picked":"SurpressingFire","floor":31},{"not_picked":["LightFlow","Solidify"],"picked":"MurderousAura","floor":33},{"not_picked":["SpecialFormula+1","Snipe"],"picked":"Foresight","floor":35},{"not_picked":["Replace","Misdirection"],"picked":"Comet","floor":36},{"not_picked":["Rearm","Potential+1"],"picked":"Replace+1","floor":37},{"not_picked":["Manipulate","Unruled"],"picked":"Potential+1","floor":41},{"not_picked":["jedi:cleanse","expansioncontent:Corrupt"],"picked":"expansioncontent:DashGenerateEvil","floor":44},{"not_picked":["expansioncontent:Sear","expansioncontent:TimeRipple"],"picked":"Replay:BasicMightCard","floor":44},{"not_picked":["Dramatic Entrance","PanicButton"],"picked":"ReplayTheSpireMod:Necrogeddon","floor":44},{"not_picked":["DualDimension+1","Gouge+1"],"picked":"BottledTime","floor":45},{"not_picked":["GearUp","Unruled+1"],"picked":"Moondial+1","floor":47},{"not_picked":["Rewind","WasteNot"],"picked":"Luminosity+1","floor":48},{"not_picked":["LightFlow","FlawlessForm"],"picked":"TheWorld","floor":50},{"not_picked":["ReturningBlade","Potential","Snipe"],"picked":"ShiftingGears","floor":52},{"not_picked":["infinitespire:Gouge","infinitespire:Oblivion"],"picked":"infinitespire:TheBestDefense","floor":54},{"not_picked":["Moondial","FanOfKnives","Misdirection"],"picked":"Advance","floor":56},{"not_picked":["Revamp","Rearm","Comet"],"picked":"Duplication","floor":58},{"not_picked":["Starlight","Defy","FanOfKnives"],"picked":"Luminosity","floor":61},{"not_picked":["FlawlessForm","Advance","BottledTime"],"picked":"SilverBlades","floor":63},{"not_picked":["Barrier","FastForward","WasteNot"],"picked":"Starlight","floor":64},{"not_picked":["DoubleEdge","Snipe","Defy"],"picked":"Replace","floor":65},{"not_picked":["infinitespire:Gouge","ReplayTheSpireMod:Haul"],"picked":"ReplayTheSpireMod:Echoes of Time","floor":67},{"not_picked":["KillingDoll","ForgedInTime","Duplication"],"picked":"Dilation","floor":67},{"not_picked":["Snipe+1","WasteNot","MoonPhase+1"],"picked":"Rearm","floor":69},{"not_picked":["Snipe","FastForward","Ricochet"],"picked":"Revamp+1","floor":73},{"not_picked":["Starlight","Manipulate","Revamp"],"picked":"SilverBlades","floor":75},{"not_picked":["RealityMarble+1","Rearm","ShatteredReality"],"picked":"Gouge","floor":76},{"not_picked":["DualDimension","Desolation","MoonPhase"],"picked":"Solidify","floor":77},{"not_picked":[],"picked":"Potential","floor":80},{"not_picked":[],"picked":"Sabotage","floor":80},{"not_picked":[],"picked":"Reset","floor":80},{"not_picked":[],"picked":"expansioncontent:TimeRipple","floor":80},{"not_picked":[],"picked":"expansioncontent:StudyTheSpire","floor":80},{"not_picked":["FastForward"],"picked":"SKIP","floor":80},{"not_picked":["WasteNot"],"picked":"SKIP","floor":80}],"player_experience":217983,"relics_obtained":[{"floor":6,"key":"Simple Rune"},{"floor":9,"key":"hubris:Spice"},{"floor":14,"key":"hubris:Spice"},{"floor":26,"key":"Replay:Kaleidoscope"},{"floor":36,"key":"Old Coin"},{"floor":37,"key":"infinitespire:Golems Mask"},{"floor":38,"key":"StuffTheSpire:GreaterSneckoEye"},{"floor":43,"key":"hubris:Spice"},{"floor":45,"key":"conspire:TopHat"},{"floor":60,"key":"Anchor"},{"floor":61,"key":"halation:IllGainedPizza"},{"floor":63,"key":"Replay:Wax Seal"},{"floor":75,"key":"CCEMRelics:JestersCrown"},{"floor":77,"key":"StuffTheSpire:RubySignet"},{"floor":77,"key":"Bottled Tornado"},{"floor":80,"key":"Oddly Smooth Stone"},{"floor":80,"key":"Frozen Eye"},{"floor":80,"key":"hubris:CuriousFeather"},{"floor":80,"key":"hubris:CrystalStatue"},{"floor":80,"key":"CCEMRelics:WhiteRose"}],"event_choices":[{"damage_healed":0,"gold_gain":0,"player_choice":"Paid Gold","damage_taken":0,"relics_obtained":["hubris:Spice"],"max_hp_gain":0,"max_hp_loss":0,"event_name":"WeMeetAgain","floor":2,"gold_loss":74},{"damage_healed":0,"gold_gain":0,"cards_transformed":["Strike_S"],"player_choice":"Change","damage_taken":0,"max_hp_gain":0,"max_hp_loss":0,"event_name":"Living Wall","floor":4,"gold_loss":0,"cards_obtained":["RealityMarble"]},{"damage_healed":0,"gold_gain":0,"player_choice":"Rummage","damage_taken":0,"relics_obtained":["WarpedTongs"],"max_hp_gain":0,"max_hp_loss":0,"event_name":"Accursed Blacksmith","floor":28,"gold_loss":0,"cards_obtained":["Pain"]},{"damage_healed":0,"gold_gain":0,"player_choice":"Fight","damage_taken":0,"max_hp_gain":0,"max_hp_loss":0,"event_name":"MindBloom","floor":36,"gold_loss":0},{"damage_healed":0,"gold_gain":0,"player_choice":"Fight","damage_taken":0,"max_hp_gain":0,"max_hp_loss":0,"event_name":"Mysterious Sphere","floor":37,"gold_loss":0},{"damage_healed":0,"gold_gain":0,"player_choice":"Ignored","damage_taken":0,"max_hp_gain":0,"max_hp_loss":0,"event_name":"Tomb of Lord Red Mask","floor":39,"gold_loss":0},{"damage_healed":0,"gold_gain":0,"player_choice":"Leave","damage_taken":0,"max_hp_gain":0,"max_hp_loss":0,"event_name":"conspire:Investor","floor":53,"gold_loss":0},{"cards_removed":["ReplayTheSpireMod:Necrogeddon"],"damage_healed":14,"gold_gain":0,"player_choice":"Offered Rare","damage_taken":0,"max_hp_gain":10,"max_hp_loss":0,"event_name":"Bonfire Elementals","floor":59,"gold_loss":0},{"damage_healed":0,"gold_gain":0,"player_choice":"CaptainsWheel","damage_taken":0,"relics_obtained":["CaptainsWheel"],"max_hp_gain":0,"max_hp_loss":0,"event_name":"blackbeard:ShipwreckEvent","floor":70,"gold_loss":0},{"damage_healed":0,"gold_gain":0,"player_choice":"Inject Mutagens","damage_taken":0,"relics_obtained":["MutagenicStrength"],"max_hp_gain":0,"max_hp_loss":0,"event_name":"Drug Dealer","floor":71,"gold_loss":0},{"damage_healed":0,"gold_gain":0,"player_choice":"Upgraded","damage_taken":0,"max_hp_gain":0,"max_hp_loss":0,"event_name":"Upgrade Shrine","floor":72,"gold_loss":0,"cards_upgraded":["SilverBlades"]}],"is_beta":false,"boss_relics":[{"not_picked":["CCEMRelics:TransientCore","hubris:Spice"],"picked":"hubris:Spice"},{"not_picked":["hubris:Spice","halation:PinkAlligatorPlush"],"picked":"SplendidAttire"},{"not_picked":["Runesmith:UraniumAnvil","expansioncontent:StudyCardRelic"],"picked":"Honey Jar"},{"not_picked":["halation:PlatinumPhoenix","Sozu"],"picked":"Replay:Wanted Poster"}],"items_purged_floors":[42,44],"is_endless":true,"potions_floor_spawned":[6,7,16,20,24,29,33,35,36,41,45,48,58,63,64,75,76],"ascension_level":0}}