{"host":"l4zsyynf3knc4g5z","time":1607535870,"event":{"gold_per_floor":[211,6,6,20,36,36,61,61,61,93,93,14,14,27,27,27,27],"floor_reached":16,"playtime":836,"items_purged":["HollowMod:QuickDashStart"],"score":108,"play_id":"6ed1983d-34fc-4a15-bf06-bff7c0dbd782","local_time":"20201209094430","is_ascension_mode":false,"campfire_choices":[{"data":"HollowMod:SoulVessel","floor":6,"key":"SMITH"},{"floor":15,"key":"REST"}],"neow_cost":"NONE","seed_source_timestamp":1579924576866200,"circlet_count":1,"master_deck":["HollowMod:NailStrikeStart","HollowMod:NailStrikeStart","HollowMod:NailStrikeStart","HollowMod:NailStrikeStart","HollowMod:QuickDashStart","HollowMod:QuickDashStart","HollowMod:QuickDashStart","HollowMod:FocusHealStart","HollowMod:PogoStrike","HollowMod:PureNailStrike","HollowMod:SoulSplash","HollowMod:SoulVessel+1","HollowMod:MonarchWings","HollowMod:HornetsHelp","HollowMod:NewLittleFool","HollowMod:PureVessel","HollowMod:SoulStrike"],"relics":["HollowMod:VesselMask","Hallownest:DreamNailRelic","BrokenLever","Bronze Scales","Circlet"],"potions_floor_usage":[5,14],"damage_taken":[{"damage":0,"enemies":"Hallownest:monsterHuskWarrior","floor":1,"turns":3},{"damage":18,"enemies":"Hallownest:2_Tiktiks_and_1_Crawlid","floor":4,"turns":4},{"damage":1,"enemies":"Hallownest:2_MossCreeps","floor":5,"turns":4},{"damage":9,"enemies":"Hallownest:eliteVengeflyKing","floor":7,"turns":7},{"damage":25,"enemies":"Hallownest:eliteMossKnight","floor":10,"turns":11},{"damage":17,"enemies":"Hallownest:1_Baldur_1_Crawlid_1_Warrior","floor":14,"turns":7},{"damage":50,"enemies":"Hallownest:BossHornet","floor":16,"turns":12}],"seed_played":"4936967700450248056","potions_obtained":[{"floor":4,"key":"PowerPotion"},{"floor":10,"key":"SpeedPotion"}],"is_trial":false,"path_per_floor":["M","$","?","M","M","R","E","$","T","E","?","$","?","M","R","B"],"character_chosen":"THE_BUGKNIGHT","items_purchased":["HollowMod:SoulSplash","HollowMod:SoulVessel","HollowMod:PureVessel"],"campfire_rested":1,"item_purchase_floors":[2,2,12],"current_hp_per_floor":[75,75,75,57,56,56,47,47,47,28,28,28,28,17,39,0,0],"gold":27,"neow_bonus":"HUNDRED_GOLD","is_prod":false,"is_daily":false,"chose_seed":false,"campfire_upgraded":1,"win_rate":0,"timestamp":1607535870,"path_taken":["M","$","?","M","?","R","E","?","T","E","?","$","?","M","R","BOSS"],"build_version":"2020-11-30","purchased_purges":1,"victory":false,"max_hp_per_floor":[75,75,75,75,75,75,75,75,75,75,75,75,75,75,75,75,75],"card_choices":[{"not_picked":["HollowMod:TaintedHusks","HollowMod:SiblingsShadow"],"picked":"HollowMod:PureNailStrike","floor":1},{"not_picked":["HollowMod:DreamGate","HollowMod:HowlingWraiths"],"picked":"HollowMod:MonarchWings","floor":4},{"not_picked":["HollowMod:NewJinnsSoul","HollowMod:InfectedAttack","HollowMod:DescendingDark"],"picked":"SKIP","floor":5},{"not_picked":["HollowMod:SoulShaman","HollowMod:LifebloodCocoon"],"picked":"HollowMod:HornetsHelp","floor":7},{"not_picked":["HollowMod:PureNailStrike","HollowMod:BrokenVessel"],"picked":"HollowMod:NewLittleFool","floor":10},{"not_picked":["HollowMod:NewGlowingWomb","HollowMod:LuriensSpire"],"picked":"HollowMod:SoulStrike","floor":14}],"player_experience":81356,"relics_obtained":[{"floor":7,"key":"BrokenLever"},{"floor":9,"key":"Bronze Scales"}],"event_choices":[],"is_beta":false,"boss_relics":[],"items_purged_floors":[2],"is_endless":false,"potions_floor_spawned":[4,10],"killed_by":"Hallownest:BossHornet","ascension_level":0}}