{"host":"og6lam4kt3nibbw0","time":1607531530,"event":{"gold_per_floor":[109,119,119,169,181,210,210,244,244,263,263,275,275,275],"floor_reached":13,"playtime":687,"items_purged":[],"score":190,"play_id":"6ab98469-e1be-4899-a881-98b7d438a258","local_time":"20201210013210","is_ascension_mode":true,"campfire_choices":[{"floor":7.0,"key":"REST"},{"floor":11,"key":"REST"}],"neow_cost":"CURSE","seed_source_timestamp":526868649827000,"circlet_count":0,"master_deck":["AscendersBane","Strike_B","Strike_B","Strike_B","Strike_B","Defend_B","Defend_B","Defend_B","Defend_B","Zap","Dualcast","Normality","Multi-Cast","Darkness","White Noise","Skim","Sunder","Ball Lightning","Conserve Battery","Stack"],"special_seed":0,"relics":["Cracked Core","Blood Vial","Pear","Bronze Scales"],"potions_floor_usage":[10],"damage_taken":[{"damage":10.0,"enemies":"Small Slimes","floor":1.0,"turns":3.0},{"damage":1.0,"enemies":"Cultist","floor":2.0,"turns":3.0},{"damage":8.0,"enemies":"2 Louse","floor":5.0,"turns":3.0},{"damage":32.0,"enemies":"Gremlin Nob","floor":6.0,"turns":4.0},{"damage":20.0,"enemies":"Lagavulin","floor":8.0,"turns":5.0},{"damage":7,"enemies":"Gremlin Gang","floor":10,"turns":4},{"damage":5,"enemies":"Large Slime","floor":12,"turns":5},{"damage":37,"enemies":"Gremlin Nob","floor":13,"turns":3}],"seed_played":"4957491941914577859","potions_obtained":[{"floor":1.0,"key":"Swift Potion"},{"floor":2.0,"key":"Ancient Potion"},{"floor":8.0,"key":"SteroidPotion"}],"is_trial":false,"path_per_floor":["M","M","?","?","M","E","R","E","T","M","R","M","E"],"character_chosen":"DEFECT","items_purchased":[],"campfire_rested":2,"item_purchase_floors":[],"current_hp_per_floor":[54,53,53,46,38,6,27,19,19,14,38,35,0,0],"gold":275,"neow_bonus":"THREE_RARE_CARDS","is_prod":false,"is_daily":false,"chose_seed":false,"campfire_upgraded":0,"win_rate":0,"timestamp":1607531530,"path_taken":["M","M","?","?","?","E","R","E","T","T","M","R","?","E"],"build_version":"2020-11-30","purchased_purges":0,"victory":false,"max_hp_per_floor":[71,71,71,71,71,71,71,81,81,81,81,81,81,81],"card_choices":[{"not_picked":["Seek","Fission"],"picked":"Multi-Cast","floor":0.0},{"not_picked":["Beam Cell","Stack"],"picked":"Darkness","floor":1.0},{"not_picked":["Loop","Stack"],"picked":"White Noise","floor":2.0},{"not_picked":["Barrage","Streamline"],"picked":"Skim","floor":5.0},{"not_picked":["Force Field","Steam"],"picked":"Sunder","floor":6.0},{"not_picked":["Gash","Sunder"],"picked":"Ball Lightning","floor":8.0},{"not_picked":["Steam","Fusion"],"picked":"Conserve Battery","floor":10},{"not_picked":["Capacitor","Ball Lightning"],"picked":"Stack","floor":12}],"player_experience":751725,"relics_obtained":[{"floor":6.0,"key":"Blood Vial"},{"floor":8.0,"key":"Pear"},{"floor":9.0,"key":"Bronze Scales"}],"event_choices":[{"damage_healed":0.0,"max_hp_gain":0.0,"max_hp_loss":0.0,"gold_gain":0.0,"event_name":"Liars Game","player_choice":"Ignored","floor":3.0,"gold_loss":0.0,"damage_taken":0.0},{"damage_healed":0.0,"max_hp_gain":0.0,"max_hp_loss":0.0,"gold_gain":50.0,"event_name":"FaceTrader","player_choice":"Touch","floor":4.0,"gold_loss":0.0,"damage_taken":7.0}],"is_beta":false,"boss_relics":[],"items_purged_floors":[],"is_endless":false,"potions_floor_spawned":[1,2,8],"killed_by":"Gremlin Nob","ascension_level":20}}