{"host":"d9m9v0h6vo0edadb","time":1607511301,"event":{"gold_per_floor":[114,39,39,39,39,73,73,86,86,130,55,69,69,84,84,177,177,200,220,13,31,31,31,72,96,96,132,7,7,7,25,25,25,25],"floor_reached":33,"playtime":490,"items_purged":["Strike_G","Defend_G","Defend_G"],"score":836,"play_id":"915c2b12-d6a4-4274-8ffe-0dbbc04d9bd2","local_time":"20201209195501","is_ascension_mode":true,"campfire_choices":[{"data":"Glass Knife","floor":7.0,"key":"SMITH"},{"data":"Flechettes","floor":13.0,"key":"SMITH"},{"data":"Cloak And Dagger","floor":15.0,"key":"SMITH"},{"data":"Blade Dance","floor":23.0,"key":"SMITH"},{"data":"Prepared","floor":30.0,"key":"SMITH"},{"data":"Envenom","floor":32.0,"key":"SMITH"}],"neow_cost":"NONE","seed_source_timestamp":296713027700,"circlet_count":0,"master_deck":["AscendersBane","Defend_G","Defend_G","Survivor+1","Neutralize","Prepared","Glass Knife+1","Cloak And Dagger+1","Flechettes+1","Blade Dance+1","Backflip","Adrenaline","Slice+1","Bullet Time+1","Corpse Explosion+1","Infinite Blades","Flash of Steel","Prepared+1","Accuracy+1","Envenom+1"],"special_seed":0,"relics":["Ring of the Snake","NeowsBlessing","Golden Idol","Ninja Scroll","StrikeDummy","Akabeko","Astrolabe","Letter Opener","Pantograph","Orichalcum"],"potions_floor_usage":[],"damage_taken":[{"damage":0.0,"enemies":"Small Slimes","floor":1.0,"turns":1.0},{"damage":0.0,"enemies":"Lagavulin","floor":6.0,"turns":1.0},{"damage":0.0,"enemies":"2 Louse","floor":8.0,"turns":1.0},{"damage":6.0,"enemies":"Gremlin Nob","floor":10.0,"turns":3.0},{"damage":0.0,"enemies":"Jaw Worm","floor":12.0,"turns":2.0},{"damage":0.0,"enemies":"2 Fungi Beasts","floor":14.0,"turns":2.0},{"damage":0.0,"enemies":"Slime Boss","floor":16.0,"turns":3.0},{"damage":0.0,"enemies":"Shell Parasite","floor":18.0,"turns":1.0},{"damage":0.0,"enemies":"Spheric Guardian","floor":19.0,"turns":1.0},{"damage":0.0,"enemies":"Chosen and Byrds","floor":21.0,"turns":4.0},{"damage":10.0,"enemies":"Book of Stabbing","floor":24.0,"turns":3.0},{"damage":0.0,"enemies":"Centurion and Healer","floor":25.0,"turns":4.0},{"damage":0.0,"enemies":"Gremlin Leader","floor":27.0,"turns":3.0},{"damage":0.0,"enemies":"Snecko","floor":31.0,"turns":2.0},{"damage":65,"enemies":"Champ","floor":33,"turns":8}],"seed_played":"3575364480053668876","potions_obtained":[{"floor":1.0,"key":"GamblersBrew"},{"floor":12.0,"key":"AttackPotion"},{"floor":16.0,"key":"SpeedPotion"},{"floor":21.0,"key":"Strength Potion"}],"is_trial":false,"path_per_floor":["M","?","?","?","?","E","R","M","T","E","$","M","R","M","R","B",null,"M","M","$","M","?","R","E","M","T","E","$","?","R","M","R","B"],"character_chosen":"THE_SILENT","items_purchased":["Flash of Steel"],"campfire_rested":0,"item_purchase_floors":[20],"current_hp_per_floor":[59,59,39,39,39,39,39,39,39,33,33,33,33,33,33,33,53,53,53,53,53,53,53,43,43,43,43,43,43,43,43,43,0,0],"gold":25,"neow_bonus":"THREE_ENEMY_KILL","is_prod":false,"is_daily":false,"chose_seed":false,"campfire_upgraded":6,"win_rate":0,"timestamp":1607511301,"path_taken":["M","?","?","?","?","E","R","M","T","E","$","M","R","M","R","BOSS","M","M","$","M","?","R","E","M","T","E","$","?","R","M","R","BOSS"],"build_version":"2020-11-30","purchased_purges":3,"victory":false,"max_hp_per_floor":[66,66,66,60,60,60,60,60,60,60,60,60,60,60,60,60,60,60,60,60,60,60,60,60,60,60,60,60,60,60,60,60,60,60],"card_choices":[{"not_picked":["Slice","Sucker Punch"],"picked":"Prepared","floor":1.0},{"not_picked":["Skewer","Infinite Blades"],"picked":"Glass Knife","floor":6.0},{"not_picked":["Bane","Underhanded Strike"],"picked":"Cloak And Dagger","floor":8.0},{"not_picked":["Quick Slash","Slice"],"picked":"Flechettes","floor":10.0},{"not_picked":["Bane","Skewer"],"picked":"Blade Dance","floor":12.0},{"not_picked":["Backstab","Cloak And Dagger"],"picked":"Backflip","floor":14.0},{"not_picked":["Grand Finale","Corpse Explosion"],"picked":"Adrenaline","floor":16.0},{"not_picked":["Catalyst","Sucker Punch","Deadly Poison"],"picked":"SKIP","floor":18.0},{"not_picked":["Crippling Poison","PiercingWail"],"picked":"Infinite Blades","floor":19.0},{"not_picked":["Quick Slash","Bouncing Flask","Outmaneuver"],"picked":"SKIP","floor":21.0},{"not_picked":["Slice","Eviscerate","Cloak And Dagger"],"picked":"SKIP","floor":24.0},{"not_picked":["Cloak And Dagger","Underhanded Strike"],"picked":"Prepared","floor":25.0},{"not_picked":["Dash","Prepared"],"picked":"Accuracy+1","floor":27.0},{"not_picked":["Slice","Bouncing Flask"],"picked":"Envenom","floor":31.0}],"player_experience":930234,"relics_obtained":[{"floor":6.0,"key":"Ninja Scroll"},{"floor":9.0,"key":"StrikeDummy"},{"floor":10.0,"key":"Akabeko"},{"floor":24.0,"key":"Letter Opener"},{"floor":26.0,"key":"Pantograph"},{"floor":27.0,"key":"Orichalcum"}],"event_choices":[{"cards_removed":["Strike_G"],"damage_healed":0.0,"max_hp_gain":0.0,"max_hp_loss":0.0,"gold_gain":0.0,"event_name":"The Cleric","player_choice":"Card Removal","floor":2.0,"gold_loss":75.0,"damage_taken":0.0},{"damage_healed":0.0,"max_hp_gain":0.0,"max_hp_loss":0.0,"gold_gain":0.0,"event_name":"Shining Light","player_choice":"Entered Light","floor":3.0,"gold_loss":0.0,"damage_taken":20.0,"cards_upgraded":["Survivor","Strike_G"]},{"damage_healed":0.0,"max_hp_gain":0.0,"max_hp_loss":6.0,"gold_gain":0.0,"event_name":"Golden Idol","player_choice":"Lose Max HP","floor":4.0,"gold_loss":0.0,"damage_taken":0.0,"relics_obtained":["Golden Idol"]},{"damage_healed":0.0,"max_hp_gain":0.0,"max_hp_loss":0.0,"gold_gain":0.0,"event_name":"Liars Game","player_choice":"Ignored","floor":5.0,"gold_loss":0.0,"damage_taken":0.0},{"cards_removed":["Strike_G"],"damage_healed":0.0,"max_hp_gain":0.0,"max_hp_loss":0.0,"gold_gain":0.0,"event_name":"Back to Basics","player_choice":"Elegance","floor":22.0,"gold_loss":0.0,"damage_taken":0.0},{"damage_healed":0.0,"max_hp_gain":0.0,"max_hp_loss":0.0,"gold_gain":0.0,"event_name":"Cursed Tome","player_choice":"Ignored","floor":29.0,"gold_loss":0.0,"damage_taken":0.0}],"is_beta":false,"boss_relics":[{"not_picked":["Tiny House","Calling Bell"],"picked":"Astrolabe"}],"items_purged_floors":[11,20,28],"is_endless":false,"potions_floor_spawned":[1,12,16,18,21],"killed_by":"Champ","ascension_level":20}}