{"host":"9v3x998ddbx8o276","time":1607472848,"event":{"gold_per_floor":[113,113,38,58,58,58,91,91,114,141,161,172,172,205,205,276,276,293,293,29,29,42,42,67,67,67,67,67],"floor_reached":27,"playtime":902,"items_purged":[],"score":548,"play_id":"4d2db59f-538c-42eb-a104-74bfed05dcbf","local_time":"20201209104408","is_ascension_mode":true,"campfire_choices":[{"data":"Ball Lightning","floor":6,"key":"SMITH"},{"floor":8,"key":"REST"},{"data":"Electrodynamics","floor":13,"key":"SMITH"},{"floor":15,"key":"REST"},{"floor":23,"key":"REST"}],"neow_cost":"NONE","seed_source_timestamp":514780515601800,"circlet_count":0,"master_deck":["AscendersBane","Strike_B","Strike_B","Strike_B","Defend_B","Defend_B+1","Defend_B","Defend_B+1","Zap","Dualcast","Ball Lightning+1","Cold Snap","Lockon","Electrodynamics+1","Ball Lightning","Leap","Creative AI","Seek","Conserve Battery","Go for the Eyes","Seek","Undo","Barrage"],"relics":["Cracked Core","NeowsBlessing","Question Card","Smiling Mask","PreservedInsect","Vajra","Nuclear Battery","Membership Card","Orichalcum","Bag of Preparation","Pantograph"],"potions_floor_usage":[24,25,27],"damage_taken":[{"damage":0,"enemies":"2 Louse","floor":1,"turns":1},{"damage":0,"enemies":"Small Slimes","floor":4,"turns":1},{"damage":0,"enemies":"Lagavulin","floor":7,"turns":1},{"damage":11,"enemies":"Gremlin Nob","floor":10,"turns":3},{"damage":0,"enemies":"Cultist","floor":11,"turns":2},{"damage":11,"enemies":"Looter","floor":12,"turns":2},{"damage":8,"enemies":"3 Sentries","floor":14,"turns":2},{"damage":32,"enemies":"The Guardian","floor":16,"turns":12},{"damage":18,"enemies":"Shell Parasite","floor":18,"turns":3},{"damage":19,"enemies":"2 Thieves","floor":22,"turns":3},{"damage":39,"enemies":"Book of Stabbing","floor":24,"turns":5},{"damage":10,"enemies":"Shelled Parasite and Fungi","floor":25,"turns":2},{"damage":0,"enemies":"Gremlin Leader","floor":27,"turns":3}],"seed_played":"-4737843082931403267","potions_obtained":[{"floor":5,"key":"Strength Potion"},{"floor":5,"key":"SmokeBomb"},{"floor":14,"key":"PowerPotion"},{"floor":24,"key":"EssenceOfDarkness"}],"is_trial":false,"path_per_floor":["M","?","?","M","?","R","E","R","T","E","M","M","R","E","R","B",null,"M","?","$","?","M","R","E","M","T","E"],"character_chosen":"DEFECT","items_purchased":["Membership Card","Orichalcum","Go for the Eyes"],"campfire_rested":3,"item_purchase_floors":[20,20,20],"current_hp_per_floor":[64,43,43,43,43,43,43,64,64,53,53,42,42,34,55,23,59,41,55,55,55,36,57,18,8,8,8,8],"gold":67,"neow_bonus":"THREE_ENEMY_KILL","is_prod":false,"is_daily":false,"chose_seed":false,"campfire_upgraded":2,"win_rate":0,"timestamp":1607472848,"path_taken":["M","?","?","M","?","R","E","R","T","E","M","M","R","E","R","BOSS","M","?","$","?","?","R","E","M","T","E"],"build_version":"2020-11-30","purchased_purges":0,"victory":false,"max_hp_per_floor":[71,71,71,71,71,71,71,71,71,71,71,71,71,71,71,71,71,71,71,71,71,71,71,71,71,71,71,71],"card_choices":[{"not_picked":["Compile Driver","Blizzard"],"picked":"Ball Lightning","floor":1},{"not_picked":["Hologram","Static Discharge"],"picked":"Cold Snap","floor":4},{"not_picked":["Chill","Heatsinks"],"picked":"Lockon","floor":7},{"not_picked":["Cold Snap","Go for the Eyes","Echo Form"],"picked":"Electrodynamics","floor":10},{"not_picked":["Static Discharge","Heatsinks","Barrage"],"picked":"Ball Lightning","floor":11},{"not_picked":["Streamline","FTL","Steam"],"picked":"Leap","floor":12},{"not_picked":["Ball Lightning","Rip and Tear","Beam Cell"],"picked":"Creative AI","floor":14},{"not_picked":["Core Surge","Buffer","Fission"],"picked":"Seek","floor":16},{"not_picked":["White Noise","Streamline","Leap"],"picked":"Conserve Battery","floor":18},{"not_picked":["Barrage","Fission","Cold Snap"],"picked":"Undo","floor":22},{"not_picked":["Rebound","Skim","Melter"],"picked":"Barrage","floor":24}],"player_experience":2014018,"relics_obtained":[{"floor":7,"key":"Question Card"},{"floor":9,"key":"Smiling Mask"},{"floor":10,"key":"PreservedInsect"},{"floor":14,"key":"Vajra"},{"floor":24,"key":"Bag of Preparation"},{"floor":26,"key":"Pantograph"}],"event_choices":[{"damage_healed":0,"gold_gain":0,"player_choice":"Entered Light","damage_taken":21,"max_hp_gain":0,"max_hp_loss":0,"event_name":"Shining Light","floor":2,"gold_loss":0,"cards_upgraded":["Defend_B","Defend_B"]},{"cards_removed":["Strike_B"],"damage_healed":0,"gold_gain":0,"player_choice":"Card Removal","damage_taken":0,"max_hp_gain":0,"max_hp_loss":0,"event_name":"The Cleric","floor":3,"gold_loss":75},{"damage_healed":0,"gold_gain":0,"player_choice":"Got Potions","damage_taken":0,"max_hp_gain":0,"max_hp_loss":0,"event_name":"Lab","floor":5,"gold_loss":0},{"damage_healed":14,"gold_gain":0,"player_choice":"Heal","damage_taken":0,"max_hp_gain":0,"max_hp_loss":0,"event_name":"The Library","floor":19,"gold_loss":0},{"damage_healed":0,"gold_gain":0,"player_choice":"1 cards matched","damage_taken":0,"max_hp_gain":0,"max_hp_loss":0,"event_name":"Match and Keep!","floor":21,"gold_loss":0,"cards_obtained":["Seek"]}],"is_beta":false,"boss_relics":[{"not_picked":["Tiny House","Cursed Key"],"picked":"Nuclear Battery"}],"items_purged_floors":[],"is_endless":false,"potions_floor_spawned":[7,10,12,14,16,18,24],"killed_by":"Gremlin Leader","ascension_level":20}}