{"host":"j4g6ia6asvpyu2b0","time":1607549584,"event":{"gold_per_floor":[112,43,59,36,54,54,89,102,102,102,118,144,154,187,187,187,187],"floor_reached":16,"playtime":740,"items_purged":[],"score":176,"play_id":"31622bd9-5772-44a1-b574-cb2c60baaa40","local_time":"20201209143304","is_ascension_mode":true,"campfire_choices":[{"data":"Dash","floor":6.0,"key":"SMITH"},{"data":"Blade Dance","floor":10.0,"key":"SMITH"},{"data":"Finisher","floor":15.0,"key":"SMITH"}],"neow_cost":"NONE","seed_source_timestamp":77607126120800,"circlet_count":0,"master_deck":["Strike_G","Strike_G","Strike_G","Strike_G","Strike_G","Defend_G","Defend_G","Defend_G","Defend_G","Defend_G","Survivor","Neutralize","Poisoned Stab","Dash+1","Blade Dance+1","Dagger Spray","Quick Slash","Burst","Poisoned Stab","Finisher+1","Flying Knee","Blade Dance"],"special_seed":0,"relics":["Runic Pyramid","Potion Belt","Shuriken","Paper Crane","Oddly Smooth Stone"],"potions_floor_usage":[],"damage_taken":[{"damage":0.0,"enemies":"Cultist","floor":1.0,"turns":4.0},{"damage":0.0,"enemies":"2 Louse","floor":3.0,"turns":3.0},{"damage":4.0,"enemies":"Jaw Worm","floor":5.0,"turns":3.0},{"damage":9.0,"enemies":"3 Sentries","floor":7.0,"turns":8.0},{"damage":0.0,"enemies":"Blue Slaver","floor":8.0,"turns":3.0},{"damage":5.0,"enemies":"Gremlin Gang","floor":11.0,"turns":5.0},{"damage":11.0,"enemies":"Lagavulin","floor":12.0,"turns":7.0},{"damage":1.0,"enemies":"Red Slaver","floor":13.0,"turns":2.0},{"damage":0.0,"enemies":"Gremlin Nob","floor":14.0,"turns":3.0},{"damage":0,"enemies":"The Guardian","floor":16,"turns":1}],"seed_played":"238762524234564447","potions_obtained":[{"floor":7.0,"key":"Dexterity Potion"},{"floor":8.0,"key":"LiquidBronze"},{"floor":12.0,"key":"Block Potion"},{"floor":14.0,"key":"EntropicBrew"}],"is_trial":false,"path_per_floor":["M","$","M","$","M","R","E","M","T","R","M","E","M","E","R","B"],"character_chosen":"THE_SILENT","items_purchased":["Dash","Dagger Spray"],"campfire_rested":0,"item_purchase_floors":[2,4],"current_hp_per_floor":[70,70,70,70,66,66,57,57,57,57,52,41,40,40,40,40,40],"gold":187,"neow_bonus":"BOSS_RELIC","is_prod":false,"is_daily":false,"chose_seed":false,"campfire_upgraded":3,"win_rate":0,"timestamp":1607549584,"path_taken":["M","?","M","$","M","R","E","M","T","R","?","E","M","E","R","BOSS"],"build_version":"2020-11-30","purchased_purges":0,"victory":false,"max_hp_per_floor":[70,70,70,70,70,70,70,70,70,70,70,70,70,70,70,70,70],"relic_stats":{"counters":[10,38],"Shuriken":[8],"obtain_stats":[{"Potion Belt":7,"Shuriken":9,"Oddly Smooth Stone":14,"Paper Crane":12,"Ring of the Snake":0,"Runic Pyramid":0},{"Potion Belt":4,"Shuriken":5,"Oddly Smooth Stone":9,"Paper Crane":7,"Ring of the Snake":0,"Runic Pyramid":0},{"Potion Belt":18,"Shuriken":21,"Oddly Smooth Stone":38,"Paper Crane":33,"Ring of the Snake":0,"Runic Pyramid":0}]},"card_choices":[{"not_picked":["Cloak And Dagger","PiercingWail"],"picked":"Poisoned Stab","floor":1.0},{"not_picked":["Quick Slash","Choke"],"picked":"Blade Dance","floor":3.0},{"not_picked":["Distraction","Underhanded Strike"],"picked":"Quick Slash","floor":5.0},{"not_picked":["Blade Dance","Riddle With Holes"],"picked":"Burst","floor":7.0},{"not_picked":["Eviscerate","Cloak And Dagger"],"picked":"Poisoned Stab","floor":8.0},{"not_picked":["Distraction","Setup"],"picked":"Finisher","floor":11.0},{"not_picked":["Calculated Gamble","Choke","Slice"],"picked":"SKIP","floor":12.0},{"not_picked":["Sucker Punch","Bane"],"picked":"Flying Knee","floor":13.0},{"not_picked":["Tools of the Trade","Terror"],"picked":"Blade Dance","floor":14.0}],"player_experience":596957,"relics_obtained":[{"floor":7.0,"key":"Potion Belt"},{"floor":9.0,"key":"Shuriken"},{"floor":12.0,"key":"Paper Crane"},{"floor":14.0,"key":"Oddly Smooth Stone"}],"event_choices":[],"is_beta":false,"boss_relics":[],"items_purged_floors":[],"is_endless":false,"potions_floor_spawned":[7,8,12,14],"killed_by":"The Guardian","ascension_level":4}}