{"host":"1c52r9kaxdyo25eq","time":1607517821,"event":{"gold_per_floor":[210,229,239,13,13,13,25,25,25,45,60,74,74,97,97,175,175,188,113,113,127,226,251,266,266,316,344,344,344,372,390,390,466,466,479,499,499,189,203,234,40,40,40,40,59,59,59,93,93,93,93,93,93,119,119,119],"floor_reached":55,"playtime":1308,"items_purged":["Strike_P","EmptyFist"],"score":1658,"play_id":"a515ea67-e69f-401a-bf11-ec4115a0991f","local_time":"20201209214341","is_ascension_mode":true,"campfire_choices":[{"data":"Eruption","floor":6.0,"key":"SMITH"},{"data":"WreathOfFlame","floor":8.0,"key":"SMITH"},{"data":"Scrawl","floor":13.0,"key":"SMITH"},{"floor":15.0,"key":"REST"},{"floor":25.0,"key":"REST"},{"data":"1","floor":32.0,"key":"LIFT"},{"data":"Scrawl","floor":44,"key":"SMITH"},{"floor":47,"key":"RECALL"},{"data":"2","floor":49,"key":"LIFT"},{"data":"3","floor":52,"key":"LIFT"}],"neow_cost":"NONE","seed_source_timestamp":431134650673200,"circlet_count":0,"master_deck":["AscendersBane","Eruption+1","Vigilance","WreathOfFlame+1","FearNoEvil","Adaptation","Scrawl+1","DeusExMachina","EmptyMind","Vault"],"special_seed":0,"relics":["PureWater","The Courier","Bag of Marbles","Pandora\u0027s Box","Toy Ornithopter","Juzu Bracelet","Girya","Ancient Tea Set","Coffee Dripper","Vajra","Omamori","TungstenRod","TeardropLocket","Anchor","Akabeko","Happy Flower"],"potions_floor_usage":[55,55,55,55],"damage_taken":[{"damage":0.0,"enemies":"Cultist","floor":1.0,"turns":2.0},{"damage":7.0,"enemies":"Jaw Worm","floor":2.0,"turns":3.0},{"damage":0.0,"enemies":"2 Louse","floor":3.0,"turns":1.0},{"damage":14.0,"enemies":"Looter","floor":7.0,"turns":3.0},{"damage":6.0,"enemies":"3 Louse","floor":10.0,"turns":3.0},{"damage":0.0,"enemies":"Exordium Wildlife","floor":11.0,"turns":2.0},{"damage":8.0,"enemies":"Blue Slaver","floor":12.0,"turns":3.0},{"damage":16.0,"enemies":"Hexaghost","floor":16.0,"turns":3.0},{"damage":4.0,"enemies":"3 Byrds","floor":18.0,"turns":3.0},{"damage":4.0,"enemies":"Chosen","floor":21.0,"turns":3.0},{"damage":0.0,"enemies":"Slavers","floor":23.0,"turns":1.0},{"damage":29.0,"enemies":"Snecko","floor":24.0,"turns":4.0},{"damage":5.0,"enemies":"Gremlin Leader","floor":27.0,"turns":2.0},{"damage":0.0,"enemies":"Book of Stabbing","floor":30.0,"turns":1.0},{"damage":0.0,"enemies":"Cultist and Chosen","floor":31.0,"turns":1.0},{"damage":0,"enemies":"Collector","floor":33,"turns":2},{"damage":0,"enemies":"3 Darklings","floor":35,"turns":2},{"damage":0,"enemies":"Orb Walker","floor":36,"turns":2},{"damage":0,"enemies":"Transient","floor":39,"turns":1},{"damage":0,"enemies":"Giant Head","floor":40,"turns":2},{"damage":0,"enemies":"4 Shapes","floor":45,"turns":1},{"damage":0,"enemies":"Reptomancer","floor":48,"turns":2},{"damage":0,"enemies":"Donu and Deca","floor":50,"turns":2},{"damage":0,"enemies":"Shield and Spear","floor":54,"turns":3},{"damage":78,"enemies":"The Heart","floor":55,"turns":4}],"seed_played":"5422455965143852985","potions_obtained":[{"floor":3.0,"key":"PowerPotion"},{"floor":7.0,"key":"FearPotion"},{"floor":12.0,"key":"EntropicBrew"},{"floor":18.0,"key":"AttackPotion"},{"floor":27.0,"key":"FearPotion"}],"is_trial":false,"path_per_floor":["M","M","M","$","?","R","M","R","T","M","M","M","R","T","R","B",null,"M","?","?","M","?","E","M","R","T","E","?","T","E","M","R","B",null,"M","M","?","$","M","E","$","?","T","R","M","$","R","E","R","B",null,"R","$","E","B"],"character_chosen":"WATCHER","items_purchased":["Scrawl","Vajra","Omamori","TeardropLocket"],"campfire_rested":2,"item_purchase_floors":[4,38,38,41],"current_hp_per_floor":[61,54,54,54,47,47,33,33,33,27,27,19,19,19,39,23,57,53,53,41,37,37,37,13,34,34,29,29,29,29,29,29,29,62,62,62,62,62,62,62,62,62,62,62,62,62,62,62,62,62,70,70,70,70,0,0],"gold":119,"neow_bonus":"HUNDRED_GOLD","is_prod":false,"is_daily":false,"chose_seed":false,"campfire_upgraded":4,"win_rate":0,"timestamp":1607517821,"path_taken":["M","M","M","$","?","R","M","R","T","M","M","M","R","?","R","BOSS","M","?","?","M","?","E","?","R","T","E","?","?","E","M","R","BOSS","M","M","?","$","M","E","$","?","T","R","M","$","R","E","R","BOSS","R","$","E","BOSS"],"build_version":"2020-11-30","purchased_purges":2,"victory":false,"max_hp_per_floor":[68,68,68,68,68,68,68,68,68,68,68,68,68,68,68,68,68,68,68,73,73,73,73,73,73,73,73,73,73,73,73,73,73,73,73,73,73,73,73,73,73,73,73,73,73,73,73,73,73,73,73,73,73,73,73,73],"card_choices":[{"not_picked":["PathToVictory","FlyingSleeves"],"picked":"WreathOfFlame","floor":1.0},{"not_picked":["ForeignInfluence","Pray"],"picked":"FearNoEvil","floor":2.0},{"not_picked":["ClearTheMind","Halt","Vengeance"],"picked":"SKIP","floor":3.0},{"not_picked":["BattleHymn","Consecrate","Halt"],"picked":"SKIP","floor":7.0},{"not_picked":["Indignation","Wireheading","Protect"],"picked":"SKIP","floor":10.0},{"not_picked":["ClearTheMind","SashWhip","Crescendo"],"picked":"SKIP","floor":11.0},{"not_picked":["Sanctity","EmptyFist","Crescendo"],"picked":"SKIP","floor":12.0},{"not_picked":["ThirdEye+1","EmptyBody","Nirvana"],"picked":"SKIP","floor":18.0},{"not_picked":["Evaluate","WindmillStrike","CutThroughFate"],"picked":"SKIP","floor":21.0},{"not_picked":["LikeWater","WaveOfTheHand","Indignation"],"picked":"SKIP","floor":23.0},{"not_picked":["FlyingSleeves","Conclude","FlurryOfBlows"],"picked":"SKIP","floor":24.0},{"not_picked":["Swivel","CutThroughFate","Indignation"],"picked":"SKIP","floor":27.0},{"not_picked":["Indignation","EmptyMind","FlurryOfBlows"],"picked":"SKIP","floor":30.0},{"not_picked":["Crescendo","CutThroughFate","EmptyMind+1"],"picked":"SKIP","floor":31.0},{"not_picked":["DeusExMachina","Ragnarok"],"picked":"Vault","floor":33},{"not_picked":["Protect","Consecrate+1","JustLucky"],"picked":"SKIP","floor":35},{"not_picked":["Swivel+1","WreathOfFlame","Weave"],"picked":"SKIP","floor":36},{"not_picked":["Study","ClearTheMind+1","FlurryOfBlows+1"],"picked":"SKIP","floor":39},{"not_picked":["ThirdEye+1","Indignation+1","Devotion"],"picked":"SKIP","floor":40},{"not_picked":["Crescendo","Evaluate","Worship+1"],"picked":"SKIP","floor":45},{"not_picked":["ThirdEye+1","FlurryOfBlows+1","Devotion"],"picked":"SKIP","floor":48},{"not_picked":["PathToVictory+1","WheelKick","Perseverance"],"picked":"SKIP","floor":54}],"player_experience":444325,"relics_obtained":[{"floor":9.0,"key":"The Courier"},{"floor":14.0,"key":"Bag of Marbles"},{"floor":23.0,"key":"Toy Ornithopter"},{"floor":26.0,"key":"Juzu Bracelet"},{"floor":27.0,"key":"Girya"},{"floor":30.0,"key":"Ancient Tea Set"},{"floor":40,"key":"TungstenRod"},{"floor":43,"key":"Anchor"},{"floor":48,"key":"Akabeko"},{"floor":54,"key":"Happy Flower"}],"event_choices":[{"cards_removed":["Defend_P"],"damage_healed":0.0,"max_hp_gain":0.0,"max_hp_loss":0.0,"gold_gain":0.0,"event_name":"Golden Wing","player_choice":"Card Removal","floor":5.0,"gold_loss":0.0,"damage_taken":7.0},{"cards_removed":["SignatureMove"],"damage_healed":0.0,"max_hp_gain":0.0,"max_hp_loss":0.0,"gold_gain":0.0,"event_name":"Beggar","player_choice":"Gave Gold","floor":19.0,"gold_loss":75.0,"damage_taken":0.0},{"damage_healed":0.0,"max_hp_gain":5.0,"max_hp_loss":0.0,"gold_gain":0.0,"event_name":"Forgotten Altar","player_choice":"Shed Blood","floor":20.0,"gold_loss":0.0,"damage_taken":17.0},{"damage_healed":0.0,"max_hp_gain":0.0,"max_hp_loss":0.0,"gold_gain":99.0,"event_name":"Nest","player_choice":"Stole From Cult","floor":22.0,"gold_loss":0.0,"damage_taken":0.0},{"damage_healed":0.0,"max_hp_gain":0.0,"max_hp_loss":0.0,"gold_gain":0.0,"event_name":"Ghosts","player_choice":"Ignored","floor":28.0,"gold_loss":0.0,"damage_taken":0.0},{"damage_healed":0,"gold_gain":0,"player_choice":"Ignored","damage_taken":0,"max_hp_gain":0,"max_hp_loss":0,"event_name":"Tomb of Lord Red Mask","floor":37,"gold_loss":0},{"cards_removed":["Scrawl"],"damage_healed":0,"gold_gain":0,"player_choice":"Removed Skill","damage_taken":0,"max_hp_gain":0,"max_hp_loss":0,"event_name":"Falling","floor":42,"gold_loss":0}],"is_beta":false,"boss_relics":[{"not_picked":["HolyWater","Snecko Eye"],"picked":"Pandora\u0027s Box"},{"not_picked":["Runic Dome","Empty Cage"],"picked":"Coffee Dripper"}],"items_purged_floors":[4,38],"is_endless":false,"potions_floor_spawned":[3,7,12,18,21,27,31,33,35,40,45],"killed_by":"The Heart","ascension_level":14}}