{"host":"v0byp44r5syn346h","time":1607542523,"event":{"gold_per_floor":[112,112,137,58,76,107,107,138,138,2,441,452,482,496,496,596,596,606,618,618,636,661,661,661],"floor_reached":23,"playtime":728,"items_purged":[],"score":337,"play_id":"3eda9bf0-5d57-4480-b705-b67a9b790ed5","local_time":"20201209203523","is_ascension_mode":true,"campfire_choices":[{"floor":15,"key":"REST"}],"neow_cost":"NONE","seed_source_timestamp":766037451078500,"circlet_count":0,"master_deck":["Strike_P+1","Defend_P","Defend_P","Defend_P+1","Defend_P+1","Eruption","Vigilance","Prostrate","BattleHymn","ForeignInfluence+1","Wireheading","Flying Knee","Skewer+1","Dash","Replay:Hum","CutThroughFate+1","DeceiveReality+1","LessonLearned+1","Study","ConjureBlade+1","Prostrate","Halt+1"],"special_seed":0,"relics":["PureWater","NeowsBlessing","halation:RedSoulGem","trackpad:AdjectivePendant","aspiration:HiddenCompartment","infinitespire:Joker Card","Golden Egg","halation:AfternoonTea","vexMod:MysteryBossChallenge","trackpad:Trackpad","Oddly Smooth Stone"],"potions_floor_usage":[13,14,23],"damage_taken":[{"damage":0,"enemies":"2 Louse","floor":1,"turns":1},{"damage":0,"enemies":"Jaw Worm","floor":5,"turns":1},{"damage":0,"enemies":"Lagavulin","floor":6,"turns":1},{"damage":16,"enemies":"Gremlin Nob","floor":8,"turns":3},{"damage":0,"enemies":"Cultist","floor":12,"turns":2},{"damage":0,"enemies":"Lagavulin","floor":13,"turns":4},{"damage":7,"enemies":"3 Louse","floor":14,"turns":2},{"damage":32,"enemies":"The Guardian","floor":16,"turns":8},{"damage":12,"enemies":"3 Byrds","floor":18,"turns":5},{"damage":36,"enemies":"Shell Parasite","floor":19,"turns":4},{"damage":1,"enemies":"Cultist and Chosen","floor":21,"turns":4},{"damage":16,"enemies":"Nightmare","floor":23,"turns":3}],"seed_played":"3420683686993792911","potions_obtained":[{"floor":6,"key":"blueLaboratory:PhilterOfMotion"},{"floor":8,"key":"blueLaboratory:EpiphanyPotion"},{"floor":12,"key":"Toxic Potion"},{"floor":14,"key":"PowerPotion"},{"floor":18,"key":"blueLaboratory:ImpenetrablePotion"}],"is_trial":false,"path_per_floor":["M","?","T","$","M","E","?","E","T","$","?","M","E","M","R","B",null,"M","M","?","M","T","NM"],"character_chosen":"WATCHER","items_purchased":["BattleHymn","CutThroughFate","DeceiveReality"],"campfire_rested":1,"item_purchase_floors":[4,10,10],"current_hp_per_floor":[65,65,65,65,65,65,65,49,49,49,3,3,3,3,24,7,56,44,8,8,7,7,0,0],"gold":661,"neow_bonus":"THREE_ENEMY_KILL","is_prod":false,"is_daily":false,"chose_seed":false,"campfire_upgraded":0,"win_rate":0,"timestamp":1607542523,"path_taken":["M","?","?","$","?","E","?","E","T","$","?","M","E","M","R","BOSS","M","?","?","M","?","NM"],"build_version":"2020-11-30","purchased_purges":0,"victory":false,"max_hp_per_floor":[72,72,72,72,72,72,72,72,72,72,72,72,72,72,72,72,72,72,72,72,72,72,72,72],"relic_stats":{"counters":[12,38],"obtain_stats":[{"halation:RedSoulGem":2,"Golden Egg":9,"NeowsBlessing":0,"trackpad:Trackpad":17,"vexMod:MysteryBossChallenge":17,"Oddly Smooth Stone":22,"infinitespire:Joker Card":8,"trackpad:AdjectivePendant":3,"halation:AfternoonTea":13,"PureWater":0,"aspiration:HiddenCompartment":6},{"halation:RedSoulGem":1,"Golden Egg":4,"NeowsBlessing":0,"trackpad:Trackpad":8,"vexMod:MysteryBossChallenge":8,"Oddly Smooth Stone":11,"infinitespire:Joker Card":4,"trackpad:AdjectivePendant":1,"halation:AfternoonTea":6,"PureWater":0,"aspiration:HiddenCompartment":3},{"halation:RedSoulGem":1,"Golden Egg":6,"NeowsBlessing":0,"trackpad:Trackpad":22,"vexMod:MysteryBossChallenge":22,"Oddly Smooth Stone":35,"infinitespire:Joker Card":6,"trackpad:AdjectivePendant":1,"halation:AfternoonTea":12,"PureWater":0,"aspiration:HiddenCompartment":3}]},"card_choices":[{"not_picked":["EmptyMind","BowlingBash"],"picked":"Prostrate","floor":1},{"not_picked":["Halt","Study"],"picked":"ForeignInfluence","floor":5},{"not_picked":["CrushJoints","Replay:ManipulateFuture"],"picked":"Wireheading","floor":6},{"not_picked":["FollowUp","Replay:ManipulateFuture"],"picked":"Replay:Hum","floor":8},{"not_picked":["FollowUp","ThirdEye","FlyingSleeves"],"picked":"SKIP","floor":12},{"not_picked":["FlurryOfBlows","EmptyFist"],"picked":"LessonLearned","floor":13},{"not_picked":["WreathOfFlame","Swivel"],"picked":"Study","floor":14},{"not_picked":["Wish","Blasphemy"],"picked":"ConjureBlade","floor":16},{"not_picked":["SashWhip","Perseverance"],"picked":"Prostrate","floor":18},{"not_picked":["BowlingBash+1","Replay:Vibes","Replay:AtTheReady"],"picked":"SKIP","floor":19},{"not_picked":["Replay:ManipulateFuture","PathToVictory+1"],"picked":"Halt+1","floor":21}],"player_experience":808749,"relics_obtained":[{"floor":3,"key":"trackpad:AdjectivePendant"},{"floor":6,"key":"aspiration:HiddenCompartment"},{"floor":8,"key":"infinitespire:Joker Card"},{"floor":9,"key":"Golden Egg"},{"floor":13,"key":"halation:AfternoonTea"},{"floor":22,"key":"Oddly Smooth Stone"}],"event_choices":[{"damage_healed":0,"gold_gain":439,"player_choice":"GO GO GO GO UP ","damage_taken":52,"relics_obtained":[],"max_hp_gain":0,"max_hp_loss":0,"event_name":"betterSkull:BetterSkull","floor":11,"gold_loss":0,"cards_upgraded":["ForeignInfluence"]},{"cards_removed":["ConjureBlade"],"damage_healed":0,"gold_gain":0,"player_choice":"Give","damage_taken":0,"max_hp_gain":0,"max_hp_loss":0,"event_name":"betterNote:BetterNote","floor":20,"gold_loss":0,"cards_obtained":["Defend_P"]}],"is_beta":false,"boss_relics":[{"not_picked":["aspiration:SecretTechniqueScroll","CosmicIsotope"],"picked":"vexMod:MysteryBossChallenge"}],"items_purged_floors":[],"is_endless":false,"potions_floor_spawned":[6,8,12,14,18],"killed_by":"Nightmare","ascension_level":6}}