{"host":"gcl3kjho9wmyw479","time":1607550188,"event":{"gold_per_floor":[189,118,43,55,55,67,67,82,107,107,138,138,149,149,149],"floor_reached":13,"playtime":529,"items_purged":["Burning Pact"],"score":138,"play_id":"1982be9b-e967-41d8-be8b-54dae3383417","local_time":"20201209164308","daily_mods":["SealedDeck","Heirloom","DeadlyEvents","Elite Swarm"],"is_ascension_mode":true,"campfire_choices":[{"data":"Burning Pact","floor":6,"key":"SMITH"}],"neow_cost":"","seed_source_timestamp":38360190703300,"circlet_count":0,"master_deck":["Anger","Cleave","Shrug It Off+1","Burning Pact+1","Sentinel","Warcry+1","Warcry","Flex","Flex","Clash","Inflame","Limit Break+1","Limit Break+1"],"relics":["Burning Blood","Girya","Toxic Egg 2","Bottled Lightning","Dream Catcher","War Paint"],"potions_floor_usage":[13,13],"damage_taken":[{"damage":0,"enemies":"Jaw Worm","floor":1,"turns":3},{"damage":0,"enemies":"Cultist","floor":3,"turns":2},{"damage":0,"enemies":"2 Louse","floor":5,"turns":2},{"damage":13,"enemies":"Blue Slaver","floor":7,"turns":2},{"damage":20,"enemies":"Gremlin Nob","floor":8,"turns":3},{"damage":0,"enemies":"Lagavulin","floor":10,"turns":4},{"damage":9,"enemies":"Exordium Wildlife","floor":12,"turns":3},{"damage":62,"enemies":"Gremlin Nob","floor":13,"turns":4}],"seed_played":"8198780537325225040","potions_obtained":[{"floor":3,"key":"EssenceOfSteel"},{"floor":5,"key":"Weak Potion"},{"floor":8,"key":"DistilledChaos"}],"is_trial":true,"path_per_floor":["M","$","M","?","M","R","M","E","T","E","T","M","E"],"character_chosen":"IRONCLAD","items_purchased":[],"campfire_rested":0,"item_purchase_floors":[],"current_hp_per_floor":[17,80,80,80,80,80,80,73,59,59,65,65,62,0,0],"gold":149,"neow_bonus":"","is_prod":false,"is_daily":false,"chose_seed":false,"campfire_upgraded":1,"win_rate":0,"timestamp":1607550188,"path_taken":["M","$","M","?","?","R","M","?","T","E","?","?","E"],"build_version":"2020-11-30","purchased_purges":1,"victory":false,"max_hp_per_floor":[80,80,80,80,80,80,80,80,80,80,80,80,80,80,80],"card_choices":[{"not_picked":["Reckless Charge","Twin Strike","Evolve"],"picked":"SKIP","floor":1},{"not_picked":["Warcry","Anger"],"picked":"Clash","floor":3},{"not_picked":["Headbutt","Sword Boomerang"],"picked":"Inflame","floor":5},{"not_picked":["True Grit+1","Warcry+1","Reckless Charge"],"picked":"SKIP","floor":7},{"not_picked":["Juggernaut","Offering+1"],"picked":"Limit Break+1","floor":8},{"not_picked":["Barricade","Feed"],"picked":"Limit Break+1","floor":10},{"not_picked":["Dropkick","Perfected Strike","Warcry+1"],"picked":"SKIP","floor":12}],"player_experience":390583,"relics_obtained":[{"floor":8,"key":"Bottled Lightning"},{"floor":10,"key":"Dream Catcher"},{"floor":11,"key":"War Paint"}],"event_choices":[{"damage_healed":0,"gold_gain":0,"player_choice":"Gave Potion","damage_taken":0,"relics_obtained":["Toxic Egg 2"],"max_hp_gain":0,"max_hp_loss":0,"event_name":"WeMeetAgain","floor":4,"gold_loss":0}],"is_beta":false,"boss_relics":[],"items_purged_floors":[2],"is_endless":false,"potions_floor_spawned":[3,5,8],"killed_by":"Gremlin Nob","ascension_level":3}}