{"host":"jtxptf9isiqyc7jm","time":1607555131,"event":{"gold_per_floor":[117,130,130,130,141,159,10,49,49,58,58,47,47,65,65,157,157,157,157],"floor_reached":18,"playtime":889,"items_purged":[],"score":114,"play_id":"a49eb5cb-3e57-4903-b98a-905594c03a1f","local_time":"20201209230531","is_ascension_mode":false,"campfire_choices":[{"data":"hierophant:Martyrdom","floor":11,"key":"SMITH"},{"data":"hierophant:Martyrdom","floor":13,"key":"SMITH"},{"floor":15,"key":"REST"}],"neow_cost":"NONE","seed_source_timestamp":379567980693000,"circlet_count":0,"master_deck":["hierophant:Strike_Hierophant","hierophant:Strike_Hierophant","hierophant:Strike_Hierophant","hierophant:Strike_Hierophant","hierophant:Punish+1","hierophant:Defend_Hierophant","hierophant:Defend_Hierophant","hierophant:Defend_Hierophant","hierophant:Defend_Hierophant","hierophant:ChurchCoffers","hierophant:Martyrdom+1","hierophant:Doubloon","hierophant:Exaltation","hierophant:FlamingChariot","hierophant:Determination","hierophant:Sermon","hierophant:MorningPrayer","hierophant:Martyrdom+1","hierophant:PassingBell","hierophant:Cornucopia"],"relics":["ScarletHat","infinitespire:Cubic Diamond","Blood Vial","infinitespire:Broken Mirror","Runic Pyramid"],"potions_floor_usage":[6,6,14,14,16],"damage_taken":[{"damage":1,"enemies":"Jaw Worm","floor":1,"turns":3},{"damage":0,"enemies":"Small Slimes","floor":2,"turns":3},{"damage":0,"enemies":"Cultist","floor":5,"turns":4},{"damage":11,"enemies":"Large Slime","floor":6,"turns":3},{"damage":21,"enemies":"3 Sentries","floor":8,"turns":6},{"damage":0,"enemies":"Blue Slaver","floor":10,"turns":3},{"damage":5,"enemies":"Looter","floor":12,"turns":3},{"damage":10,"enemies":"Gremlin Gang","floor":14,"turns":6},{"damage":49,"enemies":"Slime Boss","floor":16,"turns":10},{"damage":26,"enemies":"Shell Parasite","floor":18,"turns":8}],"seed_played":"-7584495121982127395","potions_obtained":[{"floor":4,"key":"Regen Potion"},{"floor":4,"key":"AttackPotion"},{"floor":4,"key":"Swift Potion"},{"floor":6,"key":"SkillPotion"},{"floor":8,"key":"ColorlessPotion"},{"floor":16,"key":"Ancient Potion"}],"is_trial":false,"path_per_floor":["M","M","?","?","M","M","$","E","T","M","R","M","R","M","R","B",null,"M"],"character_chosen":"HIEROPHANT","items_purchased":["hierophant:Determination"],"campfire_rested":1,"item_purchase_floors":[7],"current_hp_per_floor":[74,74,74,74,74,63,63,52,52,57,57,54,54,48,70,38,75,49,49],"gold":157,"neow_bonus":"UPGRADE_CARD","is_prod":false,"is_daily":false,"chose_seed":false,"campfire_upgraded":2,"win_rate":0.0,"timestamp":1607555131,"path_taken":["M","M","?","?","M","M","$","E","T","M","R","M","R","?","R","BOSS","M"],"build_version":"2020-11-30","purchased_purges":0,"victory":false,"max_hp_per_floor":[75,75,75,75,75,75,75,75,75,75,75,75,75,75,75,75,75,75,75],"card_choices":[{"not_picked":["hierophant:MorningPrayer","hierophant:HammerAndAnvil"],"picked":"hierophant:Martyrdom","floor":1},{"not_picked":["hierophant:Embezzle","hierophant:FieryStrike"],"picked":"hierophant:Doubloon","floor":2},{"not_picked":["hierophant:Bribe","hierophant:MirrorShield"],"picked":"hierophant:Exaltation","floor":5},{"not_picked":["hierophant:HammerAndAnvil","hierophant:SealAway"],"picked":"hierophant:FlamingChariot","floor":6},{"not_picked":["hierophant:Exaltation","hierophant:DisplayOfPower"],"picked":"hierophant:Sermon","floor":8},{"not_picked":["hierophant:AuricBeam","hierophant:Refuge"],"picked":"hierophant:MorningPrayer","floor":10},{"not_picked":["hierophant:Doubloon","hierophant:Mercenaries"],"picked":"hierophant:Martyrdom","floor":12},{"not_picked":["hierophant:Shelter","hierophant:Doomsaying"],"picked":"hierophant:PassingBell","floor":14},{"not_picked":["hierophant:BulkyChest","hierophant:Batter"],"picked":"hierophant:Cornucopia","floor":16}],"player_experience":68258,"relics_obtained":[{"floor":8,"key":"Blood Vial"},{"floor":9,"key":"infinitespire:Broken Mirror"}],"event_choices":[{"damage_healed":0,"gold_gain":0,"player_choice":"Got Potions","damage_taken":0,"max_hp_gain":0,"max_hp_loss":0,"event_name":"Lab","floor":4,"gold_loss":0}],"is_beta":false,"boss_relics":[{"not_picked":["Kintsugi","Replay:Drink Me"],"picked":"Runic Pyramid"}],"items_purged_floors":[],"is_endless":false,"potions_floor_spawned":[5,6,8,10,16],"killed_by":"Shell Parasite","ascension_level":0}}