{"host":"l8n56n8abrvcftzc","time":1607492199,"event":{"gold_per_floor":[116,130,130,130,14,49,61,98,156,168,180,205,217,248,260,376,388,414,476,478,540,570,616,678,740,776,788,815,224,274,301,301,401,401,414,464,484,534,584,584,584],"floor_reached":40,"playtime":2483,"items_purged":["hermit:Strike_Hermit"],"score":478,"play_id":"62dc2d11-405e-4e03-849a-638b62903765","local_time":"20201208213639","is_ascension_mode":false,"campfire_choices":[{"data":"Madness","floor":7.0,"key":"SMITH"},{"floor":15.0,"key":"REST"},{"data":"hermit:TakeAim","floor":27.0,"key":"SMITH"},{"data":"hermit:EyeOfTheStorm","floor":32.0,"key":"SMITH"}],"neow_cost":"NONE","seed_source_timestamp":1233587829616100,"circlet_count":0,"master_deck":["hermit:Strike_Hermit+1","hermit:Defend_Hermit+1","hermit:Snapshot+1","hermit:Covet","hermit:Misfire","hermit:ItchyTrigger","hermit:TakeAim+1","Madness+1","hermit:Headshot","hermit:LoneWolf","Pain","hermit:BigShot","hermit:TrackingShot","hermit:Headshot","hermit:BigShot","hermit:Deadeye","hermit:EyeOfTheStorm+1","hermit:TrackingShot","hermit:GhostlyPresence","hermit:NoHoldsBarred+1","hermit:LowProfile","hermit:BigShot","hermit:Ricochet"],"special_seed":0,"relics":["hermit:Momento","hermit:RyeStalk","MawBank","Letter Opener","Juzu Bracelet","WarpedTongs","SsserpentHead","Sozu","Pear","PreservedInsect","MealTicket","HandDrill","Bottled Lightning","Omamori","Fusion Hammer"],"potions_floor_usage":[],"damage_taken":[{"damage":1.0,"enemies":"Cultist","floor":1.0,"turns":3.0},{"damage":1.0,"enemies":"Jaw Worm","floor":2.0,"turns":3.0},{"damage":15.0,"enemies":"Gremlin Nob","floor":6.0,"turns":5.0},{"damage":22.0,"enemies":"3 Sentries","floor":8.0,"turns":7.0},{"damage":0.0,"enemies":"Small Slimes","floor":12.0,"turns":2.0},{"damage":4.0,"enemies":"Gremlin Gang","floor":14.0,"turns":2.0},{"damage":30.0,"enemies":"Hexaghost","floor":16.0,"turns":6.0},{"damage":5.0,"enemies":"Spheric Guardian","floor":18.0,"turns":3.0},{"damage":25.0,"enemies":"Shell Parasite","floor":22.0,"turns":4.0},{"damage":31.0,"enemies":"Gremlin Leader","floor":23.0,"turns":5.0},{"damage":45.0,"enemies":"Shelled Parasite and Fungi","floor":28.0,"turns":4.0},{"damage":10.0,"enemies":"Book of Stabbing","floor":31.0,"turns":3.0},{"damage":78.0,"enemies":"Automaton","floor":33.0,"turns":8.0},{"damage":39.0,"enemies":"3 Shapes","floor":35.0,"turns":4.0},{"damage":31,"enemies":"Orb Walker","floor":37,"turns":4},{"damage":111,"enemies":"Nemesis","floor":40,"turns":4}],"seed_played":"-837935571094018573","potions_obtained":[{"floor":1.0,"key":"hermit:Tonic"},{"floor":6.0,"key":"DistilledChaos"},{"floor":12.0,"key":"BlessingOfTheForge"},{"floor":14.0,"key":"SneckoOil"}],"is_trial":false,"path_per_floor":["M","M","T","?","$","E","R","E","T","?","?","M","?","M","R","B",null,"M","?","?","T","M","E","?","?","T","R","M","$","?","E","R","B",null,"M","?","M","?","?","E"],"character_chosen":"HERMIT","items_purchased":["hermit:TakeAim","Madness","MealTicket","HandDrill","Bottled Lightning"],"campfire_rested":1,"item_purchase_floors":[5,5,29,29,29],"current_hp_per_floor":[74,73,73,58,58,43,43,21,21,21,21,21,21,17,39,9,75,70,70,70,80,55,24,24,52,52,52,7,7,95,85,85,7,95,56,56,25,83,83,0,0],"gold":584,"neow_bonus":"UPGRADE_CARD","is_prod":false,"is_daily":false,"chose_seed":false,"campfire_upgraded":3,"win_rate":0.0,"timestamp":1607492199,"path_taken":["M","M","?","?","?","E","R","E","T","?","?","M","?","M","R","BOSS","M","?","?","?","M","E","?","?","T","R","M","$","?","E","R","BOSS","M","?","M","?","?","E"],"build_version":"2020-11-30","purchased_purges":1,"victory":false,"max_hp_per_floor":[75,75,75,75,75,75,75,75,75,75,75,75,75,75,75,75,75,75,75,75,85,85,85,85,85,85,85,85,85,95,95,95,95,95,95,95,95,83,83,83,83],"relic_stats":{"Sozu":3,"SsserpentHead":450,"counters":[16,67],"MealTicket":0,"PreservedInsect":88,"Juzu Bracelet":6,"HandDrill":[2],"Letter Opener":[40],"MawBank":276,"obtain_stats":[{"Pear":21,"PreservedInsect":23,"Juzu Bracelet":9,"Omamori":31,"Letter Opener":8,"MawBank":6,"WarpedTongs":10,"Sozu":17,"hermit:RyeStalk":3,"SsserpentHead":13,"MealTicket":29,"Fusion Hammer":34,"HandDrill":29,"Bottled Lightning":29,"hermit:Momento":0},{"Pear":8,"PreservedInsect":10,"Juzu Bracelet":4,"Omamori":12,"Letter Opener":4,"MawBank":3,"WarpedTongs":4,"Sozu":7,"hermit:RyeStalk":2,"SsserpentHead":5,"MealTicket":11,"Fusion Hammer":13,"HandDrill":11,"Bottled Lightning":11,"hermit:Momento":0},{"Pear":31,"PreservedInsect":40,"Juzu Bracelet":18,"Omamori":47,"Letter Opener":18,"MawBank":11,"WarpedTongs":18,"Sozu":28,"hermit:RyeStalk":6,"SsserpentHead":20,"MealTicket":44,"Fusion Hammer":55,"HandDrill":44,"Bottled Lightning":44,"hermit:Momento":0}],"WarpedTongs":[48]},"card_choices":[{"not_picked":["hermit:GoldenBullet","hermit:Feint"],"picked":"hermit:Misfire","floor":1.0},{"not_picked":["hermit:HoleUp","hermit:SprayPray"],"picked":"hermit:ItchyTrigger","floor":2.0},{"not_picked":["hermit:Combo","hermit:Reprieve"],"picked":"hermit:Headshot","floor":6.0},{"not_picked":["hermit:CalledShot","hermit:LowProfile"],"picked":"hermit:LoneWolf","floor":8.0},{"not_picked":["hermit:Headshot","hermit:DeadMansHand","hermit:TakeCover"],"picked":"SKIP","floor":12.0},{"not_picked":["hermit:DeadMansHand","hermit:TakeCover"],"picked":"hermit:Headshot","floor":12.0},{"not_picked":["hermit:Virtue","hermit:Gambit"],"picked":"hermit:BigShot","floor":14.0},{"not_picked":["hermit:Vantage","hermit:Manifest"],"picked":"hermit:Deadeye","floor":18.0},{"not_picked":["hermit:BodyArmor","hermit:SprayPray+1"],"picked":"hermit:GhostlyPresence","floor":22.0},{"not_picked":["hermit:Cheat","hermit:LoneWolf"],"picked":"hermit:NoHoldsBarred+1","floor":23.0},{"not_picked":["hermit:Coalescence","hermit:Midnight+1","hermit:FlashPowder"],"picked":"SKIP","floor":28.0},{"not_picked":["hermit:Gambit","hermit:Quickdraw"],"picked":"hermit:BigShot","floor":31.0},{"not_picked":["hermit:TakeCover+1","hermit:Maintenance+1"],"picked":"hermit:Ricochet","floor":35.0},{"not_picked":["hermit:PistolWhip+1","hermit:Headshot+1","hermit:Shortfuse"],"picked":"SKIP","floor":37}],"player_experience":678706,"relics_obtained":[{"floor":3.0,"key":"hermit:RyeStalk"},{"floor":6.0,"key":"MawBank"},{"floor":8.0,"key":"Letter Opener"},{"floor":9.0,"key":"Juzu Bracelet"},{"floor":21.0,"key":"Pear"},{"floor":23.0,"key":"PreservedInsect"},{"floor":31.0,"key":"Omamori"}],"event_choices":[{"damage_healed":73.0,"max_hp_gain":0.0,"max_hp_loss":75.0,"gold_gain":0.0,"event_name":"betterThird:BetterShining","player_choice":"Upgrade","floor":4.0,"gold_loss":0.0,"damage_taken":15.0,"cards_upgraded":["hermit:Defend_Hermit","hermit:Strike_Hermit"]},{"damage_healed":0.0,"max_hp_gain":0.0,"max_hp_loss":0.0,"gold_gain":0.0,"event_name":"Accursed Blacksmith","player_choice":"Rummage","floor":10.0,"gold_loss":0.0,"damage_taken":0.0,"relics_obtained":["WarpedTongs"],"cards_obtained":["Pain"]},{"damage_healed":0.0,"max_hp_gain":0.0,"max_hp_loss":0.0,"gold_gain":0.0,"event_name":"Match and Keep!","player_choice":"2 cards matched","floor":11.0,"gold_loss":0.0,"damage_taken":0.0,"cards_obtained":["hermit:BigShot","hermit:TrackingShot"]},{"damage_healed":0.0,"max_hp_gain":0.0,"max_hp_loss":0.0,"gold_gain":0.0,"event_name":"FaceTrader","player_choice":"Trade","floor":13.0,"gold_loss":0.0,"damage_taken":0.0,"relics_obtained":["SsserpentHead"]},{"cards_removed":["hermit:Defend_Hermit"],"damage_healed":0.0,"max_hp_gain":0.0,"max_hp_loss":0.0,"gold_gain":0.0,"event_name":"betterNote:BetterNote","player_choice":"Give","floor":19.0,"gold_loss":0.0,"damage_taken":0.0,"cards_obtained":["None"]},{"damage_healed":0.0,"max_hp_gain":0.0,"max_hp_loss":0.0,"gold_gain":0.0,"cards_transformed":["hermit:Strike_Hermit","hermit:Defend_Hermit"],"event_name":"Designer","player_choice":"Transformed Cards","floor":20.0,"gold_loss":60.0,"damage_taken":0.0,"cards_obtained":["hermit:EyeOfTheStorm","hermit:TrackingShot"]},{"damage_healed":0.0,"max_hp_gain":0.0,"max_hp_loss":0.0,"gold_gain":0.0,"cards_transformed":["hermit:Defend_Hermit","hermit:Strike_Hermit"],"event_name":"Drug Dealer","player_choice":"Became Test Subject","floor":24.0,"gold_loss":0.0,"damage_taken":0.0,"cards_obtained":["hermit:LowProfile","hermit:RoundhouseKick"]},{"damage_healed":28.0,"max_hp_gain":0.0,"max_hp_loss":0.0,"gold_gain":0.0,"event_name":"The Library","player_choice":"Heal","floor":25.0,"gold_loss":0.0,"damage_taken":0.0},{"cards_removed":["hermit:RoundhouseKick"],"damage_healed":78.0,"max_hp_gain":10.0,"max_hp_loss":0.0,"gold_gain":0.0,"event_name":"Bonfire Elementals","player_choice":"Offered Rare","floor":30.0,"gold_loss":0.0,"damage_taken":0.0},{"damage_healed":0,"gold_gain":0,"player_choice":"Ignored","damage_taken":0,"max_hp_gain":0,"max_hp_loss":0,"event_name":"Mysterious Sphere","floor":36,"gold_loss":0},{"damage_healed":83,"gold_gain":0,"player_choice":"Heal","damage_taken":0,"max_hp_gain":0,"max_hp_loss":12,"event_name":"The Moai Head","floor":38,"gold_loss":0},{"cards_removed":["hermit:Defend_Hermit"],"damage_healed":0,"gold_gain":0,"player_choice":"Removed Skill","damage_taken":0,"max_hp_gain":0,"max_hp_loss":0,"event_name":"Falling","floor":39,"gold_loss":0}],"is_beta":false,"boss_relics":[{"not_picked":["Ectoplasm","Coffee Dripper"],"picked":"Sozu"},{"not_picked":["Tiny House","Runic Pyramid"],"picked":"Fusion Hammer"}],"items_purged_floors":[29],"is_endless":false,"potions_floor_spawned":[1,6,12,14,22,28,37],"killed_by":"Nemesis","ascension_level":0}}