{"host":"4xaz2wqyxydy1at3","time":1607502967,"event":{"gold_per_floor":[117,19,33,50,66,66,16,0,0,0,0,17,33,44,44,44,44],"floor_reached":16,"playtime":668,"items_purged":["Defend_G","Strike_G"],"score":94,"play_id":"95e4a010-d127-4e19-be18-d5349d8742ca","local_time":"20201209163607","is_ascension_mode":false,"campfire_choices":[{"floor":6.0,"key":"RECALL"},{"data":"Acrobatics","floor":15,"key":"SMITH"}],"neow_cost":"NONE","seed_source_timestamp":1116100881277400,"circlet_count":0,"master_deck":["Strike_G","Strike_G","Strike_G","Defend_G","Defend_G","Defend_G","Survivor","Neutralize","CurseOfTheBell","Acrobatics+1"],"special_seed":0,"relics":["Calling Bell","Smiling Mask","Eternal Feather","Thread and Needle"],"potions_floor_usage":[13,13,16],"damage_taken":[{"damage":0.0,"enemies":"Cultist","floor":1.0,"turns":4.0},{"damage":0.0,"enemies":"Jaw Worm","floor":3.0,"turns":4.0},{"damage":0.0,"enemies":"Small Slimes","floor":4.0,"turns":4.0},{"damage":4.0,"enemies":"Red Slaver","floor":5.0,"turns":6.0},{"damage":0,"enemies":"Looter","floor":8,"turns":4},{"damage":0,"enemies":"Exordium Wildlife","floor":12,"turns":4},{"damage":6,"enemies":"Large Slime","floor":13,"turns":12},{"damage":5,"enemies":"Blue Slaver","floor":14,"turns":5},{"damage":90,"enemies":"The Guardian","floor":16,"turns":19}],"seed_played":"8205846901037097857","potions_obtained":[{"floor":5.0,"key":"Dexterity Potion"},{"floor":12,"key":"LiquidMemories"},{"floor":13,"key":"AttackPotion"}],"is_trial":false,"path_per_floor":["M","$","M","M","M","R","$","M","T","?","?","M","M","M","R","B"],"character_chosen":"THE_SILENT","items_purchased":["Acrobatics"],"campfire_rested":0,"item_purchase_floors":[2],"current_hp_per_floor":[70,70,70,70,66,70,70,70,70,70,70,70,64,59,65,0,0],"gold":44,"neow_bonus":"BOSS_RELIC","is_prod":false,"is_daily":false,"chose_seed":false,"campfire_upgraded":1,"win_rate":0,"timestamp":1607502967,"path_taken":["M","$","M","M","M","R","?","?","T","?","?","?","M","M","R","BOSS"],"build_version":"2020-11-30","purchased_purges":2,"victory":false,"max_hp_per_floor":[70,70,70,70,70,70,70,70,70,70,70,70,70,70,70,70,70],"card_choices":[{"not_picked":["Cloak And Dagger","Sucker Punch","Expertise"],"picked":"SKIP","floor":1.0},{"not_picked":["Dagger Spray","Predator","Dagger Throw"],"picked":"SKIP","floor":3.0},{"not_picked":["Bane","Dagger Spray","Blade Dance"],"picked":"SKIP","floor":4.0},{"not_picked":["Blur","Heel Hook","Bouncing Flask"],"picked":"SKIP","floor":5.0},{"not_picked":["Prepared","Bane","Dodge and Roll"],"picked":"SKIP","floor":8},{"not_picked":["Poisoned Stab","Reflex","Dodge and Roll"],"picked":"SKIP","floor":12},{"not_picked":["Poisoned Stab","Dodge and Roll","Doppelganger"],"picked":"SKIP","floor":13},{"not_picked":["Blade Dance","Deadly Poison","Dagger Spray"],"picked":"SKIP","floor":14}],"player_experience":304544,"relics_obtained":[{"floor":0.0,"key":"Smiling Mask"},{"floor":0.0,"key":"Eternal Feather"},{"floor":0.0,"key":"Thread and Needle"}],"event_choices":[{"cards_removed":["Defend_G"],"damage_healed":0,"gold_gain":0,"player_choice":"Forget","damage_taken":0,"max_hp_gain":0,"max_hp_loss":0,"event_name":"Living Wall","floor":10,"gold_loss":0},{"cards_removed":["Strike_G"],"damage_healed":0,"gold_gain":0,"player_choice":"Purged","damage_taken":0,"max_hp_gain":0,"max_hp_loss":0,"event_name":"Purifier","floor":11,"gold_loss":0}],"is_beta":false,"boss_relics":[],"items_purged_floors":[2,7],"is_endless":false,"potions_floor_spawned":[5,12,13],"killed_by":"The Guardian","ascension_level":0}}