{"host":"c5zi7xii2asw1e3y","time":1607526289,"event":{"gold_per_floor":[119,89,10,20,35,35,49,49,49,49,64,84,94,108,108,209,209,225,237,259,259,259,259,291,313,313,336,336,336,351,351,351,448,448,497,42,69,118,118,118,148,197,197,233,233,233,265,298,298,304],"floor_reached":51,"playtime":8160,"items_purged":["Defend_B"],"score":645,"play_id":"1810a4c9-80e7-400d-bf68-6a9368dbdee0","local_time":"20201209160449","is_ascension_mode":false,"campfire_choices":[{"data":"Loop","floor":6.0,"key":"SMITH"},{"data":"Zap","floor":10.0,"key":"SMITH"},{"floor":23.0,"key":"REST"},{"floor":28.0,"key":"REST"},{"floor":32,"key":"REST"},{"data":"hubris:DuctTapeCard","floor":40,"key":"SMITH"},{"data":"hubris:DuctTapeCard","floor":49,"key":"SMITH"}],"neow_cost":"NONE","seed_source_timestamp":0,"circlet_count":0,"master_deck":["Defend_B","Defend_B","Defend_B","Zap+1","Dualcast","ReplaySort","Conserve Battery","Loop+1","Conserve Battery","Force Field","Static Discharge","Fusion","Tempest","Storm","Creative AI","CurseOfTheBell","Gash","Ball Lightning+1","infinitespire:Collect","FIFO Queue","Panic Button","Steam","hubris:DuctTapeCard+2","Electrodynamics","Redo+1","FTL+1","Redo+1","Crystallizer","Hologram","hubris:DuctTapeCard+2","Machine Learning","Streamline"],"special_seed":0,"relics":["Cracked Core","Chameleon Ring","Replay:Grab Bag","Honey Jar","infinitespire:Cupcake","Empty Cage","Calling Bell","Replay:Bandana","hubris:Metronome","infinitespire:Golems Mask","Replay:Bottled Steam","Gremlin Horn","hubris:DuctTape","infinitespire:EvilPickle","hubris:VirtuousBlindfold","Replay:Rubber Ducky","Strange Spoon","hubris:SlimyHat","Mummified Hand","hubris:TenFootPole","Kunai","hubris:DuctTape"],"potions_floor_usage":[50],"damage_taken":[{"damage":1.0,"enemies":"Small Slimes","floor":1.0,"turns":3.0},{"damage":3.0,"enemies":"Cultist","floor":4.0,"turns":4.0},{"damage":13.0,"enemies":"infinitespire:Voidling","floor":5.0,"turns":4.0},{"damage":24.0,"enemies":"Gremlin Gang","floor":7.0,"turns":6.0},{"damage":0.0,"enemies":"Exordium Wildlife","floor":11.0,"turns":2.0},{"damage":0.0,"enemies":"Blue Slaver","floor":12.0,"turns":4.0},{"damage":20.0,"enemies":"Exordium Thugs","floor":13.0,"turns":5.0},{"damage":8.0,"enemies":"Red Slaver","floor":14.0,"turns":3.0},{"damage":23.0,"enemies":"Hexaghost","floor":16.0,"turns":4.0},{"damage":17.0,"enemies":"Chosen","floor":18.0,"turns":5.0},{"damage":20.0,"enemies":"Shell Parasite","floor":19.0,"turns":6.0},{"damage":21.0,"enemies":"Centurion and Healer","floor":20.0,"turns":8.0},{"damage":45.0,"enemies":"Slavers","floor":24.0,"turns":5.0},{"damage":4.0,"enemies":"Chosen and Byrds","floor":25.0,"turns":6.0},{"damage":0.0,"enemies":"Cultist and Chosen","floor":27.0,"turns":4.0},{"damage":9.0,"enemies":"Snake Plant","floor":30.0,"turns":5.0},{"damage":47,"enemies":"Pondfish","floor":33,"turns":8},{"damage":18,"enemies":"Orb Walker","floor":35,"turns":4},{"damage":8,"enemies":"3 Shapes","floor":37,"turns":4},{"damage":0,"enemies":"Jaw Worm Horde","floor":41,"turns":3},{"damage":22,"enemies":"Nemesis","floor":42,"turns":4},{"damage":0,"enemies":"4 Shapes","floor":44,"turns":2},{"damage":6,"enemies":"Spire Growth","floor":47,"turns":4},{"damage":2,"enemies":"Sphere and 2 Shapes","floor":48,"turns":3},{"damage":69,"enemies":"Awakened One","floor":50,"turns":8}],"seed_played":"-4476351283028888798","potions_obtained":[{"floor":2.0,"key":"blueLaboratory:BottleOfRum"},{"floor":2.0,"key":"EntropicBrew"},{"floor":7.0,"key":"Fire Potion"},{"floor":12.0,"key":"blueLaboratory:AbyssPotion"},{"floor":13.0,"key":"BlessingOfTheForge"},{"floor":15.0,"key":"DuplicationPotion"},{"floor":15.0,"key":"blueLaboratory:TeslaPotion"},{"floor":18.0,"key":"Energy Potion"},{"floor":19.0,"key":"blueLaboratory:BottleOfVodka"},{"floor":20.0,"key":"blueLaboratory:LouseDecoction"},{"floor":33,"key":"blueLaboratory:PyrophylliteBrew"},{"floor":37,"key":"blueLaboratory:BottleOfRum"},{"floor":41,"key":"Elixir"}],"is_trial":false,"path_per_floor":["M","?","$","M","M","R","M","?","T","R","M","M","M","M","R","B",null,"M","M","M","?","?","R","E","M","T","M","R","AVR","M","?","R","B",null,"M","$","M","T","?","R","M","E","T","M","T","?","M","M","R","B",null],"character_chosen":"DEFECT","items_purchased":["Loop","Replay:Rubber Ducky","Strange Spoon","ReplayTheSpireMod:Calculation Training"],"campfire_rested":3,"item_purchase_floors":[3,36,36,36],"current_hp_per_floor":[74,74,74,71,65,65,41,75,75,75,75,75,55,47,47,27,78,61,41,20,1,27,50,5,1,1,1,24,24,25,25,48,11,78,70,70,72,72,72,72,78,64,64,78,78,78,72,78,78,24],"gold":304,"neow_bonus":"RANDOM_EVENT","is_prod":false,"is_daily":false,"chose_seed":false,"campfire_upgraded":4,"win_rate":0.0,"timestamp":1607526289,"path_taken":["M","?","$","?","M","R","M","?","T","R","?","?","M","M","R","BOSS","M","M","M","?","?","R","E","M","T","?","R","AVR","M","?","R","BOSS","M","$","M","?","?","R","?","E","T","M","?","?","M","M","R","BOSS"],"build_version":"2020-11-30","purchased_purges":1,"victory":true,"max_hp_per_floor":[75,75,75,75,75,75,75,75,75,75,75,75,75,75,75,78,78,78,78,78,78,78,78,78,78,78,78,78,78,78,78,78,78,78,78,78,78,78,78,78,78,78,78,78,78,78,78,78,78,78],"card_choices":[{"not_picked":["Barrage","Steam"],"picked":"Conserve Battery","floor":1.0},{"not_picked":["Gash","Biased Cognition"],"picked":"Conserve Battery","floor":4.0},{"not_picked":["Hello World","Cold Snap","Barrage"],"picked":"SKIP","floor":5.0},{"not_picked":["Hello World","Cold Snap","Barrage"],"picked":"SKIP","floor":5.0},{"not_picked":["Beam Cell","All For One"],"picked":"Force Field","floor":7.0},{"not_picked":["hubris:Ukulele","Double Energy"],"picked":"Static Discharge","floor":11.0},{"not_picked":["Redo","Hologram"],"picked":"Fusion","floor":12.0},{"not_picked":["Panic Button","Stack"],"picked":"Tempest","floor":13.0},{"not_picked":["Lockon","Gash"],"picked":"Storm","floor":14.0},{"not_picked":["Machine Learning","hubris:SpecializedCircuitry"],"picked":"Creative AI","floor":16.0},{"not_picked":["Coolheaded","Sweeping Beam+1","Stack"],"picked":"Gash","floor":18.0},{"not_picked":["Sweeping Beam","Barrage","Tempest"],"picked":"ReplayTheSpireMod:Calculation Training+1","floor":19.0},{"not_picked":["Crystallizer+1","Gash","Panic Button+1"],"picked":"Ball Lightning+1","floor":20.0},{"not_picked":["infinitespire:FutureSight","Replay:Fractal Strike"],"picked":"infinitespire:Collect","floor":21.0},{"not_picked":["Ball Lightning","Amplify","Tempest"],"picked":"Chill+1","floor":24.0},{"not_picked":["Go for the Eyes+1","Steam","Hologram"],"picked":"FIFO Queue","floor":25.0},{"not_picked":["Fusion","Conserve Battery","ReplayTheSpireMod:Fabricate Wheel"],"picked":"Panic Button","floor":27.0},{"not_picked":["Gash","Beam Cell+1","Stack+1"],"picked":"Steam","floor":30.0},{"not_picked":["Amplify","Machine Learning","hubris:DoWhile"],"picked":"Electrodynamics","floor":33},{"not_picked":["Beam Cell","Reprogram","Aggregate+1"],"picked":"Redo+1","floor":35},{"not_picked":["Compile Driver","Ball Lightning","Barrage"],"picked":"FTL+1","floor":37},{"not_picked":["Ball Lightning","Darkness","Leap"],"picked":"Redo+1","floor":41},{"not_picked":["Thunder Strike","Cold Snap","Doom and Gloom+1"],"picked":"Crystallizer","floor":42},{"not_picked":["Melter","Coolheaded","Beam Cell+1"],"picked":"Hologram","floor":44},{"not_picked":["Steam+1","Coolheaded","FTL+1"],"picked":"Machine Learning","floor":47},{"not_picked":["Coolheaded+1","Beam Cell+1","Panic Button"],"picked":"Streamline","floor":48}],"player_experience":14767,"relics_obtained":[{"floor":9.0,"key":"Chameleon Ring"},{"floor":17.0,"key":"Replay:Bandana"},{"floor":17.0,"key":"hubris:Metronome"},{"floor":17.0,"key":"infinitespire:Golems Mask"},{"floor":24.0,"key":"Replay:Bottled Steam"},{"floor":26.0,"key":"Gremlin Horn"},{"floor":38,"key":"hubris:SlimyHat"},{"floor":42,"key":"hubris:TenFootPole"},{"floor":43,"key":"Kunai"},{"floor":45,"key":"hubris:DuctTape"}],"event_choices":[{"damage_healed":0.0,"max_hp_gain":0.0,"max_hp_loss":0.0,"gold_gain":0.0,"cards_transformed":["Strike_B"],"event_name":"Living Wall","player_choice":"Change","floor":0.0,"gold_loss":0.0,"damage_taken":0.0,"cards_obtained":["ReplaySort"]},{"damage_healed":0.0,"max_hp_gain":0.0,"max_hp_loss":0.0,"gold_gain":0.0,"event_name":"The Woman in Blue","player_choice":"Bought 2 Potions","floor":2.0,"gold_loss":0.0,"damage_taken":0.0},{"damage_healed":34.0,"max_hp_gain":0.0,"max_hp_loss":0.0,"gold_gain":0.0,"event_name":"Wheel of Change","player_choice":"Full Heal","floor":8.0,"gold_loss":0.0,"damage_taken":0.0},{"damage_healed":26.0,"max_hp_gain":0.0,"max_hp_loss":0.0,"gold_gain":0.0,"event_name":"The Library","player_choice":"Heal","floor":22.0,"gold_loss":0.0,"damage_taken":0.0},{"cards_removed":["Strike_B"],"damage_healed":0.0,"max_hp_gain":0.0,"max_hp_loss":0.0,"gold_gain":0.0,"event_name":"Purifier","player_choice":"Purged","floor":31.0,"gold_loss":0.0,"damage_taken":0.0},{"damage_healed":0,"gold_gain":0,"player_choice":"Gave Potion","damage_taken":0,"relics_obtained":["Mummified Hand"],"max_hp_gain":0,"max_hp_loss":0,"event_name":"WeMeetAgain","floor":39,"gold_loss":0},{"damage_healed":0,"gold_gain":0,"player_choice":"Ignored","damage_taken":0,"max_hp_gain":0,"max_hp_loss":0,"event_name":"Tomb of Lord Red Mask","floor":46,"gold_loss":0}],"is_beta":false,"boss_relics":[{"not_picked":["Velvet Choker","hubris:RunicObelisk"],"picked":"Replay:Grab Bag"},{"not_picked":["Ectoplasm","Cursed Key"],"picked":"Honey Jar"},{"not_picked":["Sozu","ReplayTheSpireMod:Onyx Gauntlets"],"picked":"infinitespire:Cupcake"},{"not_picked":["Replay:Drink Me","Ring of Chaos"],"picked":"Empty Cage"},{"not_picked":["Runic Pyramid","Snecko Eye"],"picked":"Calling Bell"},{"not_picked":["Kintsugi","Coffee Dripper"],"picked":"hubris:VirtuousBlindfold"}],"items_purged_floors":[36],"is_endless":false,"potions_floor_spawned":[7,12,13,18,19,20,33,37,41],"ascension_level":0}}