{"host":"u4wwrwxco60h43l5","time":1607520462,"event":{"gold_per_floor":[110,121,136,152,163,163,180,180,180,196,212,212,212],"floor_reached":12,"playtime":381,"items_purged":[],"score":76,"play_id":"995c1365-e2af-4464-be3d-c33d65f304b7","local_time":"20201209222742","is_ascension_mode":false,"campfire_choices":[{"floor":6,"key":"REST"},{"data":"PathToVictory","floor":8,"key":"SMITH"}],"neow_cost":"NONE","seed_source_timestamp":16520600242500,"circlet_count":0,"master_deck":["Strike_P","Strike_P","Strike_P","Strike_P+1","Defend_P","Defend_P","Defend_P","Defend_P","Eruption+1","Vigilance","Vault","CrushJoints","REME_Repentance","PathToVictory+1","Pray","PathToVictory","SashWhip","PathToVictory"],"relics":["REME_ComplimentaryCards","REME_DuelDisc","Whetstone"],"potions_floor_usage":[12],"damage_taken":[{"damage":0,"enemies":"Jaw Worm","floor":1,"turns":2},{"damage":0,"enemies":"Cultist","floor":2,"turns":2},{"damage":0,"enemies":"Small Slimes","floor":3,"turns":2},{"damage":22,"enemies":"3 Louse","floor":4,"turns":3},{"damage":22,"enemies":"2 Fungi Beasts","floor":5,"turns":3},{"damage":3,"enemies":"Large Slime","floor":7,"turns":4},{"damage":11,"enemies":"Exordium Wildlife","floor":10,"turns":4},{"damage":10,"enemies":"3 Louse","floor":11,"turns":2},{"damage":24,"enemies":"3 Sentries","floor":12,"turns":6}],"seed_played":"6764681688879473878","potions_obtained":[{"floor":4,"key":"EssenceOfSteel"},{"floor":10,"key":"CultistPotion"}],"is_trial":false,"path_per_floor":["M","M","M","M","M","R","M","R","T","M","M","E"],"character_chosen":"WATCHER","items_purchased":[],"campfire_rested":1,"item_purchase_floors":[],"current_hp_per_floor":[72,72,72,50,28,49,46,46,46,35,25,1,1],"gold":212,"neow_bonus":"BOSS_RELIC","is_prod":false,"is_daily":false,"chose_seed":false,"campfire_upgraded":1,"win_rate":0.0,"timestamp":1607520462,"path_taken":["M","M","M","M","M","R","M","R","T","M","M","E"],"build_version":"2020-11-30","purchased_purges":0,"victory":false,"max_hp_per_floor":[72,72,72,72,72,72,72,72,72,72,72,72,72],"card_choices":[{"not_picked":["Protect","FlyingSleeves"],"picked":"CrushJoints","floor":1},{"not_picked":["CutThroughFate","Fasting2","Nirvana"],"picked":"SKIP","floor":2},{"not_picked":["SashWhip","Protect"],"picked":"REME_Repentance","floor":3},{"not_picked":["ConjureBlade","REME_Repentance"],"picked":"PathToVictory","floor":4},{"not_picked":["EmptyBody","CutThroughFate"],"picked":"Pray","floor":5},{"not_picked":["Crescendo","FollowUp"],"picked":"PathToVictory","floor":7},{"not_picked":["EmptyFist","CutThroughFate"],"picked":"SashWhip","floor":10},{"not_picked":["FlyingSleeves","Conclude"],"picked":"PathToVictory","floor":11}],"player_experience":107345,"relics_obtained":[{"floor":9,"key":"Whetstone"}],"event_choices":[],"is_beta":false,"boss_relics":[],"items_purged_floors":[],"is_endless":false,"potions_floor_spawned":[4,10],"killed_by":"3 Sentries","ascension_level":0}}