{"host":"J","time":1607547241,"event":{"gold_per_floor":[363,379,379,43,55,55,74,104,175,175,175],"floor_reached":10,"playtime":1324,"items_purged":[],"score":136,"play_id":"29b383f5-db46-4f50-adca-6ec522ae6ead","local_time":"20201209215401","is_ascension_mode":true,"campfire_choices":[{"data":"Cloak And Dagger","floor":6,"key":"SMITH"}],"neow_cost":"CURSE","seed_source_timestamp":14722548100900,"circlet_count":0,"master_deck":["AscendersBane","Strike_G","Strike_G","Strike_G","Strike_G","Strike_G","Defend_G","Defend_G","Defend_G","Defend_G","Defend_G","Survivor","Neutralize","Terror","Backflip","Cloak And Dagger+1","Cloak And Dagger","Deflect","Cloak And Dagger","Deadly Poison"],"special_seed":0,"relics":["Ring of the Snake","Prayer Wheel","Tingsha"],"potions_floor_usage":[],"damage_taken":[{"damage":5,"enemies":"Small Slimes","floor":1,"turns":5},{"damage":3,"enemies":"Cultist","floor":2,"turns":4},{"damage":0,"enemies":"2 Louse","floor":5,"turns":4},{"damage":3,"enemies":"Looter","floor":7,"turns":4},{"damage":25,"enemies":"3 Sentries","floor":8,"turns":17},{"damage":0,"enemies":"Gremlin Nob","floor":10,"turns":2}],"seed_played":"8373204004032299400","potions_obtained":[{"floor":5,"key":"SneckoOil"},{"floor":8,"key":"Fire Potion"}],"is_trial":false,"path_per_floor":["M","M","?","$","M","R","M","E","T","E"],"character_chosen":"THE_SILENT","items_purchased":["Prayer Wheel"],"campfire_rested":0,"item_purchase_floors":[4],"current_hp_per_floor":[54,51,51,51,51,51,48,23,23,23,23],"gold":175,"neow_bonus":"TWO_FIFTY_GOLD","is_prod":false,"is_daily":false,"chose_seed":false,"campfire_upgraded":1,"win_rate":0,"timestamp":1607547241,"path_taken":["M","M","?","$","M","R","M","E","T","E"],"build_version":"2020-12-07","purchased_purges":0,"victory":false,"max_hp_per_floor":[66,66,66,66,66,66,66,66,66,66,66],"relic_stats":{"counters":[6,36],"Prayer Wheel":2,"Tingsha":[0],"obtain_stats":[{"Prayer Wheel":4,"Tingsha":8,"Ring of the Snake":0},{"Prayer Wheel":2,"Tingsha":5,"Ring of the Snake":0},{"Prayer Wheel":9,"Tingsha":34,"Ring of the Snake":0}],"Ring of the Snake":[12]},"card_choices":[{"not_picked":["Quick Slash","Sucker Punch"],"picked":"Terror","floor":1},{"not_picked":["Outmaneuver","Underhanded Strike"],"picked":"Backflip","floor":2},{"not_picked":["Sucker Punch","Distraction"],"picked":"Cloak And Dagger","floor":5},{"not_picked":["Distraction","Flying Knee"],"picked":"Cloak And Dagger","floor":5},{"not_picked":["Distraction","Acrobatics"],"picked":"Deflect","floor":7},{"not_picked":["Dagger Spray","Riddle With Holes"],"picked":"Cloak And Dagger","floor":7},{"not_picked":["Dodge and Roll","Masterful Stab"],"picked":"Deadly Poison","floor":8}],"player_experience":214359,"relics_obtained":[{"floor":8,"key":"Tingsha"}],"event_choices":[{"cards_removed":["Decay"],"damage_healed":0,"gold_gain":0,"player_choice":"Removed Curses","damage_taken":0,"max_hp_gain":0,"max_hp_loss":0,"event_name":"Fountain of Cleansing","floor":3,"gold_loss":0}],"is_beta":true,"boss_relics":[],"items_purged_floors":[],"is_endless":false,"potions_floor_spawned":[5,8],"killed_by":"Gremlin Nob","ascension_level":20}}