{"host":"n23juj4d9qam5hh1","time":1607511151,"event":{"gold_per_floor":[109,121,134,134,145,145,162,180,258,258,268,286,286,286,286,382,382,370,390,138,0,0,0],"floor_reached":22,"playtime":881,"items_purged":[],"score":198,"play_id":"c017d7ba-c09d-42d8-a3a6-dff361adf288","local_time":"20201209055231","is_ascension_mode":true,"campfire_choices":[{"data":"Uppercut","floor":6.0,"key":"SMITH"},{"data":"Flex","floor":10.0,"key":"SMITH"},{"data":"Fire Breathing","floor":13.0,"key":"SMITH"},{"floor":15.0,"key":"REST"}],"neow_cost":"NONE","seed_source_timestamp":0,"circlet_count":0,"master_deck":["Strike_R+1","Strike_R","Strike_R","Strike_R","Strike_R","Defend_R","Defend_R","Defend_R","Defend_R","Bash+1","Shockwave","Shrug It Off+1","Uppercut+1","Heavy Blade+1","Flex+1","Fire Breathing+1","Feed","ReplayTheSpireMod:Strike From Hell","Seeing Red"],"special_seed":0,"relics":["Burning Blood","InkBottle","Ring of Chaos","Golden Egg"],"potions_floor_usage":[19],"damage_taken":[{"damage":0.0,"enemies":"Small Slimes","floor":1.0,"turns":3.0},{"damage":7.0,"enemies":"2 Louse","floor":2.0,"turns":4.0},{"damage":1.0,"enemies":"Cultist","floor":3.0,"turns":3.0},{"damage":13.0,"enemies":"Blue Slaver","floor":5.0,"turns":5.0},{"damage":15.0,"enemies":"Exordium Thugs","floor":7.0,"turns":5.0},{"damage":18.0,"enemies":"Large Slime","floor":8.0,"turns":6.0},{"damage":5.0,"enemies":"3 Louse","floor":11.0,"turns":4.0},{"damage":7.0,"enemies":"Looter","floor":12.0,"turns":3.0},{"damage":6.0,"enemies":"Fading Forest","floor":16.0,"turns":11.0},{"damage":25.0,"enemies":"2 Thieves","floor":18.0,"turns":4.0},{"damage":22,"enemies":"3 Byrds","floor":19,"turns":6},{"damage":51,"enemies":"Sentry and Sphere","floor":22,"turns":7}],"seed_played":"4036537302171674494","potions_obtained":[{"floor":5.0,"key":"Dexterity Potion"},{"floor":8.0,"key":"Weak Potion"},{"floor":11.0,"key":"SkillPotion"},{"floor":18.0,"key":"SteroidPotion"}],"is_trial":false,"path_per_floor":["M","M","M","?","M","R","M","M","T","R","M","M","R","?","R","B",null,"M","M","$","?","M"],"character_chosen":"IRONCLAD","items_purchased":["Golden Egg"],"campfire_rested":1,"item_purchase_floors":[20],"current_hp_per_floor":[80,79,80,80,73,73,64,52,52,52,53,52,52,36,60,70,80,64,51,51,51,0,0],"gold":0,"neow_bonus":"UPGRADE_CARD","is_prod":false,"is_daily":false,"chose_seed":false,"campfire_upgraded":3,"win_rate":0,"timestamp":1607511151,"path_taken":["M","M","M","?","M","R","M","M","T","R","M","M","R","?","R","BOSS","M","M","$","?","M"],"build_version":"2020-11-30","purchased_purges":0,"victory":false,"max_hp_per_floor":[80,80,80,80,80,80,80,80,80,80,80,80,80,80,80,80,80,83,86,86,86,86,86],"relic_stats":{"counters":[12,61],"obtain_stats":[{"Golden Egg":20,"Ring of Chaos":17,"Burning Blood":0,"InkBottle":9},{"Golden Egg":11,"Ring of Chaos":9,"Burning Blood":0,"InkBottle":6},{"Golden Egg":54,"Ring of Chaos":44,"Burning Blood":0,"InkBottle":26}],"Burning Blood":56,"InkBottle":[9]},"card_choices":[{"not_picked":["Perfected Strike","True Grit"],"picked":"Shockwave","floor":1.0},{"not_picked":["Body Slam","Clothesline"],"picked":"Metallicize","floor":2.0},{"not_picked":["Clash","Iron Wave","Twin Strike"],"picked":"SKIP","floor":3.0},{"not_picked":["Clash","Entrench"],"picked":"Uppercut","floor":5.0},{"not_picked":["Wild Strike","Shrug It Off"],"picked":"Heavy Blade","floor":7.0},{"not_picked":["Sever Soul","Sword Boomerang"],"picked":"Flex","floor":8.0},{"not_picked":["Evolve","Heavy Blade","Anger"],"picked":"SKIP","floor":11.0},{"not_picked":["Heavy Blade","Double Tap"],"picked":"Fire Breathing","floor":12.0},{"not_picked":["Eclipse","Replay:Many Hands"],"picked":"Feed","floor":16.0},{"not_picked":["Clash","Second Wind+1"],"picked":"ReplayTheSpireMod:Strike From Hell","floor":18.0},{"not_picked":["Perfected Strike","Pommel Strike"],"picked":"Seeing Red","floor":19}],"player_experience":160127,"relics_obtained":[{"floor":9.0,"key":"InkBottle"}],"event_choices":[{"damage_healed":0.0,"max_hp_gain":0.0,"max_hp_loss":0.0,"gold_gain":0.0,"event_name":"Shining Light","player_choice":"Entered Light","floor":14.0,"gold_loss":0.0,"damage_taken":16.0,"cards_upgraded":["Heavy Blade","Strike_R"]},{"damage_healed":0,"gold_gain":0,"player_choice":"Paid Fearfully","damage_taken":0,"max_hp_gain":0,"max_hp_loss":0,"event_name":"Masked Bandits","floor":21,"gold_loss":138}],"is_beta":false,"boss_relics":[{"not_picked":["Replay:Drink Me","Replay:Wanted Poster"],"picked":"Ring of Chaos"}],"items_purged_floors":[],"is_endless":false,"potions_floor_spawned":[5,8,11,18],"killed_by":"Sentry and Sphere","ascension_level":2}}