{"host":"2hea6pl5vmah38iy","time":1607519118,"event":{"gold_per_floor":[113,132,132,8,20,55,69,69,69,81,93,93,111,145,145,243,243,254,34,46,321,337,337,364,380,380,414,414,414,447,113,113,213,213,226,69,69,69,87,87,122,122,147,147,166,166,166,184,184,184,184,184,35,66,66,66],"floor_reached":55,"playtime":3220,"items_purged":["Strike_R","Regret"],"score":1322,"play_id":"422560ba-6fc0-4ba4-b7fc-74f0cee0ebfd","local_time":"20201209220518","is_ascension_mode":true,"campfire_choices":[{"data":"Feed","floor":8.0,"key":"SMITH"},{"data":"Heavy Blade","floor":15.0,"key":"SMITH"},{"data":"Rupture","floor":23.0,"key":"SMITH"},{"floor":29.0,"key":"REST"},{"data":"Spot Weakness","floor":32.0,"key":"SMITH"},{"data":"Whirlwind","floor":40,"key":"SMITH"},{"floor":42,"key":"RECALL"},{"floor":46,"key":"REST"},{"floor":49,"key":"REST"},{"floor":52,"key":"REST"}],"neow_cost":"TEN_PERCENT_HP_LOSS","seed_source_timestamp":0,"circlet_count":0,"master_deck":["AscendersBane","Strike_R+1","Strike_R+1","Strike_R+1","Defend_R+1","Defend_R+1","Defend_R+1","Bash+1","Armaments+1","Shockwave+1","Heavy Blade+1","Twin Strike+1","Feed+1","Flex+1","Shrug It Off+1","Dual Wield+1","Spot Weakness+1","Headbutt+1","Brutality+1","Whirlwind+1","Rupture+1","True Grit+1","Warcry+1","Ghostly+1","Ghostly+1","Ghostly+1","Ghostly+1","Ghostly+1","Warcry+1","Offering+1","Impervious+1","Flex+1","Rupture+1","Dark Shackles+1","Burning Pact"],"special_seed":0,"relics":["Burning Blood","Torii","Bag of Preparation","Lantern","Question Card","Runic Cube","Brimstone","Orichalcum","Kunai","Red Mask","Self Forming Clay","Happy Flower","Busted Crown","Strange Spoon","Oddly Smooth Stone","Mark of the Bloom","Turnip"],"potions_floor_usage":[50],"damage_taken":[{"damage":0.0,"enemies":"Small Slimes","floor":1.0,"turns":5.0},{"damage":8.0,"enemies":"Jaw Worm","floor":2.0,"turns":4.0},{"damage":1.0,"enemies":"Cultist","floor":5.0,"turns":3.0},{"damage":30.0,"enemies":"Gremlin Nob","floor":6.0,"turns":5.0},{"damage":7.0,"enemies":"Red Slaver","floor":7.0,"turns":3.0},{"damage":0.0,"enemies":"Large Slime","floor":10.0,"turns":5.0},{"damage":7.0,"enemies":"Looter","floor":11.0,"turns":3.0},{"damage":0.0,"enemies":"Blue Slaver","floor":13.0,"turns":3.0},{"damage":31.0,"enemies":"3 Sentries","floor":14.0,"turns":6.0},{"damage":13.0,"enemies":"Slime Boss","floor":16.0,"turns":6.0},{"damage":4.0,"enemies":"3 Byrds","floor":18.0,"turns":5.0},{"damage":1.0,"enemies":"Spheric Guardian","floor":20.0,"turns":2.0},{"damage":7.0,"enemies":"Snecko","floor":22.0,"turns":4.0},{"damage":84.0,"enemies":"Slavers","floor":24.0,"turns":6.0},{"damage":11.0,"enemies":"Cultist and Chosen","floor":25.0,"turns":4.0},{"damage":24.0,"enemies":"Masked Bandits","floor":27.0,"turns":5.0},{"damage":17.0,"enemies":"Gremlin Leader","floor":30.0,"turns":7.0},{"damage":3.0,"enemies":"Automaton","floor":33.0,"turns":7.0},{"damage":0.0,"enemies":"Orb Walker","floor":35.0,"turns":3.0},{"damage":2,"enemies":"3 Darklings","floor":39,"turns":3},{"damage":38,"enemies":"Reptomancer","floor":41,"turns":9},{"damage":18,"enemies":"Jaw Worm Horde","floor":45,"turns":5},{"damage":1,"enemies":"Spire Growth","floor":48,"turns":3},{"damage":27,"enemies":"Time Eater","floor":50,"turns":11},{"damage":7,"enemies":"Shield and Spear","floor":54,"turns":7},{"damage":8,"enemies":"The Heart","floor":55,"turns":5}],"seed_played":"-2502868263950651258","potions_obtained":[{"floor":5.0,"key":"EssenceOfSteel"},{"floor":6.0,"key":"SpeedPotion"},{"floor":7.0,"key":"SmokeBomb"},{"floor":25.0,"key":"Strength Potion"},{"floor":27.0,"key":"HeartOfIron"},{"floor":39,"key":"Fire Potion"}],"is_trial":false,"path_per_floor":["M","M","?","$","M","E","M","R","T","M","M","?","M","E","R","B",null,"M","$","M","?","M","R","E","M","T","?","?","R","E","$","R","B",null,"M","$","?","?","M","R","E","R","T","?","M","R","?","M","R","B",null,"R","$","E","B"],"character_chosen":"IRONCLAD","items_purchased":["Heavy Blade","Rupture","Brimstone","Offering","Happy Flower","Strange Spoon","Burning Pact","EssenceOfSteel"],"campfire_rested":4,"item_purchase_floors":[4,19,19,31,31,36,53,53],"current_hp_per_floor":[72,70,56,56,61,37,39,39,39,49,52,52,62,41,41,38,81,87,87,96,96,99,99,25,24,24,10,10,27,20,20,20,27,57,67,67,67,67,67,67,39,39,39,29,21,43,43,42,42,15,15,15,15,8,0,0],"gold":66,"neow_bonus":"ONE_RARE_RELIC","is_prod":false,"is_daily":false,"chose_seed":false,"campfire_upgraded":5,"win_rate":0,"timestamp":1607519118,"path_taken":["M","M","?","$","M","E","M","R","T","M","M","?","M","E","R","BOSS","M","$","M","?","M","R","E","?","T","?","?","R","E","?","R","BOSS","M","$","?","?","M","R","E","R","T","?","M","R","?","M","R","BOSS","R","$","E","BOSS"],"build_version":"2020-11-30","purchased_purges":2,"victory":false,"max_hp_per_floor":[72,72,72,72,72,72,75,75,75,79,83,83,87,91,91,95,95,99,99,103,103,107,107,111,115,115,119,59,59,63,63,63,67,67,71,71,67,67,67,67,71,71,71,71,75,75,75,79,79,79,79,79,79,83,83,83],"card_choices":[{"not_picked":["Power Through","Rupture"],"picked":"Armaments","floor":1.0},{"not_picked":["Warcry","Sword Boomerang"],"picked":"Shockwave","floor":2.0},{"not_picked":["Havoc","Body Slam"],"picked":"Twin Strike","floor":5.0},{"not_picked":["Intimidate","Disarm"],"picked":"Feed","floor":6.0},{"not_picked":["Armaments","Clash"],"picked":"Flex","floor":7.0},{"not_picked":["Iron Wave","Pummel"],"picked":"Shrug It Off","floor":10.0},{"not_picked":["Fire Breathing","Anger","Thunderclap"],"picked":"SKIP","floor":11.0},{"not_picked":["Rampage","Iron Wave"],"picked":"Spot Weakness","floor":13.0},{"not_picked":["Iron Wave","Dual Wield"],"picked":"Headbutt","floor":14.0},{"not_picked":["Berserk","Feed","Barricade"],"picked":"Brutality","floor":16.0},{"not_picked":["Heavy Blade","Entrench","Disarm+1"],"picked":"Whirlwind","floor":18.0},{"not_picked":["Perfected Strike","Uppercut","Twin Strike"],"picked":"True Grit","floor":20.0},{"not_picked":["Ghostly Armor","Rage","Sword Boomerang","Shrug It Off"],"picked":"SKIP","floor":22.0},{"not_picked":["Disarm","Shrug It Off","Power Through"],"picked":"Warcry","floor":24.0},{"not_picked":["Cleave","Metallicize","Wild Strike","Twin Strike"],"picked":"SKIP","floor":25.0},{"not_picked":["Pommel Strike","True Grit","Inflame"],"picked":"Warcry","floor":30.0},{"not_picked":["Immolate","Feed","Juggernaut"],"picked":"Impervious","floor":33.0},{"not_picked":["Spot Weakness+1"],"picked":"Flex+1","floor":35.0},{"not_picked":["Cleave"],"picked":"Rupture+1","floor":39},{"not_picked":["Shrug It Off","Searing Blow+1"],"picked":"SKIP","floor":41},{"not_picked":["Blind"],"picked":"Dark Shackles","floor":44},{"not_picked":["Clash","Perfected Strike+1"],"picked":"SKIP","floor":45},{"not_picked":["Clash","Anger"],"picked":"SKIP","floor":48},{"not_picked":["Infernal Blade+1","Sword Boomerang+1"],"picked":"SKIP","floor":54}],"player_experience":378523,"relics_obtained":[{"floor":6.0,"key":"Bag of Preparation"},{"floor":9.0,"key":"Lantern"},{"floor":14.0,"key":"Question Card"},{"floor":24.0,"key":"Orichalcum"},{"floor":26.0,"key":"Kunai"},{"floor":27.0,"key":"Red Mask"},{"floor":30.0,"key":"Self Forming Clay"},{"floor":41,"key":"Oddly Smooth Stone"},{"floor":54,"key":"Turnip"}],"event_choices":[{"damage_healed":0.0,"max_hp_gain":0.0,"max_hp_loss":0.0,"gold_gain":0.0,"event_name":"Shining Light","player_choice":"Entered Light","floor":3.0,"gold_loss":0.0,"damage_taken":14.0,"cards_upgraded":["Bash","Defend_R"]},{"damage_healed":0.0,"max_hp_gain":0.0,"max_hp_loss":0.0,"gold_gain":0.0,"cards_transformed":["Defend_R"],"event_name":"Transmorgrifier","player_choice":"Transformed","floor":12.0,"gold_loss":0.0,"damage_taken":0.0,"cards_obtained":["Dual Wield"]},{"damage_healed":0.0,"max_hp_gain":0.0,"max_hp_loss":0.0,"gold_gain":275.0,"event_name":"Golden Shrine","player_choice":"Desecrate","floor":21.0,"gold_loss":0.0,"damage_taken":0.0,"cards_obtained":["Regret"]},{"damage_healed":0.0,"max_hp_gain":0.0,"max_hp_loss":0.0,"gold_gain":0.0,"event_name":"Masked Bandits","player_choice":"Fought Bandits","floor":27.0,"gold_loss":0.0,"damage_taken":0.0},{"damage_healed":0.0,"max_hp_gain":0.0,"max_hp_loss":60.0,"gold_gain":0.0,"event_name":"Ghosts","player_choice":"Became a Ghost","floor":28.0,"gold_loss":0.0,"damage_taken":0.0,"cards_obtained":["Ghostly","Ghostly","Ghostly","Ghostly","Ghostly"]},{"damage_healed":0,"gold_gain":0,"player_choice":"Max HP","damage_taken":0,"max_hp_gain":0,"max_hp_loss":4,"event_name":"Winding Halls","floor":37,"gold_loss":0},{"cards_removed":["Strike_R"],"damage_healed":0,"gold_gain":0,"player_choice":"Removed Attack","damage_taken":0,"max_hp_gain":0,"max_hp_loss":0,"event_name":"Falling","floor":38,"gold_loss":0},{"damage_healed":0,"gold_gain":0,"player_choice":"Memory 3","damage_taken":10,"max_hp_gain":0,"max_hp_loss":0,"event_name":"SensoryStone","floor":44,"gold_loss":0},{"damage_healed":0,"gold_gain":0,"player_choice":"Upgrade","damage_taken":0,"relics_obtained":["Mark of the Bloom"],"max_hp_gain":0,"max_hp_loss":0,"event_name":"MindBloom","floor":47,"gold_loss":0,"cards_upgraded":["Strike_R","Strike_R","Strike_R","Defend_R","Defend_R","Armaments","Shockwave","Twin Strike","Flex","Shrug It Off","Dual Wield","Headbutt","Brutality","True Grit","Warcry","Ghostly","Ghostly","Ghostly","Ghostly","Ghostly","Warcry","Offering","Impervious","Dark Shackles"]}],"is_beta":false,"boss_relics":[{"not_picked":["Black Star","Tiny House"],"picked":"Runic Cube"},{"not_picked":["Velvet Choker","Runic Pyramid"],"picked":"Busted Crown"}],"items_purged_floors":[4,31],"is_endless":false,"potions_floor_spawned":[5,6,7,11,16,18,22,25,27,39,45,48],"killed_by":"The Heart","ascension_level":12}}