{"host":"tfymjgi4z0wqd6py","time":1607496300,"event":{"gold_per_floor":[112,45,63,83,158,158,433,447,474,501,539,567,579,591,603,734,746,746,746,746,675,675,675,675,675,675,675,675,675,675,675,675,675,675],"floor_reached":33,"playtime":1758,"items_purged":[],"score":387,"play_id":"c5bbc63a-8ceb-4816-8a5a-366ee0bebacf","local_time":"20201209004500","is_ascension_mode":false,"campfire_choices":[{"data":"TheCursedMod:CursedWand","floor":6.0,"key":"SMITH"},{"floor":15.0,"key":"REST"},{"data":"TheCursedMod:LuckyCharm","floor":24.0,"key":"SMITH"},{"floor":28.0,"key":"REST"},{"floor":32,"key":"REST"}],"neow_cost":"CURSE","seed_source_timestamp":28185680633400,"circlet_count":0,"master_deck":["TheCursedMod:Strike_TheCursed","TheCursedMod:Strike_TheCursed","TheCursedMod:Strike_TheCursed","TheCursedMod:Defend_TheCursed","TheCursedMod:Defend_TheCursed","TheCursedMod:Defend_TheCursed","TheCursedMod:Defend_TheCursed","TheCursedMod:CursedWand+1","TheCursedMod:CleanUpWorkshop","TheCursedMod:Dregs","Parasite","TheCursedMod:Stigma","TheCursedMod:SpitefulStrike","TheCursedMod:RapidMovement","TheCursedMod:Neurasthenia","TheCursedMod:BlessingInDisguise","Injury","TheCursedMod:SurpriseAttack","TheCursedMod:CursedBlade","Writhe","TheCursedMod:LuckyCharm+1","TheCursedMod:AshesToAshes","TheCursedMod:SpitefulPray","TheCursedMod:DarkBarrier","Parasite","TheCursedMod:TroublousMinions","TheCursedMod:SpitefulPray","TheCursedMod:TacticalStrike","TheCursedMod:CursedAmulet"],"special_seed":0,"relics":["TheCursedMod:BlackMagic101","StoneCalendar","Tiny Chest","MawBank","Dream Catcher","Kunai","Golden Idol","Ectoplasm","Turnip","Bag of Preparation","Nunchaku","Strawberry"],"potions_floor_usage":[33],"damage_taken":[{"damage":1.0,"enemies":"Jaw Worm","floor":1.0,"turns":6.0},{"damage":0.0,"enemies":"Cultist","floor":3.0,"turns":4.0},{"damage":0.0,"enemies":"Small Slimes","floor":4.0,"turns":3.0},{"damage":6.0,"enemies":"Looter","floor":8.0,"turns":3.0},{"damage":24.0,"enemies":"Exordium Thugs","floor":10.0,"turns":5.0},{"damage":28.0,"enemies":"Gremlin Nob","floor":11.0,"turns":5.0},{"damage":0.0,"enemies":"3 Louse","floor":12.0,"turns":4.0},{"damage":20.0,"enemies":"The Guardian","floor":16.0,"turns":13.0},{"damage":7.0,"enemies":"Chosen","floor":18.0,"turns":7.0},{"damage":0.0,"enemies":"3 Byrds","floor":20.0,"turns":3.0},{"damage":25.0,"enemies":"Shelled Parasite and Fungi","floor":22.0,"turns":7.0},{"damage":7.0,"enemies":"Book of Stabbing","floor":23.0,"turns":7.0},{"damage":17.0,"enemies":"Centurion and Healer","floor":25.0,"turns":7.0},{"damage":14.0,"enemies":"Gremlin Leader","floor":30.0,"turns":9.0},{"damage":14,"enemies":"Cultist and Chosen","floor":31,"turns":8},{"damage":45,"enemies":"Collector","floor":33,"turns":10}],"seed_played":"-937160015558411084","potions_obtained":[{"floor":10.0,"key":"PowerPotion"},{"floor":12.0,"key":"Strength Potion"},{"floor":16.0,"key":"LiquidBronze"},{"floor":20.0,"key":"Weak Potion"},{"floor":22.0,"key":"SpeedPotion"},{"floor":25.0,"key":"CultistPotion"}],"is_trial":false,"path_per_floor":["M","?","M","M","?","R","?","M","T","M","E","M","T","?","R","B",null,"M","?","M","$","M","E","R","M","T","?","R","T","E","M","R","B"],"character_chosen":"THE_CURSED","items_purchased":["TheCursedMod:LuckyCharm"],"campfire_rested":3,"item_purchase_floors":[21],"current_hp_per_floor":[74,74,74,74,63,63,63,57,57,33,5,5,5,5,27,7,75,68,68,68,68,43,36,36,19,19,19,41,41,34,20,44,0,0],"gold":675,"neow_bonus":"ONE_RARE_RELIC","is_prod":false,"is_daily":false,"chose_seed":false,"campfire_upgraded":2,"win_rate":0.0,"timestamp":1607496300,"path_taken":["M","?","M","?","?","R","?","M","T","M","E","M","?","?","R","BOSS","M","?","M","$","M","E","R","M","T","?","R","?","E","M","R","BOSS"],"build_version":"2020-11-30","purchased_purges":0,"victory":false,"max_hp_per_floor":[75,75,75,75,75,75,75,75,75,75,75,75,75,75,75,75,75,75,75,75,75,75,75,75,75,75,75,75,75,82,82,82,82,82],"card_choices":[{"not_picked":["TheCursedMod:Obscuration","TheCursedMod:FleshFromBone","TheCursedMod:TroublousMinions"],"picked":"SKIP","floor":1.0},{"not_picked":["TheCursedMod:Torture","TheCursedMod:VitalStrike"],"picked":"TheCursedMod:Stigma","floor":3.0},{"not_picked":["TheCursedMod:SpreadPlague","TheCursedMod:RavingStaff"],"picked":"TheCursedMod:SpitefulStrike","floor":4.0},{"not_picked":["TheCursedMod:Stigma","TheCursedMod:FuryStrike"],"picked":"TheCursedMod:RapidMovement","floor":8.0},{"not_picked":["TheCursedMod:CursedMace","TheCursedMod:CursedAmulet","TheCursedMod:Torture"],"picked":"SKIP","floor":10.0},{"not_picked":["TheCursedMod:ReleasedStrength","TheCursedMod:PrepareRite"],"picked":"TheCursedMod:Neurasthenia","floor":11.0},{"not_picked":["TheCursedMod:RapidMovement","TheCursedMod:CursedArmor"],"picked":"TheCursedMod:BlessingInDisguise","floor":12.0},{"not_picked":["TheCursedMod:CursedAmulet","TheCursedMod:BlessingInDisguise"],"picked":"TheCursedMod:SurpriseAttack","floor":15.0},{"not_picked":["TheCursedMod:CursedMace","TheCursedMod:CursedArmor"],"picked":"TheCursedMod:CursedBlade","floor":18.0},{"not_picked":["TheCursedMod:CursedMace","TheCursedMod:StingEye","TheCursedMod:Stretching+1"],"picked":"SKIP","floor":20.0},{"not_picked":["TheCursedMod:SurpriseAttack","TheCursedMod:SoulCrush"],"picked":"TheCursedMod:AshesToAshes","floor":22.0},{"not_picked":["TheCursedMod:DoubleShield+1","TheCursedMod:BlessingInDisguise"],"picked":"TheCursedMod:SpitefulPray","floor":23.0},{"not_picked":["TheCursedMod:VitalStrike","TheCursedMod:CursedMace"],"picked":"TheCursedMod:DarkBarrier","floor":25.0},{"not_picked":["TheCursedMod:Torture","TheCursedMod:EmpowerCircles"],"picked":"TheCursedMod:SpitefulPray","floor":28.0},{"not_picked":["TheCursedMod:CircleOfFlame","TheCursedMod:SaltUponWound","TheCursedMod:StingEye"],"picked":"SKIP","floor":30.0},{"not_picked":["TheCursedMod:CursedAmulet","TheCursedMod:SurpriseAttack"],"picked":"TheCursedMod:TacticalStrike","floor":31},{"not_picked":["TheCursedMod:SurpriseAttack+1","TheCursedMod:Stretching"],"picked":"TheCursedMod:CursedAmulet","floor":32}],"player_experience":150946,"relics_obtained":[{"floor":9.0,"key":"MawBank"},{"floor":11.0,"key":"Dream Catcher"},{"floor":13.0,"key":"Kunai"},{"floor":23.0,"key":"Bag of Preparation"},{"floor":26.0,"key":"Nunchaku"},{"floor":30.0,"key":"Strawberry"}],"event_choices":[{"damage_healed":0.0,"max_hp_gain":0.0,"max_hp_loss":0.0,"gold_gain":0.0,"event_name":"WeMeetAgain","player_choice":"Paid Gold","floor":2.0,"gold_loss":67.0,"damage_taken":0.0,"relics_obtained":["Tiny Chest"]},{"damage_healed":0.0,"max_hp_gain":0.0,"max_hp_loss":0.0,"gold_gain":75.0,"event_name":"World of Goop","player_choice":"Gather Gold","floor":5.0,"gold_loss":0.0,"damage_taken":11.0},{"damage_healed":0.0,"max_hp_gain":0.0,"max_hp_loss":0.0,"gold_gain":275.0,"event_name":"Golden Shrine","player_choice":"Desecrate","floor":7.0,"gold_loss":0.0,"damage_taken":0.0,"cards_obtained":["Regret"]},{"damage_healed":0.0,"max_hp_gain":0.0,"max_hp_loss":0.0,"gold_gain":0.0,"event_name":"Golden Idol","player_choice":"Take Wound","floor":14.0,"gold_loss":0.0,"damage_taken":0.0,"relics_obtained":["Golden Idol"],"cards_obtained":["Injury"]},{"damage_healed":0.0,"max_hp_gain":0.0,"max_hp_loss":0.0,"gold_gain":0.0,"event_name":"The Mausoleum","player_choice":"Opened","floor":19.0,"gold_loss":0.0,"damage_taken":0.0,"relics_obtained":["Turnip"],"cards_obtained":["Writhe"]},{"damage_healed":0.0,"max_hp_gain":0.0,"max_hp_loss":0.0,"gold_gain":0.0,"cards_transformed":["Regret","TheCursedMod:Strike_TheCursed"],"event_name":"Drug Dealer","player_choice":"Became Test Subject","floor":27.0,"gold_loss":0.0,"damage_taken":0.0,"cards_obtained":["Parasite","TheCursedMod:TroublousMinions"]}],"is_beta":false,"boss_relics":[{"not_picked":["SlaversCollar","Coffee Dripper"],"picked":"Ectoplasm"}],"items_purged_floors":[],"is_endless":false,"potions_floor_spawned":[10,12,16,20,22,25],"killed_by":"Collector","ascension_level":0}}