{"host":"u2dm6glrpyjr66v9","time":1607506911,"event":{"gold_per_floor":[114,125,125,125,8,8,8,25,25,25,54,74,88,88,88,186,186,204,219,238,261,261,261,294,294,294],"floor_reached":25,"playtime":597,"items_purged":[],"score":221,"play_id":"0cfc7791-600c-42a6-9d6e-6f393fe7593b","local_time":"20201209184151","is_ascension_mode":false,"campfire_choices":[{"data":"Static Discharge","floor":6,"key":"SMITH"},{"data":"Machine Learning","floor":10,"key":"SMITH"},{"floor":15,"key":"REST"},{"floor":23,"key":"REST"}],"neow_cost":"PERCENT_DAMAGE","seed_source_timestamp":1187336212743000,"circlet_count":0,"master_deck":["Strike_B","Strike_B","Strike_B","Defend_B","Defend_B","Zap","Dualcast","Machine Learning+1","Ball Lightning","Streamline","Static Discharge+1","BootSequence","Rip and Tear","Capacitor","Static Discharge","Ball Lightning","Turbo","Creative AI","Steam","Beam Cell+1","Ball Lightning","Lockon","Lockon"],"relics":["Cracked Core","Ancient Tea Set","Mercury Hourglass","Tiny Chest","SlaversCollar","Dream Catcher"],"potions_floor_usage":[24],"damage_taken":[{"damage":1,"enemies":"Cultist","floor":1,"turns":3},{"damage":8,"enemies":"Jaw Worm","floor":2,"turns":3},{"damage":0,"enemies":"Small Slimes","floor":8,"turns":2},{"damage":20,"enemies":"Gremlin Nob","floor":11,"turns":4},{"damage":7,"enemies":"Exordium Wildlife","floor":12,"turns":3},{"damage":0,"enemies":"Large Slime","floor":13,"turns":3},{"damage":28,"enemies":"The Guardian","floor":16,"turns":7},{"damage":37,"enemies":"3 Byrds","floor":18,"turns":4},{"damage":10,"enemies":"Chosen","floor":19,"turns":4},{"damage":12,"enemies":"Snake Plant","floor":20,"turns":2},{"damage":31,"enemies":"Book of Stabbing","floor":24,"turns":4},{"damage":10,"enemies":"Centurion and Healer","floor":25,"turns":2}],"seed_played":"-4706130219317090800","potions_obtained":[{"floor":8,"key":"Dexterity Potion"},{"floor":13,"key":"SteroidPotion"},{"floor":16,"key":"FearPotion"},{"floor":19,"key":"Regen Potion"},{"floor":24,"key":"DuplicationPotion"}],"is_trial":false,"path_per_floor":["M","M","?","?","$","R","?","M","T","R","E","M","M","$","R","B",null,"M","M","M","T","?","R","E","M"],"character_chosen":"DEFECT","items_purchased":["Static Discharge","BootSequence"],"campfire_rested":2,"item_purchase_floors":[5,5],"current_hp_per_floor":[53,45,45,45,45,45,45,45,45,45,25,18,18,18,40,12,75,38,28,16,16,16,38,16,6,6],"gold":294,"neow_bonus":"THREE_RARE_CARDS","is_prod":false,"is_daily":false,"chose_seed":false,"campfire_upgraded":2,"win_rate":0.0,"timestamp":1607506911,"path_taken":["M","?","?","?","?","R","?","M","T","R","E","?","M","?","R","BOSS","M","?","M","?","?","R","E","M"],"build_version":"2020-11-30","purchased_purges":0,"victory":false,"max_hp_per_floor":[75,75,75,75,75,75,75,75,75,75,75,75,75,75,75,75,75,75,75,75,75,75,75,75,75,75],"card_choices":[{"not_picked":["Thunder Strike","Meteor Strike"],"picked":"Machine Learning","floor":0},{"not_picked":["Cold Snap","Gash"],"picked":"Ball Lightning","floor":1},{"not_picked":["Gash","Biased Cognition"],"picked":"Streamline","floor":2},{"not_picked":["Force Field","Streamline"],"picked":"Capacitor","floor":8},{"not_picked":["Melter","Rip and Tear"],"picked":"Static Discharge","floor":11},{"not_picked":["Gash","Compile Driver"],"picked":"Ball Lightning","floor":12},{"not_picked":["Go for the Eyes","Aggregate"],"picked":"Turbo","floor":13},{"not_picked":["Meteor Strike","Rainbow"],"picked":"Creative AI","floor":16},{"not_picked":["Undo","Chaos"],"picked":"Steam","floor":18},{"not_picked":["Barrage","Blizzard+1"],"picked":"Beam Cell+1","floor":19},{"not_picked":["Chill","Rebound","Coolheaded+1"],"picked":"SKIP","floor":20},{"not_picked":["Chaos","Hello World"],"picked":"Lockon","floor":24}],"player_experience":38486,"relics_obtained":[{"floor":9,"key":"Mercury Hourglass"},{"floor":11,"key":"Tiny Chest"},{"floor":24,"key":"Dream Catcher"}],"event_choices":[{"damage_healed":0,"gold_gain":0,"player_choice":"Box","damage_taken":0,"relics_obtained":["Ancient Tea Set"],"max_hp_gain":0,"max_hp_loss":0,"event_name":"Big Fish","floor":3,"gold_loss":0,"cards_obtained":["Regret"]},{"cards_removed":["Regret"],"damage_healed":0,"gold_gain":0,"player_choice":"Forget","damage_taken":0,"max_hp_gain":0,"max_hp_loss":0,"event_name":"Living Wall","floor":4,"gold_loss":0},{"damage_healed":0,"gold_gain":0,"cards_transformed":["Defend_B"],"player_choice":"Transformed","damage_taken":0,"max_hp_gain":0,"max_hp_loss":0,"event_name":"Transmorgrifier","floor":7,"gold_loss":0,"cards_obtained":["Rip and Tear"]},{"damage_healed":0,"gold_gain":0,"cards_transformed":["Strike_B","Defend_B"],"player_choice":"Became Test Subject","damage_taken":0,"max_hp_gain":0,"max_hp_loss":0,"event_name":"Drug Dealer","floor":22,"gold_loss":0,"cards_obtained":["Ball Lightning","Lockon"]}],"is_beta":false,"boss_relics":[{"not_picked":["Sozu","FrozenCore"],"picked":"SlaversCollar"}],"items_purged_floors":[],"is_endless":false,"potions_floor_spawned":[8,13,16,19,24],"killed_by":"Centurion and Healer","ascension_level":0}}