{"host":"lreod2rejfd0az5i","time":1607547760,"event":{"gold_per_floor":[114,114,114,114,114,143,158,158,158,168,196,196,207,207,207,285,285,305,305,315,332,257,291,291,291,336,346,359,359,359,377,377,477,477,523,523,577,577,601,665,665,665,665,721,795,877,975,1068,1080,1092],"floor_reached":51,"playtime":1622,"items_purged":[],"score":2176,"play_id":"f1f9ee65-f254-425f-900f-a6a9752e9c27","local_time":"20201209140240","is_ascension_mode":true,"campfire_choices":[{"data":"hubris:InfiniteBlow+10","floor":8.0,"key":"SMITH"},{"floor":12.0,"key":"REST"},{"data":"hubris:InfiniteBlow+11","floor":15.0,"key":"SMITH"},{"floor":24.0,"key":"REST"},{"floor":29.0,"key":"REST"},{"data":"Bouncing Flask","floor":32.0,"key":"SMITH"},{"data":"Adrenaline","floor":41.0,"key":"SMITH"},{"data":"Acrobatics","floor":49,"key":"SMITH"},{"data":"Blade Dance","floor":49,"key":"SMITH"}],"neow_cost":"NONE","seed_source_timestamp":0,"circlet_count":0,"master_deck":["AscendersBane","Strike_G","Strike_G","Strike_G","Defend_G","Defend_G","Defend_G","Survivor","Neutralize","Bouncing Flask+1","hubris:InfiniteBlow+96","Replay:Bag of Tricks","Prepared","Blade Dance+1","Backflip","Leg Sweep","Die Die Die+1","Acrobatics+1","Predator","Adrenaline+1","Decay"],"special_seed":0,"relics":["conspire:SpecialSausage","Pet Ghost","Replay:PocketPolymizer","HollowMod:LifeEnderRelic","aspiration:VileToxins","Snecko Eye","infinitespire:BottledMercury","Regal Pillow","infinitespire:EvilPickle","Black Star","Vajra","Replay:Wax Seal","hubris:BundleOfHerbs","Mango","Happy Flower","MawBank","Replay:Arrowhead","Art of War"],"potions_floor_usage":[],"damage_taken":[{"damage":1.0,"enemies":"Small Slimes","floor":1.0,"turns":3.0},{"damage":0.0,"enemies":"Gremlin Nob","floor":6.0,"turns":1.0},{"damage":0.0,"enemies":"2 Louse","floor":7.0,"turns":2.0},{"damage":0.0,"enemies":"Cultist","floor":10.0,"turns":2.0},{"damage":7.0,"enemies":"3 Sentries","floor":11.0,"turns":6.0},{"damage":1.0,"enemies":"2 Fungi Beasts","floor":13.0,"turns":3.0},{"damage":0.0,"enemies":"Slime Boss","floor":16.0,"turns":3.0},{"damage":5.0,"enemies":"Shell Parasite","floor":18.0,"turns":3.0},{"damage":0.0,"enemies":"Snecko","floor":20.0,"turns":3.0},{"damage":8.0,"enemies":"conspire:HollyBat","floor":21.0,"turns":7.0},{"damage":22.0,"enemies":"Book of Stabbing","floor":23.0,"turns":3.0},{"damage":7.0,"enemies":"Snake Plant","floor":27.0,"turns":3.0},{"damage":10.0,"enemies":"3 Cultists","floor":28.0,"turns":4.0},{"damage":0.0,"enemies":"Centurion and Healer","floor":31.0,"turns":2.0},{"damage":0.0,"enemies":"Pondfish","floor":33.0,"turns":2.0},{"damage":0.0,"enemies":"Orb Walker","floor":35.0,"turns":1.0},{"damage":2.0,"enemies":"3 Darklings","floor":37.0,"turns":4.0},{"damage":0.0,"enemies":"Nemesis","floor":40.0,"turns":3.0},{"damage":0,"enemies":"Spire Growth","floor":44,"turns":2},{"damage":0,"enemies":"Giant Head","floor":45,"turns":4},{"damage":0,"enemies":"Maw","floor":46,"turns":1},{"damage":0,"enemies":"HollowMod:StalkingDevout","floor":47,"turns":1},{"damage":2,"enemies":"Sphere and 2 Shapes","floor":48,"turns":1},{"damage":0,"enemies":"Replay:Hell Engine","floor":50,"turns":1}],"seed_played":"427730977918921153","potions_obtained":[{"floor":6.0,"key":"Elixir"},{"floor":7.0,"key":"Adrenaline Potion"},{"floor":11.0,"key":"ColorlessPotion"},{"floor":21.0,"key":"FairyPotion"},{"floor":23.0,"key":"SteroidPotion"},{"floor":28.0,"key":"Strength Potion"},{"floor":44,"key":"DistilledChaos"}],"is_trial":false,"path_per_floor":["M","AVR","?","?","?","E","M","R","T","M","E","R","M","?","R","B",null,"M","?","M","M","?","E","R","?","T","M","M","R","?","M","R","B",null,"M","?","M","?","T","E","R","?","T","M","E","M","E","M","R","B",null],"character_chosen":"THE_SILENT","items_purchased":[],"campfire_rested":3,"item_purchase_floors":[],"current_hp_per_floor":[58,58,58,40,40,40,40,40,40,40,33,52,51,51,51,51,62,57,57,57,49,49,27,46,46,46,39,29,63,63,63,63,63,65,65,65,63,63,63,63,63,63,77,77,77,77,77,75,75,75],"gold":1104,"neow_bonus":"BOSS_RELIC","is_prod":false,"is_daily":false,"chose_seed":false,"campfire_upgraded":6,"win_rate":0,"timestamp":1607547760,"path_taken":["M","AVR","?","?","?","E","?","R","T","M","E","R","M","?","R","BOSS","M","?","?","M","?","E","R","?","T","?","M","R","?","?","R","BOSS","M","?","?","?","?","E","R","?","T","M","E","?","E","M","R","BOSS"],"build_version":"2020-11-30","purchased_purges":0,"victory":true,"max_hp_per_floor":[66,66,66,66,66,66,66,66,66,66,66,66,66,66,66,66,66,66,66,66,66,66,66,66,66,66,66,66,66,66,66,66,66,66,66,66,66,66,66,66,66,66,80,80,80,80,80,80,80,80],"relic_stats":{"Regal Pillow":15,"Happy Flower":[1],"counters":[24,65],"Snecko Eye":[80,88,85,71],"Black Star":3,"Art of War":[0],"MawBank":72,"obtain_stats":[{"aspiration:VileToxins":11,"infinitespire:BottledMercury":23,"Regal Pillow":26,"Replay:PocketPolymizer":6,"HollowMod:LifeEnderRelic":9,"Happy Flower":45,"Vajra":39,"conspire:SpecialSausage":0,"Mango":43,"MawBank":45,"Pet Ghost":4,"Replay:Arrowhead":47,"infinitespire:EvilPickle":33,"Snecko Eye":17,"hubris:BundleOfHerbs":40,"Black Star":34,"Art of War":47,"Replay:Wax Seal":40,"Ring of the Snake":0},{"aspiration:VileToxins":5,"infinitespire:BottledMercury":11,"Regal Pillow":11,"Replay:PocketPolymizer":2,"HollowMod:LifeEnderRelic":3,"Happy Flower":20,"Vajra":17,"conspire:SpecialSausage":0,"Mango":18,"MawBank":20,"Pet Ghost":1,"Replay:Arrowhead":22,"infinitespire:EvilPickle":15,"Snecko Eye":7,"hubris:BundleOfHerbs":18,"Black Star":15,"Art of War":22,"Replay:Wax Seal":18,"Ring of the Snake":0},{"aspiration:VileToxins":14,"infinitespire:BottledMercury":36,"Regal Pillow":36,"Replay:PocketPolymizer":4,"HollowMod:LifeEnderRelic":6,"Happy Flower":61,"Vajra":52,"conspire:SpecialSausage":0,"Mango":55,"MawBank":61,"Pet Ghost":3,"Replay:Arrowhead":63,"infinitespire:EvilPickle":47,"Snecko Eye":20,"hubris:BundleOfHerbs":55,"Black Star":47,"Art of War":63,"Replay:Wax Seal":55,"Ring of the Snake":0}]},"card_choices":[{"not_picked":["Dodge and Roll","Deflect"],"picked":"Bouncing Flask","floor":1.0},{"not_picked":["Bane","Cloak And Dagger"],"picked":"Prepared","floor":6.0},{"not_picked":["Eviscerate","Night Terror"],"picked":"Blade Dance","floor":7.0},{"not_picked":["Slice","Dagger Spray"],"picked":"Backflip","floor":10.0},{"not_picked":["Hidden Blade","Outmaneuver","After Image"],"picked":"SKIP","floor":11.0},{"not_picked":["conspire:DoublingDagger","Bane"],"picked":"Leg Sweep","floor":13.0},{"not_picked":["Grand Finale","Bullet Time"],"picked":"Die Die Die","floor":16.0},{"not_picked":["Poisoned Stab","Flying Knee"],"picked":"Acrobatics","floor":18.0},{"not_picked":["Reflex","Bane","hubris:SlightOfHand"],"picked":"SKIP","floor":20.0},{"not_picked":["Reflex","Bane","hubris:SlightOfHand"],"picked":"SKIP","floor":20.0},{"not_picked":["Quick Slash","hubris:SlightOfHand","Bane+1"],"picked":"SKIP","floor":21.0},{"not_picked":["Escape Plan","Dagger Throw","Accuracy"],"picked":"SKIP","floor":23.0},{"not_picked":["Sneak Up","Dagger Throw+1","Outmaneuver"],"picked":"SKIP","floor":27.0},{"not_picked":["Setup","Sneak Up","Backflip"],"picked":"SKIP","floor":28.0},{"not_picked":["Poisoned Stab","Endless Agony","Dagger Throw"],"picked":"SKIP","floor":31.0},{"not_picked":["Poisoned Stab","Bane","Deadly Poison+1"],"picked":"SKIP","floor":35.0},{"not_picked":["Poisoned Stab","Bane","Deadly Poison+1"],"picked":"SKIP","floor":35.0},{"not_picked":["Blade Dance","hubris:SlightOfHand"],"picked":"Adrenaline","floor":37.0},{"not_picked":["ReplayTheSpireMod:Scrap Shanks","Bane","Concentrate"],"picked":"SKIP","floor":40.0},{"not_picked":["Skewer","Prepared","Dagger Throw"],"picked":"SKIP","floor":44},{"not_picked":["Escape Plan+1","Endless Agony","Distraction+1"],"picked":"SKIP","floor":45},{"not_picked":["Sucker Punch+1","Bouncing Flask","Prepared"],"picked":"SKIP","floor":46},{"not_picked":["Underhanded Strike","All Out Attack+1","Deflect+1"],"picked":"SKIP","floor":47},{"not_picked":["All Out Attack+1","conspire:DoublingDagger","Backflip"],"picked":"SKIP","floor":48}],"player_experience":830174,"relics_obtained":[{"floor":6.0,"key":"Replay:PocketPolymizer"},{"floor":9.0,"key":"HollowMod:LifeEnderRelic"},{"floor":11.0,"key":"aspiration:VileToxins"},{"floor":23.0,"key":"infinitespire:BottledMercury"},{"floor":26.0,"key":"Regal Pillow"},{"floor":39.0,"key":"Vajra"},{"floor":40.0,"key":"Replay:Wax Seal"},{"floor":40.0,"key":"hubris:BundleOfHerbs"},{"floor":43.0,"key":"Mango"},{"floor":45,"key":"Happy Flower"},{"floor":45,"key":"MawBank"},{"floor":47,"key":"Replay:Arrowhead"},{"floor":47,"key":"Art of War"}],"event_choices":[{"damage_healed":0.0,"max_hp_gain":0.0,"max_hp_loss":0.0,"gold_gain":0.0,"event_name":"Scrap Ooze","player_choice":"Success","floor":4.0,"gold_loss":0.0,"damage_taken":18.0,"relics_obtained":["Pet Ghost"]},{"damage_healed":0.0,"max_hp_gain":0.0,"max_hp_loss":0.0,"gold_gain":0.0,"cards_transformed":["Endless Agony"],"event_name":"Transmorgrifier","player_choice":"Transformed","floor":5.0,"gold_loss":0.0,"damage_taken":0.0,"cards_obtained":["Replay:Bag of Tricks"]},{"damage_healed":0.0,"max_hp_gain":0.0,"max_hp_loss":0.0,"gold_gain":0.0,"event_name":"The Library","player_choice":"Read","floor":19.0,"gold_loss":0.0,"damage_taken":0.0,"cards_obtained":["Predator"]},{"cards_removed":["Strike_G"],"damage_healed":0.0,"max_hp_gain":0.0,"max_hp_loss":0.0,"gold_gain":0.0,"event_name":"Beggar","player_choice":"Gave Gold","floor":22.0,"gold_loss":75.0,"damage_taken":0.0},{"damage_healed":0.0,"max_hp_gain":0.0,"max_hp_loss":0.0,"gold_gain":0.0,"event_name":"Lab","player_choice":"Got Potions","floor":25.0,"gold_loss":0.0,"damage_taken":0.0},{"damage_healed":0.0,"max_hp_gain":0.0,"max_hp_loss":0.0,"gold_gain":0.0,"event_name":"Accursed Blacksmith","player_choice":"Forge","floor":30.0,"gold_loss":0.0,"damage_taken":0.0,"cards_upgraded":["Die Die Die"]},{"cards_removed":["Defend_G"],"damage_healed":0.0,"max_hp_gain":0.0,"max_hp_loss":0.0,"gold_gain":0.0,"event_name":"Purifier","player_choice":"Purged","floor":36.0,"gold_loss":0.0,"damage_taken":0.0},{"cards_removed":["Defend_G"],"damage_healed":0.0,"max_hp_gain":0.0,"max_hp_loss":0.0,"gold_gain":0.0,"event_name":"Falling","player_choice":"Removed Skill","floor":38.0,"gold_loss":0.0,"damage_taken":0.0},{"damage_healed":0.0,"max_hp_gain":0.0,"max_hp_loss":0.0,"gold_gain":0.0,"event_name":"Wheel of Change","player_choice":"Cursed","floor":42.0,"gold_loss":0.0,"damage_taken":0.0,"cards_obtained":["Decay"]}],"is_beta":false,"boss_relics":[{"not_picked":["Honey Jar","aspiration:RunicSpoon"],"picked":"Snecko Eye"},{"not_picked":["Runic Pyramid","Replay:Fungal Core"],"picked":"Black Star"}],"items_purged_floors":[],"is_endless":false,"potions_floor_spawned":[6,7,11,21,23,27,28,44,45,47,48],"ascension_level":18}}