{"host":"69rply1jf2d1wbmp","time":1607545766,"event":{"gold_per_floor":[118,135,13,31,43,75,75,75,75,7,39,39,59,74,74,169,169,184,35,51,51,69,69,82,116,142,162,162,188,203,219,219,219,219],"floor_reached":33,"playtime":1258,"items_purged":["Defend_B"],"score":326,"play_id":"bb1db006-ce4c-43f4-a984-5c7f79a5cb24","local_time":"20201209152926","is_ascension_mode":false,"campfire_choices":[{"floor":7,"key":"REST"},{"data":"Zap","floor":15,"key":"SMITH"},{"data":"White Noise","floor":23,"key":"SMITH"},{"floor":28,"key":"REST"},{"floor":32,"key":"REST"}],"neow_cost":"NONE","seed_source_timestamp":1002052305159500,"circlet_count":0,"master_deck":["Strike_B","Strike_B","Strike_B","Strike_B","Defend_B+1","Defend_B","Defend_B+1","Zap+1","Dualcast","Leap","Sweeping Beam","Barrage","Self Repair","White Noise+1","FTL","Streamline","Conserve Battery","Conserve Battery","Amplify","Rip and Tear","Loop","Barrage+1","Force Field","Melter","Clumsy","Lockon+1","BootSequence","Conserve Battery+1","Static Discharge+1"],"relics":["Cracked Core","NeowsBlessing","Dream Catcher","Darkstone Periapt","HornCleat","Prayer Wheel","FaceOfCleric","Cursed Key","War Paint","Bottled Tornado","Lantern","Letter Opener"],"potions_floor_usage":[27,29,33],"damage_taken":[{"damage":0,"enemies":"Jaw Worm","floor":1,"turns":1},{"damage":0,"enemies":"Cultist","floor":2,"turns":1},{"damage":0,"enemies":"2 Louse","floor":4,"turns":1},{"damage":7,"enemies":"Exordium Thugs","floor":5,"turns":5},{"damage":21,"enemies":"3 Sentries","floor":6,"turns":8},{"damage":1,"enemies":"Gremlin Nob","floor":11,"turns":4},{"damage":13,"enemies":"Lots of Slimes","floor":13,"turns":3},{"damage":10,"enemies":"Looter","floor":14,"turns":3},{"damage":30,"enemies":"Slime Boss","floor":16,"turns":7},{"damage":31,"enemies":"2 Thieves","floor":18,"turns":4},{"damage":7,"enemies":"Chosen","floor":20,"turns":6},{"damage":1,"enemies":"Centurion and Healer","floor":22,"turns":6},{"damage":7,"enemies":"Shelled Parasite and Fungi","floor":24,"turns":6},{"damage":42,"enemies":"Book of Stabbing","floor":25,"turns":6},{"damage":11,"enemies":"Cultist and Chosen","floor":27,"turns":9},{"damage":36,"enemies":"Gremlin Leader","floor":29,"turns":6},{"damage":15,"enemies":"Snake Plant","floor":30,"turns":4},{"damage":36,"enemies":"Centurion and Healer","floor":31,"turns":7},{"damage":50,"enemies":"Champ","floor":33,"turns":10}],"seed_played":"-2531173309748442255","potions_obtained":[{"floor":4,"key":"SteroidPotion"},{"floor":11,"key":"BlessingOfTheForge"},{"floor":16,"key":"EssenceOfDarkness"},{"floor":24,"key":"Block Potion"},{"floor":31,"key":"DuplicationPotion"}],"is_trial":false,"path_per_floor":["M","M","$","M","M","E","R","?","T","$","E","?","M","M","R","B",null,"M","$","M","$","M","R","M","E","T","M","R","E","M","M","R","B"],"character_chosen":"DEFECT","items_purchased":["Leap","FTL","War Paint"],"campfire_rested":3,"item_purchase_floors":[3,10,19],"current_hp_per_floor":[75,75,75,75,68,47,69,69,69,69,75,75,70,68,68,39,78,62,62,63,63,70,70,78,44,50,47,74,46,39,11,38,0,0],"gold":219,"neow_bonus":"THREE_ENEMY_KILL","is_prod":false,"is_daily":false,"chose_seed":false,"campfire_upgraded":2,"win_rate":0,"timestamp":1607545766,"path_taken":["M","M","$","M","M","E","R","?","T","?","E","?","M","?","R","BOSS","M","$","M","$","M","R","M","E","T","M","R","E","M","?","R","BOSS"],"build_version":"2020-11-30","purchased_purges":1,"victory":false,"max_hp_per_floor":[75,75,75,75,75,75,75,75,75,75,75,75,76,77,77,78,78,79,79,80,80,81,81,82,83,89,90,90,91,92,93,93,93,93],"card_choices":[{"not_picked":["Compile Driver","Steam","Reprogram"],"picked":"SKIP","floor":1},{"not_picked":["Turbo","Cold Snap","Skim"],"picked":"SKIP","floor":2},{"not_picked":["Go for the Eyes","Double Energy"],"picked":"Sweeping Beam","floor":4},{"not_picked":["Lockon","Aggregate"],"picked":"Barrage","floor":5},{"not_picked":["Cold Snap","Barrage"],"picked":"Self Repair","floor":6},{"not_picked":["Go for the Eyes","Beam Cell"],"picked":"White Noise","floor":7},{"not_picked":["Conserve Battery","Ball Lightning"],"picked":"Streamline","floor":11},{"not_picked":["Coolheaded","Stack","Turbo"],"picked":"SKIP","floor":13},{"not_picked":["Skim","Multi-Cast","Streamline"],"picked":"SKIP","floor":13},{"not_picked":["Streamline","Gash"],"picked":"Conserve Battery","floor":14},{"not_picked":["Barrage","Redo"],"picked":"Conserve Battery","floor":14},{"not_picked":["Reboot","Thunder Strike"],"picked":"Amplify","floor":16},{"not_picked":["Steam","Reinforced Body"],"picked":"Rip and Tear","floor":18},{"not_picked":["Barrage","Hologram+1","Skim"],"picked":"SKIP","floor":18},{"not_picked":["Stack","Coolheaded+1"],"picked":"Loop","floor":20},{"not_picked":["Compile Driver","Cold Snap","Gash"],"picked":"SKIP","floor":20},{"not_picked":["Heatsinks","Turbo+1"],"picked":"Barrage+1","floor":22},{"not_picked":["Turbo","Steam","Chaos"],"picked":"SKIP","floor":22},{"not_picked":["Beam Cell","Streamline"],"picked":"Force Field","floor":24},{"not_picked":["BootSequence","Hologram+1","Rainbow"],"picked":"SKIP","floor":24},{"not_picked":["Barrage","Tempest+1"],"picked":"Melter","floor":25},{"not_picked":["Coolheaded","Conserve Battery"],"picked":"Lockon+1","floor":27},{"not_picked":["Blizzard","Chaos","Coolheaded"],"picked":"SKIP","floor":27},{"not_picked":["Sweeping Beam+1","BootSequence","Beam Cell+1"],"picked":"SKIP","floor":29},{"not_picked":["Sweeping Beam+1","Beam Cell+1"],"picked":"BootSequence","floor":29},{"not_picked":["Steam","Barrage","Reinforced Body"],"picked":"SKIP","floor":30},{"not_picked":["Tempest","Blizzard+1","Rebound"],"picked":"SKIP","floor":30},{"not_picked":["Turbo","Steam"],"picked":"Conserve Battery+1","floor":31},{"not_picked":["Sunder","Scrape+1"],"picked":"Static Discharge+1","floor":31}],"player_experience":324481,"relics_obtained":[{"floor":6,"key":"Dream Catcher"},{"floor":8,"key":"Darkstone Periapt"},{"floor":9,"key":"HornCleat"},{"floor":11,"key":"Prayer Wheel"},{"floor":25,"key":"Bottled Tornado"},{"floor":26,"key":"Lantern"},{"floor":29,"key":"Letter Opener"}],"event_choices":[{"damage_healed":0,"gold_gain":0,"player_choice":"Relic","damage_taken":0,"max_hp_gain":0,"max_hp_loss":0,"event_name":"Wheel of Change","floor":8,"gold_loss":0},{"damage_healed":0,"gold_gain":0,"player_choice":"Trade","damage_taken":0,"relics_obtained":["FaceOfCleric"],"max_hp_gain":0,"max_hp_loss":0,"event_name":"FaceTrader","floor":12,"gold_loss":0}],"is_beta":false,"boss_relics":[{"not_picked":["Calling Bell","Astrolabe"],"picked":"Cursed Key"}],"items_purged_floors":[3],"is_endless":false,"potions_floor_spawned":[4,11,16,22,24,25,31],"killed_by":"Champ","ascension_level":0}}