{"host":"mi0eibewekhugwl1","time":1607503296,"event":{"gold_per_floor":[111,111,36,36,55,130,130,160,160,172,15,31,50,66,66,141,141,154,154,173,186,186,186,205,38,38,38,50,81,81,107,107,179,179,195,220,231,156,156,184,184,211,211,0,47,47,65,99,99,99,99,99,99,13,40,40],"floor_reached":57,"playtime":1847,"items_purged":["Strike_G","Strike_G"],"score":2906,"play_id":"e5434f80-db77-43fa-bc26-dd11a9d60f54","local_time":"20201209174136","is_ascension_mode":true,"campfire_choices":[{"data":"Masterful Stab","floor":7,"key":"SMITH"},{"data":"Wraith Form v2","floor":15,"key":"SMITH"},{"floor":23,"key":"REST"},{"floor":27,"key":"RECALL"},{"floor":32,"key":"REST"}],"neow_cost":"NONE","seed_source_timestamp":929628668426200,"circlet_count":0,"master_deck":["AscendersBane","Defend_G","Defend_G","Defend_G","Defend_G","Survivor","Neutralize","Masterful Stab+1","Wraith Form v2+1","Leg Sweep+1","Bouncing Flask+1","Deadly Poison+1","Adrenaline+1","Adrenaline+1","Heel Hook","Prepared+1","Backflip+1","Malaise+1","Acrobatics+1","Reflex+1","Noxious Fumes","Corpse Explosion+1","Calculated Gamble+1","Dagger Spray","Envenom","Night Terror+1","PiercingWail+1","Burst+1","Backflip+1","Acrobatics+1"],"relics":["Ring of the Snake","NeowsBlessing","Toxic Egg 2","Paper Crane","Orrery","Fusion Hammer","Eternal Feather","Tough Bandages","The Specimen","Coffee Dripper","Torii","Ancient Tea Set","Incense Burner","Membership Card","Turnip","StoneCalendar","Chemical X","Sundial"],"potions_floor_usage":[29,56],"damage_taken":[{"damage":0,"enemies":"Jaw Worm","floor":1,"turns":1},{"damage":0,"enemies":"2 Louse","floor":5,"turns":1},{"damage":0,"enemies":"Lagavulin","floor":8,"turns":1},{"damage":0,"enemies":"Cultist","floor":10,"turns":3},{"damage":9,"enemies":"Gremlin Gang","floor":12,"turns":6},{"damage":1,"enemies":"3 Louse","floor":13,"turns":3},{"damage":0,"enemies":"2 Fungi Beasts","floor":14,"turns":3},{"damage":2,"enemies":"The Guardian","floor":16,"turns":10},{"damage":4,"enemies":"Chosen","floor":18,"turns":5},{"damage":0,"enemies":"2 Thieves","floor":20,"turns":4},{"damage":12,"enemies":"Cultist and Chosen","floor":21,"turns":8},{"damage":0,"enemies":"3 Cultists","floor":24,"turns":5},{"damage":10,"enemies":"Snecko","floor":28,"turns":5},{"damage":0,"enemies":"Slavers","floor":29,"turns":5},{"damage":5,"enemies":"Gremlin Leader","floor":31,"turns":6},{"damage":12,"enemies":"Collector","floor":33,"turns":6},{"damage":6,"enemies":"3 Shapes","floor":35,"turns":2},{"damage":0,"enemies":"Mind Bloom Boss Battle","floor":36,"turns":4},{"damage":0,"enemies":"3 Darklings","floor":37,"turns":2},{"damage":12,"enemies":"Nemesis","floor":40,"turns":9},{"damage":1,"enemies":"Giant Head","floor":42,"turns":9},{"damage":22,"enemies":"2 Orb Walkers","floor":45,"turns":3},{"damage":0,"enemies":"4 Shapes","floor":47,"turns":3},{"damage":5,"enemies":"Nemesis","floor":48,"turns":9},{"damage":23,"enemies":"Time Eater","floor":50,"turns":13},{"damage":6,"enemies":"Awakened One","floor":51,"turns":11},{"damage":0,"enemies":"Shield and Spear","floor":55,"turns":5},{"damage":36,"enemies":"The Heart","floor":56,"turns":14}],"seed_played":"6744870542520050927","potions_obtained":[{"floor":8,"key":"Ancient Potion"},{"floor":10,"key":"FairyPotion"},{"floor":18,"key":"PowerPotion"},{"floor":29,"key":"SpeedPotion"},{"floor":55,"key":"Dexterity Potion"}],"is_trial":false,"path_per_floor":["M","?","?","$","M","?","R","E","T","M","$","M","M","M","R","B",null,"M","?","M","M","?","R","M","$","T","R","M","E","?","E","R","B",null,"M","?","M","$","?","E","R","E","T","$","?","R","M","E","R","B","B",null,"R","$","E","B",null],"character_chosen":"THE_SILENT","items_purchased":["Orrery","Corpse Explosion+1","Membership Card","Chemical X"],"campfire_rested":2,"item_purchase_floors":[11,25,44,54],"current_hp_per_floor":[59,59,59,59,59,48,48,48,48,48,48,39,38,38,38,36,59,55,55,55,43,43,62,62,62,62,66,56,56,56,51,66,54,63,57,57,57,57,57,45,60,59,59,59,37,52,52,47,62,39,33,58,66,66,66,30],"gold":40,"neow_bonus":"THREE_ENEMY_KILL","is_prod":false,"is_daily":false,"chose_seed":false,"campfire_upgraded":2,"win_rate":0,"timestamp":1607503296,"path_taken":["M","?","?","?","M","?","R","E","T","M","$","M","M","?","R","BOSS","M","?","M","?","?","R","M","$","T","R","M","E","?","E","R","BOSS","M","?","M","$","?","E","R","E","T","$","?","R","M","E","R","BOSS","BOSS","R","$","E","BOSS"],"build_version":"2020-11-30","purchased_purges":2,"victory":true,"max_hp_per_floor":[66,66,66,66,66,66,66,66,66,66,66,66,66,66,66,66,66,66,66,66,66,66,66,66,66,66,66,66,66,66,66,66,66,66,66,66,66,66,66,66,66,66,66,66,66,66,66,66,66,66,66,66,66,66,66,66],"relic_stats":{"Tough Bandages":[585],"Torii":36,"counters":[28,156],"Sundial":[4],"Eternal Feather":72,"StoneCalendar":[156],"Turnip":[3],"Chemical X":[3],"obtain_stats":[{"NeowsBlessing":0,"The Specimen":31,"Torii":36,"Eternal Feather":26,"StoneCalendar":48,"Incense Burner":42,"Paper Crane":9,"Ancient Tea Set":40,"Tough Bandages":29,"Sundial":55,"Orrery":11,"Fusion Hammer":17,"Turnip":45,"Coffee Dripper":34,"Membership Card":44,"Chemical X":54,"Toxic Egg 2":8,"Ring of the Snake":0},{"NeowsBlessing":0,"The Specimen":15,"Torii":18,"Eternal Feather":12,"StoneCalendar":24,"Incense Burner":21,"Paper Crane":3,"Ancient Tea Set":20,"Tough Bandages":14,"Sundial":27,"Orrery":4,"Fusion Hammer":8,"Turnip":22,"Coffee Dripper":16,"Membership Card":21,"Chemical X":26,"Toxic Egg 2":3,"Ring of the Snake":0},{"NeowsBlessing":0,"The Specimen":66,"Torii":78,"Eternal Feather":50,"StoneCalendar":113,"Incense Burner":98,"Paper Crane":3,"Ancient Tea Set":89,"Tough Bandages":60,"Sundial":142,"Orrery":6,"Fusion Hammer":28,"Turnip":101,"Coffee Dripper":72,"Membership Card":98,"Chemical X":137,"Toxic Egg 2":3,"Ring of the Snake":0}],"Ring of the Snake":[56]},"card_choices":[{"not_picked":["Dodge and Roll","Outmaneuver","Quick Slash"],"picked":"SKIP","floor":1},{"not_picked":["Deflect","Catalyst"],"picked":"Masterful Stab","floor":5},{"not_picked":["Doppelganger+1","Deflect+1"],"picked":"Wraith Form v2","floor":8},{"not_picked":["Poisoned Stab","PiercingWail+1"],"picked":"Leg Sweep+1","floor":10},{"not_picked":["Sucker Punch","Distraction+1"],"picked":"Bouncing Flask+1","floor":11},{"not_picked":["Poisoned Stab","Heel Hook"],"picked":"Deadly Poison+1","floor":11},{"not_picked":["Endless Agony","Accuracy"],"picked":"Adrenaline+1","floor":11},{"not_picked":["Flying Knee","Dagger Spray"],"picked":"Adrenaline+1","floor":11},{"not_picked":["Sucker Punch","Poisoned Stab"],"picked":"Heel Hook","floor":12},{"not_picked":["Distraction+1","Underhanded Strike"],"picked":"Prepared+1","floor":13},{"not_picked":["Deflect+1","Dagger Spray"],"picked":"Backflip+1","floor":14},{"not_picked":["After Image","Adrenaline+1"],"picked":"Malaise+1","floor":16},{"not_picked":["Underhanded Strike","Choke+1","Flying Knee"],"picked":"SKIP","floor":18},{"not_picked":["Dagger Spray","Finisher+1"],"picked":"Acrobatics+1","floor":20},{"not_picked":["Leg Sweep+1","Deadly Poison+1"],"picked":"Reflex+1","floor":21},{"not_picked":["Flying Knee","Acrobatics+1","Noxious Fumes"],"picked":"SKIP","floor":24},{"not_picked":["Reflex+1","Caltrops","Backflip+1"],"picked":"SKIP","floor":28},{"not_picked":["Accuracy","Acrobatics+1"],"picked":"Calculated Gamble+1","floor":29},{"not_picked":["Outmaneuver+1","Heel Hook","Underhanded Strike"],"picked":"SKIP","floor":31},{"not_picked":["Malaise+1","Wraith Form v2"],"picked":"Night Terror+1","floor":33},{"not_picked":["Bane","Underhanded Strike"],"picked":"PiercingWail+1","floor":35},{"not_picked":["Choke","PiercingWail+1","Dagger Throw"],"picked":"SKIP","floor":37},{"not_picked":["Deadly Poison+1","Slice","Setup+1"],"picked":"SKIP","floor":40},{"not_picked":["Quick Slash+1","Dodge and Roll+1"],"picked":"Burst+1","floor":42},{"not_picked":["Masterful Stab","Deflect+1","Expertise+1"],"picked":"SKIP","floor":47},{"not_picked":["Backflip+1","Flying Knee","All Out Attack"],"picked":"SKIP","floor":48},{"not_picked":["Flying Knee","All Out Attack"],"picked":"Backflip+1","floor":48},{"not_picked":["Escape Plan+1","Backflip+1"],"picked":"Acrobatics+1","floor":55}],"player_experience":1654214,"relics_obtained":[{"floor":8,"key":"Toxic Egg 2"},{"floor":9,"key":"Paper Crane"},{"floor":26,"key":"Eternal Feather"},{"floor":29,"key":"Tough Bandages"},{"floor":31,"key":"The Specimen"},{"floor":36,"key":"Torii"},{"floor":40,"key":"Ancient Tea Set"},{"floor":42,"key":"Incense Burner"},{"floor":45,"key":"Turnip"},{"floor":48,"key":"StoneCalendar"},{"floor":55,"key":"Sundial"}],"event_choices":[{"damage_healed":0,"gold_gain":0,"player_choice":"Ignored","damage_taken":0,"max_hp_gain":0,"max_hp_loss":0,"event_name":"Shining Light","floor":2,"gold_loss":0},{"cards_removed":["Strike_G"],"damage_healed":0,"gold_gain":0,"player_choice":"Card Removal","damage_taken":0,"max_hp_gain":0,"max_hp_loss":0,"event_name":"The Cleric","floor":3,"gold_loss":75},{"damage_healed":0,"gold_gain":75,"player_choice":"Gather Gold","damage_taken":11,"max_hp_gain":0,"max_hp_loss":0,"event_name":"World of Goop","floor":6,"gold_loss":0},{"cards_removed":["Defend_G"],"damage_healed":0,"gold_gain":0,"player_choice":"Purged","damage_taken":0,"max_hp_gain":0,"max_hp_loss":0,"event_name":"Purifier","floor":19,"gold_loss":0},{"damage_healed":0,"gold_gain":0,"player_choice":"Read","damage_taken":0,"max_hp_gain":0,"max_hp_loss":0,"event_name":"The Library","floor":22,"gold_loss":0,"cards_obtained":["Noxious Fumes"]},{"damage_healed":0,"gold_gain":0,"cards_transformed":["Strike_G","Strike_G"],"player_choice":"Became Test Subject","damage_taken":0,"max_hp_gain":0,"max_hp_loss":0,"event_name":"Drug Dealer","floor":30,"gold_loss":0,"cards_obtained":["Dagger Spray","Envenom"]},{"damage_healed":0,"gold_gain":0,"player_choice":"Fight","damage_taken":0,"max_hp_gain":0,"max_hp_loss":0,"event_name":"MindBloom","floor":36,"gold_loss":0},{"damage_healed":0,"gold_gain":0,"player_choice":"Ignored","damage_taken":0,"max_hp_gain":0,"max_hp_loss":0,"event_name":"Tomb of Lord Red Mask","floor":39,"gold_loss":0},{"damage_healed":0,"gold_gain":0,"player_choice":"Fight","damage_taken":0,"max_hp_gain":0,"max_hp_loss":0,"event_name":"Mysterious Sphere","floor":45,"gold_loss":0}],"is_beta":false,"boss_relics":[{"not_picked":["Cursed Key","SacredBark"],"picked":"Fusion Hammer"},{"not_picked":["Sozu","Tiny House"],"picked":"Coffee Dripper"}],"items_purged_floors":[38,44],"is_endless":false,"potions_floor_spawned":[8,10,12,14,16,18,24,29,35,40,47,55],"ascension_level":20}}