{"host":"0noypz73zo70wzdx","time":1607521210,"event":{"gold_per_floor":[109,127,127,302,227,257,257,5,5,5,5,23,23,50,50,146,146,162,90,101,119,169,198,210,222,234,246,268,307,337,377,389,499,511,539,562,593,605,632,671,683,234,258,277,287,299,299,313,313,313,313],"floor_reached":50,"playtime":1931,"items_purged":["Doubt","Spreading Infection","Concentrate+1"],"score":620,"play_id":"b58eb0fe-3534-47e6-860c-d19b799b1560","local_time":"20201209224010","is_ascension_mode":true,"campfire_choices":[{"data":"Neutralize","floor":7,"key":"SMITH"},{"data":"Poisoned Stab","floor":11,"key":"SMITH"},{"data":"Strike_G","floor":15,"key":"SMITH"},{"floor":24,"key":"REST"},{"floor":32,"key":"REST"},{"floor":41,"key":"REST"},{"floor":49,"key":"REST"}],"neow_cost":"NONE","seed_source_timestamp":25133559549800,"circlet_count":0,"master_deck":["Strike_G+1","Strike_G","Strike_G+1","Strike_G","Strike_G+1","Defend_G","Defend_G","Defend_G","Defend_G","Defend_G","Survivor","Neutralize+1","Cloak And Dagger","Prepared","Poisoned Stab+1","Replay:Poison Smokescreen","Corpse Explosion","Noxious Fumes","Bouncing Flask","Dash+1","Masterful Stab+1","Poisoned Stab","Poison Darts","Deadly Poison","Noxious Fumes","Terror+1","Fluid Movement+1"],"relics":["Ring of the Snake","NeowsBlessing","Regal Pillow","StrikeDummy","Whetstone","Orichalcum","NlothsMask","Pantograph","Painkiller Herb","ReplayTheSpireMod:CursedCoin","MawBank","Ring of Fury","ReplayTheSpireMod:Shallot","Pen Nib","Ninja Scroll","HoveringKite","PreservedInsect","TwistedFunnel","Anchor","Oddly Smooth Stone"],"potions_floor_usage":[16,21,23,23,23,33,40,40,40,50,50,50],"damage_taken":[{"damage":0,"enemies":"Cultist","floor":1,"turns":1},{"damage":0,"enemies":"Small Slimes","floor":2,"turns":1},{"damage":0,"enemies":"Lagavulin","floor":6,"turns":1},{"damage":2,"enemies":"Jaw Worm","floor":12,"turns":2},{"damage":7,"enemies":"3 Sentries","floor":14,"turns":7},{"damage":15,"enemies":"Slime Boss","floor":16,"turns":10},{"damage":9,"enemies":"2 Thieves","floor":18,"turns":3},{"damage":0,"enemies":"Chosen","floor":20,"turns":4},{"damage":20,"enemies":"Sentry and Sphere","floor":21,"turns":4},{"damage":6,"enemies":"Gremlin Leader","floor":23,"turns":4},{"damage":3,"enemies":"Snake Plant","floor":28,"turns":3},{"damage":14,"enemies":"Slavers","floor":29,"turns":3},{"damage":6,"enemies":"Snecko","floor":30,"turns":3},{"damage":16,"enemies":"Gremlin Leader","floor":31,"turns":6},{"damage":63,"enemies":"Champ","floor":33,"turns":11},{"damage":0,"enemies":"3 Darklings","floor":35,"turns":1},{"damage":4,"enemies":"Orb Walker","floor":36,"turns":3},{"damage":0,"enemies":"Sphere and 2 Shapes","floor":37,"turns":2},{"damage":26,"enemies":"Maw","floor":39,"turns":7},{"damage":36,"enemies":"Reptomancer","floor":40,"turns":5},{"damage":5,"enemies":"Spire Growth","floor":44,"turns":3},{"damage":1,"enemies":"3 Darklings","floor":45,"turns":3},{"damage":0,"enemies":"4 Shapes","floor":46,"turns":4},{"damage":0,"enemies":"Sphere and 2 Shapes","floor":48,"turns":4},{"damage":71,"enemies":"Time Eater","floor":50,"turns":10}],"seed_played":"4209062381677415566","potions_obtained":[{"floor":1,"key":"PowerPotion"},{"floor":6,"key":"Poison Potion"},{"floor":16,"key":"Explosive Potion"},{"floor":18,"key":"ColorlessPotion"},{"floor":20,"key":"SkillPotion"},{"floor":21,"key":"PowerPotion"},{"floor":29,"key":"Reflective Coating"},{"floor":35,"key":"Adrenaline Potion"},{"floor":36,"key":"SpeedPotion"},{"floor":38,"key":"PowerPotion"},{"floor":38,"key":"ColorlessPotion"},{"floor":40,"key":"Poison Potion"},{"floor":44,"key":"ColorlessPotion"},{"floor":45,"key":"PowerPotion"}],"is_trial":false,"path_per_floor":["M","M","$","?","$","E","R","$","T","T","R","M","?","E","R","B",null,"?","T","?","?","T","E","T","?","T","?","?","E","?","E","T","B",null,"?","?","?","?","?","E","T","T","T","?","?","?","T","?","T","B"],"character_chosen":"THE_SILENT","items_purchased":["StrikeDummy","Noxious Fumes","ReplayTheSpireMod:CursedCoin","TwistedFunnel","Anchor","Noxious Fumes"],"campfire_rested":4,"item_purchase_floors":[8,19,22,42,42,42],"current_hp_per_floor":[70,70,70,70,70,70,70,70,70,70,70,68,68,61,61,55,70,61,61,61,41,41,35,70,70,70,70,67,53,47,31,67,7,70,70,66,66,66,40,4,40,40,40,35,34,34,34,34,70,0,0],"gold":313,"neow_bonus":"THREE_ENEMY_KILL","is_prod":false,"is_daily":false,"chose_seed":false,"campfire_upgraded":3,"win_rate":0,"timestamp":1607521210,"path_taken":["M","?","$","?","?","E","R","$","T","?","R","?","?","E","R","BOSS","?","T","?","?","T","E","T","?","T","?","?","E","?","E","T","BOSS","?","?","?","?","?","E","T","T","T","?","?","?","T","?","T","BOSS"],"build_version":"2020-11-30","purchased_purges":3,"victory":false,"max_hp_per_floor":[70,70,70,70,70,70,70,70,70,70,70,70,70,70,70,70,70,70,70,70,70,70,70,70,70,70,70,70,70,70,70,70,70,70,70,70,70,70,70,70,70,70,70,70,70,70,70,70,70,70,70],"card_choices":[{"not_picked":["Dodge and Roll","Acrobatics"],"picked":"Cloak And Dagger","floor":1},{"not_picked":["Quick Slash","Heel Hook"],"picked":"Prepared","floor":2},{"not_picked":["ReplayTheSpireMod:Tripwire","Setup"],"picked":"Poisoned Stab","floor":6},{"not_picked":["Storm of Steel","Setup","Underhanded Strike"],"picked":"SKIP","floor":12},{"not_picked":["Atom Bomb","Flechettes"],"picked":"Replay:Poison Smokescreen","floor":14},{"not_picked":["Grand Finale","Phantasmal Killer"],"picked":"Corpse Explosion","floor":16},{"not_picked":["Sneak Up","Dagger Throw+1","Sucker Punch"],"picked":"SKIP","floor":18},{"not_picked":["Blade Dance+1","Slice","Cloak And Dagger+1"],"picked":"SKIP","floor":20},{"not_picked":["ReplayTheSpireMod:Speed Training+1","Calculated Gamble+1","Acrobatics"],"picked":"SKIP","floor":21},{"not_picked":["ReplayTheSpireMod:Tripwire","Caltrops"],"picked":"Bouncing Flask","floor":23},{"not_picked":["Blade Dance+1","Outmaneuver"],"picked":"Dash+1","floor":28},{"not_picked":["Underhanded Strike+1","Corpse Explosion"],"picked":"Masterful Stab+1","floor":29},{"not_picked":["Escape Plan","Infinite Blades","Blade Dance+1"],"picked":"SKIP","floor":30},{"not_picked":["Corpse Explosion","Dodge and Roll+1"],"picked":"Poisoned Stab","floor":31},{"not_picked":["Burst","Glass Knife"],"picked":"Poison Darts","floor":33},{"not_picked":["Endless Agony","Slice+1"],"picked":"Deadly Poison","floor":35},{"not_picked":["Dodge and Roll","Calculated Gamble+1","Eviscerate"],"picked":"SKIP","floor":36},{"not_picked":["Draining Mist+1","Sucker Punch+1"],"picked":"Concentrate+1","floor":37},{"not_picked":["Deflect+1","Replay:Poison Smokescreen","Dodge and Roll"],"picked":"SKIP","floor":39},{"not_picked":["Outmaneuver+1","Expertise+1","Dagger Throw+1"],"picked":"SKIP","floor":40},{"not_picked":["Leg Sweep+1","Flechettes","Deadly Poison+1"],"picked":"SKIP","floor":44},{"not_picked":["Accuracy+1","Slice","Underhanded Strike+1"],"picked":"SKIP","floor":45},{"not_picked":["Sucker Punch","Backflip+1"],"picked":"Terror+1","floor":46},{"not_picked":["Acrobatics+1","Slice+1"],"picked":"Fluid Movement+1","floor":48}],"player_experience":214132,"relics_obtained":[{"floor":6,"key":"Regal Pillow"},{"floor":9,"key":"Whetstone"},{"floor":10,"key":"Orichalcum"},{"floor":14,"key":"Pantograph"},{"floor":23,"key":"MawBank"},{"floor":25,"key":"Ring of Fury"},{"floor":29,"key":"Pen Nib"},{"floor":31,"key":"Ninja Scroll"},{"floor":40,"key":"PreservedInsect"},{"floor":43,"key":"Oddly Smooth Stone"}],"event_choices":[{"damage_healed":0,"gold_gain":175,"player_choice":"AGREE","damage_taken":0,"max_hp_gain":0,"max_hp_loss":0,"event_name":"Liars Game","floor":4,"gold_loss":0,"cards_obtained":["Doubt"]},{"damage_healed":0,"gold_gain":0,"player_choice":"Trade","damage_taken":0,"relics_obtained":["NlothsMask"],"max_hp_gain":0,"max_hp_loss":0,"event_name":"FaceTrader","floor":13,"gold_loss":0},{"damage_healed":0,"gold_gain":0,"player_choice":"Opened","damage_taken":0,"relics_obtained":["ReplayTheSpireMod:Shallot"],"max_hp_gain":0,"max_hp_loss":0,"event_name":"The Mausoleum","floor":27,"gold_loss":0},{"damage_healed":0,"gold_gain":0,"player_choice":"Got Potions","damage_taken":0,"max_hp_gain":0,"max_hp_loss":0,"event_name":"Lab","floor":38,"gold_loss":0}],"is_beta":false,"boss_relics":[{"not_picked":["SacredBark","SlaversCollar"],"picked":"Painkiller Herb"},{"not_picked":["Calling Bell","Velvet Choker"],"picked":"HoveringKite"}],"items_purged_floors":[5,22,42],"is_endless":false,"potions_floor_spawned":[1,6,16,18,20,21,29,35,36,40,44,45,48],"killed_by":"Time Eater","ascension_level":1}}