{"host":"8b6x5jh5dgxmxtlw","time":1607490256,"event":{"gold_per_floor":[114,222,238,254,269,269,294,264,264,264,264],"floor_reached":10,"playtime":801,"items_purged":[],"score":68,"play_id":"772d91f6-0191-4925-a0b0-570a048366c0","local_time":"20201209000416","is_ascension_mode":false,"campfire_choices":[{"floor":6,"key":"REST"}],"neow_cost":"NONE","seed_source_timestamp":165896163542100,"circlet_count":0,"master_deck":["hermit:Strike_Hermit","hermit:Strike_Hermit","hermit:Strike_Hermit","hermit:Defend_Hermit","hermit:Defend_Hermit","hermit:Defend_Hermit","hermit:Defend_Hermit","hermit:Snapshot","hermit:Covet","hermit:EyeOfTheStorm","hermit:ShadowCloak","hermit:Glare","hermit:Virtue","hermit:ShadowCloak","hermit:Ricochet","hermit:HeroicBravado"],"relics":["hermit:Momento","Simple Rune","Bag of Preparation","aspiration:FetidBarrel","StuffTheSpire:GrapeVine"],"potions_floor_usage":[7,7,7],"damage_taken":[{"damage":4,"enemies":"conspire:RoseBush","floor":1,"turns":2},{"damage":1,"enemies":"Cultist","floor":3,"turns":4},{"damage":9,"enemies":"Small Slimes","floor":4,"turns":4},{"damage":11,"enemies":"conspire:2 RoseBushes","floor":5,"turns":5},{"damage":26,"enemies":"Lagavulin","floor":7,"turns":8},{"damage":0,"enemies":"Looter","floor":8,"turns":4},{"damage":6,"enemies":"Lots of Slimes","floor":10,"turns":2}],"seed_played":"2485882238862455676","potions_obtained":[{"floor":3,"key":"FearPotion"},{"floor":4,"key":"hermit:BlackBile"},{"floor":5,"key":"hermit:Tonic"}],"is_trial":false,"path_per_floor":["M","?","M","M","M","R","E","M","T","M"],"character_chosen":"HERMIT","items_purchased":[],"campfire_rested":1,"item_purchase_floors":[],"current_hp_per_floor":[71,28,27,18,7,29,3,3,3,0,0],"gold":264,"neow_bonus":"TRANSFORM_CARD","is_prod":false,"is_daily":false,"chose_seed":false,"campfire_upgraded":0,"win_rate":0.0,"timestamp":1607490256,"path_taken":["M","?","M","M","M","R","E","M","T","?"],"build_version":"2020-11-30","purchased_purges":0,"victory":false,"max_hp_per_floor":[75,75,75,75,75,75,75,75,75,75,75],"card_choices":[{"not_picked":["hermit:FullyLoaded","hermit:Cheat"],"picked":"hermit:ShadowCloak","floor":1},{"not_picked":["hermit:HoleUp","hermit:Desperado"],"picked":"hermit:Glare","floor":3},{"not_picked":["hermit:Glare","hermit:WideOpen"],"picked":"hermit:Virtue","floor":4},{"not_picked":["hermit:Manifest","hermit:Roulette"],"picked":"hermit:ShadowCloak","floor":5},{"not_picked":["hermit:HighCaliber","hermit:BodyArmor"],"picked":"hermit:Ricochet","floor":7},{"not_picked":["hermit:HoleUp","hermit:GoldenBullet"],"picked":"hermit:HeroicBravado","floor":8}],"player_experience":70591,"relics_obtained":[{"floor":7,"key":"aspiration:FetidBarrel"},{"floor":9,"key":"StuffTheSpire:GrapeVine"}],"event_choices":[{"damage_healed":0,"gold_gain":108,"player_choice":"RE RE GO ","damage_taken":48,"relics_obtained":["Simple Rune","Bag of Preparation"],"max_hp_gain":0,"max_hp_loss":0,"event_name":"betterSkull:BetterSkull","floor":2,"gold_loss":0,"cards_upgraded":[]}],"is_beta":false,"boss_relics":[],"items_purged_floors":[],"is_endless":false,"potions_floor_spawned":[3,4,5],"killed_by":"Lots of Slimes","ascension_level":0}}