{"host":"Jedit","time":1607528755,"event":{"gold_per_floor":[109,36,36,55,55,55,84,84,111,142,142,16,36,36,36,132,132,151,163,163,177,276,276,301,301,301,336,336,363,363,278,278,379,429,439,439,439,456,456,481,481,257,257,268,300,32,62,115,115,115,115,115,78,105,105,105],"floor_reached":55,"playtime":2260,"items_purged":["Strike_G","Strike_G","Strike_G"],"score":1061,"play_id":"80188c56-dde0-4d40-b893-5e27219a29cc","local_time":"20201209154555","is_ascension_mode":true,"campfire_choices":[{"data":"Envenom","floor":6.0,"key":"SMITH"},{"data":"Catalyst","floor":8.0,"key":"SMITH"},{"data":"Crippling Poison","floor":15.0,"key":"SMITH"},{"data":"Catalyst","floor":23.0,"key":"SMITH"},{"data":"Corpse Explosion","floor":25.0,"key":"SMITH"},{"data":"Ghostly","floor":28.0,"key":"SMITH"},{"data":"Noxious Fumes","floor":32.0,"key":"SMITH"},{"floor":41,"key":"RECALL"},{"data":"Burst","floor":49,"key":"SMITH"},{"data":"Catalyst","floor":52,"key":"SMITH"}],"neow_cost":"NONE","seed_source_timestamp":15540285436700,"circlet_count":0,"master_deck":["Strike_G+1","Defend_G","Defend_G","Defend_G","Defend_G","Defend_G","Survivor","Neutralize","Endless Agony","Envenom+1","Blind","Neutralize+1","Catalyst+1","Crippling Poison+1","Acrobatics+1","Dagger Spray","Catalyst+1","Corpse Explosion+1","Deadly Poison+1","Reflex","Ghostly+1","Ghostly","Ghostly","Ghostly","Ghostly","Noxious Fumes+1","Cloak And Dagger+1","Tactician+1","Noxious Fumes+1","Burst+1","Bouncing Flask","Burst","Catalyst+1","Deadly Poison+1","Noxious Fumes","Caltrops+1"],"special_seed":0,"relics":["Ring of the Snake","NeowsBlessing","Bird Faced Urn","Toy Ornithopter","HornCleat","Ninja Scroll","SacredBark","Tiny Chest","Eternal Feather","Question Card","CaptainsWheel","Paper Crane","Tiny House","Art of War","Tough Bandages","Bag of Preparation","Cauldron","Bottled Lightning","The Specimen","Whetstone"],"potions_floor_usage":[40,45,45,47,48,48,50,55],"damage_taken":[{"damage":0.0,"enemies":"Cultist","floor":1.0,"turns":1.0},{"damage":0.0,"enemies":"Small Slimes","floor":4.0,"turns":1.0},{"damage":0.0,"enemies":"Gremlin Nob","floor":7.0,"turns":1.0},{"damage":18.0,"enemies":"3 Sentries","floor":10.0,"turns":11.0},{"damage":0.0,"enemies":"Jaw Worm","floor":13.0,"turns":3.0},{"damage":15.0,"enemies":"Slime Boss","floor":16.0,"turns":9.0},{"damage":10.0,"enemies":"Chosen","floor":18.0,"turns":3.0},{"damage":3.0,"enemies":"Spheric Guardian","floor":19.0,"turns":5.0},{"damage":0.0,"enemies":"Centurion and Healer","floor":21.0,"turns":4.0},{"damage":0.0,"enemies":"Book of Stabbing","floor":24.0,"turns":4.0},{"damage":9.0,"enemies":"Slavers","floor":27.0,"turns":8.0},{"damage":0.0,"enemies":"Gremlin Leader","floor":29.0,"turns":4.0},{"damage":0.0,"enemies":"Champ","floor":33.0,"turns":6.0},{"damage":0.0,"enemies":"Orb Walker","floor":35.0,"turns":2.0},{"damage":7.0,"enemies":"3 Darklings","floor":38.0,"turns":4.0},{"damage":0,"enemies":"Reptomancer","floor":40,"turns":9},{"damage":0,"enemies":"Transient","floor":44,"turns":5},{"damage":0,"enemies":"Giant Head","floor":45,"turns":7},{"damage":1,"enemies":"Reptomancer","floor":47,"turns":7},{"damage":15,"enemies":"2 Orb Walkers","floor":48,"turns":8},{"damage":10,"enemies":"Donu and Deca","floor":50,"turns":5},{"damage":31,"enemies":"Shield and Spear","floor":54,"turns":6},{"damage":6,"enemies":"The Heart","floor":55,"turns":5}],"seed_played":"-8155389893869055492","potions_obtained":[{"floor":1.0,"key":"ColorlessPotion"},{"floor":4.0,"key":"GamblersBrew"},{"floor":7.0,"key":"Fire Potion"},{"floor":19.0,"key":"CunningPotion"},{"floor":21.0,"key":"Block Potion"},{"floor":29.0,"key":"EssenceOfSteel"},{"floor":33.0,"key":"ColorlessPotion"},{"floor":34.0,"key":"CunningPotion"},{"floor":40,"key":"DistilledChaos"},{"floor":44,"key":"DuplicationPotion"},{"floor":46,"key":"CunningPotion"},{"floor":46,"key":"SpeedPotion"},{"floor":47,"key":"Strength Potion"},{"floor":48,"key":"GamblersBrew"}],"is_trial":false,"path_per_floor":["M","$","?","M","?","R","E","R","T","E","T","$","M","$","R","B",null,"M","M","?","M","?","R","E","R","T","E","R","E","?","?","R","B",null,"M","?","T","M","?","E","R","$","T","M","E","$","E","?","R","B",null,"R","$","E","B"],"character_chosen":"THE_SILENT","items_purchased":["Envenom","Dagger Spray","Block Potion","EssenceOfSteel","Cauldron","Noxious Fumes"],"campfire_rested":0,"item_purchase_floors":[2,12,42,42,46,53],"current_hp_per_floor":[70,70,70,70,63,63,63,63,63,52,52,52,54,54,54,51,70,60,59,35,35,35,35,35,35,35,28,35,35,35,35,35,35,40,40,40,40,40,40,40,40,40,40,40,40,40,40,34,40,30,40,40,40,11,16,16],"gold":105,"neow_bonus":"THREE_ENEMY_KILL","is_prod":false,"is_daily":false,"chose_seed":false,"campfire_upgraded":9,"win_rate":0,"timestamp":1607528755,"path_taken":["M","$","?","?","?","R","E","R","T","E","?","$","M","?","R","BOSS","M","M","?","M","?","R","E","R","T","E","R","E","?","?","R","BOSS","M","?","?","?","?","E","R","$","T","M","E","$","E","?","R","BOSS","R","$","E","BOSS"],"build_version":"2020-12-07","purchased_purges":3,"victory":false,"max_hp_per_floor":[70,70,70,70,70,70,70,70,70,70,70,70,70,70,70,70,70,70,70,35,35,35,35,35,35,35,35,35,35,35,35,35,35,40,40,40,40,40,40,40,40,40,40,40,40,40,40,40,40,40,40,40,40,40,40,40],"relic_stats":{"Tough Bandages":[33],"counters":[23,118],"Bird Faced Urn":[24],"Tiny Chest":1,"Eternal Feather":13,"Art of War":[13],"Bag of Preparation":[0],"Whetstone":["Neutralize","Strike_G"],"Question Card":13,"obtain_stats":[{"Tiny House":34,"NeowsBlessing":0,"The Specimen":48,"SacredBark":17,"Eternal Feather":26,"Bag of Preparation":45,"Whetstone":54,"Paper Crane":31,"Question Card":27,"Cauldron":46,"CaptainsWheel":29,"Tough Bandages":40,"HornCleat":10,"Ninja Scroll":11,"Bird Faced Urn":7,"Tiny Chest":24,"Art of War":37,"Bottled Lightning":47,"Toy Ornithopter":9,"Ring of the Snake":0},{"Tiny House":13,"NeowsBlessing":0,"The Specimen":20,"SacredBark":6,"Eternal Feather":10,"Bag of Preparation":18,"Whetstone":22,"Paper Crane":12,"Question Card":11,"Cauldron":18,"CaptainsWheel":12,"Tough Bandages":16,"HornCleat":4,"Ninja Scroll":4,"Bird Faced Urn":3,"Tiny Chest":10,"Art of War":14,"Bottled Lightning":19,"Toy Ornithopter":3,"Ring of the Snake":0},{"Tiny House":60,"NeowsBlessing":0,"The Specimen":102,"SacredBark":26,"Eternal Feather":42,"Bag of Preparation":87,"Whetstone":113,"Paper Crane":54,"Question Card":50,"Cauldron":87,"CaptainsWheel":54,"Tough Bandages":75,"HornCleat":14,"Ninja Scroll":14,"Bird Faced Urn":3,"Tiny Chest":42,"Art of War":62,"Bottled Lightning":94,"Toy Ornithopter":3,"Ring of the Snake":0}],"Toy Ornithopter":31,"Ring of the Snake":[44]},"card_choices":[{"not_picked":["Poisoned Stab","Concentrate"],"picked":"Endless Agony","floor":1.0},{"not_picked":["Skewer","Poisoned Stab"],"picked":"Catalyst","floor":4.0},{"not_picked":["Flechettes","Acrobatics"],"picked":"Crippling Poison","floor":7.0},{"not_picked":["Bane","Well Laid Plans"],"picked":"Acrobatics","floor":10.0},{"not_picked":["Flying Knee","Blade Dance"],"picked":"Catalyst","floor":13.0},{"not_picked":["Storm of Steel","Adrenaline"],"picked":"Corpse Explosion","floor":16.0},{"not_picked":["Dagger Throw","Endless Agony"],"picked":"Deadly Poison+1","floor":18.0},{"not_picked":["Dash","Outmaneuver"],"picked":"Reflex","floor":19.0},{"not_picked":["Blur","Skewer"],"picked":"Noxious Fumes+1","floor":21.0},{"not_picked":["A Thousand Cuts","Dagger Throw"],"picked":"Cloak And Dagger+1","floor":24.0},{"not_picked":["Outmaneuver","Footwork"],"picked":"Tactician+1","floor":27.0},{"not_picked":["Crippling Poison","Underhanded Strike+1","Dodge and Roll"],"picked":"Noxious Fumes","floor":29.0},{"not_picked":["Wraith Form v2","Unload","Grand Finale"],"picked":"Burst","floor":33.0},{"not_picked":["Dagger Throw","Infinite Blades+1","Slice"],"picked":"Bouncing Flask","floor":34.0},{"not_picked":["Bane+1","Outmaneuver","Leg Sweep+1","Riddle With Holes+1"],"picked":"SKIP","floor":35.0},{"not_picked":["Deflect","Deadly Poison","Storm of Steel","Poisoned Stab"],"picked":"SKIP","floor":38.0},{"not_picked":["Sucker Punch","Setup+1","Prepared+1","Flying Knee"],"picked":"SKIP","floor":40},{"not_picked":["Sucker Punch+1","All Out Attack","Bane+1","Blade Dance+1"],"picked":"SKIP","floor":44},{"not_picked":["Cloak And Dagger","Blade Dance+1","Dagger Throw"],"picked":"Burst","floor":45},{"not_picked":["Blade Dance+1","Calculated Gamble","Masterful Stab"],"picked":"Catalyst","floor":47},{"not_picked":["Slice","Cloak And Dagger","Acrobatics+1"],"picked":"Deadly Poison+1","floor":48},{"not_picked":["Tactician","Acrobatics+1","Backstab+1"],"picked":"Caltrops+1","floor":54}],"player_experience":3376371,"relics_obtained":[{"floor":7.0,"key":"Bird Faced Urn"},{"floor":9.0,"key":"Toy Ornithopter"},{"floor":10.0,"key":"HornCleat"},{"floor":11.0,"key":"Ninja Scroll"},{"floor":24.0,"key":"Tiny Chest"},{"floor":26.0,"key":"Eternal Feather"},{"floor":27.0,"key":"Question Card"},{"floor":29.0,"key":"CaptainsWheel"},{"floor":37.0,"key":"Art of War"},{"floor":40,"key":"Tough Bandages"},{"floor":45,"key":"Bag of Preparation"},{"floor":47,"key":"Bottled Lightning"},{"floor":48,"key":"The Specimen"},{"floor":54,"key":"Whetstone"}],"event_choices":[{"damage_healed":0.0,"max_hp_gain":0.0,"max_hp_loss":0.0,"gold_gain":0.0,"event_name":"Match and Keep!","player_choice":"2 cards matched","floor":3.0,"gold_loss":0.0,"damage_taken":0.0,"cards_obtained":["Blind","Neutralize"]},{"cards_removed":["Strike_G"],"damage_healed":0.0,"max_hp_gain":0.0,"max_hp_loss":0.0,"gold_gain":0.0,"event_name":"Golden Wing","player_choice":"Card Removal","floor":5.0,"gold_loss":0.0,"damage_taken":7.0},{"damage_healed":0.0,"max_hp_gain":0.0,"max_hp_loss":35.0,"gold_gain":0.0,"event_name":"Ghosts","player_choice":"Became a Ghost","floor":20.0,"gold_loss":0.0,"damage_taken":0.0,"cards_obtained":["Ghostly","Ghostly","Ghostly","Ghostly","Ghostly"]},{"damage_healed":0.0,"max_hp_gain":0.0,"max_hp_loss":0.0,"gold_gain":99.0,"event_name":"Nest","player_choice":"Stole From Cult","floor":22.0,"gold_loss":0.0,"damage_taken":0.0},{"damage_healed":0.0,"max_hp_gain":0.0,"max_hp_loss":0.0,"gold_gain":0.0,"event_name":"Vampires","player_choice":"Ignored","floor":30.0,"gold_loss":0.0,"damage_taken":0.0},{"damage_healed":0.0,"max_hp_gain":0.0,"max_hp_loss":0.0,"gold_gain":0.0,"event_name":"Addict","player_choice":"Obtained Relic","floor":31.0,"gold_loss":85.0,"damage_taken":0.0,"relics_obtained":["Paper Crane"]},{"damage_healed":0.0,"max_hp_gain":0.0,"max_hp_loss":0.0,"gold_gain":0.0,"event_name":"Tomb of Lord Red Mask","player_choice":"Ignored","floor":36.0,"gold_loss":0.0,"damage_taken":0.0},{"damage_healed":0.0,"max_hp_gain":0.0,"max_hp_loss":0.0,"gold_gain":0.0,"event_name":"SensoryStone","player_choice":"Memory 1","floor":39.0,"gold_loss":0.0,"damage_taken":0.0},{"damage_healed":0,"gold_gain":0,"player_choice":"Fight","damage_taken":0,"max_hp_gain":0,"max_hp_loss":0,"event_name":"Mysterious Sphere","floor":48,"gold_loss":0}],"is_beta":true,"boss_relics":[{"not_picked":["Runic Dome","Empty Cage"],"picked":"SacredBark"},{"not_picked":["SlaversCollar","Philosopher\u0027s Stone"],"picked":"Tiny House"}],"items_purged_floors":[12,42,46],"is_endless":false,"potions_floor_spawned":[1,4,7,19,21,29,33,40,44,47,48],"killed_by":"The Heart","ascension_level":1}}