{"host":"wbdly04l9mkn9nrc","time":1607512064,"event":{"gold_per_floor":[115,115,133,58,78,78,26,36,62,62,62,89,108,128,128,229,229,245,245,95,106,106,106,117,137,137,137,137],"floor_reached":27,"playtime":1207,"items_purged":["Strike_B","Defend_B"],"score":215,"play_id":"32ca4874-3af2-4090-977a-f0d30ba72d6d","local_time":"20201209190744","is_ascension_mode":false,"campfire_choices":[{"data":"Redo","floor":6.0,"key":"SMITH"},{"data":"EpicFetus","floor":11.0,"key":"SMITH"},{"data":"Double Energy","floor":15.0,"key":"SMITH"},{"data":"Hologram","floor":23,"key":"SMITH"}],"neow_cost":"NONE","seed_source_timestamp":0,"circlet_count":0,"master_deck":["Strike_B","Strike_B","Strike_B","Defend_B","Defend_B","Defend_B","Zap","Dualcast","EpicFetus+1","Ball Lightning","Redo+1","Auto Shields","Leap","Doom and Gloom","Beam Cell","Double Energy+1","Reboot","Compile Driver+1","Cancel","Hologram+1","Writhe","Streamline+1"],"special_seed":0,"relics":["Cracked Core","HushsDoor","YumHeart","NeowsBlessing","HowToJump","Anchor","SacredBark","Lantern","Frozen Egg 2"],"potions_floor_usage":[18,27],"damage_taken":[{"damage":0.0,"enemies":"Small Slimes","floor":1.0,"turns":1.0},{"damage":0.0,"enemies":"Cultist","floor":3.0,"turns":1.0},{"damage":0.0,"enemies":"2 Louse","floor":5.0,"turns":1.0},{"damage":2.0,"enemies":"Large Slime","floor":8.0,"turns":4.0},{"damage":20.0,"enemies":"Gremlin Nob","floor":12.0,"turns":4.0},{"damage":14.0,"enemies":"3 Louse","floor":13.0,"turns":3.0},{"damage":0.0,"enemies":"Blue Slaver","floor":14.0,"turns":3.0},{"damage":17.0,"enemies":"The Guardian","floor":16.0,"turns":7.0},{"damage":4,"enemies":"3 Byrds","floor":18,"turns":3},{"damage":0,"enemies":"Chosen","floor":21,"turns":4},{"damage":22,"enemies":"Snake Plant","floor":24,"turns":4},{"damage":51,"enemies":"Shelled Parasite and Fungi","floor":25,"turns":5},{"damage":61,"enemies":"Book of Stabbing","floor":27,"turns":5}],"seed_played":"6901482989868482488","potions_obtained":[{"floor":1.0,"key":"Energy Potion"},{"floor":8.0,"key":"DistilledChaos"},{"floor":13.0,"key":"FocusPotion"},{"floor":16.0,"key":"PowerPotion"},{"floor":18,"key":"SteroidPotion"}],"is_trial":false,"path_per_floor":["M","?","M","$","M","R","$","M","T","$","R","E","M","M","R","B",null,"M","?","$","M","?","R","M","M","T","E"],"character_chosen":"DEFECT","items_purchased":["Leap","Hologram"],"campfire_rested":0,"item_purchase_floors":[7,20],"current_hp_per_floor":[75,75,75,75,75,75,75,73,73,73,73,53,64,64,64,47,75,71,71,71,71,71,71,70,44,44,0,0],"gold":137,"neow_bonus":"THREE_ENEMY_KILL","is_prod":false,"is_daily":false,"chose_seed":false,"campfire_upgraded":4,"win_rate":0.0,"timestamp":1607512064,"path_taken":["M","?","M","?","M","R","$","M","T","$","R","E","M","M","R","BOSS","M","?","$","M","?","R","M","M","T","E"],"build_version":"2020-11-30","purchased_purges":2,"victory":false,"max_hp_per_floor":[75,75,75,75,75,75,75,75,75,75,75,75,75,75,75,75,75,75,75,75,75,75,75,75,75,75,75,75],"card_choices":[{"not_picked":[],"picked":"EpicFetus","floor":0.0},{"not_picked":["Rip and Tear","Chill"],"picked":"Ball Lightning","floor":1.0},{"not_picked":["Cold Snap","Coolheaded"],"picked":"Redo","floor":3.0},{"not_picked":["Beam Cell","Stack"],"picked":"Auto Shields","floor":5.0},{"not_picked":["Streamline","Compile Driver"],"picked":"Doom and Gloom","floor":8.0},{"not_picked":["Fission","Glacier"],"picked":"Beam Cell","floor":12.0},{"not_picked":["Beam Cell","Darkness","Steam"],"picked":"SKIP","floor":13.0},{"not_picked":["Coolheaded","Redo"],"picked":"Double Energy","floor":14.0},{"not_picked":["Biased Cognition","Buffer"],"picked":"Reboot","floor":16.0},{"not_picked":["Ball Lightning","Coolheaded"],"picked":"Compile Driver+1","floor":18},{"not_picked":["Sweeping Beam","Redo","Fusion"],"picked":"SKIP","floor":21},{"not_picked":["Coolheaded","Beam Cell","Leap"],"picked":"SKIP","floor":24},{"not_picked":["Scrape","Hologram"],"picked":"Streamline+1","floor":25}],"player_experience":32919,"relics_obtained":[{"floor":9.0,"key":"HowToJump"},{"floor":12.0,"key":"Anchor"},{"floor":26,"key":"Frozen Egg 2"}],"event_choices":[{"damage_healed":0,"gold_gain":0,"player_choice":"Read","damage_taken":0,"max_hp_gain":0,"max_hp_loss":0,"event_name":"The Library","floor":19,"gold_loss":0,"cards_obtained":["Cancel"]},{"damage_healed":0,"gold_gain":0,"player_choice":"Opened","damage_taken":0,"relics_obtained":["Lantern"],"max_hp_gain":0,"max_hp_loss":0,"event_name":"The Mausoleum","floor":22,"gold_loss":0,"cards_obtained":["Writhe"]}],"is_beta":false,"boss_relics":[{"not_picked":["Ectoplasm","Snecko Eye"],"picked":"SacredBark"},{"not_picked":[]}],"items_purged_floors":[4,20],"is_endless":false,"potions_floor_spawned":[1,8,13,16,18],"killed_by":"Book of Stabbing","ascension_level":0}}