{"host":"s3g5dmvfnpdztvul","time":1607481376,"event":{"gold_per_floor":[116,130,43,92,127,157,170,170,170,190,203,236,236,28,28,131,131,141,155,155,165,165,192,192,202,202,221,221,221],"floor_reached":28,"playtime":1906,"items_purged":[],"score":305,"play_id":"f37c8b5d-b41c-45d8-9297-101707b62bda","local_time":"20201208213616","is_ascension_mode":true,"campfire_choices":[{"floor":8,"key":"REST"},{"floor":13,"key":"REST"},{"data":"alterego_mod:BrynhildrsRune","floor":15,"key":"SMITH"}],"neow_cost":"NONE","seed_source_timestamp":186787105235000,"circlet_count":0,"master_deck":["alterego_mod:Strike","alterego_mod:Strike","alterego_mod:Strike","alterego_mod:Strike","alterego_mod:Defend","alterego_mod:Defend","alterego_mod:Defend","alterego_mod:Defend","alterego_mod:Impale","alterego_mod:BigMeatyClaws","alterego_mod:BrynhildrsRune+1","alterego_mod:SuperDuperMasochism","alterego_mod:BustOut","alterego_mod:DeftHands","alterego_mod:Smother","alterego_mod:Maid","Thunderclap","alterego_mod:SakuraPetals","alterego_mod:Vow","alterego_mod:GoddessCore","alterego_mod:Punishment","alterego_mod:GIGAMILK","alterego_mod:SakuraFive+1","alterego_mod:BiFurious+1","alterego_mod:RocketPunch","alterego_mod:Mirror","alterego_mod:Valentines","hubris:Compulsion","alterego_mod:Birthday","alterego_mod:DeftHands"],"relics":["alterego_mod:MasochisticConstitution","aspiration:Nostalgia","m_GuardianBlood","hubris:SlimyHat","infinitespire:Broken Mirror","trackpad:GuardianSpirit","Onion Ring","Lee\u0027s Waffle","SlaversCollar","Orichalcum","Pantograph","StuffTheSpire:Tea"],"potions_floor_usage":[6,16,18,21,25,28],"damage_taken":[{"damage":11,"enemies":"Cultist","floor":1,"turns":5},{"damage":13,"enemies":"conspire:RoseBush","floor":2,"turns":3},{"damage":35,"enemies":"conspire:MimicChest","floor":5,"turns":6},{"damage":40,"enemies":"Gremlin Nob","floor":6,"turns":6},{"damage":19,"enemies":"Small Slimes","floor":7,"turns":5},{"damage":33,"enemies":"conspire:2 RoseBushes","floor":10,"turns":4},{"damage":8,"enemies":"Large Slime","floor":11,"turns":5},{"damage":17,"enemies":"Red Slaver","floor":12,"turns":4},{"damage":35,"enemies":"Slime Boss","floor":16,"turns":5},{"damage":43,"enemies":"3 Byrds","floor":18,"turns":5},{"damage":72,"enemies":"conspire:FuzzyDice","floor":19,"turns":6},{"damage":15,"enemies":"Chosen and Byrds","floor":21,"turns":3},{"damage":0,"enemies":"conspire:Head Lice","floor":23,"turns":2},{"damage":41,"enemies":"Snake Plant","floor":25,"turns":5},{"damage":25,"enemies":"3 Cultists","floor":27,"turns":6},{"damage":20,"enemies":"Centurion and Healer","floor":28,"turns":3}],"seed_played":"-6914214786764371355","potions_obtained":[{"floor":1,"key":"Swift Potion"},{"floor":11,"key":"Strength Potion"},{"floor":16,"key":"Fire Potion"},{"floor":19,"key":"DuplicationPotion"},{"floor":21,"key":"DuplicationPotion"},{"floor":27,"key":"SCP261:PenguinPunchPotion"}],"is_trial":false,"path_per_floor":["M","M","$","T","?","E","M","R","T","M","M","M","R","$","R","B",null,"M","M","?","M","?","E","?","M","T","M","M"],"character_chosen":"The_Alterego","items_purchased":["alterego_mod:DeftHands","alterego_mod:Smother","Lee\u0027s Waffle","alterego_mod:Punishment"],"campfire_rested":2,"item_purchase_floors":[3,3,14,14],"current_hp_per_floor":[71,65,65,65,44,11,39,61,61,35,34,24,47,85,85,57,86,50,14,14,33,42,48,48,14,14,18,0,0],"gold":221,"neow_bonus":"NOSTALGIA","is_prod":false,"is_daily":false,"chose_seed":false,"campfire_upgraded":1,"win_rate":1,"timestamp":1607481376,"path_taken":["M","?","$","?","?","E","?","R","T","M","M","M","R","$","R","BOSS","M","M","?","?","?","E","?","M","T","?","M"],"build_version":"2020-11-30","purchased_purges":0,"victory":false,"max_hp_per_floor":[71,72,72,72,73,74,75,75,75,76,77,78,78,85,85,86,86,87,88,88,89,89,89,89,90,90,91,91,91],"card_choices":[{"not_picked":["alterego_mod:MagicResistance","alterego_mod:Pet"],"picked":"alterego_mod:SuperDuperMasochism","floor":1},{"not_picked":["alterego_mod:Bloomers","alterego_mod:DiscoLights"],"picked":"alterego_mod:BustOut","floor":2},{"not_picked":["alterego_mod:Schoolgirl","alterego_mod:Rip"],"picked":"alterego_mod:Santa","floor":5},{"not_picked":["Entrench","alterego_mod:DeftHands"],"picked":"alterego_mod:Maid","floor":6},{"not_picked":["alterego_mod:PresenceConcealment","alterego_mod:SakuraLabyrinth"],"picked":"Thunderclap","floor":7},{"not_picked":["alterego_mod:Bounce","alterego_mod:Cooking"],"picked":"alterego_mod:SakuraPetals","floor":10},{"not_picked":["alterego_mod:Rip","alterego_mod:Table"],"picked":"alterego_mod:Vow","floor":11},{"not_picked":["alterego_mod:Maid","alterego_mod:RocketPunch"],"picked":"alterego_mod:GoddessCore","floor":12},{"not_picked":["alterego_mod:Antipathy","Double Tap"],"picked":"alterego_mod:GIGAMILK","floor":16},{"not_picked":["alterego_mod:Pet","alterego_mod:BiFurious"],"picked":"alterego_mod:SakuraFive+1","floor":18},{"not_picked":["alterego_mod:Bloomers+1","alterego_mod:PerceptionDisorder+1"],"picked":"alterego_mod:BiFurious+1","floor":19},{"not_picked":["alterego_mod:HighServant","alterego_mod:Belts"],"picked":"alterego_mod:Mirror","floor":21},{"not_picked":["alterego_mod:Support","alterego_mod:Rip+1"],"picked":"alterego_mod:Valentines","floor":23},{"not_picked":["alterego_mod:Bloomers","alterego_mod:Smother"],"picked":"alterego_mod:Birthday","floor":25},{"not_picked":["alterego_mod:BoobPocket+1","alterego_mod:BeGentle"],"picked":"alterego_mod:DeftHands","floor":27}],"player_experience":478005,"relics_obtained":[{"floor":4,"key":"hubris:SlimyHat"},{"floor":5,"key":"infinitespire:Broken Mirror"},{"floor":6,"key":"trackpad:GuardianSpirit"},{"floor":9,"key":"Onion Ring"},{"floor":23,"key":"Orichalcum"},{"floor":26,"key":"StuffTheSpire:Tea"}],"event_choices":[{"damage_healed":0,"gold_gain":0,"cards_transformed":["alterego_mod:Santa"],"player_choice":"Transformed","damage_taken":0,"max_hp_gain":0,"max_hp_loss":0,"event_name":"Transmorgrifier","floor":20,"gold_loss":0,"cards_obtained":["alterego_mod:RocketPunch"]}],"is_beta":false,"boss_relics":[{"not_picked":["hubris:HollowSoul","Runic Dome"],"picked":"SlaversCollar"}],"items_purged_floors":[],"is_endless":false,"potions_floor_spawned":[1,6,11,16,19,21,27],"killed_by":"Centurion and Healer","ascension_level":1}}