{"host":"j6locglyv7e0c0tm","time":1607506314,"event":{"gold_per_floor":[109,34,109,9,28,63,82,120,190,67,108,132,132,159,159,272,272,291,72,81,105,129,129,152,157,157],"floor_reached":25,"playtime":1315,"items_purged":[],"score":321,"play_id":"a95375f2-1604-4556-994a-b13bca699903","local_time":"20201209203154","is_ascension_mode":false,"campfire_choices":[{"floor":15,"key":"REST"},{"floor":23,"key":"RECALL"}],"neow_cost":"","seed_source_timestamp":280167209126000,"circlet_count":0,"master_deck":["hermit:Strike_Hermit","hermit:Strike_Hermit","hermit:Strike_Hermit","hermit:Strike_Hermit","hermit:Defend_Hermit","hermit:Defend_Hermit","hermit:Defend_Hermit","hermit:Defend_Hermit","hermit:Snapshot","hermit:Covet","hermit:Showdown","hermit:FullyLoaded","hermit:FlashPowder","hermit:ItchyTrigger","hermit:BodyArmor","hermit:Vantage+1","hermit:Dive","hermit:Glare","hermit:BigShot","hermit:ItchyTrigger","hermit:BigShot","hermit:Deadeye","hermit:Scavenge","hermit:Brawl+1","hermit:GhostlyPresence","hermit:Dive","hermit:BlackWind","hermit:Enervate","hermit:Scavenge"],"relics":["hermit:ClaspedLocket","Hammer of Thor","Seething Fire","Anvil of the Gods","Pondfish Scales","CeramicFish","Frozen Egg 2","Lantern","Oddly Smooth Stone"],"potions_floor_usage":[8,8,24],"damage_taken":[{"damage":10,"enemies":"Small Slimes","floor":1,"turns":3},{"damage":0,"enemies":"Cultist","floor":5,"turns":3},{"damage":14,"enemies":"Lagavulin","floor":6,"turns":9},{"damage":3,"enemies":"Jaw Worm","floor":7,"turns":4},{"damage":6,"enemies":"3 Sentries","floor":8,"turns":5},{"damage":17,"enemies":"Lagavulin","floor":11,"turns":9},{"damage":0,"enemies":"3 Louse","floor":12,"turns":5},{"damage":7,"enemies":"Hexaghost","floor":16,"turns":10},{"damage":13,"enemies":"3 Byrds","floor":18,"turns":10},{"damage":17,"enemies":"Shell Parasite","floor":21,"turns":7},{"damage":10,"enemies":"Snecko","floor":22,"turns":6},{"damage":29,"enemies":"Centurion and Healer","floor":24,"turns":7},{"damage":12,"enemies":"Slavers","floor":25,"turns":1}],"seed_played":"8614126433481723418","potions_obtained":[{"floor":6,"key":"PowerPotion"},{"floor":7,"key":"SpeedPotion"},{"floor":16,"key":"Milkshake"},{"floor":22,"key":"LiquidMemories"},{"floor":24,"key":"SteroidPotion"}],"is_trial":false,"path_per_floor":["M","?","?","$","M","E","M","E","T","$","E","M","?","T","R","B",null,"M","$","?","M","M","R","M","E"],"character_chosen":"HERMIT","items_purchased":["hermit:Showdown","hermit:FullyLoaded","hermit:FlashPowder","Explosive Potion","hermit:Dive","hermit:Glare","hermit:Scavenge","hermit:Brawl+1","Oddly Smooth Stone","hermit:Enervate"],"campfire_rested":1,"item_purchase_floors":[0,0,0,0,4,4,10,10,19,19],"current_hp_per_floor":[54,54,43,43,43,29,26,20,20,20,3,3,3,3,25,18,75,62,62,62,45,35,35,6,0,0],"gold":157,"neow_bonus":"","is_prod":false,"is_daily":false,"chose_seed":false,"campfire_upgraded":0,"win_rate":0,"timestamp":1607506314,"path_taken":["M","?","?","$","M","E","M","E","T","$","E","M","?","?","R","BOSS","M","$","?","M","M","R","M","E"],"build_version":"2020-11-30","purchased_purges":0,"victory":false,"max_hp_per_floor":[75,75,75,75,75,75,75,75,75,75,75,75,75,75,75,75,75,75,75,75,75,75,75,75,75,75],"relic_stats":{"counters":[112,682],"CeramicFish":72,"obtain_stats":[{"Divine Protection":24,"Golden Egg":0,"hermit:ClaspedLocket":17,"Calipers":14,"Gremlin Horn":52,"CeramicFish":28,"Vajra":26,"Hammer of Thor":0,"Whetstone":24,"Bottled Tornado":7,"hermit:RyeStalk":7,"Lizard Tail":9,"DollysMirror":28,"Kunai":22,"Replay:Wax Seal":40,"hermit:Spyglass":45,"Replay:Bottled Steam":49,"Ring of Hypnosis":4,"Oddly Smooth Stone":19,"Pen Nib":36,"WarpedTongs":21,"SlaversCollar":36,"Replay:Baseball":40,"hermit:PetGhost":14,"Anvil of the Gods":0,"Bronze Scales":30,"Molten Egg 2":11,"ReplayTheSpireMod:TigerMarble":26,"hermit:Momento":0,"Lantern":48,"Regal Pillow":0,"Singing Bowl":20,"SacredBark":17,"Blue Doll":24,"Pet Ghost":8,"Frozen Eye":0,"Dream Catcher":11,"Chameleon Ring":0,"Shovel":43,"Mummified Hand":54,"Red Mask":44,"Replay:Bottled Snecko":6,"Runic Pyramid":34,"Lee\u0027s Waffle":0,"BargainBundle":36,"Runesmith:Nanobots":56,"ReplayTheSpireMod:Ninjato":0,"Seething Fire":0,"Frozen Egg 2":9,"Orichalcum":54,"MawBank":8,"Replay:Arrowhead":0,"sneckomod:BabySnecko":30,"Anchor":40,"Pondfish Scales":6,"Ornamental Fan":28,"betterThird:SlimedRelic":13,"Snack Pack":9,"Garlic":26,"Membership Card":27,"Toy Ornithopter":0,"ReplayTheSpireMod:ShopPack":0},{"Divine Protection":11,"Golden Egg":64,"hermit:ClaspedLocket":107,"Calipers":23,"Gremlin Horn":62,"CeramicFish":74,"Vajra":52,"Hammer of Thor":0,"Whetstone":29,"Bottled Tornado":47,"hermit:RyeStalk":68,"Lizard Tail":22,"DollysMirror":12,"Kunai":52,"Replay:Wax Seal":79,"hermit:Spyglass":81,"Replay:Bottled Steam":61,"Ring of Hypnosis":21,"Oddly Smooth Stone":108,"Pen Nib":15,"WarpedTongs":10,"SlaversCollar":77,"Replay:Baseball":37,"hermit:PetGhost":49,"Anvil of the Gods":0,"Bronze Scales":74,"Molten Egg 2":6,"ReplayTheSpireMod:TigerMarble":30,"hermit:Momento":0,"Lantern":40,"Regal Pillow":64,"Singing Bowl":95,"SacredBark":8,"Blue Doll":97,"Pet Ghost":47,"Frozen Eye":86,"Dream Catcher":48,"Chameleon Ring":43,"Shovel":60,"Mummified Hand":63,"Red Mask":38,"Replay:Bottled Snecko":4,"Runic Pyramid":56,"Lee\u0027s Waffle":18,"BargainBundle":34,"Runesmith:Nanobots":85,"ReplayTheSpireMod:Ninjato":86,"Seething Fire":0,"Frozen Egg 2":5,"Orichalcum":42,"MawBank":89,"Replay:Arrowhead":86,"sneckomod:BabySnecko":12,"Anchor":79,"Pondfish Scales":102,"Ornamental Fan":98,"betterThird:SlimedRelic":23,"Snack Pack":47,"Garlic":98,"Membership Card":98,"Toy Ornithopter":18,"ReplayTheSpireMod:ShopPack":43},{"Divine Protection":65,"Golden Egg":425,"hermit:ClaspedLocket":651,"Calipers":134,"Gremlin Horn":412,"CeramicFish":471,"Vajra":357,"Hammer of Thor":0,"Whetstone":208,"Bottled Tornado":333,"hermit:RyeStalk":440,"Lizard Tail":128,"DollysMirror":73,"Kunai":357,"Replay:Wax Seal":500,"hermit:Spyglass":513,"Replay:Bottled Steam":402,"Ring of Hypnosis":122,"Oddly Smooth Stone":661,"Pen Nib":97,"WarpedTongs":52,"SlaversCollar":489,"Replay:Baseball":262,"hermit:PetGhost":339,"Anvil of the Gods":0,"Bronze Scales":471,"Molten Egg 2":24,"ReplayTheSpireMod:TigerMarble":214,"hermit:Momento":0,"Lantern":287,"Regal Pillow":425,"Singing Bowl":588,"SacredBark":42,"Blue Doll":596,"Pet Ghost":333,"Frozen Eye":542,"Dream Catcher":337,"Chameleon Ring":320,"Shovel":396,"Mummified Hand":418,"Red Mask":269,"Replay:Bottled Snecko":16,"Runic Pyramid":379,"Lee\u0027s Waffle":113,"BargainBundle":244,"Runesmith:Nanobots":540,"ReplayTheSpireMod:Ninjato":542,"Seething Fire":0,"Frozen Egg 2":21,"Orichalcum":315,"MawBank":556,"Replay:Arrowhead":542,"sneckomod:BabySnecko":73,"Anchor":500,"Pondfish Scales":618,"Ornamental Fan":601,"betterThird:SlimedRelic":134,"Snack Pack":333,"Garlic":601,"Membership Card":601,"Toy Ornithopter":113,"ReplayTheSpireMod:ShopPack":320}]},"card_choices":[{"not_picked":["hermit:Snipe","hermit:Headshot"],"picked":"hermit:BodyArmor","floor":1},{"not_picked":["hermit:Ricochet+1","hermit:Snipe+1"],"picked":"hermit:Vantage+1","floor":2},{"not_picked":["hermit:SprayPray","hermit:Quickdraw"],"picked":"hermit:BigShot","floor":5},{"not_picked":["hermit:SprayPray","hermit:CalledShot"],"picked":"hermit:ItchyTrigger","floor":6},{"not_picked":["hermit:Feint","hermit:LuckOfTheDraw"],"picked":"hermit:BigShot","floor":7},{"not_picked":["hermit:Adapt","hermit:DeadMansHand"],"picked":"hermit:Deadeye","floor":8},{"not_picked":["hermit:Midnight","hermit:PistolWhip"],"picked":"hermit:GhostlyPresence","floor":11},{"not_picked":["hermit:Feint","hermit:WideOpen"],"picked":"hermit:Dive","floor":12},{"not_picked":["hermit:RoundhouseKick","hermit:DeadOrAlive"],"picked":"hermit:BlackWind","floor":16},{"not_picked":["hermit:LowProfile","hermit:CalledShot","hermit:Showdown"],"picked":"SKIP","floor":18},{"not_picked":["hermit:Glare","hermit:CursedWeapon+1","hermit:NoHoldsBarred"],"picked":"SKIP","floor":21},{"not_picked":["hermit:Manifest","hermit:Quickdraw","hermit:Horror"],"picked":"SKIP","floor":22},{"not_picked":["hermit:Manifest","hermit:Roulette","hermit:TrackingShot+1"],"picked":"SKIP","floor":24}],"player_experience":779722,"relics_obtained":[{"floor":6,"key":"Pondfish Scales"},{"floor":8,"key":"CeramicFish"},{"floor":9,"key":"Frozen Egg 2"},{"floor":11,"key":"Lantern"}],"event_choices":[{"damage_healed":0,"gold_gain":0,"player_choice":"2","damage_taken":0,"max_hp_gain":0,"max_hp_loss":0,"event_name":"betterMatch:BetterMatch","floor":2,"gold_loss":0,"cards_obtained":["betterMatch:CommonCard"]},{"damage_healed":0,"gold_gain":75,"player_choice":"Gold","damage_taken":11,"max_hp_gain":0,"max_hp_loss":0,"event_name":"betterThird:BetterGoop","floor":3,"gold_loss":0},{"damage_healed":0,"gold_gain":0,"player_choice":"Ignored","damage_taken":0,"max_hp_gain":0,"max_hp_loss":0,"event_name":"Golden Idol","floor":13,"gold_loss":0},{"damage_healed":0,"gold_gain":0,"player_choice":"Copied","damage_taken":0,"max_hp_gain":0,"max_hp_loss":0,"event_name":"Duplicator","floor":20,"gold_loss":0,"cards_obtained":["hermit:Scavenge"]}],"is_beta":false,"boss_relics":[{"not_picked":["Runesmith:UraniumAnvil","Runic Dome"],"picked":"hermit:ClaspedLocket"}],"items_purged_floors":[],"is_endless":false,"potions_floor_spawned":[6,7,16,22,24],"killed_by":"Slavers","ascension_level":0}}