{"host":"cjhtzh7tp54jdfyv","time":1607542883,"event":{"gold_per_floor":[117,136,6,19,37,37,65,65,91,125,137,149,205,231,243,351,363,399,430,457,5,25,25,25],"floor_reached":23,"playtime":1691,"items_purged":["Strike_B","Strike_B"],"score":426,"play_id":"cb1eee85-2ac4-4fba-bd06-0b73da8ef85e","local_time":"20201209144123","is_ascension_mode":true,"campfire_choices":[{"data":"Sunder","floor":6.0,"key":"SMITH"},{"floor":12.0,"key":"REST"},{"data":"Consume","floor":15.0,"key":"SMITH"}],"neow_cost":"NONE","seed_source_timestamp":692108148286000,"circlet_count":0,"master_deck":["AscendersBane","Strike_B","Strike_B","Defend_B","Defend_B","Defend_B","Defend_B","Zap","Dualcast","Cold Snap","Ball Lightning","Ball Lightning","Sunder+1","Seek+1","Self Repair","Consume+1","Core Surge","Defragment","Undo+1","Defragment","Defragment"],"special_seed":0,"relics":["Cracked Core","Art of War","Golden Idol","Lantern","MawBank","Thread and Needle","Snecko Eye","DataDisk","DollysMirror"],"potions_floor_usage":[20],"damage_taken":[{"damage":7.0,"enemies":"Small Slimes","floor":1.0,"turns":3.0},{"damage":0.0,"enemies":"2 Louse","floor":2.0,"turns":2.0},{"damage":0.0,"enemies":"Jaw Worm","floor":4.0,"turns":4.0},{"damage":12.0,"enemies":"Red Slaver","floor":5.0,"turns":3.0},{"damage":21.0,"enemies":"3 Sentries","floor":7.0,"turns":5.0},{"damage":25.0,"enemies":"Lagavulin","floor":10.0,"turns":7.0},{"damage":18.0,"enemies":"Gremlin Nob","floor":13.0,"turns":4.0},{"damage":0.0,"enemies":"2 Fungi Beasts","floor":14.0,"turns":2.0},{"damage":13.0,"enemies":"Slime Boss","floor":16.0,"turns":7.0},{"damage":13.0,"enemies":"Shell Parasite","floor":18.0,"turns":3.0},{"damage":7.0,"enemies":"Chosen","floor":19.0,"turns":4.0},{"damage":10,"enemies":"Centurion and Healer","floor":20,"turns":2},{"damage":29,"enemies":"3 Cultists","floor":22,"turns":5},{"damage":39,"enemies":"Gremlin Leader","floor":23,"turns":4}],"seed_played":"8776702196351694666","potions_obtained":[{"floor":1.0,"key":"DistilledChaos"},{"floor":10.0,"key":"Block Potion"},{"floor":14.0,"key":"EssenceOfDarkness"},{"floor":18.0,"key":"Explosive Potion"}],"is_trial":false,"path_per_floor":["M","M","$","M","M","R","E","?","T","E","?","R","E","M","R","B",null,"M","M","M","$","M","E"],"character_chosen":"DEFECT","items_purchased":["Ball Lightning","DataDisk","Defragment","DollysMirror"],"campfire_rested":1,"item_purchase_floors":[3,21,21,21],"current_hp_per_floor":[64,64,64,64,52,52,31,31,31,6,6,27,16,23,23,17,58,52,52,49,49,27,0,0],"gold":25,"neow_bonus":"TEN_PERCENT_HP_BONUS","is_prod":false,"is_daily":false,"chose_seed":false,"campfire_upgraded":2,"win_rate":0,"timestamp":1607542883,"path_taken":["M","M","$","M","M","R","E","?","T","E","?","R","E","M","R","BOSS","M","M","M","$","M","E"],"build_version":"2020-11-30","purchased_purges":2,"victory":false,"max_hp_per_floor":[78,78,78,78,78,78,78,71,71,71,71,71,71,71,71,71,71,71,71,71,71,71,71,71],"card_choices":[{"not_picked":["Undo","Compile Driver"],"picked":"Cold Snap","floor":1.0},{"not_picked":["Conserve Battery","Leap","Coolheaded"],"picked":"SKIP","floor":2.0},{"not_picked":["Fusion","Consume"],"picked":"Ball Lightning","floor":4.0},{"not_picked":["Barrage","Hologram"],"picked":"Sunder","floor":5.0},{"not_picked":["Conserve Battery","Blizzard"],"picked":"Seek","floor":7.0},{"not_picked":["Hello World","Skim"],"picked":"Self Repair","floor":10.0},{"not_picked":["Turbo","Streamline","Leap"],"picked":"SKIP","floor":13.0},{"not_picked":["Sunder","Rip and Tear"],"picked":"Consume","floor":14.0},{"not_picked":["Hyperbeam","Multi-Cast"],"picked":"Core Surge","floor":16.0},{"not_picked":["Stack","Lockon","Doom and Gloom"],"picked":"SKIP","floor":18.0},{"not_picked":["Hello World","Chill"],"picked":"Defragment","floor":19.0},{"not_picked":["Hologram","Streamline"],"picked":"Undo+1","floor":20},{"not_picked":["Conserve Battery","Go for the Eyes","Cold Snap"],"picked":"SKIP","floor":22}],"player_experience":4077481,"relics_obtained":[{"floor":7.0,"key":"Art of War"},{"floor":9.0,"key":"Lantern"},{"floor":10.0,"key":"MawBank"},{"floor":13.0,"key":"Thread and Needle"}],"event_choices":[{"damage_healed":0.0,"max_hp_gain":0.0,"max_hp_loss":7.0,"gold_gain":0.0,"event_name":"Golden Idol","player_choice":"Lose Max HP","floor":8.0,"gold_loss":0.0,"damage_taken":0.0,"relics_obtained":["Golden Idol"]},{"damage_healed":0.0,"max_hp_gain":0.0,"max_hp_loss":0.0,"gold_gain":0.0,"event_name":"Living Wall","player_choice":"Grow","floor":11.0,"gold_loss":0.0,"damage_taken":0.0,"cards_upgraded":["Seek"]}],"is_beta":false,"boss_relics":[{"not_picked":["Ectoplasm","Runic Dome"],"picked":"Snecko Eye"}],"items_purged_floors":[3,21],"is_endless":false,"potions_floor_spawned":[1,10,14,18],"killed_by":"Gremlin Leader","ascension_level":20}}