{"host":"J","time":1607545915,"event":{"gold_per_floor":[116,129,148,166,166,166,241,241,241],"floor_reached":8,"playtime":1852,"items_purged":[],"score":96,"play_id":"98bc6152-92c5-4018-a1d5-df238408b630","local_time":"20201209213155","is_ascension_mode":true,"campfire_choices":[{"data":"Blade Dance","floor":6.0,"key":"SMITH"}],"neow_cost":"NONE","seed_source_timestamp":0,"circlet_count":0,"master_deck":["AscendersBane","Strike_G","Strike_G","Strike_G","Strike_G","Strike_G","Defend_G","Defend_G","Defend_G","Defend_G","Defend_G","Survivor","Neutralize","Infinite Blades","PiercingWail","Flying Knee","Blade Dance+1"],"special_seed":0,"relics":["Ring of the Snake","Smiling Mask"],"potions_floor_usage":[8],"damage_taken":[{"damage":0.0,"enemies":"2 Louse","floor":1.0,"turns":3.0},{"damage":2.0,"enemies":"Jaw Worm","floor":2.0,"turns":4.0},{"damage":7.0,"enemies":"Cultist","floor":3.0,"turns":5.0},{"damage":6.0,"enemies":"Looter","floor":4.0,"turns":4.0},{"damage":32,"enemies":"3 Sentries","floor":8,"turns":6}],"seed_played":"-6374073823252904967","potions_obtained":[{"floor":2.0,"key":"SkillPotion"}],"is_trial":false,"path_per_floor":["M","M","M","M","?","R","?","E"],"character_chosen":"THE_SILENT","items_purchased":[],"campfire_rested":0,"item_purchase_floors":[],"current_hp_per_floor":[59,57,50,44,44,44,33,1,1],"gold":241,"neow_bonus":"RANDOM_COMMON_RELIC","is_prod":false,"is_daily":false,"chose_seed":false,"campfire_upgraded":1,"win_rate":0,"timestamp":1607545915,"path_taken":["M","M","M","M","?","R","?","E"],"build_version":"2020-12-07","purchased_purges":0,"victory":false,"max_hp_per_floor":[66,66,66,66,66,66,66,66,66],"relic_stats":{"counters":[5,22],"Smiling Mask":0,"obtain_stats":[{"Smiling Mask":0,"Ring of the Snake":0},{"Smiling Mask":0,"Ring of the Snake":0},{"Smiling Mask":0,"Ring of the Snake":0}],"Ring of the Snake":[10]},"card_choices":[{"not_picked":["Dodge and Roll","Blur"],"picked":"Infinite Blades","floor":1.0},{"not_picked":["Backflip","Infinite Blades"],"picked":"PiercingWail","floor":2.0},{"not_picked":["Skewer","Deflect"],"picked":"Flying Knee","floor":3.0},{"not_picked":["Concentrate","Dodge and Roll"],"picked":"Blade Dance","floor":4.0}],"player_experience":214359,"relics_obtained":[],"event_choices":[{"damage_healed":0.0,"max_hp_gain":0.0,"max_hp_loss":0.0,"gold_gain":0.0,"event_name":"Liars Game","player_choice":"Ignored","floor":5.0,"gold_loss":0.0,"damage_taken":0.0},{"damage_healed":0.0,"max_hp_gain":0.0,"max_hp_loss":0.0,"gold_gain":75.0,"event_name":"World of Goop","player_choice":"Gather Gold","floor":7.0,"gold_loss":0.0,"damage_taken":11.0}],"is_beta":true,"boss_relics":[],"items_purged_floors":[],"is_endless":false,"potions_floor_spawned":[2],"killed_by":"3 Sentries","ascension_level":20}}