{"host":"kemierffxzp7hjec","time":1607484536,"event":{"gold_per_floor":[115,127,127,8,8,40,57,57,57,73,88,88,13,13,13,108,108,128,128,139,155,175,175,175,175,175,187,215,15,71,71,71,168,168,178,192,203,203,215,215,234,9,9,9,9,22,22,22,22,36,36,136,136,136,8,8,8],"floor_reached":56,"playtime":4552,"items_purged":["HollowMod:NailStrikeStart","HollowMod:QuickDashStart","HollowMod:NailStrikeStart","HollowMod:FallenFury"],"score":871,"play_id":"61bbc99c-ecc3-4619-8a0c-d2662812e260","local_time":"20201208222856","is_ascension_mode":false,"campfire_choices":[{"data":"HollowMod:MantisMark","floor":8.0,"key":"SMITH"},{"data":"HollowMod:ChannelNail","floor":12.0,"key":"SMITH"},{"data":"HollowMod:HuntersJournal","floor":12.0,"key":"SMITH"},{"data":"Sickly","floor":15.0,"key":"PURGE"},{"floor":23,"key":"RECALL"},{"data":"HollowMod:HuntersJournal","floor":32,"key":"SMITH"},{"data":"HollowMod:SoulStrike","floor":32,"key":"SMITH"},{"data":"HollowMod:BaldurShell","floor":40,"key":"SMITH"},{"data":"HollowMod:DoubleDash","floor":40,"key":"SMITH"},{"data":"HollowMod:DesolateDive","floor":47,"key":"SMITH"},{"data":"HollowMod:MonarchWings","floor":47,"key":"SMITH"},{"data":"HollowMod:MonarchWings","floor":49,"key":"SMITH"},{"data":"HollowMod:SoulMaster","floor":49,"key":"SMITH"},{"data":"HollowMod:QuickDashStart","floor":51,"key":"SMITH"},{"data":"HollowMod:QuickDashStart","floor":51,"key":"SMITH"},{"data":"HollowMod:Weaversong","floor":54,"key":"SMITH"},{"data":"HollowMod:QuickDashStart","floor":54,"key":"SMITH"}],"neow_cost":"","seed_source_timestamp":779761827951100,"circlet_count":0,"master_deck":["HollowMod:QuickDashStart+1","HollowMod:QuickDashStart+1","HollowMod:QuickDashStart+1","HollowMod:FocusHealStart","HollowMod:PogoStrike","HollowMod:DoubleDash+1","HollowMod:MonarchWings+1","HollowMod:MonarchWings+1","HollowMod:GreatSlash+1","HollowMod:HuntersJournal+1","HollowMod:SoulStrike+1","HollowMod:MantisMark+1","HollowMod:HowlingWraiths","HollowMod:BaldurShell+1","HollowMod:ChannelNail+1","HollowMod:Weaversong+1","HollowMod:CycloneSlash+1","HollowMod:SharpenedNail+1","HollowMod:DashSlash+1","HollowMod:SoulMaster+1","HollowMod:HuntersJournal+1","HollowMod:AwokenDreamNail","HollowMod:CycloneSlash+1","HollowMod:SoulStrike+1","HollowMod:RecoilStrike+1","HollowMod:BaldurShell+1","HollowMod:DesolateDive+1","HollowMod:MantisMark+1"],"special_seed":0,"relics":["HollowMod:VesselMask","ClockworkSouvenir","Ring of Fury","Ring of Peace","Bromod:ArcaneMomentum","potionbrewer:DrinkingBird","Replay:Arrowhead","ChewingGum","Centennial Puzzle","Empty Cage","infinitespire:CheckeredPen","HollowMod:MantisClawRelic"],"potions_floor_usage":[22,28,30,33,33,35,37,39,50,52,52,52,52,56,56],"damage_taken":[{"damage":0.0,"enemies":"Hallownest:monsterHuskGuard","floor":1.0,"turns":6.0},{"damage":0.0,"enemies":"Hallownest:2_Baldur","floor":2.0,"turns":3.0},{"damage":0.0,"enemies":"Hallownest:eliteCrystalGuardian","floor":6.0,"turns":6.0},{"damage":0.0,"enemies":"Hallownest:monsterHuskWarrior","floor":7.0,"turns":3.0},{"damage":0.0,"enemies":"Hallownest:monsterMossCharger","floor":10.0,"turns":4.0},{"damage":0.0,"enemies":"Hallownest:monsterFoolEater","floor":11.0,"turns":4.0},{"damage":28.0,"enemies":"Hallownest:BossFalseKnight","floor":16.0,"turns":7.0},{"damage":0.0,"enemies":"Hallownest:Flukemon_and_Top","floor":18.0,"turns":5.0},{"damage":0.0,"enemies":"Hallownest:2_Mistakes","floor":20.0,"turns":4.0},{"damage":0.0,"enemies":"Hallownest:monsterShrumalOgre","floor":21.0,"turns":4.0},{"damage":0,"enemies":"Hallownest:2_Husk_Sentries","floor":22,"turns":2},{"damage":7,"enemies":"Hallownest:Master_and_Novice","floor":27,"turns":4},{"damage":6,"enemies":"Hallownest:Nosk","floor":28,"turns":7},{"damage":6,"enemies":"Hallownest:Glutton_and_Coward","floor":30,"turns":3},{"damage":13,"enemies":"Hallownest:BossMantisLord","floor":33,"turns":4},{"damage":0,"enemies":"Hallownest:3_Siblings","floor":35,"turns":5},{"damage":4,"enemies":"Hallownest:2_Littles","floor":36,"turns":4},{"damage":4,"enemies":"Hallownest:Xero_Hu_Marmu","floor":37,"turns":6},{"damage":0,"enemies":"Hallownest:Slobbering_and_Violent","floor":39,"turns":7},{"damage":2,"enemies":"Hallownest:Shield_Sturdy","floor":41,"turns":7},{"damage":12,"enemies":"Hallownest:Xero_Hu_Marmu","floor":46,"turns":6},{"damage":10,"enemies":"Hallownest:monsterPrimalAspid","floor":50,"turns":4},{"damage":24,"enemies":"Hallownest:BossGreyPrinceZote","floor":52,"turns":5},{"damage":86,"enemies":"Shield and Spear","floor":56,"turns":5}],"seed_played":"-6741058849821309879","potions_obtained":[{"floor":6.0,"key":"SmokeBomb"},{"floor":7.0,"key":"EssenceOfSteel"},{"floor":16.0,"key":"potionbrewer:NoxiousPotion"},{"floor":20.0,"key":"Block Potion"},{"floor":28,"key":"Weak Potion"},{"floor":30,"key":"potionbrewer:HastePotion"},{"floor":33,"key":"potionbrewer:ToxicPotion"},{"floor":37,"key":"Block Potion"},{"floor":52,"key":"Block Potion"}],"is_trial":false,"path_per_floor":["M","M","?","$","?","E","M","R","T","M","M","R","?","?","R_BF","B",null,"M","?","M","M","M","R","?","?","T","M","E","$","M","?","R","B",null,"M","M","M","?","M","R","M","$","PTL","PTL","T","M","R","$","R","M","R","B",null,"R","$","E"],"character_chosen":"THE_BUGKNIGHT","items_purchased":["HollowMod:DoubleDash","HollowMod:MonarchWings","HollowMod:FallenFury","ClockworkSouvenir","HollowMod:SoulStrike","Bromod:ArcaneMomentum","HollowMod:HuntersJournal","HollowMod:DesolateDive","HollowMod:MantisClawRelic"],"campfire_rested":0,"item_purchase_floors":[0,0,0,0,4,4,29,42,55],"current_hp_per_floor":[75,75,75,75,75,75,75,75,75,75,75,75,80,80,80,58,80,80,80,80,80,80,80,80,76,76,75,74,74,68,68,68,55,80,80,76,80,79,80,80,80,80,80,80,80,68,68,68,68,64,64,46,80,80,80,0,0],"gold":8,"neow_bonus":"","is_prod":false,"is_daily":false,"chose_seed":false,"campfire_upgraded":15,"win_rate":0,"timestamp":1607484536,"path_taken":["M","M","?","$","?","E","M","R","T","M","M","R","?","?","R_BF","BOSS","M","?","M","M","M","R","?","?","T","M","E","$","M","?","R","BOSS","M","M","M","?","M","R","M","$","PTL","PTL","T","M","R","?","R","M","R","BOSS","R","$","E"],"build_version":"2020-11-30","purchased_purges":4,"victory":false,"max_hp_per_floor":[75,75,75,75,75,75,75,75,75,75,75,75,80,80,80,80,80,80,80,80,80,80,80,80,80,80,80,80,80,80,80,80,80,80,80,80,80,80,80,80,80,80,80,80,80,80,80,80,80,80,80,80,80,80,80,80,80],"card_choices":[{"not_picked":["HollowMod:ShadowDash","HollowMod:CornifersMapStart"],"picked":"HollowMod:GreatSlash","floor":1.0},{"not_picked":["HollowMod:GoodIntentions","HollowMod:WraithStrike"],"picked":"HollowMod:HuntersJournal","floor":2.0},{"not_picked":["HollowMod:LifebloodCocoon","HollowMod:InfectedAttack"],"picked":"HollowMod:MantisMark","floor":6.0},{"not_picked":["HollowMod:SoulShaman","HollowMod:GreatSlash"],"picked":"HollowMod:HowlingWraiths","floor":7.0},{"not_picked":["HollowMod:TaintedHusks","HollowMod:VengefulVoid"],"picked":"HollowMod:BaldurShell","floor":10.0},{"not_picked":["HollowMod:Grubsong","HollowMod:AwokenDreamNail"],"picked":"HollowMod:ChannelNail","floor":11.0},{"not_picked":["HollowMod:PureVessel","HollowMod:theNailsmith"],"picked":"HollowMod:Weaversong","floor":16.0},{"not_picked":["HollowMod:FastStrike","HollowMod:NewLittleFool+1"],"picked":"HollowMod:CycloneSlash+1","floor":18.0},{"not_picked":["HollowMod:DescendingDark","HollowMod:SoulShaman"],"picked":"HollowMod:SharpenedNail+1","floor":20.0},{"not_picked":["HollowMod:SoulVessel+1","HollowMod:NewJinnsSoul"],"picked":"HollowMod:FastStrike+1","floor":21.0},{"not_picked":["HollowMod:FastStrike","HollowMod:ChannelNail+1","HollowMod:DescendingDark"],"picked":"SKIP","floor":22},{"not_picked":["HollowMod:ShadowDash","HollowMod:SiblingsShadow"],"picked":"HollowMod:DashSlash+1","floor":27},{"not_picked":["HollowMod:InfectedAttack","HollowMod:CrystalDash"],"picked":"HollowMod:SoulMaster","floor":28},{"not_picked":["HollowMod:NewLittleFool","HollowMod:TaintedHusks","HollowMod:SiblingsSouls+1"],"picked":"SKIP","floor":30},{"not_picked":["HollowMod:WhiteLadysBlessing","HollowMod:HerrahsAnger"],"picked":"HollowMod:AwokenDreamNail","floor":33},{"not_picked":["HollowMod:InfectedAttack+1","HollowMod:AbyssShriek"],"picked":"HollowMod:CycloneSlash+1","floor":35},{"not_picked":["HollowMod:DescendingDark","HollowMod:ChannelNail"],"picked":"HollowMod:SoulStrike+1","floor":36},{"not_picked":["HollowMod:AbyssShriek","HollowMod:SoulStrike"],"picked":"HollowMod:RecoilStrike+1","floor":37},{"not_picked":["HollowMod:CornifersMapStart","HollowMod:HowlingWraiths+1"],"picked":"HollowMod:BaldurShell","floor":39},{"not_picked":["HollowMod:CornifersMapStart","HollowMod:ShadowDash","HollowMod:SoulStrike"],"picked":"SKIP","floor":41},{"not_picked":["HollowMod:ShadowDash","HollowMod:CycloneSlash"],"picked":"HollowMod:MantisMark+1","floor":46},{"not_picked":["HollowMod:ChannelNail","HollowMod:SiblingsSouls+1","HollowMod:HeavyBlow+1"],"picked":"SKIP","floor":50}],"player_experience":326283,"relics_obtained":[{"floor":3.0,"key":"Ring of Fury"},{"floor":3.0,"key":"Ring of Peace"},{"floor":6.0,"key":"potionbrewer:DrinkingBird"},{"floor":9.0,"key":"Replay:Arrowhead"},{"floor":28,"key":"Centennial Puzzle"},{"floor":45,"key":"infinitespire:CheckeredPen"}],"event_choices":[{"damage_healed":0,"gold_gain":0,"player_choice":"","damage_taken":1,"relics_obtained":[],"max_hp_gain":0,"max_hp_loss":0,"event_name":"betterSkull:BetterSkull","floor":38,"gold_loss":0,"cards_upgraded":[]}],"is_beta":false,"boss_relics":[{"not_picked":["Snecko Eye","ReplayTheSpireMod:SealedPack"],"picked":"ChewingGum"},{"not_picked":["SlaversCollar","Astrolabe"],"picked":"Empty Cage"}],"items_purged_floors":[0,0,29,42],"is_endless":false,"potions_floor_spawned":[6,7,16,20,28,30,33,35,37,39,52],"killed_by":"Shield and Spear","ascension_level":0}}