{"host":"0vkf1k7bkmi4whcf","time":1607548026,"event":{"gold_per_floor":[132,152,63,63,12,12,12,12,12,12,12,41,58,75,75,150,150,164,164,51,80,11,11,45,45,45,45,20,20,40,53,53,132,132,147,159,204,218,218,244,258,258,258,258,269,117,147,158,158,158,158,158,40,66,66],"floor_reached":56,"playtime":2084,"items_purged":["Decay"],"score":1958,"play_id":"996df602-1d55-4ecf-86f9-2a926a093b39","local_time":"20201209220706","is_ascension_mode":true,"campfire_choices":[{"data":"Nest_LightFlightworm_purple","floor":6,"key":"SMITH"},{"data":"DimensionStaggered_purple","floor":8,"key":"SMITH"},{"data":"Observe_purple_2","floor":11,"key":"SMITH"},{"floor":15,"key":"REST"},{"data":"WeekHit_purple","floor":23,"key":"SMITH"},{"data":"Bait_HighSpeedFlying_purple","floor":25,"key":"SMITH"},{"floor":29,"key":"REST"},{"data":"Charmbait_purple","floor":32,"key":"SMITH"},{"floor":42,"key":"REST"},{"data":"Mirror_FourBoundary_purple","floor":44,"key":"SMITH"},{"floor":49,"key":"RECALL"},{"data":"MetroBOOM_purple","floor":52,"key":"SMITH"}],"neow_cost":"CURSE","seed_source_timestamp":284214363105200,"circlet_count":0,"master_deck":["AscendersBane","Observe_purple_1","Observe_purple_2+1","Mirror_TwoAndThreeElementRealm_purple","Erosivefilter_purple","MeetDecomposer_purple","Nest_LightFlightworm_purple+1","DimensionStaggered_purple+1","Bait_HighSpeedFlying_purple+1","BarrageBoundary_PipeDream_purple","Umbrella_purple","StretchesForeverDream_purple","OpenedBox_purple","Boundary_ObjectiveBoundary_purple","Fancifulhole_purple","RuptureOfTimeAndSpace_purple+1","Mirror_FourBoundary_purple","WeekHit_purple+1","Mirror_FourBoundary_purple+1","CommonSense_AntiCommonSense_purple","StateErode_purple","StateDuplicate_purple+1","Charmbait_purple+1","ProofOfUnderstanding_purple","RuleDissolution_purple","WatchEChange_purple","WingOfChimera_purple","Mirror_FourBoundary_purple","EighthInstrument_OneDividesIntoTwo_purple","DimensionStaggered_purple","MonsterNeedle_purple+1","Fantasy_PerpetualMotionMachine_purple","Boundary_DreamRealityDamnation_purple+1","expansioncontent:GoopSpray","expansioncontent:BronzeBeam","MeetDecomposer_purple+1","SfantasyHide_purple+1","MeetDecomposer_purple","Mirror_FourBoundary_purple","MetroBOOM_purple+1","ExternalForce_HighSpeedFlying_purple+1","StateDuplicate_purple","Mirror_FourBoundary_purple","OmniscientAndOmnipotent_Monster_purple","RuptureOfTimeAndSpace_purple+1"],"relics":["Boundary_crack","Memoryfragments_purpleEX","Ancient Tea Set","DemoMod:PoisonVial","DemoMod:GundromedaStrain","Bottled Flame","Runic Pyramid","MutagenicStrength","Red Mask","DemoMod:GreenGuonStone","Pandora\u0027s Box","Peace Pipe","Bag of Marbles","Ginger","Art of War","Pear"],"potions_floor_usage":[24,50,50,55],"damage_taken":[{"damage":8,"enemies":"Jaw Worm","floor":1,"turns":5},{"damage":5,"enemies":"Cultist","floor":2,"turns":5},{"damage":23,"enemies":"3 Sentries","floor":12,"turns":4},{"damage":0,"enemies":"Small Slimes","floor":13,"turns":2},{"damage":8,"enemies":"Looter","floor":14,"turns":2},{"damage":26,"enemies":"Hexaghost","floor":16,"turns":10},{"damage":18,"enemies":"3 Byrds","floor":18,"turns":6},{"damage":22,"enemies":"Masked Bandits","floor":21,"turns":5},{"damage":13,"enemies":"Gremlin Leader","floor":24,"turns":4},{"damage":0,"enemies":"Chosen","floor":30,"turns":4},{"damage":0,"enemies":"Snake Plant","floor":31,"turns":2},{"damage":15,"enemies":"Collector","floor":33,"turns":11},{"damage":9,"enemies":"3 Shapes","floor":35,"turns":4},{"damage":4,"enemies":"3 Darklings","floor":36,"turns":3},{"damage":0,"enemies":"2 Orb Walkers","floor":37,"turns":3},{"damage":0,"enemies":"Writhing Mass","floor":38,"turns":5},{"damage":36,"enemies":"Nemesis","floor":40,"turns":5},{"damage":7,"enemies":"Spire Growth","floor":41,"turns":6},{"damage":0,"enemies":"3 Darklings","floor":45,"turns":1},{"damage":14,"enemies":"Reptomancer","floor":47,"turns":6},{"damage":8,"enemies":"4 Shapes","floor":48,"turns":1},{"damage":39,"enemies":"Time Eater","floor":50,"turns":10},{"damage":6,"enemies":"Shield and Spear","floor":54,"turns":8},{"damage":44,"enemies":"The Heart","floor":55,"turns":10}],"seed_played":"-71421584847882554","potions_obtained":[{"floor":12,"key":"Dexterity Potion"},{"floor":13,"key":"DistilledChaos"},{"floor":24,"key":"ColorlessPotion"},{"floor":54,"key":"PowerPotion"}],"is_trial":false,"path_per_floor":["M","M","$","?","$","R","?","R","T","T","R","E","M","M","R","B",null,"M","?","$","?","$","R","E","R","T","?","$","R","M","M","R","B",null,"M","M","?","M","?","E","M","R","T","R","M","$","E","M","R","B",null,"R","$","E","B",null],"character_chosen":"Youkari","items_purchased":["DimensionStaggered_purple","Bait_HighSpeedFlying_purple","Umbrella_purple","Mirror_FourBoundary_purple","Mirror_FourBoundary_purple","StateErode_purple","Mirror_FourBoundary_purple","MetroBOOM_purple","Mirror_FourBoundary_purple","OmniscientAndOmnipotent_Monster_purple"],"campfire_rested":3,"item_purchase_floors":[3,3,5,20,22,28,46,46,53,53],"current_hp_per_floor":[63,60,60,60,60,60,39,39,39,39,39,33,33,35,54,29,56,49,49,49,42,42,42,34,34,34,34,34,53,58,63,63,54,62,59,65,65,65,60,28,26,45,45,45,48,48,37,29,29,13,52,52,52,67,49],"gold":66,"neow_bonus":"TRANSFORM_TWO_CARDS","is_prod":false,"is_daily":false,"chose_seed":false,"campfire_upgraded":8,"win_rate":0,"timestamp":1607548026,"path_taken":["M","M","$","?","?","R","?","R","T","?","R","E","?","M","R","BOSS","M","?","$","?","?","R","E","R","T","?","?","R","?","M","R","BOSS","M","M","?","M","?","E","?","R","T","R","M","$","E","M","R","BOSS","R","$","E","BOSS"],"build_version":"2020-11-30","purchased_purges":1,"victory":true,"max_hp_per_floor":[65,65,65,65,65,65,65,65,65,65,65,65,65,65,65,65,65,65,65,65,65,65,65,65,65,65,65,65,65,65,65,65,65,65,65,65,65,65,65,65,65,65,65,65,65,65,65,65,65,65,65,65,65,75,75],"relic_stats":{"Peace Pipe":0,"counters":[24,122],"Pandora\u0027s Box":["RuleDissolution_purple","WatchEChange_purple","WingOfChimera_purple","Mirror_FourBoundary_purple","EighthInstrument_OneDividesIntoTwo_purple"],"Art of War":[7],"Ginger":[5],"obtain_stats":[{"DemoMod:GreenGuonStone":24,"Pear":54,"DemoMod:PoisonVial":9,"DemoMod:GlassGuonStoneRelic":2,"Boundary_crack":0,"Ginger":43,"Ancient Tea Set":7,"Peace Pipe":37,"Bottled Flame":12,"DemoMod:GundromedaStrain":10,"MutagenicStrength":19,"Pandora\u0027s Box":34,"Red Mask":21,"Bag of Marbles":40,"Art of War":47,"Memoryfragments_purpleEX":0,"Runic Pyramid":17},{"DemoMod:GreenGuonStone":9,"Pear":23,"DemoMod:PoisonVial":2,"DemoMod:GlassGuonStoneRelic":2,"Boundary_crack":0,"Ginger":18,"Ancient Tea Set":2,"Peace Pipe":15,"Bottled Flame":3,"DemoMod:GundromedaStrain":2,"MutagenicStrength":7,"Pandora\u0027s Box":12,"Red Mask":8,"Bag of Marbles":17,"Art of War":20,"Memoryfragments_purpleEX":0,"Runic Pyramid":6},{"DemoMod:GreenGuonStone":43,"Pear":112,"DemoMod:PoisonVial":10,"DemoMod:GlassGuonStoneRelic":10,"Boundary_crack":0,"Ginger":86,"Ancient Tea Set":10,"Peace Pipe":70,"Bottled Flame":14,"DemoMod:GundromedaStrain":10,"MutagenicStrength":34,"Pandora\u0027s Box":60,"Red Mask":39,"Bag of Marbles":80,"Art of War":93,"Memoryfragments_purpleEX":0,"Runic Pyramid":28}]},"card_choices":[{"not_picked":["Fantasy_PerpetualMotionMachine_purple","Line_surface_state_purple"],"picked":"MeetDecomposer_purple","floor":1},{"not_picked":["Realm_recovery_purpleEX","Boundary_LightAndDark_purple"],"picked":"Nest_LightFlightworm_purple","floor":2},{"not_picked":["Realm_recovery_purpleEX","Umbrella_purple"],"picked":"StretchesForeverDream_purple","floor":12},{"not_picked":["Boundary_ObjectiveBoundary_purple","Boundary_of_Extermination_purpleEX"],"picked":"OpenedBox_purple","floor":13},{"not_picked":["SfantasyHide_purple","Umbrella_purple"],"picked":"Boundary_ObjectiveBoundary_purple","floor":14},{"not_picked":["Know_ledgeAbilityRealm_purple","GluttonyofRealm_purpleEX"],"picked":"Fancifulhole_purple","floor":16},{"not_picked":["Boundary_DreamRealityDamnation_purple","StateDuplicate_purple"],"picked":"RuptureOfTimeAndSpace_purple+1","floor":18},{"not_picked":["Shallow_ocean_purpleEX","Umbrella_purple"],"picked":"WeekHit_purple","floor":21},{"not_picked":["AdvanceAttack_purple","OpenedBox_purple"],"picked":"CommonSense_AntiCommonSense_purple","floor":24},{"not_picked":["RuleDissolution_purple","MeetDecomposer_purple"],"picked":"StateDuplicate_purple+1","floor":30},{"not_picked":["RuptureOfTimeAndSpace_purple","Umbrella_purple"],"picked":"Charmbait_purple","floor":31},{"not_picked":["BarrageBoundary_PipeDream_purple","Mirror_TwoAndThreeElementRealm_purple"],"picked":"ProofOfUnderstanding_purple","floor":33},{"not_picked":["ExistenceContinue_purple","AdvanceAttack_purple"],"picked":"DimensionStaggered_purple","floor":35},{"not_picked":["Mirror_FormAndEmptin_purple","RuptureOfTimeAndSpace_purple"],"picked":"MonsterNeedle_purple+1","floor":36},{"not_picked":["Mirror_FormAndEmptin_purple+1","RuleDissolution_purple"],"picked":"Fantasy_PerpetualMotionMachine_purple","floor":37},{"not_picked":["WatchEChange_purple","StateDuplicate_purple"],"picked":"Boundary_DreamRealityDamnation_purple+1","floor":38},{"not_picked":["Impatience","expansioncontent:LastStand"],"picked":"expansioncontent:GoopSpray","floor":39},{"not_picked":["Flash of Steel","expansioncontent:SlimeTackle"],"picked":"expansioncontent:BronzeBeam","floor":39},{"not_picked":["Nest_LightFlightworm_purple","Computing_the_future_purpleEX"],"picked":"MeetDecomposer_purple+1","floor":40},{"not_picked":["AdvanceAttack_purple","ExistenceContinue_purple"],"picked":"SfantasyHide_purple+1","floor":41},{"not_picked":["Mirror_FormAndEmptin_purple+1","WatchEChange_purple"],"picked":"MeetDecomposer_purple","floor":45},{"not_picked":["AdvanceAttack_purple+1","BarrageBoundary_PipeDream_purple"],"picked":"ExternalForce_HighSpeedFlying_purple+1","floor":47},{"not_picked":["ExistenceContinue_purple","Mirror_FormAndEmptin_purple"],"picked":"StateDuplicate_purple","floor":48},{"not_picked":["Line_surface_state_purple","Know_ledgeAbilityRealm_purple"],"picked":"RuptureOfTimeAndSpace_purple+1","floor":54}],"player_experience":692125,"relics_obtained":[{"floor":9,"key":"DemoMod:PoisonVial"},{"floor":10,"key":"DemoMod:GundromedaStrain"},{"floor":12,"key":"Bottled Flame"},{"floor":21,"key":"Red Mask"},{"floor":24,"key":"DemoMod:GreenGuonStone"},{"floor":37,"key":"Peace Pipe"},{"floor":40,"key":"Bag of Marbles"},{"floor":43,"key":"Ginger"},{"floor":47,"key":"Art of War"},{"floor":54,"key":"Pear"}],"event_choices":[{"damage_healed":0,"gold_gain":0,"cards_transformed":["Defend_purpleEX"],"player_choice":"Transformed","damage_taken":0,"max_hp_gain":0,"max_hp_loss":0,"event_name":"Transmorgrifier","floor":4,"gold_loss":0,"cards_obtained":["BarrageBoundary_PipeDream_purple"]},{"damage_healed":0,"gold_gain":1,"player_choice":"Relic ","damage_taken":21,"max_hp_gain":0,"max_hp_loss":0,"event_name":"betterThird:BetterScrap","floor":7,"gold_loss":0,"cards_obtained":["Infinite Blades"]},{"damage_healed":0,"gold_gain":0,"player_choice":"Inject Mutagens","damage_taken":0,"relics_obtained":["MutagenicStrength"],"max_hp_gain":0,"max_hp_loss":0,"event_name":"Drug Dealer","floor":19,"gold_loss":0},{"damage_healed":0,"gold_gain":0,"player_choice":"Fought Bandits","damage_taken":0,"max_hp_gain":0,"max_hp_loss":0,"event_name":"Masked Bandits","floor":21,"gold_loss":0},{"damage_healed":0,"gold_gain":0,"player_choice":"Ignored","damage_taken":0,"max_hp_gain":0,"max_hp_loss":0,"event_name":"Vampires","floor":27,"gold_loss":0},{"damage_healed":0,"gold_gain":0,"player_choice":"Fight","damage_taken":0,"max_hp_gain":0,"max_hp_loss":0,"event_name":"Mysterious Sphere","floor":37,"gold_loss":0},{"damage_healed":0,"gold_gain":0,"player_choice":"Memory 2","damage_taken":5,"max_hp_gain":0,"max_hp_loss":0,"event_name":"SensoryStone","floor":39,"gold_loss":0}],"is_beta":false,"boss_relics":[{"not_picked":["RedLine:ReiMu","Calling Bell"],"picked":"Runic Pyramid"},{"not_picked":["Empty Cage","Busted Crown"],"picked":"Pandora\u0027s Box"}],"items_purged_floors":[20],"is_endless":false,"potions_floor_spawned":[12,13,16,21,24,33,37,40,41,47,54],"ascension_level":14}}