{"host":"xenpv6dj5x1yxp66","time":1607525586,"event":{"gold_per_floor":[118,138,138,156,170,170,182,182,264,283,298,332,332,344,344,444,444,462,114,131,131,81,81,114,114,114,41,41,41,41,58,58,153,153,172,172,188,198,24,24,24,24],"floor_reached":41,"playtime":1426,"items_purged":[],"score":413,"play_id":"e8a678ef-8652-4211-972c-c52d2af0a682","local_time":"20201209155306","is_ascension_mode":false,"campfire_choices":[{"data":"Zap","floor":6,"key":"SMITH"},{"data":"Mirror Shield","floor":8,"key":"SMITH"},{"data":"Redo","floor":15,"key":"SMITH"},{"data":"Redo","floor":23,"key":"SMITH"},{"data":"Darkness","floor":25,"key":"SMITH"},{"floor":40,"key":"REST"}],"neow_cost":"NONE","seed_source_timestamp":2239266173645000,"circlet_count":0,"master_deck":["Strike_B","Strike_B","Strike_B","Strike_B","Defend_B","Defend_B","Defend_B","Defend_B","Zap+1","Dualcast+1","Cold Snap","Go for the Eyes","Redo+1","Mirror Shield+1","Darkness+1","Sunder+1","Seek+1","Panic Button","All For One+1","Redo+1","Redo+1","Doom and Gloom","Barrage","Ball Lightning+1","FIFO Queue","FIFO Queue","hubris:DoWhile","Fusion+1","Chaos+1","Hologram+1","Metamorphosis"],"relics":["Cracked Core","conspire:Flyswatter","hubris:CrystalStatue","aspiration:FutureDiary","hubris:SphereOfDissonance","Bottled Flame","Runesmith:Nanobots","aspiration:Stellarator"],"potions_floor_usage":[12,16,16,16,33,33,41],"damage_taken":[{"damage":2,"enemies":"conspire:RoseBush","floor":1,"turns":2},{"damage":0,"enemies":"Cultist","floor":2,"turns":3},{"damage":0,"enemies":"Small Slimes","floor":4,"turns":3},{"damage":8,"enemies":"conspire:2 RoseBushes","floor":5,"turns":5},{"damage":6,"enemies":"Exordium Thugs","floor":7,"turns":5},{"damage":0,"enemies":"Large Slime","floor":10,"turns":5},{"damage":1,"enemies":"2 Fungi Beasts","floor":11,"turns":3},{"damage":12,"enemies":"Lagavulin","floor":12,"turns":5},{"damage":10,"enemies":"Gremlin Gang","floor":14,"turns":3},{"damage":25,"enemies":"Hexaghost","floor":16,"turns":8},{"damage":7,"enemies":"Shell Parasite","floor":18,"turns":4},{"damage":3,"enemies":"Chosen","floor":20,"turns":3},{"damage":8,"enemies":"Replay:Snechameleon","floor":24,"turns":4},{"damage":0,"enemies":"Centurion and Healer","floor":31,"turns":4},{"damage":69,"enemies":"Automaton","floor":33,"turns":7},{"damage":14,"enemies":"3 Shapes","floor":35,"turns":3},{"damage":0,"enemies":"Orb Walker","floor":37,"turns":1},{"damage":50,"enemies":"Jaw Worm Horde","floor":38,"turns":6},{"damage":38,"enemies":"4 Shapes","floor":41,"turns":4}],"seed_played":"8142762806576780173","potions_obtained":[{"floor":5,"key":"Fire Potion"},{"floor":7,"key":"FearPotion"},{"floor":12,"key":"Venom Potion"},{"floor":14,"key":"LiquidBronze"},{"floor":16,"key":"Dexterity Potion"},{"floor":18,"key":"Swift Potion"},{"floor":20,"key":"Adrenaline Potion"},{"floor":33,"key":"Block Potion"}],"is_trial":false,"path_per_floor":["M","M","?","M","M","R","M","R","T","M","M","E","?","M","R","B",null,"M","$","M","?","$","R","E","R","T","$","?","$","?","M","R_BF","B",null,"M","?","M","M","$","R","M"],"character_chosen":"DEFECT","items_purchased":["Redo+1","Doom and Gloom","hubris:SphereOfDissonance","Barrage","FIFO Queue","Metamorphosis"],"campfire_rested":1,"item_purchase_floors":[19,19,19,22,27,39],"current_hp_per_floor":[73,73,75,75,67,67,61,61,61,61,60,48,48,38,38,13,75,68,68,65,65,65,65,57,57,57,57,65,65,65,65,75,6,75,61,61,61,11,11,33,0,0],"gold":24,"neow_bonus":"UPGRADE_CARD","is_prod":false,"is_daily":false,"chose_seed":false,"campfire_upgraded":5,"win_rate":0,"timestamp":1607525586,"path_taken":["M","M","?","M","M","R","?","R","T","M","M","E","?","?","R","BOSS","M","$","M","?","$","R","E","R","T","?","?","$","?","M","R_BF","BOSS","M","?","M","?","$","R","M"],"build_version":"2020-11-30","purchased_purges":0,"victory":false,"max_hp_per_floor":[75,75,75,75,75,75,75,75,75,75,75,75,75,75,75,75,75,75,75,75,75,75,75,75,75,75,75,75,75,75,75,75,75,75,75,75,75,75,75,75,75,75],"card_choices":[{"not_picked":["Conserve Battery","Heatsinks"],"picked":"Panic Button","floor":1},{"not_picked":["Beam Cell","Hologram"],"picked":"Cold Snap","floor":2},{"not_picked":["Turbo","Leap"],"picked":"Go for the Eyes","floor":4},{"not_picked":["BasicCrystalCard","Recycle"],"picked":"Redo","floor":5},{"not_picked":["Scrape","Rebound"],"picked":"Mirror Shield","floor":7},{"not_picked":["Steam","Turbo"],"picked":"Darkness","floor":10},{"not_picked":["Gash","Compile Driver"],"picked":"Sunder","floor":11},{"not_picked":["ReplayTheSpireMod:Reroute Power","Stack"],"picked":"Seek","floor":12},{"not_picked":["Cold Snap","Consume"],"picked":"Panic Button","floor":14},{"not_picked":["ReplayTheSpireMod:Omega Cannon","hubris:DoWhile"],"picked":"All For One","floor":16},{"not_picked":["Streamline","Sunder"],"picked":"Redo","floor":18},{"not_picked":["Gash","Streamline","BootSequence"],"picked":"SKIP","floor":20},{"not_picked":["Storm","Coolheaded"],"picked":"Ball Lightning+1","floor":24},{"not_picked":["Storm","Reinforced Body"],"picked":"FIFO Queue","floor":31},{"not_picked":["ReplayTheSpireMod:Fabricate Wheel","Echo Form"],"picked":"hubris:DoWhile","floor":33},{"not_picked":["Go for the Eyes","Blizzard+1"],"picked":"Fusion+1","floor":35},{"not_picked":["Barrage+1","Conserve Battery"],"picked":"Chaos+1","floor":37},{"not_picked":["Gash+1","Mirror Shield"],"picked":"Hologram+1","floor":38}],"player_experience":120401,"relics_obtained":[{"floor":9,"key":"conspire:Flyswatter"},{"floor":12,"key":"hubris:CrystalStatue"},{"floor":24,"key":"Bottled Flame"},{"floor":26,"key":"Runesmith:Nanobots"}],"event_choices":[{"cards_removed":["Panic Button"],"damage_healed":5,"gold_gain":0,"player_choice":"Offered Common","damage_taken":0,"max_hp_gain":0,"max_hp_loss":0,"event_name":"Bonfire Elementals","floor":3,"gold_loss":0},{"cards_removed":["Panic Button"],"damage_healed":5,"gold_gain":0,"player_choice":"Offered Special","damage_taken":0,"max_hp_gain":0,"max_hp_loss":0,"event_name":"Bonfire Elementals","floor":3,"gold_loss":0},{"damage_healed":0,"gold_gain":0,"player_choice":"Upgraded","damage_taken":0,"max_hp_gain":0,"max_hp_loss":0,"event_name":"Upgrade Shrine","floor":13,"gold_loss":0,"cards_upgraded":["Sunder"]},{"damage_healed":0,"gold_gain":0,"player_choice":"Bought 0 Potions","damage_taken":0,"max_hp_gain":0,"max_hp_loss":0,"event_name":"The Woman in Blue","floor":21,"gold_loss":0},{"damage_healed":0,"gold_gain":0,"player_choice":"Forge","damage_taken":0,"max_hp_gain":0,"max_hp_loss":0,"event_name":"Accursed Blacksmith","floor":36,"gold_loss":0,"cards_upgraded":["Seek"]}],"is_beta":false,"boss_relics":[{"not_picked":["Fusion Hammer","Replay:Drink Me"],"picked":"aspiration:FutureDiary"},{"not_picked":["Replay:Wanted Poster","Astrolabe"],"picked":"aspiration:Stellarator"}],"items_purged_floors":[],"is_endless":false,"potions_floor_spawned":[5,7,12,14,16,18,20,33],"killed_by":"4 Shapes","ascension_level":0}}