{"host":"v0kr0xkqfgnh389p","time":1607476521,"event":{"gold_per_floor":[16,16,32,46,46,78,98,98,98,27,39,51,76,89,89,192,192,203,191,211,211,231,231,86,86,86,86,86,101,130,150,150,150,150],"floor_reached":33,"playtime":1883,"items_purged":[],"score":321,"play_id":"63a6daa1-af13-4117-b300-c6bb1518bc8a","local_time":"20201208201521","is_ascension_mode":true,"campfire_choices":[{"floor":15,"key":"RECALL"},{"floor":23,"key":"REST"},{"floor":25,"key":"REST"},{"data":"LessonLearned","floor":28,"key":"SMITH"},{"data":"hubris:Fate","floor":32,"key":"SMITH"}],"neow_cost":"NO_GOLD","seed_source_timestamp":42378590948600,"circlet_count":0,"master_deck":["Strike_P","Strike_P","Strike_P","Strike_P+1","Defend_P","Defend_P","Defend_P","Defend_P+1","Eruption","Vigilance","Judgement","JustLucky+1","FlurryOfBlows+1","SpiritShield+1","PathToVictory+1","WindmillStrike+1","Vengeance","EmptyBody","BowlingBash","Establishment","LessonLearned+1","Prostrate","PathToVictory+1","WindmillStrike","hubris:Fate+1","LikeWater+1"],"relics":["PureWater","Replay:Rubber Ducky","Unceasing Top","Shuriken","Velvet Choker","infinitespire:FocusingShard","Damaru","hubris:BottledRain","hubris:Towel","Whetstone"],"potions_floor_usage":[6,13,13,16,19,22,33,33],"damage_taken":[{"damage":1,"enemies":"Cultist","floor":1,"turns":5},{"damage":0,"enemies":"Jaw Worm","floor":3,"turns":2},{"damage":1,"enemies":"2 Louse","floor":4,"turns":2},{"damage":0,"enemies":"Gremlin Nob","floor":6,"turns":1},{"damage":12,"enemies":"Exordium Wildlife","floor":7,"turns":2},{"damage":5,"enemies":"Lots of Slimes","floor":11,"turns":5},{"damage":0,"enemies":"2 Fungi Beasts","floor":12,"turns":2},{"damage":10,"enemies":"3 Sentries","floor":13,"turns":7},{"damage":2,"enemies":"Blue Slaver","floor":14,"turns":2},{"damage":34,"enemies":"Fading Forest","floor":16,"turns":11},{"damage":4,"enemies":"Shell Parasite","floor":18,"turns":5},{"damage":10,"enemies":"2 Thieves","floor":19,"turns":4},{"damage":29,"enemies":"Snake Plant","floor":20,"turns":5},{"damage":13,"enemies":"3 Cultists","floor":22,"turns":4},{"damage":0,"enemies":"Sentry and Sphere","floor":29,"turns":2},{"damage":27,"enemies":"Slavers","floor":30,"turns":6},{"damage":0,"enemies":"Snecko","floor":31,"turns":6},{"damage":60,"enemies":"Champ","floor":33,"turns":9}],"seed_played":"6808595877501796317","potions_obtained":[{"floor":3,"key":"BlessingOfTheForge"},{"floor":11,"key":"StancePotion"},{"floor":12,"key":"BottledMiracle"},{"floor":14,"key":"BlessingOfTheForge"},{"floor":18,"key":"GamblersBrew"},{"floor":20,"key":"BlessingOfTheForge"},{"floor":22,"key":"Venom Potion"},{"floor":30,"key":"BottledMiracle"}],"is_trial":false,"path_per_floor":["M","?","M","M","?","E","M","?","T","$","M","M","E","M","R","B",null,"M","M","M","AVR","M","R","$","R","T","?","R","M","E","M","R_BF","B"],"character_chosen":"WATCHER","items_purchased":["WindmillStrike","Damaru"],"campfire_rested":2,"item_purchase_floors":[10,24],"current_hp_per_floor":[71,71,71,70,63,63,51,37,37,37,32,32,22,20,20,6,72,68,58,29,29,16,37,37,58,58,58,58,58,31,31,31,0,0],"gold":150,"neow_bonus":"THREE_RARE_CARDS","is_prod":false,"is_daily":false,"chose_seed":false,"campfire_upgraded":2,"win_rate":0,"timestamp":1607476521,"path_taken":["M","?","M","M","?","E","M","?","T","$","?","M","E","M","R","BOSS","M","M","M","AVR","M","R","?","R","T","?","R","M","E","M","R_BF","BOSS"],"build_version":"2020-11-30","purchased_purges":0,"victory":false,"max_hp_per_floor":[72,72,72,72,72,72,72,72,72,72,72,72,72,72,72,72,72,72,72,72,72,72,72,72,72,72,72,72,72,72,72,72,72,72],"card_choices":[{"not_picked":["Scrawl","Omniscience"],"picked":"Judgement","floor":0},{"not_picked":["DeceiveReality","ThirdEye"],"picked":"JustLucky","floor":1},{"not_picked":["SashWhip","Prostrate"],"picked":"FlurryOfBlows","floor":3},{"not_picked":["BattleHymn","CutThroughFate"],"picked":"Worship","floor":4},{"not_picked":["WreathOfFlame","Crescendo"],"picked":"SpiritShield","floor":6},{"not_picked":["EmptyFist","ClearTheMind"],"picked":"PathToVictory","floor":7},{"not_picked":["Study","Halt"],"picked":"Vengeance","floor":11},{"not_picked":["Evaluate","EmptyMind"],"picked":"EmptyBody","floor":12},{"not_picked":["FearNoEvil","Evaluate"],"picked":"BowlingBash","floor":13},{"not_picked":["Crescendo","ThirdEye"],"picked":"Establishment","floor":14},{"not_picked":["Judgement","MasterReality"],"picked":"LessonLearned","floor":16},{"not_picked":["Worship","Halt"],"picked":"Prostrate","floor":18},{"not_picked":["Nirvana+1","JustLucky"],"picked":"PathToVictory+1","floor":19},{"not_picked":["SignatureMove","Replay:DivineShield"],"picked":"WindmillStrike","floor":20},{"not_picked":["InnerPeace+1","FlurryOfBlows","Nirvana"],"picked":"SKIP","floor":22},{"not_picked":["CutThroughFate","CrushJoints","JustLucky"],"picked":"SKIP","floor":29},{"not_picked":["Wallop","JustLucky","Crescendo"],"picked":"SKIP","floor":30},{"not_picked":["Consecrate+1","Halt"],"picked":"LikeWater+1","floor":31}],"player_experience":665194,"relics_obtained":[{"floor":2,"key":"Replay:Rubber Ducky"},{"floor":6,"key":"Unceasing Top"},{"floor":13,"key":"Shuriken"},{"floor":26,"key":"hubris:BottledRain"},{"floor":30,"key":"Whetstone"}],"event_choices":[{"cards_removed":["Worship"],"damage_healed":0,"gold_gain":0,"player_choice":"Card Removal","damage_taken":7,"max_hp_gain":0,"max_hp_loss":0,"event_name":"Golden Wing","floor":5,"gold_loss":0},{"damage_healed":0,"gold_gain":0,"player_choice":"Entered Light","damage_taken":14,"max_hp_gain":0,"max_hp_loss":0,"event_name":"Shining Light","floor":8,"gold_loss":0,"cards_upgraded":["SpiritShield","PathToVictory"]}],"is_beta":false,"boss_relics":[{"not_picked":["ReplayTheSpireMod:SealedPack","Runic Pyramid"],"picked":"Velvet Choker"}],"items_purged_floors":[],"is_endless":false,"potions_floor_spawned":[3,11,12,14,18,20,22,30],"killed_by":"Champ","ascension_level":1}}