{"host":"0g8fai1yzyd1adpx","time":1607490866,"event":{"gold_per_floor":[118,293,293,310,310,338,338,372,372,372,405,185,203,221,221,318,318,333,333,333,333,333],"floor_reached":21,"playtime":1281,"items_purged":["Strike_R"],"score":253,"play_id":"2c9f1080-93bd-4e52-ad0c-ac381e4e87f6","local_time":"20201208231426","is_ascension_mode":true,"campfire_choices":[{"floor":15.0,"key":"REST"}],"neow_cost":"NONE","seed_source_timestamp":418031551060300,"circlet_count":0,"master_deck":["Genetic Algorithm+1","Strike_R","Strike_R","Strike_R","Strike_R","Defend_R","Defend_R","Defend_R","Defend_R","Bash","infinitespire:Fortify","Self Repair+1","Cleave","Demonic Infusion","Looming Evil"],"special_seed":0,"relics":["NeowsBlessing","hubris:Towel","Matryoshka","ReplayTheSpireMod:Shallot","hubris:TinFlute","Oddly Smooth Stone","Iron Core","Kunai","Juzu Bracelet","hubris:Backtick","Calipers","ReplayTheSpireMod:Ring of Challenge","ReplayTheSpireMod:Ring of Addiction","Potion Belt","Chameleon Ring"],"potions_floor_usage":[21,21],"damage_taken":[{"damage":0.0,"enemies":"2 Louse","floor":1.0,"turns":1.0},{"damage":0.0,"enemies":"Jaw Worm","floor":4.0,"turns":1.0},{"damage":0.0,"enemies":"Lagavulin","floor":6.0,"turns":1.0},{"damage":28.0,"enemies":"Gremlin Nob","floor":8.0,"turns":6.0},{"damage":28.0,"enemies":"3 Sentries","floor":11.0,"turns":13.0},{"damage":0.0,"enemies":"Small Slimes","floor":13.0,"turns":4.0},{"damage":11.0,"enemies":"Blue Slaver","floor":14.0,"turns":4.0},{"damage":28.0,"enemies":"Slime Boss","floor":16.0,"turns":11.0},{"damage":61.0,"enemies":"3 Byrds","floor":18.0,"turns":10.0},{"damage":15,"enemies":"Shell Parasite","floor":21,"turns":5}],"seed_played":"8817456475536851253","potions_obtained":[{"floor":6.0,"key":"BlessingOfTheForge"},{"floor":11.0,"key":"PowerPotion"},{"floor":13.0,"key":"Dexterity Potion"},{"floor":18.0,"key":"PowerPotion"},{"floor":19.0,"key":"Swift Potion"},{"floor":19.0,"key":"SkillPotion"},{"floor":19.0,"key":"SpeedPotion"}],"is_trial":false,"path_per_floor":["M","?","?","M","?","E","?","E","T","?","E","$","M","M","R","B",null,"M","?","?","M"],"character_chosen":"IRONCLAD","items_purchased":["Juzu Bracelet"],"campfire_rested":1,"item_purchase_floors":[12],"current_hp_per_floor":[80,80,60,66,66,72,72,50,50,50,32,32,42,41,65,47,80,29,29,14,0,0],"gold":333,"neow_bonus":"THREE_ENEMY_KILL","is_prod":false,"is_daily":false,"chose_seed":false,"campfire_upgraded":0,"win_rate":0,"timestamp":1607490866,"path_taken":["M","?","?","?","?","E","?","E","T","?","E","$","M","M","R","BOSS","M","?","?","M"],"build_version":"2020-11-30","purchased_purges":1,"victory":false,"max_hp_per_floor":[80,80,80,80,80,80,80,80,80,80,80,80,80,80,80,80,80,80,80,85,85,85],"card_choices":[{"not_picked":["Sword Boomerang","Clash","Pummel"],"picked":"SKIP","floor":1.0},{"not_picked":["ReplayTheSpireMod:Haul","hubris:Fate"],"picked":"infinitespire:Fortify","floor":3.0},{"not_picked":["Perfected Strike","Intimidate","Ghostly Armor"],"picked":"SKIP","floor":4.0},{"not_picked":["Dual Wield","True Grit","Wild Strike"],"picked":"SKIP","floor":6.0},{"not_picked":["Havoc","hubris:CleavingFinish","Twin Strike"],"picked":"SKIP","floor":8.0},{"not_picked":["Havoc","ReplayTheSpireMod:Omega Cannon"],"picked":"Cleave","floor":11.0},{"not_picked":["Headbutt","Power Through","ReplayTheSpireMod:Repulse"],"picked":"SKIP","floor":13.0},{"not_picked":["hubris:ReadiedAction","WeaponsOverheat","ReplayTheSpireMod:LeadingStrike"],"picked":"SKIP","floor":14.0},{"not_picked":["Demon Form","Bludgeon"],"picked":"Demonic Infusion","floor":16.0},{"not_picked":["True Grit","Wild Strike+1","Disarm"],"picked":"SKIP","floor":18.0}],"player_experience":430946,"relics_obtained":[{"floor":6.0,"key":"Matryoshka"},{"floor":8.0,"key":"ReplayTheSpireMod:Shallot"},{"floor":9.0,"key":"hubris:TinFlute"},{"floor":9.0,"key":"Oddly Smooth Stone"},{"floor":11.0,"key":"Kunai"},{"floor":19.0,"key":"ReplayTheSpireMod:Ring of Challenge"},{"floor":19.0,"key":"ReplayTheSpireMod:Ring of Addiction"},{"floor":19.0,"key":"Potion Belt"},{"floor":19.0,"key":"Chameleon Ring"}],"event_choices":[{"damage_healed":0.0,"max_hp_gain":0.0,"max_hp_loss":0.0,"gold_gain":175.0,"event_name":"Liars Game","player_choice":"AGREE","floor":2.0,"gold_loss":0.0,"damage_taken":0.0,"cards_obtained":["Doubt"]},{"cards_removed":["Doubt"],"damage_healed":0.0,"max_hp_gain":0.0,"max_hp_loss":0.0,"gold_gain":0.0,"event_name":"Living Wall","player_choice":"Forget","floor":7.0,"gold_loss":0.0,"damage_taken":0.0},{"damage_healed":0.0,"max_hp_gain":5.0,"max_hp_loss":0.0,"gold_gain":0.0,"event_name":"Forgotten Altar","player_choice":"Shed Blood","floor":20.0,"gold_loss":0.0,"damage_taken":20.0}],"is_beta":false,"boss_relics":[{"not_picked":["Runic Pyramid","Painkiller Herb"],"picked":"hubris:Backtick"}],"items_purged_floors":[12],"is_endless":false,"potions_floor_spawned":[6,11,13,18],"killed_by":"Shell Parasite","ascension_level":3}}