{"host":"reugk9pd1uotrglt","time":1607527202,"event":{"gold_per_floor":[110,126,144,156,169,169,199,215,215,226,239,239,250,230,230,302,302,321,332,349,363,288,288,320,338,363,11,43,43,43,63,63,141,141,157,169,186,186,206,241,241,268,268,293,310,97,110,110,110,110,110],"floor_reached":52,"playtime":4393,"items_purged":["Decay"],"score":2499,"play_id":"1c68f577-edfc-4b37-9ee5-232c51b696fc","local_time":"20201209162002","is_ascension_mode":true,"campfire_choices":[{"data":"Demon Form","floor":6.0,"key":"SMITH"},{"floor":12.0,"key":"REST"},{"data":"Disarm","floor":15.0,"key":"SMITH"},{"data":"Shrug It Off","floor":23.0,"key":"SMITH"},{"data":"Metallicize","floor":29.0,"key":"SMITH"},{"data":"Heavy Blade","floor":32.0,"key":"SMITH"},{"data":"Barricade","floor":41.0,"key":"SMITH"},{"floor":49.0,"key":"DIG"}],"neow_cost":"","seed_source_timestamp":217846702860200,"circlet_count":0,"master_deck":["AscendersBane","Strike_R","Strike_R","Strike_R","Strike_R","Defend_R","Defend_R","Defend_R","Defend_R","Bash","Dropkick","Cleave","Carnage","Demon Form+1","Thunderclap","Shrug It Off+1","Disarm+1","Impervious","CurseOfTheBell","Intimidate+1","Sword Boomerang","Shrug It Off","Flame Barrier","Sword Boomerang","Metallicize+1","Impervious","Barricade+1","Heavy Blade","Entrench+1","Body Slam","Shockwave","Metallicize","Heavy Blade","Entrench+1"],"special_seed":0,"relics":["Burning Blood","Singing Bowl","Question Card","Incense Burner","Pocketwatch","Bag of Preparation","Calling Bell","Toy Ornithopter","HornCleat","Magic Flower","Meat on the Bone","MawBank","Happy Flower","MealTicket","Cursed Key","Pear","Ornamental Fan","Bronze Scales","Shovel","Bottled Lightning"],"potions_floor_usage":[],"damage_taken":[{"damage":7.0,"enemies":"2 Louse","floor":1.0,"turns":3.0},{"damage":0.0,"enemies":"Cultist","floor":2.0,"turns":3.0},{"damage":7.0,"enemies":"Jaw Worm","floor":3.0,"turns":3.0},{"damage":11.0,"enemies":"Blue Slaver","floor":4.0,"turns":3.0},{"damage":9.0,"enemies":"Gremlin Gang","floor":5.0,"turns":3.0},{"damage":16.0,"enemies":"3 Sentries","floor":7.0,"turns":5.0},{"damage":14.0,"enemies":"Exordium Thugs","floor":8.0,"turns":3.0},{"damage":5.0,"enemies":"Exordium Wildlife","floor":10.0,"turns":5.0},{"damage":13.0,"enemies":"Large Slime","floor":11.0,"turns":3.0},{"damage":29.0,"enemies":"Exordium Thugs","floor":13.0,"turns":5.0},{"damage":4.0,"enemies":"Hexaghost","floor":16.0,"turns":8.0},{"damage":17.0,"enemies":"Spheric Guardian","floor":18.0,"turns":5.0},{"damage":20.0,"enemies":"Shell Parasite","floor":19.0,"turns":4.0},{"damage":28.0,"enemies":"Centurion and Healer","floor":20.0,"turns":7.0},{"damage":0.0,"enemies":"Snecko","floor":21.0,"turns":4.0},{"damage":2.0,"enemies":"Gremlin Leader","floor":24.0,"turns":5.0},{"damage":27.0,"enemies":"3 Cultists","floor":25.0,"turns":7.0},{"damage":38.0,"enemies":"Book of Stabbing","floor":28.0,"turns":8.0},{"damage":11.0,"enemies":"Centurion and Healer","floor":31.0,"turns":6.0},{"damage":23.0,"enemies":"Champ","floor":33.0,"turns":11.0},{"damage":0.0,"enemies":"3 Shapes","floor":35.0,"turns":6.0},{"damage":9.0,"enemies":"3 Darklings","floor":36.0,"turns":6.0},{"damage":0.0,"enemies":"Writhing Mass","floor":37.0,"turns":10.0},{"damage":28.0,"enemies":"Transient","floor":39.0,"turns":6.0},{"damage":44.0,"enemies":"Nemesis","floor":40.0,"turns":9.0},{"damage":42.0,"enemies":"Reptomancer","floor":42.0,"turns":9.0},{"damage":8.0,"enemies":"Mind Bloom Boss Battle","floor":44.0,"turns":6.0},{"damage":8.0,"enemies":"Sphere and 2 Shapes","floor":45.0,"turns":6.0},{"damage":0.0,"enemies":"Spire Growth","floor":47.0,"turns":7.0},{"damage":0.0,"enemies":"Donu and Deca","floor":50.0,"turns":7.0},{"damage":56,"enemies":"Awakened One","floor":51,"turns":13}],"seed_played":"3024569558829629011","potions_obtained":[{"floor":3.0,"key":"ElixirPotion"},{"floor":4.0,"key":"LiquidBronze"},{"floor":5.0,"key":"DuplicationPotion"},{"floor":11.0,"key":"PowerPotion"},{"floor":13.0,"key":"ElixirPotion"},{"floor":14.0,"key":"DuplicationPotion"},{"floor":20.0,"key":"Energy Potion"},{"floor":24.0,"key":"FearPotion"},{"floor":31.0,"key":"ElixirPotion"},{"floor":33.0,"key":"EntropicBrew"},{"floor":42.0,"key":"PowerPotion"},{"floor":44.0,"key":"Ancient Potion"}],"is_trial":false,"path_per_floor":["M","M","M","M","M","R","E","M","T","M","M","R","M","?","R","B",null,"M","M","M","M","?","R","E","M","T","$","E","R","?","M","R","B",null,"M","M","M","?","M","E","R","E","T","?","M","$","M","?","R","B","B",null],"character_chosen":"IRONCLAD","items_purchased":["Singing Bowl","Dropkick","Question Card","Heavy Blade","Metallicize","Happy Flower","Strength Potion","Metallicize","Heavy Blade"],"campfire_rested":1,"item_purchase_floors":[0,0,0,27,27,27,27,46,46],"current_hp_per_floor":[32,38,37,34,31,31,23,17,17,18,11,35,14,14,14,16,66,58,47,28,39,39,39,54,62,62,62,61,61,61,61,61,65,83,89,89,89,89,72,67,67,78,78,89,90,105,107,107,107,107,78],"gold":110,"neow_bonus":"","is_prod":false,"is_daily":false,"chose_seed":false,"campfire_upgraded":6,"win_rate":0,"timestamp":1607527202,"path_taken":["M","M","M","M","M","R","E","M","T","M","M","R","M","?","R","BOSS","M","M","?","M","?","R","E","M","T","$","E","R","?","?","R","BOSS","M","?","M","?","M","E","R","E","T","?","M","$","M","?","R","BOSS","BOSS"],"build_version":"2020-11-30","purchased_purges":1,"victory":true,"max_hp_per_floor":[75,75,75,77,77,77,79,81,81,81,81,81,83,83,83,83,83,83,83,83,85,85,85,85,85,85,85,87,87,87,89,89,89,89,89,89,89,89,91,103,103,105,105,107,107,107,107,107,107,107,107],"card_choices":[{"not_picked":["Ghostly Armor","Havoc","Sentinel"],"picked":"Cleave","floor":1.0},{"not_picked":["Infernal Blade","Shrug It Off","Iron Wave"],"picked":"Carnage","floor":2.0},{"not_picked":["Armaments","Ghostly Armor","Twin Strike"],"picked":"Demon Form","floor":3.0},{"not_picked":["Thunderclap","Havoc","Searing Blow","Shrug It Off"],"picked":"Singing Bowl","floor":4.0},{"not_picked":["Shrug It Off","Havoc","Sword Boomerang"],"picked":"Thunderclap","floor":5.0},{"not_picked":["Body Slam","Cleave","Flex","Heavy Blade"],"picked":"Singing Bowl","floor":7.0},{"not_picked":["Searing Blow","Uppercut","Flex","Heavy Blade"],"picked":"Singing Bowl","floor":8.0},{"not_picked":["Evolve","Demon Form","Clash"],"picked":"Shrug It Off","floor":10.0},{"not_picked":["Cleave","Inflame","Fire Breathing"],"picked":"Disarm","floor":11.0},{"not_picked":["Wild Strike","True Grit","Anger","Havoc"],"picked":"Singing Bowl","floor":13.0},{"not_picked":["Limit Break","Juggernaut","Barricade"],"picked":"Impervious","floor":16.0},{"not_picked":["Ghostly Armor","Sword Boomerang+1","Thunderclap+1"],"picked":"Intimidate+1","floor":18.0},{"not_picked":["Wild Strike","Cleave","Anger"],"picked":"Sword Boomerang","floor":19.0},{"not_picked":["Clash+1","Disarm+1","Armaments"],"picked":"Shrug It Off","floor":20.0},{"not_picked":["Twin Strike","Headbutt","Corruption","Rupture"],"picked":"Singing Bowl","floor":21.0},{"not_picked":["Feel No Pain","Sentinel","Infernal Blade"],"picked":"Flame Barrier","floor":24.0},{"not_picked":["Warcry","Body Slam","Rage"],"picked":"Sword Boomerang","floor":25.0},{"not_picked":["Cleave","Headbutt","Clash","Power Through"],"picked":"Singing Bowl","floor":28.0},{"not_picked":["Clothesline+1","Anger","Flex","Sword Boomerang"],"picked":"Singing Bowl","floor":31.0},{"not_picked":["Bludgeon","Offering","Juggernaut"],"picked":"Barricade","floor":33.0},{"not_picked":["Perfected Strike+1","Body Slam","Wild Strike"],"picked":"Heavy Blade","floor":35.0},{"not_picked":["True Grit","Body Slam+1","Sword Boomerang"],"picked":"Entrench+1","floor":36.0},{"not_picked":["Anger+1","Clash","Feed"],"picked":"Body Slam","floor":37.0},{"not_picked":["Clash+1","Burning Pact+1","Iron Wave+1","Anger"],"picked":"Singing Bowl","floor":39.0},{"not_picked":["Reckless Charge","Wild Strike+1","Fire Breathing","Pommel Strike+1"],"picked":"Singing Bowl","floor":40.0},{"not_picked":["Sentinel","Fire Breathing","Fiend Fire","Combust+1"],"picked":"Singing Bowl","floor":42.0},{"not_picked":["Anger","Sever Soul+1","Warcry+1","Pommel Strike"],"picked":"Singing Bowl","floor":44.0},{"not_picked":["Second Wind","Headbutt+1","Uppercut"],"picked":"Shockwave","floor":45.0},{"not_picked":["Thunderclap","Armaments+1","Searing Blow"],"picked":"Entrench+1","floor":47.0}],"player_experience":1460098,"relics_obtained":[{"floor":7.0,"key":"Pocketwatch"},{"floor":9.0,"key":"Bag of Preparation"},{"floor":17.0,"key":"Toy Ornithopter"},{"floor":17.0,"key":"HornCleat"},{"floor":17.0,"key":"Magic Flower"},{"floor":24.0,"key":"Meat on the Bone"},{"floor":26.0,"key":"MawBank"},{"floor":28.0,"key":"MealTicket"},{"floor":40.0,"key":"Pear"},{"floor":42.0,"key":"Ornamental Fan"},{"floor":43.0,"key":"Bronze Scales"},{"floor":44.0,"key":"Shovel"},{"floor":49.0,"key":"Bottled Lightning"}],"event_choices":[{"damage_healed":0.0,"max_hp_gain":0.0,"max_hp_loss":0.0,"gold_gain":0.0,"event_name":"The Woman in Blue","player_choice":"Bought 1 Potion","floor":14.0,"gold_loss":0.0,"damage_taken":0.0},{"cards_removed":["Strike_R"],"damage_healed":0.0,"max_hp_gain":0.0,"max_hp_loss":0.0,"gold_gain":0.0,"event_name":"Beggar","player_choice":"Gave Gold","floor":22.0,"gold_loss":75.0,"damage_taken":0.0},{"damage_healed":0.0,"max_hp_gain":0.0,"max_hp_loss":0.0,"gold_gain":0.0,"event_name":"Duplicator","player_choice":"Copied","floor":30.0,"gold_loss":0.0,"damage_taken":0.0,"cards_obtained":["Impervious"]},{"damage_healed":0.0,"max_hp_gain":0.0,"max_hp_loss":0.0,"gold_gain":0.0,"event_name":"Tomb of Lord Red Mask","player_choice":"Ignored","floor":38.0,"gold_loss":0.0,"damage_taken":0.0},{"damage_healed":0.0,"max_hp_gain":0.0,"max_hp_loss":0.0,"gold_gain":0.0,"event_name":"MindBloom","player_choice":"Fight","floor":44.0,"gold_loss":0.0,"damage_taken":0.0},{"cards_removed":["Heavy Blade"],"damage_healed":0.0,"max_hp_gain":0.0,"max_hp_loss":0.0,"gold_gain":0.0,"event_name":"Falling","player_choice":"Removed Attack","floor":48.0,"gold_loss":0.0,"damage_taken":0.0}],"is_beta":false,"boss_relics":[{"not_picked":["Velvet Choker","Philosopher\u0027s Stone"],"picked":"Calling Bell"},{"not_picked":["SacredBark","Sozu"],"picked":"Cursed Key"}],"items_purged_floors":[46],"is_endless":false,"potions_floor_spawned":[3,4,5,11,13,20,24,31,33,36,37,42,44],"ascension_level":20}}