{"host":"qzblds3hycbe0oxf","time":1607526249,"event":{"gold_per_floor":[215,77,93,113,113,113,144,144,170,170,121,147,157,173,173,270,270,289,304,264,274,19,19,19],"floor_reached":23,"playtime":1132,"items_purged":[],"score":231,"play_id":"b853758f-4877-4a21-b1d4-2c6aba043e85","local_time":"20201209160409","is_ascension_mode":true,"campfire_choices":[{"data":"Eruption","floor":6,"key":"SMITH"},{"floor":8,"key":"REST"},{"floor":15,"key":"REST"}],"neow_cost":"NONE","seed_source_timestamp":0,"circlet_count":0,"master_deck":["Strike_P+1","Strike_P","Strike_P","Strike_P","Defend_P+1","Defend_P","Defend_P","Defend_P","Eruption+1","Vigilance","ReachHeaven","Devotion+1","EmptyFist","Evaluate+1","LessonLearned+1","Crescendo","Pray+1","Swivel","MentalFortress+1","Judgement+1","CurseOfTheBell","Indignation","CarveReality+1","Prostrate+1","Apotheosis","ThirdEye"],"special_seed":0,"relics":["PureWater","Orichalcum","Centennial Puzzle","Frozen Egg 2","Calling Bell","Lantern","Matryoshka","Du-Vu Doll"],"potions_floor_usage":[13,16,16,23,23],"damage_taken":[{"damage":9.0,"enemies":"Small Slimes","floor":1.0,"turns":6.0},{"damage":0,"enemies":"2 Louse","floor":3,"turns":2},{"damage":2,"enemies":"Jaw Worm","floor":4,"turns":3},{"damage":22,"enemies":"Gremlin Nob","floor":7,"turns":4},{"damage":14,"enemies":"Lagavulin","floor":12,"turns":4},{"damage":0,"enemies":"Large Slime","floor":13,"turns":2},{"damage":7,"enemies":"Red Slaver","floor":14,"turns":3},{"damage":14,"enemies":"Hexaghost","floor":16,"turns":7},{"damage":20,"enemies":"3 Byrds","floor":18,"turns":5},{"damage":22,"enemies":"Shell Parasite","floor":19,"turns":4},{"damage":20,"enemies":"Snake Plant","floor":21,"turns":3},{"damage":17,"enemies":"Slavers","floor":23,"turns":1}],"seed_played":"6152898661661105684","potions_obtained":[{"floor":3,"key":"BottledMiracle"},{"floor":7,"key":"BottledMiracle"},{"floor":14,"key":"BlessingOfTheForge"},{"floor":21,"key":"GamblersBrew"}],"is_trial":false,"path_per_floor":["M","$","M","M","?","R","E","R","T","?","$","E","M","M","R","B",null,"M","M","?","M","$","E"],"character_chosen":"WATCHER","items_purchased":["Devotion","Crescendo","Apotheosis","Explosive Potion","ThirdEye"],"campfire_rested":2,"item_purchase_floors":[2,11,22,22,22],"current_hp_per_floor":[63,63,63,61,61,61,39,60,60,46,46,32,32,25,46,32,72,52,30,30,10,10,0,0],"gold":19,"neow_bonus":"HUNDRED_GOLD","is_prod":false,"is_daily":false,"chose_seed":false,"campfire_upgraded":1,"win_rate":0,"timestamp":1607526249,"path_taken":["M","$","M","M","?","R","E","R","T","?","$","E","M","?","R","BOSS","M","M","?","?","$","E"],"build_version":"2020-11-30","purchased_purges":0,"victory":false,"max_hp_per_floor":[72,72,72,72,72,72,72,72,72,72,72,72,72,72,72,72,72,72,72,72,72,72,72,72],"card_choices":[{"not_picked":["SashWhip","ClearTheMind"],"picked":"ReachHeaven","floor":1.0},{"not_picked":["CrushJoints","Consecrate"],"picked":"EmptyFist","floor":3},{"not_picked":["Halt","FlurryOfBlows"],"picked":"Evaluate","floor":4},{"not_picked":["Prostrate","ReachHeaven"],"picked":"LessonLearned","floor":7},{"not_picked":["PathToVictory","EmptyBody"],"picked":"Pray","floor":12},{"not_picked":["Evaluate","DeceiveReality"],"picked":"Swivel","floor":13},{"not_picked":["EmptyBody","Halt"],"picked":"MentalFortress+1","floor":14},{"not_picked":["Brilliance","SpiritShield"],"picked":"Judgement","floor":16},{"not_picked":["EmptyMind","EmptyBody"],"picked":"Indignation","floor":18},{"not_picked":["Pray","Worship"],"picked":"CarveReality+1","floor":19},{"not_picked":["Consecrate","FollowUp"],"picked":"Prostrate+1","floor":21}],"player_experience":152898,"relics_obtained":[{"floor":7,"key":"Orichalcum"},{"floor":9,"key":"Centennial Puzzle"},{"floor":12,"key":"Frozen Egg 2"},{"floor":17,"key":"Lantern"},{"floor":17,"key":"Matryoshka"},{"floor":17,"key":"Du-Vu Doll"}],"event_choices":[{"damage_healed":0,"gold_gain":0,"player_choice":"Grow","damage_taken":0,"max_hp_gain":0,"max_hp_loss":0,"event_name":"Living Wall","floor":5,"gold_loss":0,"cards_upgraded":["Devotion"]},{"damage_healed":0,"gold_gain":0,"player_choice":"Entered Light","damage_taken":14,"max_hp_gain":0,"max_hp_loss":0,"event_name":"Shining Light","floor":10,"gold_loss":0,"cards_upgraded":["Defend_P","Evaluate"]},{"damage_healed":0,"gold_gain":0,"player_choice":"Upgrade","damage_taken":0,"max_hp_gain":0,"max_hp_loss":0,"event_name":"Designer","floor":20,"gold_loss":40,"cards_upgraded":["Judgement"]}],"is_beta":false,"boss_relics":[{"not_picked":["Sozu","VioletLotus"],"picked":"Calling Bell"}],"items_purged_floors":[],"is_endless":false,"potions_floor_spawned":[3,7,14,21],"killed_by":"Slavers","ascension_level":3}}