{"host":"jmj81tjjbuqnwhnf","time":1607538567,"event":{"gold_per_floor":[109,63,63,76,96,96,111,61,61,73,38,51,51,51,51,150,150,161,43,62,77,77,77],"floor_reached":22,"playtime":919,"items_purged":[],"score":178,"play_id":"f2dbdf79-ea75-42a8-9107-3bb4bcbbe356","local_time":"20201209192927","is_ascension_mode":false,"campfire_choices":[{"data":"Sweeping Beam","floor":6,"key":"SMITH"},{"floor":15,"key":"REST"}],"neow_cost":"NONE","seed_source_timestamp":278680816326799,"circlet_count":0,"master_deck":["Strike_B","Strike_B","Strike_B","Defend_B","Defend_B","Defend_B","Defend_B","Zap+1","Dualcast","Leap","Darkness","Sweeping Beam+1","Ball Lightning","Leap","BootSequence","Aggregate","Blizzard","Decay","Echo Form","Redo","Stack","Capacitor","Ball Lightning","Ball Lightning+1"],"relics":["Cracked Core","WingedGreaves","Nuclear Battery"],"potions_floor_usage":[16,16],"damage_taken":[{"damage":1,"enemies":"Jaw Worm","floor":1,"turns":4},{"damage":1,"enemies":"Cultist","floor":4,"turns":3},{"damage":5,"enemies":"2 Louse","floor":5,"turns":2},{"damage":1,"enemies":"Looter","floor":7,"turns":2},{"damage":0,"enemies":"Red Slaver","floor":10,"turns":4},{"damage":8,"enemies":"2 Fungi Beasts","floor":12,"turns":3},{"damage":59,"enemies":"The Guardian","floor":16,"turns":11},{"damage":0,"enemies":"Chosen","floor":18,"turns":4},{"damage":35,"enemies":"Spheric Guardian","floor":20,"turns":7},{"damage":26,"enemies":"Snake Plant","floor":21,"turns":5},{"damage":0,"enemies":"Snecko","floor":22,"turns":2}],"seed_played":"-8156747597615259256","potions_obtained":[{"floor":4,"key":"EssenceOfSteel"},{"floor":7,"key":"Weak Potion"},{"floor":10,"key":"Swift Potion"},{"floor":18,"key":"FearPotion"}],"is_trial":false,"path_per_floor":["M","$","?","M","M","R","M","?","T","M","$","M","?","$","R","B",null,"M","$","M","M","M"],"character_chosen":"DEFECT","items_purchased":["Sweeping Beam","Blizzard","Stack","Capacitor"],"campfire_rested":1,"item_purchase_floors":[2,11,19,19],"current_hp_per_floor":[74,74,74,73,68,68,67,67,67,67,67,59,59,59,75,16,75,75,75,40,14,14,14],"gold":77,"neow_bonus":"THREE_CARDS","is_prod":false,"is_daily":false,"chose_seed":false,"campfire_upgraded":1,"win_rate":0.0,"timestamp":1607538567,"path_taken":["M","$","?","M","M","R","?","?","T","M","$","M","?","$","R","BOSS","M","$","M","M","M"],"build_version":"2020-11-30","purchased_purges":0,"victory":false,"max_hp_per_floor":[75,75,75,75,75,75,75,75,75,75,75,75,75,75,75,75,75,75,75,75,75,75,75],"relic_stats":{"counters":[11,47],"obtain_stats":[{"WingedGreaves":9,"Cracked Core":0,"Nuclear Battery":17},{"WingedGreaves":4,"Cracked Core":0,"Nuclear Battery":7},{"WingedGreaves":11,"Cracked Core":0,"Nuclear Battery":29}]},"card_choices":[{"not_picked":["Rebound","Steam"],"picked":"Leap","floor":0},{"not_picked":["Compile Driver","Rebound"],"picked":"Darkness","floor":1},{"not_picked":["Reprogram","Reinforced Body"],"picked":"Ball Lightning","floor":4},{"not_picked":["Streamline","BootSequence"],"picked":"Leap","floor":5},{"not_picked":["Hologram","Steam"],"picked":"BootSequence","floor":7},{"not_picked":["Steam","Gash"],"picked":"Aggregate","floor":10},{"not_picked":["Streamline","Rainbow","Steam"],"picked":"SKIP","floor":12},{"not_picked":["Electrodynamics","Buffer"],"picked":"Echo Form","floor":16},{"not_picked":["Genetic Algorithm","Beam Cell+1"],"picked":"Redo","floor":18},{"not_picked":["Doom and Gloom","Self Repair"],"picked":"Ball Lightning","floor":20},{"not_picked":["Streamline","Hologram"],"picked":"Ball Lightning+1","floor":21}],"player_experience":40354,"relics_obtained":[{"floor":9,"key":"WingedGreaves"}],"event_choices":[{"damage_healed":0,"gold_gain":0,"player_choice":"Upgraded","damage_taken":0,"max_hp_gain":0,"max_hp_loss":0,"event_name":"Upgrade Shrine","floor":3,"gold_loss":0,"cards_upgraded":["Zap"]},{"cards_removed":["Strike_B"],"damage_healed":0,"gold_gain":0,"player_choice":"Card Removal","damage_taken":0,"max_hp_gain":0,"max_hp_loss":0,"event_name":"The Cleric","floor":8,"gold_loss":50},{"damage_healed":0,"gold_gain":0,"player_choice":"Cursed","damage_taken":0,"max_hp_gain":0,"max_hp_loss":0,"event_name":"Wheel of Change","floor":13,"gold_loss":0,"cards_obtained":["Decay"]}],"is_beta":false,"boss_relics":[{"not_picked":["Astrolabe","Runic Pyramid"],"picked":"Nuclear Battery"}],"items_purged_floors":[],"is_endless":false,"potions_floor_spawned":[4,7,10,18],"killed_by":"Snecko","ascension_level":0}}