{"host":"cxvb37eaaiijvrl4","time":1607473180,"event":{"gold_per_floor":[118,43,43,43,62,88,88,114,192,202,182,213,233,245,245,324,324,344,360,150,150,150,185,185,212,292,292,309,309,50,80,80,154,154,173,191,191,208,23,23,14,44,67,94,108,142,157,191,191,191,191,191,191,31,64,64],"floor_reached":57,"playtime":3216,"items_purged":["Dualcast","Defend_B","Strike_B","Defend_B","Strike_B+1","Strike_B+1"],"score":3692,"play_id":"7ff3d255-ff5f-4d52-900b-65a8ad2a741b","local_time":"20201208161940","is_ascension_mode":true,"campfire_choices":[{"data":"Turbo","floor":15.0,"key":"SMITH"},{"data":"Coolheaded","floor":24.0,"key":"SMITH"},{"data":"Recycle","floor":29.0,"key":"SMITH"},{"data":"Zap","floor":32.0,"key":"SMITH"},{"data":"Gash","floor":40.0,"key":"SMITH"},{"floor":49.0,"key":"RECALL"},{"floor":53.0,"key":"REST"}],"neow_cost":"NONE","seed_source_timestamp":62803363808300,"circlet_count":0,"master_deck":["AscendersBane","Defend_B+1","Defend_B+1","Zap+1","Coolheaded+1","Turbo+1","MostiFishMod:ActiveDefenseSystem+1","Heatsinks+1","MostiFishMod:InterfaceCompatibility+1","Gash+1","Recycle+1","MostiFishMod:IntelligentEquipment+1"],"special_seed":0,"relics":["testmod-TestBox","ShadowXiaoBlade","testmod-CrystalShield","testmod-SaigiyounoYou","Question Card","Happy Flower","Frozen Egg 2","Torii","ImportantClient","HaiYi:Twilight","DaveBox","RhineCircuit","Question Card","Membership Card","Bag of Preparation","Runic Pyramid","MerchantsRug","FossilizedHelix","Mercury Hourglass","Darkstone Periapt","Turnip","ArrowTower"],"potions_floor_usage":[],"damage_taken":[{"damage":0.0,"enemies":"Cultist","floor":1.0,"turns":3.0},{"damage":2.0,"enemies":"2 Louse","floor":5.0,"turns":4.0},{"damage":12.0,"enemies":"3 Sentries","floor":6.0,"turns":7.0},{"damage":48.0,"enemies":"Gremlin Nob","floor":8.0,"turns":4.0},{"damage":0.0,"enemies":"Jaw Worm","floor":10.0,"turns":3.0},{"damage":0.0,"enemies":"Lagavulin","floor":12.0,"turns":6.0},{"damage":0.0,"enemies":"Exordium Wildlife","floor":13.0,"turns":4.0},{"damage":10.0,"enemies":"Looter","floor":14.0,"turns":4.0},{"damage":4.0,"enemies":"Hexaghost","floor":16.0,"turns":10.0},{"damage":32.0,"enemies":"Shell Parasite","floor":18.0,"turns":5.0},{"damage":10.0,"enemies":"2 Thieves","floor":19.0,"turns":3.0},{"damage":23.0,"enemies":"Book of Stabbing","floor":23.0,"turns":5.0},{"damage":22.0,"enemies":"Slavers","floor":25.0,"turns":4.0},{"damage":0.0,"enemies":"Cultist and Chosen","floor":28.0,"turns":3.0},{"damage":0.0,"enemies":"Book of Stabbing","floor":31.0,"turns":3.0},{"damage":0.0,"enemies":"Champ","floor":33.0,"turns":1.0},{"damage":0.0,"enemies":"3 Darklings","floor":35.0,"turns":2.0},{"damage":1.0,"enemies":"Orb Walker","floor":36.0,"turns":2.0},{"damage":0.0,"enemies":"Maw","floor":38.0,"turns":2.0},{"damage":21.0,"enemies":"Nemesis","floor":42.0,"turns":2.0},{"damage":0.0,"enemies":"Reptomancer","floor":44.0,"turns":1.0},{"damage":0.0,"enemies":"Sphere and 2 Shapes","floor":45.0,"turns":1.0},{"damage":0.0,"enemies":"Nemesis","floor":46.0,"turns":1.0},{"damage":0.0,"enemies":"4 Shapes","floor":47.0,"turns":1.0},{"damage":0.0,"enemies":"Giant Head","floor":48.0,"turns":1.0},{"damage":0.0,"enemies":"Donu and Deca","floor":50.0,"turns":3.0},{"damage":0.0,"enemies":"Awakened One","floor":51.0,"turns":2.0},{"damage":12.0,"enemies":"Shield and Spear","floor":55.0,"turns":2.0},{"damage":0,"enemies":"The Heart","floor":56,"turns":1}],"seed_played":"-9011939753097293099","potions_obtained":[{"floor":6.0,"key":"SkillPotion"},{"floor":8.0,"key":"Swift Potion"},{"floor":11.0,"key":"EntropicBrew"},{"floor":16.0,"key":"FocusPotion"},{"floor":18.0,"key":"Block Potion"},{"floor":25.0,"key":"Energy Potion"},{"floor":44.0,"key":"Swift Potion"}],"is_trial":false,"path_per_floor":["M","$","$","?","M","E","?","E","T","M","?","E","M","M","R","B",null,"M","M","$","?","?","E","R","E","T","?","M","R","$","E","R","B",null,"M","M","?","M","$","R","$","E","T","E","M","E","M","E","R","B","B",null,"R","$","E","B",null],"character_chosen":"DEFECT","items_purchased":["War Paint","Membership Card","Bag of Preparation","MerchantsRug"],"campfire_rested":1,"item_purchase_floors":[20,30,30,39],"current_hp_per_floor":[70,70,70,70,71,68,61,21,21,26,26,37,42,36,36,53,67,43,44,44,44,44,42,42,39,39,39,55,55,55,70,70,78,78,78,78,78,78,78,78,78,64,64,78,78,78,78,78,78,78,78,78,78,78,78,78],"gold":64,"neow_bonus":"BOSS_RELIC","is_prod":false,"is_daily":false,"chose_seed":false,"campfire_upgraded":5,"win_rate":0,"timestamp":1607473180,"path_taken":["M","?","$","?","M","E","?","E","T","?","?","E","M","?","R","BOSS","M","M","$","?","?","E","R","E","T","?","M","R","$","E","R","BOSS","M","M","?","M","$","R","$","E","T","E","M","E","M","E","R","BOSS","BOSS","R","$","E","BOSS"],"build_version":"2020-11-30","purchased_purges":6,"victory":true,"max_hp_per_floor":[71,71,71,71,71,71,71,71,71,71,71,71,71,71,71,71,71,71,71,71,71,71,78,78,78,78,78,78,78,78,78,78,78,78,78,78,78,78,78,78,78,78,78,78,78,78,78,78,78,78,78,78,78,78,78,78],"card_choices":[{"not_picked":["Hologram","Melter"],"picked":"Coolheaded","floor":1.0},{"not_picked":["Sweeping Beam","Coolheaded","Auto Shields"],"picked":"Turbo","floor":5.0},{"not_picked":["Steam","Streamline","Stack","Leap"],"picked":"SKIP","floor":6.0},{"not_picked":["Compile Driver","Melter","Loop","Cold Snap"],"picked":"SKIP","floor":8.0},{"not_picked":["Aggregate","Sweeping Beam","Genetic Algorithm"],"picked":"MostiFishMod:ActiveDefenseSystem+1","floor":10.0},{"not_picked":["Blizzard","Streamline","Beam Cell","Steam Power"],"picked":"SKIP","floor":12.0},{"not_picked":["Conserve Battery","Chaos","Go for the Eyes"],"picked":"Heatsinks+1","floor":13.0},{"not_picked":["Leap","Coolheaded","Aggregate","Compile Driver"],"picked":"SKIP","floor":14.0},{"not_picked":["Rainbow","MostiFishMod:ATRI","MostiFishMod:PushDownKick"],"picked":"MostiFishMod:InterfaceCompatibility+1","floor":16.0},{"not_picked":["Beam Cell","Conserve Battery","Undo"],"picked":"Gash","floor":18.0},{"not_picked":["White Noise","Turbo","Compile Driver","Streamline"],"picked":"SKIP","floor":19.0},{"not_picked":["Echo Form+1","Reinforced Body+1","Steam","Blizzard+1"],"picked":"SKIP","floor":23.0},{"not_picked":["Rip and Tear+1","Blizzard+1","Steam Power+1","Consume"],"picked":"SKIP","floor":25.0},{"not_picked":["Cold Snap","Reprogram+1","Barrage","Sweeping Beam"],"picked":"Recycle","floor":28.0},{"not_picked":["Go for the Eyes","Hologram","Turbo","Leap","Darkness"],"picked":"SKIP","floor":31.0},{"not_picked":["Echo Form+1","Rainbow","MostiFishMod:GatherIntelligence","MostiFishMod:StarOceanB"],"picked":"MostiFishMod:IntelligentEquipment+1","floor":33.0},{"not_picked":["Heatsinks+1","Aggregate","Go for the Eyes+1","Capacitor+1","Hologram+1"],"picked":"SKIP","floor":35.0},{"not_picked":["Ball Lightning","Hologram","Undo+1","Streamline+1","Sweeping Beam+1"],"picked":"SKIP","floor":36.0},{"not_picked":["Go for the Eyes","Streamline","Conserve Battery","MostiFishMod:GoodWordForIt","Steam"],"picked":"SKIP","floor":38.0},{"not_picked":["Aggregate+1","Creative AI+1","Sunder","Gash","Hologram"],"picked":"SKIP","floor":42.0},{"not_picked":["White Noise","Rebound","Lockon","Auto Shields","Steam+1"],"picked":"SKIP","floor":44.0},{"not_picked":["Loop+1","Melter","Ball Lightning+1","Hologram","Leap+1"],"picked":"SKIP","floor":45.0},{"not_picked":["Turbo","Ball Lightning","MostiFishMod:StarOceanB","Loop+1","Steam Power"],"picked":"SKIP","floor":46.0},{"not_picked":["Hologram+1","Darkness","Compile Driver","Leap","Chaos"],"picked":"SKIP","floor":47.0},{"not_picked":["Cold Snap","MostiFishMod:IceShield","BootSequence","Static Discharge+1","MostiFishMod:PushDownKick"],"picked":"SKIP","floor":48.0},{"not_picked":["Storm+1","Stack","Loop+1","Recycle","Steam Power+1"],"picked":"SKIP","floor":55.0}],"player_experience":610809,"relics_obtained":[{"floor":1.0,"key":"Question Card"},{"floor":6.0,"key":"Whetstone"},{"floor":8.0,"key":"Happy Flower"},{"floor":9.0,"key":"Frozen Egg 2"},{"floor":12.0,"key":"Torii"},{"floor":16.0,"key":"ImportantClient"},{"floor":23.0,"key":"Strawberry"},{"floor":25.0,"key":"testmod-Antiphasic"},{"floor":26.0,"key":"Question Card"},{"floor":31.0,"key":"Vajra"},{"floor":42.0,"key":"FossilizedHelix"},{"floor":44.0,"key":"Mercury Hourglass"},{"floor":46.0,"key":"Darkstone Periapt"},{"floor":48.0,"key":"Turnip"},{"floor":55.0,"key":"ArrowTower"}],"event_choices":[{"damage_healed":0.0,"max_hp_gain":0.0,"max_hp_loss":0.0,"gold_gain":0.0,"event_name":"The Cleric","player_choice":"Leave","floor":4.0,"gold_loss":0.0,"damage_taken":0.0},{"cards_removed":["Strike_B"],"damage_healed":0.0,"max_hp_gain":0.0,"max_hp_loss":0.0,"gold_gain":0.0,"event_name":"Golden Wing","player_choice":"Card Removal","floor":7.0,"gold_loss":0.0,"damage_taken":7.0},{"damage_healed":0.0,"max_hp_gain":0.0,"max_hp_loss":0.0,"gold_gain":0.0,"event_name":"The Woman in Blue","player_choice":"Bought 1 Potion","floor":11.0,"gold_loss":0.0,"damage_taken":0.0},{"damage_healed":0.0,"max_hp_gain":0.0,"max_hp_loss":0.0,"gold_gain":0.0,"event_name":"The Mausoleum","player_choice":"Ignored","floor":21.0,"gold_loss":0.0,"damage_taken":0.0},{"damage_healed":0.0,"max_hp_gain":0.0,"max_hp_loss":0.0,"gold_gain":0.0,"event_name":"Box For Yourself","player_choice":"Swap Relic","floor":22.0,"relics_lost":["DaveBox"],"gold_loss":0.0,"damage_taken":0.0,"relics_obtained":["DaveBox"]},{"damage_healed":0.0,"max_hp_gain":0.0,"max_hp_loss":0.0,"gold_gain":0.0,"event_name":"Vampires","player_choice":"Ignored","floor":27.0,"gold_loss":0.0,"damage_taken":0.0},{"damage_healed":0.0,"max_hp_gain":0.0,"max_hp_loss":0.0,"gold_gain":0.0,"event_name":"Tomb of Lord Red Mask","player_choice":"Ignored","floor":37.0,"gold_loss":0.0,"damage_taken":0.0}],"is_beta":false,"boss_relics":[{"not_picked":["Snecko Eye","Tiny House"],"picked":"HaiYi:Twilight"},{"not_picked":["GuanYuAspect","testmod-NegativeEmotionEnhancer"],"picked":"Runic Pyramid"}],"items_purged_floors":[2,20,30,39,41,54],"is_endless":false,"potions_floor_spawned":[6,8,10,13,16,18,25,31,33,35,36,44,47],"ascension_level":20}}