{"host":"zekcc3vicrep0och","time":1607523995,"event":{"gold_per_floor":[110,110,110,28,41,74,74,99,99,99,64,16,16,43,43,148,148,163,174,185,202,117,143,143,177,177,177,196,230,155,167,167,265,315,334,18,30,44,44,44,75,75,75,101,26,53,71,20,20,20,20],"floor_reached":50,"playtime":2743,"items_purged":["Strike_B"],"score":976,"play_id":"41ca160b-71fc-479b-a373-207836a3b2c9","local_time":"20201209172635","is_ascension_mode":true,"campfire_choices":[{"data":"Sunder","floor":7.0,"key":"SMITH"},{"data":"Hologram","floor":13.0,"key":"SMITH"},{"data":"Dualcast","floor":15.0,"key":"SMITH"},{"floor":24.0,"key":"REST"},{"floor":27.0,"key":"DIG"},{"floor":32.0,"key":"REST"},{"floor":40.0,"key":"DIG"},{"floor":42.0,"key":"DIG"},{"floor":49.0,"key":"REST"}],"neow_cost":"NONE","seed_source_timestamp":26330414098200,"circlet_count":0,"master_deck":["Strike_B","Strike_B","Defend_B","Defend_B+1","Defend_B","Defend_B+1","Zap+1","Dualcast+1","FTL+1","Sunder+1","Sweeping Beam+1","White Noise","Hologram+1","Capacitor+1","Auto Shields","Electrodynamics","Leap+1","Skim","Beam Cell+1","Loop","Conserve Battery","Capacitor","Compile Driver+1","Consume+1","All For One","Metamorphosis","Reprogram+1","White Noise","Force Field","Conserve Battery+1","White Noise+1","Amplify"],"special_seed":0,"relics":["Cracked Core","NeowsBlessing","InkBottle","Blue Candle","Whetstone","Dream Catcher","Kunai","Fusion Hammer","Matryoshka","Shovel","Potion Belt","Blood Vial","Singing Bowl","Tiny Chest","FossilizedHelix","Tiny House","Gambling Chip","Gremlin Horn","Centennial Puzzle","Pen Nib","Strawberry","Bronze Scales","DataDisk"],"potions_floor_usage":[50,50,50],"damage_taken":[{"damage":0.0,"enemies":"Cultist","floor":1.0,"turns":1.0},{"damage":0.0,"enemies":"Jaw Worm","floor":5.0,"turns":1.0},{"damage":0.0,"enemies":"Lagavulin","floor":6.0,"turns":1.0},{"damage":28.0,"enemies":"Gremlin Nob","floor":8.0,"turns":4.0},{"damage":0.0,"enemies":"Lagavulin","floor":14.0,"turns":2.0},{"damage":26.0,"enemies":"The Guardian","floor":16.0,"turns":12.0},{"damage":5.0,"enemies":"Chosen","floor":18.0,"turns":5.0},{"damage":14.0,"enemies":"2 Thieves","floor":19.0,"turns":3.0},{"damage":10.0,"enemies":"Snecko","floor":20.0,"turns":3.0},{"damage":6.0,"enemies":"Snake Plant","floor":21.0,"turns":3.0},{"damage":7.0,"enemies":"Slavers","floor":23.0,"turns":3.0},{"damage":7.0,"enemies":"Book of Stabbing","floor":25.0,"turns":5.0},{"damage":11.0,"enemies":"Sentry and Sphere","floor":28.0,"turns":5.0},{"damage":0.0,"enemies":"Slavers","floor":29.0,"turns":4.0},{"damage":5.0,"enemies":"Shelled Parasite and Fungi","floor":31.0,"turns":6.0},{"damage":34.0,"enemies":"Collector","floor":33.0,"turns":9.0},{"damage":0.0,"enemies":"3 Darklings","floor":35.0,"turns":2.0},{"damage":6.0,"enemies":"Orb Walker","floor":37.0,"turns":3.0},{"damage":15.0,"enemies":"Writhing Mass","floor":38.0,"turns":7.0},{"damage":25.0,"enemies":"Reptomancer","floor":41.0,"turns":6.0},{"damage":14.0,"enemies":"Nemesis","floor":44.0,"turns":7.0},{"damage":14.0,"enemies":"Reptomancer","floor":46.0,"turns":6.0},{"damage":0.0,"enemies":"Jaw Worm Horde","floor":47.0,"turns":2.0},{"damage":81,"enemies":"Donu and Deca","floor":50,"turns":6}],"seed_played":"-4454464397876562713","potions_obtained":[{"floor":5.0,"key":"Strength Potion"},{"floor":14.0,"key":"Ancient Potion"},{"floor":16.0,"key":"EntropicBrew"},{"floor":19.0,"key":"CultistPotion"},{"floor":29.0,"key":"SpeedPotion"},{"floor":31.0,"key":"PotionOfCapacity"},{"floor":33.0,"key":"DuplicationPotion"},{"floor":34.0,"key":"AttackPotion"},{"floor":37.0,"key":"SkillPotion"},{"floor":41.0,"key":"LiquidMemories"},{"floor":47.0,"key":"Explosive Potion"}],"is_trial":false,"path_per_floor":["M","?","?","$","M","E","R","E","T","?","?","$","R","E","R","B",null,"M","M","M","M","?","E","R","E","T","R","M","E","?","M","R","B",null,"M","$","M","M","?","R","E","R","T","E","$","E","M","$","R","B"],"character_chosen":"DEFECT","items_purchased":["Sunder","Sweeping Beam","AttackPotion","Metamorphosis","Regen Potion","DistilledChaos","Dexterity Potion"],"campfire_rested":3,"item_purchase_floors":[4,4,12,36,36,45,48],"current_hp_per_floor":[68,53,53,53,53,53,53,25,25,22,40,40,40,40,40,14,60,55,41,31,25,25,18,40,33,33,33,26,28,28,25,50,18,71,75,75,73,75,90,90,65,65,72,60,60,48,50,50,79,0,0],"gold":20,"neow_bonus":"THREE_ENEMY_KILL","is_prod":false,"is_daily":false,"chose_seed":false,"campfire_upgraded":3,"win_rate":0,"timestamp":1607523995,"path_taken":["M","?","?","$","?","E","R","E","T","?","?","$","R","E","R","BOSS","M","M","M","M","?","E","R","E","T","R","M","E","?","M","R","BOSS","M","$","M","M","?","R","E","R","T","E","$","E","M","$","R","BOSS"],"build_version":"2020-11-30","purchased_purges":1,"victory":false,"max_hp_per_floor":[75,75,75,75,75,75,75,75,75,75,75,75,75,75,75,75,75,75,75,75,75,75,75,75,75,75,75,77,77,77,77,79,79,86,88,88,90,90,90,90,90,90,97,97,97,97,97,97,97,97,97],"relic_stats":{"Singing Bowl":10,"Gremlin Horn":[5,5],"counters":[24,106],"Blue Candle":[0],"Pen Nib":[3],"Whetstone":["FTL","Sweeping Beam"],"Blood Vial":22,"Dream Catcher":3,"Centennial Puzzle":[9],"Shovel":3,"Gambling Chip":[12],"Bronze Scales":[33],"Tiny Chest":0,"Kunai":[33],"obtain_stats":[{"Potion Belt":25,"Tiny House":34,"NeowsBlessing":0,"Singing Bowl":26,"Gremlin Horn":41,"Blue Candle":8,"Pen Nib":43,"Whetstone":9,"Blood Vial":26,"Dream Catcher":10,"Centennial Puzzle":42,"DataDisk":46,"Matryoshka":22,"Shovel":23,"Gambling Chip":40,"Strawberry":43,"Bronze Scales":44,"Tiny Chest":27,"Fusion Hammer":17,"Kunai":14,"Cracked Core":0,"InkBottle":6,"FossilizedHelix":29},{"Potion Belt":12,"Tiny House":16,"NeowsBlessing":0,"Singing Bowl":12,"Gremlin Horn":20,"Blue Candle":4,"Pen Nib":20,"Whetstone":4,"Blood Vial":12,"Dream Catcher":4,"Centennial Puzzle":20,"DataDisk":22,"Matryoshka":10,"Shovel":11,"Gambling Chip":19,"Strawberry":20,"Bronze Scales":21,"Tiny Chest":12,"Fusion Hammer":6,"Kunai":5,"Cracked Core":0,"InkBottle":3,"FossilizedHelix":14},{"Potion Belt":43,"Tiny House":67,"NeowsBlessing":0,"Singing Bowl":43,"Gremlin Horn":85,"Blue Candle":7,"Pen Nib":85,"Whetstone":7,"Blood Vial":43,"Dream Catcher":7,"Centennial Puzzle":85,"DataDisk":98,"Matryoshka":35,"Shovel":38,"Gambling Chip":79,"Strawberry":85,"Bronze Scales":92,"Tiny Chest":43,"Fusion Hammer":21,"Kunai":9,"Cracked Core":0,"InkBottle":3,"FossilizedHelix":52}],"InkBottle":[46]},"card_choices":[{"not_picked":["Beam Cell","Lockon"],"picked":"FTL","floor":1.0},{"not_picked":["Conserve Battery","Compile Driver"],"picked":"White Noise","floor":5.0},{"not_picked":["Redo","Beam Cell"],"picked":"Hologram","floor":6.0},{"not_picked":["Lockon","Redo"],"picked":"Capacitor","floor":8.0},{"not_picked":["Core Surge","Reprogram"],"picked":"Auto Shields","floor":14.0},{"not_picked":["Fission","Seek"],"picked":"Electrodynamics","floor":16.0},{"not_picked":["Blizzard","Turbo+1"],"picked":"Leap+1","floor":18.0},{"not_picked":["Steam","Go for the Eyes"],"picked":"Skim","floor":19.0},{"not_picked":["Turbo","Storm"],"picked":"Beam Cell+1","floor":20.0},{"not_picked":["Rebound","Reinforced Body"],"picked":"Loop","floor":21.0},{"not_picked":["Rainbow","Leap"],"picked":"Conserve Battery","floor":23.0},{"not_picked":["Rebound+1","Steam Power+1"],"picked":"Capacitor","floor":24.0},{"not_picked":["Hologram+1","Turbo","Beam Cell"],"picked":"SKIP","floor":25.0},{"not_picked":["Coolheaded","Sweeping Beam","Multi-Cast"],"picked":"Singing Bowl","floor":28.0},{"not_picked":["Barrage+1","Ball Lightning"],"picked":"Compile Driver+1","floor":29.0},{"not_picked":["Conserve Battery","Leap"],"picked":"Consume+1","floor":31.0},{"not_picked":["Chaos","Rebound","Gash"],"picked":"Singing Bowl","floor":32.0},{"not_picked":["Meteor Strike","Core Surge"],"picked":"All For One","floor":33.0},{"not_picked":["Coolheaded","Sweeping Beam+1","Barrage"],"picked":"Singing Bowl","floor":34.0},{"not_picked":["Gash","Sunder","Rebound"],"picked":"Singing Bowl","floor":35.0},{"not_picked":["Rebound+1","Go for the Eyes","Stack"],"picked":"Singing Bowl","floor":37.0},{"not_picked":["Cold Snap","Fusion"],"picked":"Reprogram+1","floor":38.0},{"not_picked":["Seek","Coolheaded"],"picked":"White Noise","floor":41.0},{"not_picked":["Scrape+1","Capacitor+1"],"picked":"Force Field","floor":44.0},{"not_picked":["Rebound+1","Leap"],"picked":"Conserve Battery+1","floor":46.0},{"not_picked":["Fusion+1","Stack+1"],"picked":"White Noise+1","floor":47.0},{"not_picked":["Static Discharge","Sweeping Beam"],"picked":"Amplify","floor":49.0}],"player_experience":385035,"relics_obtained":[{"floor":6.0,"key":"InkBottle"},{"floor":8.0,"key":"Blue Candle"},{"floor":9.0,"key":"Whetstone"},{"floor":14.0,"key":"Kunai"},{"floor":23.0,"key":"Shovel"},{"floor":25.0,"key":"Potion Belt"},{"floor":26.0,"key":"Blood Vial"},{"floor":26.0,"key":"Singing Bowl"},{"floor":27.0,"key":"Tiny Chest"},{"floor":29.0,"key":"FossilizedHelix"},{"floor":40.0,"key":"Gambling Chip"},{"floor":41.0,"key":"Gremlin Horn"},{"floor":42.0,"key":"Centennial Puzzle"},{"floor":43.0,"key":"Pen Nib"},{"floor":43.0,"key":"Strawberry"},{"floor":44.0,"key":"Bronze Scales"},{"floor":46.0,"key":"DataDisk"}],"event_choices":[{"damage_healed":0.0,"max_hp_gain":0.0,"max_hp_loss":0.0,"gold_gain":0.0,"event_name":"Shining Light","player_choice":"Entered Light","floor":2.0,"gold_loss":0.0,"damage_taken":15.0,"cards_upgraded":["Defend_B","Defend_B"]},{"damage_healed":0.0,"max_hp_gain":0.0,"max_hp_loss":0.0,"gold_gain":0.0,"event_name":"Upgrade Shrine","player_choice":"Upgraded","floor":3.0,"gold_loss":0.0,"damage_taken":0.0,"cards_upgraded":["Zap"]},{"damage_healed":0.0,"max_hp_gain":0.0,"max_hp_loss":0.0,"gold_gain":0.0,"event_name":"Scrap Ooze","player_choice":"Success","floor":10.0,"gold_loss":0.0,"damage_taken":3.0,"relics_obtained":["Dream Catcher"]},{"damage_healed":18.0,"max_hp_gain":0.0,"max_hp_loss":0.0,"gold_gain":0.0,"event_name":"The Cleric","player_choice":"Healed","floor":11.0,"gold_loss":35.0,"damage_taken":0.0},{"damage_healed":0.0,"max_hp_gain":0.0,"max_hp_loss":0.0,"gold_gain":0.0,"event_name":"Addict","player_choice":"Obtained Relic","floor":22.0,"gold_loss":85.0,"damage_taken":0.0,"relics_obtained":["Matryoshka"]},{"cards_removed":["Strike_B"],"damage_healed":0.0,"max_hp_gain":0.0,"max_hp_loss":0.0,"gold_gain":0.0,"event_name":"Beggar","player_choice":"Gave Gold","floor":30.0,"gold_loss":75.0,"damage_taken":0.0},{"damage_healed":15.0,"max_hp_gain":0.0,"max_hp_loss":0.0,"gold_gain":0.0,"event_name":"Wheel of Change","player_choice":"Full Heal","floor":39.0,"gold_loss":0.0,"damage_taken":0.0}],"is_beta":false,"boss_relics":[{"not_picked":["Snecko Eye","Philosopher\u0027s Stone"],"picked":"Fusion Hammer"},{"not_picked":["Busted Crown","Nuclear Battery"],"picked":"Tiny House"}],"items_purged_floors":[36],"is_endless":false,"potions_floor_spawned":[5,14,16,19,29,31,33,37,41,47],"killed_by":"Donu and Deca","ascension_level":8}}