{"host":"zkqorkqsr6o67e8b","time":1607474571,"event":{"gold_per_floor":[119,130,130,130,130,165,180,180,180,214,226,552,432,445,445,517,517,528,803,78,93,106,106,116,116,116],"floor_reached":25,"playtime":1089,"items_purged":["alterego_mod:SakuraPetals","Regret"],"score":390,"play_id":"66cd4b41-3088-4c8e-ac94-73e4f3d83a9d","local_time":"20201209084251","is_ascension_mode":true,"campfire_choices":[{"data":"alterego_mod:TrashNCrash","floor":8.0,"key":"SMITH"},{"data":"alterego_mod:PerceptionDisorder","floor":15.0,"key":"SMITH"},{"data":"alterego_mod:AlterEgo","floor":23,"key":"SMITH"}],"neow_cost":"NONE","seed_source_timestamp":342828044724500,"circlet_count":0,"master_deck":["AscendersBane","alterego_mod:Strike","alterego_mod:Strike","alterego_mod:Strike","alterego_mod:Strike","alterego_mod:Defend","alterego_mod:Defend","alterego_mod:Defend","alterego_mod:Defend","alterego_mod:Impale","alterego_mod:BigMeatyClaws+1","alterego_mod:BrynhildrsRune+1","alterego_mod:TrashNCrash+1","alterego_mod:Mirror","alterego_mod:SakuraFive","alterego_mod:Maid","alterego_mod:DeftHands","alterego_mod:Cooking","alterego_mod:Birthday","alterego_mod:AlterEgo+1","alterego_mod:PerceptionDisorder","alterego_mod:PerceptionDisorder+1","alterego_mod:Birthday","alterego_mod:Lift","alterego_mod:Clones","alterego_mod:Nekomimi","alterego_mod:Birthday"],"special_seed":0,"relics":["alterego_mod:MasochisticConstitution","NeowsBlessing","War Paint","Old Coin","Velvet Choker","Incense Burner","Shuriken"],"potions_floor_usage":[],"damage_taken":[{"damage":4.0,"enemies":"2 Louse","floor":1.0,"turns":5.0},{"damage":7.0,"enemies":"Jaw Worm","floor":2.0,"turns":2.0},{"damage":12.0,"enemies":"3 Sentries","floor":6.0,"turns":3.0},{"damage":7.0,"enemies":"Small Slimes","floor":7.0,"turns":3.0},{"damage":35.0,"enemies":"Lagavulin","floor":10.0,"turns":7.0},{"damage":25.0,"enemies":"Gremlin Gang","floor":11.0,"turns":7.0},{"damage":12.0,"enemies":"3 Sentries","floor":12.0,"turns":4.0},{"damage":39.0,"enemies":"Lots of Slimes","floor":14.0,"turns":5.0},{"damage":37,"enemies":"The Guardian","floor":16,"turns":9},{"damage":7,"enemies":"Chosen","floor":18,"turns":4},{"damage":44,"enemies":"2 Thieves","floor":21,"turns":5},{"damage":30,"enemies":"Shelled Parasite and Fungi","floor":22,"turns":6},{"damage":12,"enemies":"Snake Plant","floor":24,"turns":4},{"damage":32,"enemies":"Chosen and Byrds","floor":25,"turns":3}],"seed_played":"-7881683866935094524","potions_obtained":[{"floor":2.0,"key":"EssenceOfSteel"},{"floor":7.0,"key":"DuplicationPotion"},{"floor":21,"key":"SkillPotion"}],"is_trial":false,"path_per_floor":["M","M","?","?","?","E","M","R","T","E","M","E","$","M","R","B",null,"M","?","$","M","M","R","M","M"],"character_chosen":"The_Alterego","items_purchased":["alterego_mod:PerceptionDisorder","Incense Burner","Shuriken","alterego_mod:Nekomimi"],"campfire_rested":0,"item_purchase_floors":[13,20,20,20],"current_hp_per_floor":[66,67,72,72,72,73,74,74,74,50,52,67,67,41,41,19,64,68,68,68,46,38,38,34,5,5],"gold":116,"neow_bonus":"THREE_ENEMY_KILL","is_prod":false,"is_daily":false,"chose_seed":false,"campfire_upgraded":3,"win_rate":0,"timestamp":1607474571,"path_taken":["M","M","?","?","?","E","M","R","T","E","M","E","$","M","R","BOSS","M","?","$","M","?","R","M","M"],"build_version":"2020-11-30","purchased_purges":2,"victory":false,"max_hp_per_floor":[66,67,72,72,72,73,74,74,74,75,76,77,77,78,78,79,79,80,80,80,81,82,82,83,83,83],"card_choices":[{"not_picked":["alterego_mod:Cooking","alterego_mod:Cycle"],"picked":"alterego_mod:TrashNCrash","floor":1.0},{"not_picked":["alterego_mod:MagicResistance","alterego_mod:Mirror","alterego_mod:Rip"],"picked":"SKIP","floor":2.0},{"not_picked":["alterego_mod:MagicResistance","alterego_mod:Rip"],"picked":"alterego_mod:Mirror","floor":2.0},{"not_picked":["alterego_mod:Undulate","alterego_mod:Complex"],"picked":"alterego_mod:Birthday","floor":6.0},{"not_picked":["alterego_mod:HighServant","alterego_mod:DeftHands","alterego_mod:Swimsuit"],"picked":"SKIP","floor":7.0},{"not_picked":["alterego_mod:DustData","alterego_mod:SuperDuperMasochism"],"picked":"alterego_mod:AlterEgo","floor":10.0},{"not_picked":["alterego_mod:GoddessCore","alterego_mod:Skirt","alterego_mod:Mirror"],"picked":"SKIP","floor":11.0},{"not_picked":["alterego_mod:Lingerie","alterego_mod:Skirt"],"picked":"alterego_mod:PerceptionDisorder","floor":12.0},{"not_picked":["alterego_mod:GachaTicket","alterego_mod:Undulate"],"picked":"alterego_mod:Birthday","floor":14.0},{"not_picked":["alterego_mod:Antipathy","alterego_mod:Alter"],"picked":"alterego_mod:Lift","floor":16},{"not_picked":["alterego_mod:IndependentAction","alterego_mod:Undulate"],"picked":"alterego_mod:Clones","floor":18},{"not_picked":["alterego_mod:Undulate","alterego_mod:Maid","alterego_mod:Cooking"],"picked":"SKIP","floor":21},{"not_picked":["alterego_mod:Undulate","alterego_mod:Maid","alterego_mod:Cooking"],"picked":"SKIP","floor":21},{"not_picked":["alterego_mod:Skirt","alterego_mod:Undulate+1"],"picked":"alterego_mod:Birthday","floor":22},{"not_picked":["alterego_mod:Bounce+1","alterego_mod:Mirror","alterego_mod:Lingerie+1"],"picked":"SKIP","floor":24}],"player_experience":348808,"relics_obtained":[{"floor":10.0,"key":"War Paint"},{"floor":12.0,"key":"Old Coin"}],"event_choices":[{"damage_healed":0.0,"max_hp_gain":5.0,"max_hp_loss":0.0,"gold_gain":0.0,"event_name":"Big Fish","player_choice":"Donut","floor":3.0,"gold_loss":0.0,"damage_taken":0.0},{"damage_healed":0.0,"max_hp_gain":0.0,"max_hp_loss":0.0,"gold_gain":0.0,"event_name":"Liars Game","player_choice":"Ignored","floor":4.0,"gold_loss":0.0,"damage_taken":0.0},{"damage_healed":0,"gold_gain":275,"player_choice":"Desecrate","damage_taken":0,"max_hp_gain":0,"max_hp_loss":0,"event_name":"Golden Shrine","floor":19,"gold_loss":0,"cards_obtained":["Regret"]}],"is_beta":false,"boss_relics":[{"not_picked":["SacredBark","Black Star"],"picked":"Velvet Choker"}],"items_purged_floors":[13,20],"is_endless":false,"potions_floor_spawned":[2,7,12,14,21,24],"killed_by":"Chosen and Byrds","ascension_level":15}}