{"host":"1s3zwrha01am7rbu","time":1607473066,"event":{"gold_per_floor":[117,133,58,78,78,78,91,110,110,110,110,110,110,130,130,130,130],"floor_reached":16,"playtime":546,"items_purged":["Strike_P"],"score":92,"play_id":"25f7e7d6-6c51-4648-9ab9-b32c463a00af","local_time":"20201208191746","is_ascension_mode":false,"campfire_choices":[{"data":"PathToVictory","floor":6.0,"key":"SMITH"},{"floor":11.0,"key":"DIG"},{"floor":15.0,"key":"DIG"}],"neow_cost":"NONE","seed_source_timestamp":79891414474600,"circlet_count":0,"master_deck":["Strike_P","Strike_P","Strike_P","Defend_P","Defend_P","Defend_P","Defend_P","Eruption","Vigilance","CutThroughFate","PathToVictory+1","CutThroughFate","Parasite"],"special_seed":0,"relics":["PureWater","Shovel","Golden Idol","Ice Cream","Gremlin Horn"],"potions_floor_usage":[16],"damage_taken":[{"damage":0.0,"enemies":"Cultist","floor":1.0,"turns":2.0},{"damage":1.0,"enemies":"2 Louse","floor":2.0,"turns":2.0},{"damage":5.0,"enemies":"Small Slimes","floor":4.0,"turns":2.0},{"damage":0.0,"enemies":"2 Fungi Beasts","floor":7.0,"turns":2.0},{"damage":12.0,"enemies":"Exordium Thugs","floor":8.0,"turns":4.0},{"damage":3.0,"enemies":"Exordium Wildlife","floor":14.0,"turns":4.0},{"damage":90,"enemies":"Slime Boss","floor":16,"turns":9}],"seed_played":"-2146933298736222794","potions_obtained":[{"floor":7.0,"key":"ColorlessPotion"},{"floor":8.0,"key":"FearPotion"}],"is_trial":false,"path_per_floor":["M","M","$","M","$","R","M","M","T","?","R","?","?","M","R","B"],"character_chosen":"WATCHER","items_purchased":[],"campfire_rested":0,"item_purchase_floors":[],"current_hp_per_floor":[72,71,71,66,66,66,66,54,54,54,54,67,77,74,74,0,0],"gold":130,"neow_bonus":"ONE_RANDOM_RARE_CARD","is_prod":false,"is_daily":false,"chose_seed":false,"campfire_upgraded":1,"win_rate":0.0,"timestamp":1607473066,"path_taken":["M","?","$","M","$","R","M","M","T","?","R","?","?","M","R","BOSS"],"build_version":"2020-11-30","purchased_purges":1,"victory":false,"max_hp_per_floor":[72,72,72,72,72,72,72,72,72,67,67,67,77,77,77,77,77],"relic_stats":{"Shovel":2,"Gremlin Horn":[1,1],"counters":[7,25],"Golden Idol":4,"obtain_stats":[{"Ice Cream":11,"Shovel":9,"Gremlin Horn":15,"Golden Idol":10,"PureWater":0},{"Ice Cream":5,"Shovel":5,"Gremlin Horn":6,"Golden Idol":5,"PureWater":0},{"Ice Cream":12,"Shovel":12,"Gremlin Horn":16,"Golden Idol":12,"PureWater":0}]},"card_choices":[{"not_picked":["Crescendo","ClearTheMind"],"picked":"CutThroughFate","floor":1.0},{"not_picked":["Protect","Consecrate"],"picked":"PathToVictory","floor":2.0},{"not_picked":["ThirdEye","SashWhip"],"picked":"CutThroughFate","floor":4.0},{"not_picked":["FlurryOfBlows","ClearTheMind","ThirdEye"],"picked":"SKIP","floor":7.0},{"not_picked":["SashWhip","ClearTheMind","Adaptation"],"picked":"SKIP","floor":8.0},{"not_picked":["MentalFortress","MasterReality","SashWhip"],"picked":"SKIP","floor":14.0}],"player_experience":189216,"relics_obtained":[{"floor":9.0,"key":"Shovel"},{"floor":11.0,"key":"Ice Cream"},{"floor":15.0,"key":"Gremlin Horn"}],"event_choices":[{"damage_healed":0.0,"max_hp_gain":0.0,"max_hp_loss":5.0,"gold_gain":0.0,"event_name":"Golden Idol","player_choice":"Lose Max HP","floor":10.0,"gold_loss":0.0,"damage_taken":0.0,"relics_obtained":["Golden Idol"]},{"damage_healed":16.0,"max_hp_gain":0.0,"max_hp_loss":0.0,"gold_gain":0.0,"event_name":"Mushrooms","player_choice":"Healed and dodged fight","floor":12.0,"gold_loss":0.0,"damage_taken":0.0,"cards_obtained":["Parasite"]},{"cards_removed":["Brilliance"],"damage_healed":0.0,"max_hp_gain":10.0,"max_hp_loss":0.0,"gold_gain":0.0,"event_name":"Bonfire Elementals","player_choice":"Offered Rare","floor":13.0,"gold_loss":0.0,"damage_taken":0.0}],"is_beta":false,"boss_relics":[],"items_purged_floors":[3],"is_endless":false,"potions_floor_spawned":[7,8],"killed_by":"Slime Boss","ascension_level":0}}