{"host":"reugk9pd1uotrglt","time":1607528224,"event":{"gold_per_floor":[119,119,131,146,40,40,66,66,148,223,223,223,248,75,75,152,152,168,168,168,168,18,18,18],"floor_reached":23,"playtime":704,"items_purged":["Strike_R","Strike_R","Defend_R","Strike_R+1"],"score":586,"play_id":"64faea68-117f-421b-9056-8145554413b7","local_time":"20201209163704","is_ascension_mode":true,"campfire_choices":[{"data":"Searing Blow","floor":6.0,"key":"SMITH"},{"data":"Armaments","floor":8.0,"key":"SMITH"},{"data":"Searing Blow+1","floor":11.0,"key":"SMITH"},{"data":"Searing Blow+2","floor":12.0,"key":"SMITH"},{"data":"Searing Blow+3","floor":15.0,"key":"SMITH"}],"neow_cost":"","seed_source_timestamp":222759627516100,"circlet_count":0,"master_deck":["AscendersBane","Strike_R+1","Defend_R+1","Defend_R+1","Defend_R+1","Bash","Madness","Spot Weakness","Pommel Strike","Searing Blow+4","Mayhem","Dramatic Entrance","Cleave","Disarm","Dark Embrace","Rampage","Flame Barrier","Finesse","Armaments+1","Intimidate","Limit Break","Shockwave"],"special_seed":0,"relics":["Burning Blood","Blood Vial","Orrery","WingedGreaves","PreservedInsect","StoneCalendar","Ornamental Fan","Oddly Smooth Stone","Bottled Lightning","Magic Flower","Omamori","Snecko Eye"],"potions_floor_usage":[23],"damage_taken":[{"damage":0.0,"enemies":"2 Louse","floor":1.0,"turns":2.0},{"damage":6.0,"enemies":"Cultist","floor":3.0,"turns":3.0},{"damage":0.0,"enemies":"Small Slimes","floor":4.0,"turns":2.0},{"damage":14.0,"enemies":"Lagavulin","floor":7.0,"turns":6.0},{"damage":5.0,"enemies":"Gremlin Nob","floor":13.0,"turns":3.0},{"damage":21.0,"enemies":"Slime Boss","floor":16.0,"turns":7.0},{"damage":48.0,"enemies":"3 Byrds","floor":18.0,"turns":5.0},{"damage":32,"enemies":"Slavers","floor":23,"turns":3}],"seed_played":"-2964465369700623037","potions_obtained":[{"floor":1.0,"key":"LiquidBronze"},{"floor":7.0,"key":"SpeedPotion"},{"floor":13.0,"key":"FearPotion"},{"floor":18.0,"key":"BlessingOfTheForge"}],"is_trial":false,"path_per_floor":["M","?","M","M","$","R","E","R","T","?","R","R","E","$","R","B",null,"M","?","?","?","$","E"],"character_chosen":"IRONCLAD","items_purchased":["Blood Vial","Madness","Orrery","Fruit Juice","PreservedInsect","Mayhem","Dramatic Entrance","Ornamental Fan","Finesse","Omamori"],"campfire_rested":0,"item_purchase_floors":[0,0,0,0,0,0,0,0,5,14],"current_hp_per_floor":[34,34,36,44,44,44,38,38,38,27,27,27,30,30,30,21,65,29,29,29,29,29,0,0],"gold":18,"neow_bonus":"","is_prod":false,"is_daily":false,"chose_seed":false,"campfire_upgraded":5,"win_rate":0,"timestamp":1607528224,"path_taken":["M","?","M","?","$","R","E","R","T","?","R","R","E","$","R","BOSS","M","?","?","?","$","E"],"build_version":"2020-11-30","purchased_purges":4,"victory":false,"max_hp_per_floor":[80,80,80,80,80,80,80,80,80,80,80,80,80,80,80,80,80,80,80,80,80,80,80,80],"card_choices":[{"not_picked":["Headbutt","Armaments"],"picked":"Spot Weakness","floor":0.0},{"not_picked":["Shrug It Off","Battle Trance"],"picked":"Pommel Strike","floor":0.0},{"not_picked":["Twin Strike","Exhume"],"picked":"Searing Blow","floor":0.0},{"not_picked":["Rupture","True Grit"],"picked":"Cleave","floor":0.0},{"not_picked":["Feel No Pain","True Grit"],"picked":"Disarm","floor":1.0},{"not_picked":["Headbutt","Pommel Strike"],"picked":"Rampage","floor":3.0},{"not_picked":["Heavy Blade","Iron Wave"],"picked":"Flame Barrier","floor":4.0},{"not_picked":["Spot Weakness","Pommel Strike"],"picked":"Armaments","floor":7.0},{"not_picked":["Battle Trance","Dropkick"],"picked":"Intimidate","floor":13.0},{"not_picked":["Juggernaut","Fiend Fire"],"picked":"Limit Break","floor":16.0},{"not_picked":["Body Slam+1","Havoc"],"picked":"Shockwave","floor":18.0}],"player_experience":1465694,"relics_obtained":[{"floor":7.0,"key":"Oddly Smooth Stone"},{"floor":9.0,"key":"Bottled Lightning"},{"floor":13.0,"key":"Magic Flower"}],"event_choices":[{"damage_healed":0.0,"max_hp_gain":0.0,"max_hp_loss":0.0,"gold_gain":0.0,"cards_transformed":["Strike_R"],"event_name":"Transmorgrifier","player_choice":"Transformed","floor":2.0,"gold_loss":0.0,"damage_taken":0.0,"cards_obtained":["Dark Embrace"]},{"damage_healed":0.0,"max_hp_gain":0.0,"max_hp_loss":0.0,"gold_gain":75.0,"event_name":"World of Goop","player_choice":"Gather Gold","floor":10.0,"gold_loss":0.0,"damage_taken":11.0},{"damage_healed":0.0,"max_hp_gain":0.0,"max_hp_loss":0.0,"gold_gain":0.0,"event_name":"Back to Basics","player_choice":"Simplicity","floor":19.0,"gold_loss":0.0,"damage_taken":0.0,"cards_upgraded":["Strike_R","Strike_R","Defend_R","Defend_R","Defend_R"]},{"damage_healed":0.0,"max_hp_gain":0.0,"max_hp_loss":0.0,"gold_gain":0.0,"event_name":"Ghosts","player_choice":"Ignored","floor":20.0,"gold_loss":0.0,"damage_taken":0.0},{"damage_healed":0.0,"max_hp_gain":0.0,"max_hp_loss":0.0,"gold_gain":0.0,"event_name":"Cursed Tome","player_choice":"Ignored","floor":21.0,"gold_loss":0.0,"damage_taken":0.0}],"is_beta":false,"boss_relics":[{"not_picked":["Runic Dome","Astrolabe"],"picked":"Snecko Eye"}],"items_purged_floors":[0,0,0,22],"is_endless":false,"potions_floor_spawned":[1,7,13,18],"killed_by":"Slavers","ascension_level":20}}