{"host":"911u4hh7ls61a7px","time":1607540264,"event":{"gold_per_floor":[110,125,125,140,140,168,168,186,232,244,274,274,12,24,24,128,128,143,160,177,202,214,244,244,244],"floor_reached":24,"playtime":2269,"items_purged":[],"score":267,"play_id":"0ab2cc29-6aa4-4ba9-97df-f638d46607db","local_time":"20201209185744","is_ascension_mode":true,"campfire_choices":[{"data":"Pommel Strike","floor":7.0,"key":"SMITH"},{"floor":15.0,"key":"REST"}],"neow_cost":"NONE","seed_source_timestamp":193345743148300,"circlet_count":0,"master_deck":["Strike_R","Strike_R","Strike_R","Strike_R","Defend_R","Defend_R","Defend_R","Defend_R","Bash","Pommel Strike+1","Flex","Warcry+1","Shrug It Off+1","Flex","Pommel Strike","Combust","Reaper","Armaments","Armaments","Life Link","ReplayTheSpireMod:Muscle Training","Demon Form","Pommel Strike","Rampage","Blood for Blood","Warcry+1","Hemokinesis+1","Pommel Strike+1"],"special_seed":0,"relics":["Burning Blood","NeowsBlessing","Letter Opener","Red Skull","infinitespire:Lucky Rock","infinitespire:Satchel","Replay:Mystery Machine","Philosopher\u0027s Stone","Red Mask","hubris:BottledRain"],"potions_floor_usage":[24],"damage_taken":[{"damage":0.0,"enemies":"Cultist","floor":1.0,"turns":1.0},{"damage":0.0,"enemies":"Jaw Worm","floor":2.0,"turns":1.0},{"damage":0.0,"enemies":"infinitespire:Voidling","floor":4.0,"turns":1.0},{"damage":28.0,"enemies":"Gremlin Nob","floor":6.0,"turns":5.0},{"damage":10.0,"enemies":"Looter","floor":8.0,"turns":3.0},{"damage":0.0,"enemies":"3 Louse","floor":10.0,"turns":2.0},{"damage":29.0,"enemies":"Lagavulin","floor":11.0,"turns":8.0},{"damage":0.0,"enemies":"Exordium Wildlife","floor":14.0,"turns":2.0},{"damage":53.0,"enemies":"Fading Forest","floor":16.0,"turns":11.0},{"damage":37.0,"enemies":"3 Byrds","floor":18.0,"turns":4.0},{"damage":13.0,"enemies":"Chosen","floor":19.0,"turns":5.0},{"damage":29.0,"enemies":"Snecko","floor":20.0,"turns":5.0},{"damage":35.0,"enemies":"Masked Bandits","floor":21.0,"turns":4.0},{"damage":13.0,"enemies":"Cultist and Chosen","floor":22.0,"turns":4.0},{"damage":20.0,"enemies":"Nightmare","floor":23.0,"turns":5.0},{"damage":12,"enemies":"Snake Plant","floor":24,"turns":2}],"seed_played":"5187964707385622336","potions_obtained":[{"floor":1.0,"key":"Toxic Potion"},{"floor":2.0,"key":"SpeedPotion"},{"floor":14.0,"key":"Adrenaline Potion"},{"floor":16.0,"key":"Toxic Potion"},{"floor":21.0,"key":"Toxic Potion"},{"floor":22.0,"key":"DistilledChaos"}],"is_trial":false,"path_per_floor":["M","M","?","M","?","E","R","M","T","M","E","?","$","M","R","B",null,"M","M","M","?","M","NM","M"],"character_chosen":"IRONCLAD","items_purchased":["Armaments","Life Link","Replay:Mystery Machine"],"campfire_rested":1,"item_purchase_floors":[13,13,13],"current_hp_per_floor":[80,80,80,80,80,58,58,54,54,60,37,30,30,36,60,44,80,55,57,39,31,24,10,0,0],"gold":244,"neow_bonus":"THREE_ENEMY_KILL","is_prod":false,"is_daily":false,"chose_seed":false,"campfire_upgraded":1,"win_rate":0,"timestamp":1607540264,"path_taken":["M","?","?","M","?","E","R","?","T","M","E","?","$","M","R","BOSS","M","M","M","?","M","NM","M"],"build_version":"2020-11-30","purchased_purges":0,"victory":false,"max_hp_per_floor":[80,80,80,80,80,80,80,80,80,80,80,80,80,80,80,80,80,80,80,80,80,80,80,80,80],"card_choices":[{"not_picked":["Clothesline","ReplayReversal"],"picked":"Pommel Strike","floor":1.0},{"not_picked":["Sword Boomerang","Sentinel"],"picked":"Flex","floor":2.0},{"not_picked":["Anger","Burning Pact"],"picked":"Shrug It Off","floor":4.0},{"not_picked":["Rage","Replay:Many Hands"],"picked":"Flex","floor":6.0},{"not_picked":["Replay:Undeath\u0027s Touch","Body Slam"],"picked":"Pommel Strike","floor":8.0},{"not_picked":["Heavy Blade","Replay:Undeath\u0027s Touch"],"picked":"Combust","floor":10.0},{"not_picked":["Dropkick","Havoc"],"picked":"Reaper","floor":11.0},{"not_picked":["Shrug It Off","Disarm"],"picked":"ReplayTheSpireMod:Muscle Training","floor":14.0},{"not_picked":["Bludgeon","Fiend Fire"],"picked":"Demon Form","floor":16.0},{"not_picked":["Anger","Reckless Charge"],"picked":"Pommel Strike","floor":18.0},{"not_picked":["ReplayTheSpireMod:Strike From Hell","Pommel Strike"],"picked":"Rampage","floor":19.0},{"not_picked":["Wild Strike+1","ReplayTheSpireMod:Strike From Hell"],"picked":"Blood for Blood","floor":20.0},{"not_picked":["Anger","ReplayTheSpireMod:Stacked+1"],"picked":"Warcry+1","floor":21.0},{"not_picked":["Headbutt","Sword Boomerang"],"picked":"Hemokinesis+1","floor":22.0},{"not_picked":["Intimidate","Warcry"],"picked":"Pommel Strike+1","floor":23.0}],"player_experience":235323,"relics_obtained":[{"floor":6.0,"key":"Letter Opener"},{"floor":9.0,"key":"Red Skull"},{"floor":11.0,"key":"infinitespire:Lucky Rock"},{"floor":21.0,"key":"Red Mask"},{"floor":23.0,"key":"hubris:BottledRain"}],"event_choices":[{"damage_healed":0.0,"max_hp_gain":0.0,"max_hp_loss":0.0,"gold_gain":0.0,"event_name":"Upgrade Shrine","player_choice":"Upgraded","floor":5.0,"gold_loss":0.0,"damage_taken":0.0,"cards_upgraded":["Shrug It Off"]},{"damage_healed":0.0,"max_hp_gain":0.0,"max_hp_loss":0.0,"gold_gain":0.0,"event_name":"Scrap Ooze","player_choice":"Success","floor":12.0,"gold_loss":0.0,"damage_taken":7.0,"relics_obtained":["infinitespire:Satchel"]},{"damage_healed":0.0,"max_hp_gain":0.0,"max_hp_loss":0.0,"gold_gain":0.0,"event_name":"Masked Bandits","player_choice":"Fought Bandits","floor":21.0,"gold_loss":0.0,"damage_taken":0.0}],"is_beta":false,"boss_relics":[{"not_picked":["ChewingGum","Empty Cage"],"picked":"Philosopher\u0027s Stone"}],"items_purged_floors":[],"is_endless":true,"potions_floor_spawned":[1,2,14,16,21,22],"killed_by":"Snake Plant","ascension_level":1}}