{"host":"91n1pc4te07j54gv","time":1607534497,"event":{"gold_per_floor":[117,132,63,75,75,109,109,121,121,46,74,94,127,141,141,242,242,255,72,82,99,99,99,115,115,169,184,213,231,231,241,241,344,344,358,369,379,379,397,428,428,459,512,522,522,522,522,624,624,624,624,624,9,35,35],"floor_reached":56,"playtime":2800,"items_purged":["Strike_B","Decay"],"score":1874,"play_id":"5bd9d693-13f8-4213-b635-e3885e051d1c","local_time":"20201210012137","is_ascension_mode":true,"campfire_choices":[{"floor":7.0,"key":"REST"},{"floor":15.0,"key":"DIG"},{"floor":23.0,"key":"DIG"},{"floor":25.0,"key":"DIG"},{"floor":32.0,"key":"DIG"},{"floor":41.0,"key":"DIG"},{"floor":45.0,"key":"RECALL"},{"floor":47.0,"key":"DIG"},{"floor":49.0,"key":"DIG"},{"floor":52.0,"key":"DIG"}],"neow_cost":"","seed_source_timestamp":12865322728466,"circlet_count":0,"master_deck":["Strike_B","Strike_B","Strike_B","Defend_B","Defend_B","Defend_B","Defend_B","Zap","Dualcast","Electrodynamics","Ball Lightning","Ball Lightning","Crystallizer","Reinforced Body","infinitespire:Oblivion","Reinforced Body","Biased Cognition","Force Field","Hologram","White Noise","Amplify","Panic Button+1","Storm+1","Capacitor","BootSequence+1","Undo+1","Time Bomb+1","Seek+1","ReplayTheSpireMod:Calculation Training+1","Hello World+1","Hologram+1","Fission+1","Redo+1","Consume+1","All For One","Static Discharge+1","Conserve Battery+1","Recycle+1","Recycle+1","Loop","Crystallizer","Storm","Self Repair","Static Discharge","ReplayTheSpireMod:GoodbyeWorld","Loop","Defragment","Crystallizer"],"special_seed":0,"relics":["Cracked Core","OrangePellets","Cables","Replay:Accelerometer","Replay:Kaleidoscope","Matryoshka","Toy Ornithopter","Ancient Tea Set","FossilizedHelix","Blue Doll","Shovel","Divine Protection","Regal Pillow","Coffee Dripper","Guardian:BottledAnomaly","Toxic Egg 2","Centennial Puzzle","Snack Pack","infinitespire:PuzzleCube","The Courier","Snecko Eye","Dream Catcher","infinitespire:Freezer","Boot","PreservedInsect","Carrot","Garlic","Pet Ghost","Gremlin Horn","BargainBundle","Orichalcum"],"potions_floor_usage":[],"damage_taken":[{"damage":1.0,"enemies":"Cultist","floor":1.0,"turns":3.0},{"damage":0.0,"enemies":"Small Slimes","floor":2.0,"turns":2.0},{"damage":0.0,"enemies":"2 Louse","floor":4.0,"turns":2.0},{"damage":8.0,"enemies":"Lagavulin","floor":6.0,"turns":4.0},{"damage":0.0,"enemies":"Gremlin Gang","floor":8.0,"turns":2.0},{"damage":24.0,"enemies":"Nightmare","floor":11.0,"turns":6.0},{"damage":0.0,"enemies":"Blue Slaver","floor":12.0,"turns":3.0},{"damage":0.0,"enemies":"Lagavulin","floor":13.0,"turns":5.0},{"damage":0.0,"enemies":"Looter","floor":14.0,"turns":3.0},{"damage":0.0,"enemies":"The Guardian","floor":16.0,"turns":9.0},{"damage":0.0,"enemies":"2 Thieves","floor":18.0,"turns":3.0},{"damage":0.0,"enemies":"Chosen","floor":20.0,"turns":3.0},{"damage":7.0,"enemies":"Snake Plant","floor":21.0,"turns":3.0},{"damage":0.0,"enemies":"Centurion and Healer","floor":24.0,"turns":3.0},{"damage":0.0,"enemies":"3 Cultists","floor":27.0,"turns":3.0},{"damage":37.0,"enemies":"Nightmare","floor":28.0,"turns":8.0},{"damage":0.0,"enemies":"Snecko","floor":29.0,"turns":3.0},{"damage":0.0,"enemies":"Sentry and Sphere","floor":31.0,"turns":3.0},{"damage":0.0,"enemies":"Champ","floor":33.0,"turns":7.0},{"damage":0.0,"enemies":"Orb Walker","floor":35.0,"turns":2.0},{"damage":0.0,"enemies":"3 Darklings","floor":36.0,"turns":3.0},{"damage":0.0,"enemies":"Transient","floor":37.0,"turns":5.0},{"damage":0.0,"enemies":"Maw","floor":39.0,"turns":4.0},{"damage":28.0,"enemies":"Nightmare","floor":40.0,"turns":11.0},{"damage":13.0,"enemies":"Reptomancer","floor":42.0,"turns":4.0},{"damage":0.0,"enemies":"Jaw Worm Horde","floor":44.0,"turns":2.0},{"damage":0.0,"enemies":"Awakened One","floor":50.0,"turns":6.0},{"damage":0,"enemies":"Shield and Spear","floor":54,"turns":2},{"damage":54,"enemies":"The Heart","floor":55,"turns":6}],"seed_played":"3971537674271914890","potions_obtained":[{"floor":1.0,"key":"BlessingOfTheForge"},{"floor":6.0,"key":"Fire Potion"},{"floor":13.0,"key":"LifebloodPotion"},{"floor":16.0,"key":"Fire Potion"},{"floor":20.0,"key":"BlessingOfTheForge"},{"floor":21.0,"key":"EntropicBrew"},{"floor":24.0,"key":"AttackPotion"},{"floor":29.0,"key":"Energy Potion"},{"floor":36.0,"key":"Reflective Coating"},{"floor":40.0,"key":"SkillPotion"},{"floor":42.0,"key":"hexamod:EctoCoolerPotion"}],"is_trial":false,"path_per_floor":["M","M","$","M","?","E","R","M","T","$","NM","M","E","M","R","B",null,"M","$","M","M","?","R","M","R","T","M","NM","M","?","M","R","B",null,"M","M","M","?","M","NM","R","E","T","M","R","AVR","R","?","R","B",null,"R","$","E","B",null],"character_chosen":"DEFECT","items_purchased":["OrangePellets","Cables","Electrodynamics","Replay:Accelerometer","Matryoshka","Toy Ornithopter","Crystallizer","Guardian:BottledAnomaly","Storm","BargainBundle","Static Discharge+1","Conserve Battery+1","Recycle+1","Loop","Crystallizer","Storm","Self Repair","Static Discharge","ReplayTheSpireMod:GoodbyeWorld","Loop","Defragment","Crystallizer"],"campfire_rested":1,"item_purchase_floors":[0,0,0,0,0,0,3,19,19,53,53,53,53,53,53,53,53,53,53,53,53,53],"current_hp_per_floor":[28,28,28,28,9,6,28,28,28,28,9,9,9,9,9,9,75,75,75,75,73,73,73,73,73,73,75,52,52,52,52,52,52,75,75,75,75,75,75,47,47,39,39,43,43,43,43,25,25,48,75,75,75,75,28],"gold":35,"neow_bonus":"","is_prod":false,"is_daily":false,"chose_seed":false,"campfire_upgraded":0,"win_rate":0,"timestamp":1607534497,"path_taken":["M","M","?","M","?","E","R","M","T","$","NM","M","E","M","R","BOSS","M","$","M","M","?","R","M","R","T","M","NM","M","?","M","R","BOSS","M","M","?","?","?","NM","R","E","T","M","R","AVR","R","?","R","BOSS","R","$","E","BOSS"],"build_version":"2020-11-30","purchased_purges":2,"victory":true,"max_hp_per_floor":[75,75,75,75,75,75,75,75,75,75,75,75,75,75,75,75,75,75,75,75,75,75,75,75,75,75,75,75,75,75,75,75,75,75,75,75,75,75,75,75,75,75,75,75,75,75,75,75,75,75,75,75,75,75,75],"relic_stats":{"Regal Pillow":0,"Gremlin Horn":[1,1],"counters":[61,274],"PreservedInsect":68,"Orichalcum":[6],"Boot":[3],"Cables":[74,57,3,11,3],"OrangePellets":[35],"Centennial Puzzle":[12],"Dream Catcher":0,"Shovel":8,"Snecko Eye":[24,16,23,19],"obtain_stats":[{"Replay:Accelerometer":0,"Divine Protection":13,"Gremlin Horn":52,"Bottled Tornado":39,"Boot":42,"Blood Vial":44,"Centennial Puzzle":25,"Prayer Wheel":18,"Replay:Wax Seal":43,"Toxic Egg 2":23,"Happy Flower":13,"Blue Candle":30,"Dead Branch":34,"Replay:Ancient Bell":34,"Replay:Kaleidoscope":0,"Cables":0,"OrangePellets":0,"Snecko Eye":34,"Pandora\u0027s Box":17,"Molten Egg 2":36,"CultistMask":31,"infinitespire:PuzzleCube":28,"Carrot":8,"Regal Pillow":15,"Blue Doll":9,"Bag of Preparation":39,"Incense Burner":41,"Smiling Mask":34,"Ancient Tea Set":6,"Pet Ghost":49,"Dream Catcher":40,"Matryoshka":0,"Shovel":11,"Mummified Hand":48,"Replay:Bottled Snecko":34,"Guardian:BottledAnomaly":19,"Cracked Core":0,"BargainBundle":53,"ReplayTheSpireMod:Ninjato":23,"NeowsBlessing":0,"The Courier":32,"PreservedInsect":43,"Orichalcum":54,"Replay:Arrowhead":9,"White Beast Statue":54,"infinitespire:Satchel":6,"Coffee Dripper":17,"Snack Pack":26,"Garlic":47,"Toy Ornithopter":0,"FossilizedHelix":9,"ReplayTheSpireMod:ShopPack":39,"infinitespire:Freezer":41},{"Replay:Accelerometer":32,"Divine Protection":40,"Gremlin Horn":59,"Bottled Tornado":24,"Boot":57,"Blood Vial":27,"Centennial Puzzle":46,"Prayer Wheel":13,"Replay:Wax Seal":26,"Toxic Egg 2":45,"Happy Flower":10,"Blue Candle":21,"Dead Branch":22,"Replay:Ancient Bell":22,"Replay:Kaleidoscope":32,"Cables":32,"OrangePellets":32,"Snecko Eye":51,"Pandora\u0027s Box":12,"Molten Egg 2":23,"CultistMask":21,"infinitespire:PuzzleCube":48,"Carrot":7,"Regal Pillow":41,"Blue Doll":37,"Bag of Preparation":24,"Incense Burner":25,"Smiling Mask":22,"Ancient Tea Set":36,"Pet Ghost":58,"Dream Catcher":56,"Matryoshka":32,"Shovel":38,"Mummified Hand":29,"Replay:Bottled Snecko":22,"Guardian:BottledAnomaly":43,"Cracked Core":0,"BargainBundle":59,"ReplayTheSpireMod:Ninjato":17,"NeowsBlessing":0,"The Courier":50,"PreservedInsect":57,"Orichalcum":60,"Replay:Arrowhead":7,"White Beast Statue":31,"infinitespire:Satchel":6,"Coffee Dripper":42,"Snack Pack":46,"Garlic":58,"Toy Ornithopter":32,"FossilizedHelix":37,"ReplayTheSpireMod:ShopPack":24,"infinitespire:Freezer":56},{"Replay:Accelerometer":154,"Divine Protection":181,"Gremlin Horn":266,"Bottled Tornado":124,"Boot":258,"Blood Vial":137,"Centennial Puzzle":205,"Prayer Wheel":68,"Replay:Wax Seal":132,"Toxic Egg 2":202,"Happy Flower":49,"Blue Candle":109,"Dead Branch":117,"Replay:Ancient Bell":117,"Replay:Kaleidoscope":154,"Cables":154,"OrangePellets":154,"Snecko Eye":229,"Pandora\u0027s Box":65,"Molten Egg 2":122,"CultistMask":109,"infinitespire:PuzzleCube":216,"Carrot":34,"Regal Pillow":184,"Blue Doll":167,"Bag of Preparation":124,"Incense Burner":131,"Smiling Mask":117,"Ancient Tea Set":165,"Pet Ghost":260,"Dream Catcher":254,"Matryoshka":154,"Shovel":173,"Mummified Hand":143,"Replay:Bottled Snecko":117,"Guardian:BottledAnomaly":196,"Cracked Core":0,"BargainBundle":266,"ReplayTheSpireMod:Ninjato":93,"NeowsBlessing":0,"The Courier":222,"PreservedInsect":258,"Orichalcum":268,"Replay:Arrowhead":34,"White Beast Statue":150,"infinitespire:Satchel":30,"Coffee Dripper":193,"Snack Pack":205,"Garlic":260,"Toy Ornithopter":154,"FossilizedHelix":167,"ReplayTheSpireMod:ShopPack":124,"infinitespire:Freezer":254}],"Toy Ornithopter":47},"card_choices":[{"not_picked":["Go for the Eyes","Cold Snap"],"picked":"Ball Lightning","floor":1.0},{"not_picked":["Hologram","Panic Button"],"picked":"Ball Lightning","floor":2.0},{"not_picked":["Stack","Auto Shields"],"picked":"Reinforced Body","floor":4.0},{"not_picked":["infinitespire:NeuralNetwork","ReplayTheSpireMod:??????????????????????"],"picked":"infinitespire:Oblivion","floor":5.0},{"not_picked":["Barrage","Go for the Eyes"],"picked":"Reinforced Body","floor":6.0},{"not_picked":["Steam Power","Stack"],"picked":"Biased Cognition","floor":8.0},{"not_picked":["Go for the Eyes","Steam"],"picked":"Force Field","floor":11.0},{"not_picked":["Compile Driver","Sweeping Beam","Cold Snap"],"picked":"SKIP","floor":12.0},{"not_picked":["Chaos","Go for the Eyes"],"picked":"Hologram","floor":13.0},{"not_picked":["Fusion","Rebound"],"picked":"White Noise","floor":14.0},{"not_picked":["Fission","Mirror Shield"],"picked":"Amplify","floor":16.0},{"not_picked":["Sweeping Beam","Fusion"],"picked":"Panic Button+1","floor":18.0},{"not_picked":["Beam Cell+1","Sweeping Beam+1","BasicCrystalCard"],"picked":"SKIP","floor":20.0},{"not_picked":["Skim","All For One"],"picked":"Capacitor","floor":21.0},{"not_picked":["Panic Button+1","Aggregate+1"],"picked":"BootSequence+1","floor":24.0},{"not_picked":["BasicCrystalCard+1","Beam Cell+1","Barrage"],"picked":"SKIP","floor":27.0},{"not_picked":["Melter","Leap+1","Go for the Eyes"],"picked":"SKIP","floor":28.0},{"not_picked":["Gash","Darkness+1"],"picked":"Undo+1","floor":29.0},{"not_picked":["Tempest+1","Ball Lightning"],"picked":"Time Bomb+1","floor":31.0},{"not_picked":["Hyperbeam","ReplayTheSpireMod:Fabricate Wheel+1"],"picked":"Seek+1","floor":33.0},{"not_picked":["Gash+1","Streamline+1","Rebound+1"],"picked":"SKIP","floor":35.0},{"not_picked":["Steam Power+1","Ball Lightning"],"picked":"ReplayTheSpireMod:Calculation Training+1","floor":36.0},{"not_picked":["Cold Snap","Redo+1"],"picked":"Hello World+1","floor":37.0},{"not_picked":["Sweeping Beam+1","Go for the Eyes+1","ReplaySolidLightProjector+1"],"picked":"SKIP","floor":39.0},{"not_picked":["Rip and Tear+1","Coolheaded+1"],"picked":"Hologram+1","floor":40.0},{"not_picked":["Gash+1","Core Surge"],"picked":"Fission+1","floor":42.0},{"not_picked":["Aggregate+1","Leap+1"],"picked":"Redo+1","floor":44.0},{"not_picked":["Self Repair+1","Steam+1"],"picked":"Consume+1","floor":48.0},{"not_picked":["Rebound+1","Beam Cell+1"],"picked":"All For One","floor":48.0},{"not_picked":["Cold Snap","Melter+1","Go for the Eyes"],"picked":"SKIP","floor":54}],"player_experience":918609,"relics_obtained":[{"floor":6.0,"key":"Ancient Tea Set"},{"floor":9.0,"key":"FossilizedHelix"},{"floor":9.0,"key":"Blue Doll"},{"floor":11.0,"key":"Shovel"},{"floor":13.0,"key":"Divine Protection"},{"floor":15.0,"key":"Regal Pillow"},{"floor":23.0,"key":"Toxic Egg 2"},{"floor":25.0,"key":"Centennial Puzzle"},{"floor":26.0,"key":"Snack Pack"},{"floor":28.0,"key":"infinitespire:PuzzleCube"},{"floor":32.0,"key":"The Courier"},{"floor":40.0,"key":"Dream Catcher"},{"floor":41.0,"key":"infinitespire:Freezer"},{"floor":42.0,"key":"Boot"},{"floor":43.0,"key":"PreservedInsect"},{"floor":47.0,"key":"Garlic"},{"floor":49.0,"key":"Pet Ghost"},{"floor":52.0,"key":"Gremlin Horn"},{"floor":54,"key":"Orichalcum"}],"event_choices":[{"damage_healed":0.0,"max_hp_gain":0.0,"max_hp_loss":0.0,"gold_gain":0.0,"event_name":"Ghosts","player_choice":"Ignored","floor":22.0,"gold_loss":0.0,"damage_taken":0.0},{"damage_healed":0.0,"max_hp_gain":0.0,"max_hp_loss":0.0,"gold_gain":0.0,"event_name":"Accursed Blacksmith","player_choice":"Forge","floor":30.0,"gold_loss":0.0,"damage_taken":0.0,"cards_upgraded":["Storm"]},{"damage_healed":0.0,"max_hp_gain":0.0,"max_hp_loss":0.0,"gold_gain":0.0,"event_name":"Wheel of Change","player_choice":"Cursed","floor":38.0,"gold_loss":0.0,"damage_taken":0.0,"cards_obtained":["Decay"]}],"is_beta":false,"boss_relics":[{"not_picked":["ReplayTheSpireMod:DimensionalGlitch","Abe\u0027s Treasure"],"picked":"Coffee Dripper"},{"not_picked":["Replay:Bronze Core","Velvet Choker"],"picked":"Snecko Eye"}],"items_purged_floors":[10,53],"is_endless":false,"potions_floor_spawned":[1,6,13,16,20,21,24,29,36,40,42],"ascension_level":1}}