{"host":"gc0o0aftdpafl7it","time":1607518827,"event":{"gold_per_floor":[14,30,48,65,136,136,164,164,242,277,277,99,118,131,131,234,234,234],"floor_reached":17,"playtime":1008,"items_purged":["Strike_B"],"score":184,"play_id":"a610bfce-5768-4d3b-94a7-1c0851f320cf","local_time":"20201209140027","is_ascension_mode":true,"campfire_choices":[{"data":"Zap","floor":6,"key":"SMITH"},{"floor":8,"key":"REST"},{"data":"Dualcast","floor":11,"key":"SMITH"},{"data":"Electrodynamics","floor":15,"key":"SMITH"}],"neow_cost":"NO_GOLD","seed_source_timestamp":157007645550800,"circlet_count":0,"master_deck":["Defend_B","Defend_B","Defend_B","Zap+1","Dualcast+1","Ball Lightning","Undo","Cold Snap","Ball Lightning","Electrodynamics+1","All Out Attack+1","Cold Snap+1","Creative AI"],"relics":["Cracked Core","The Courier","Pen Nib","Meat on the Bone","Molten Egg 2","PrismaticShard","Empty Cage"],"potions_floor_usage":[],"damage_taken":[{"damage":1,"enemies":"Cultist","floor":1,"turns":3},{"damage":7,"enemies":"Small Slimes","floor":2,"turns":3},{"damage":2,"enemies":"Jaw Worm","floor":3,"turns":3},{"damage":30,"enemies":"Exordium Thugs","floor":4,"turns":6},{"damage":22,"enemies":"Lagavulin","floor":7,"turns":6},{"damage":12,"enemies":"Gremlin Nob","floor":10,"turns":3},{"damage":8,"enemies":"Blue Slaver","floor":13,"turns":2},{"damage":0,"enemies":"Large Slime","floor":14,"turns":3},{"damage":17,"enemies":"The Guardian","floor":16,"turns":9}],"seed_played":"2031157822470282646","potions_obtained":[{"floor":3,"key":"Regen Potion"},{"floor":4,"key":"FocusPotion"},{"floor":13,"key":"Block Potion"},{"floor":16,"key":"FocusPotion"}],"is_trial":false,"path_per_floor":["M","M","M","M","T","R","E","R","T","E","R","$","M","M","R","B",null],"character_chosen":"DEFECT","items_purchased":["PrismaticShard"],"campfire_rested":1,"item_purchase_floors":[12],"current_hp_per_floor":[74,67,65,35,35,35,13,35,35,35,35,35,39,39,39,34,75,75],"gold":234,"neow_bonus":"REMOVE_TWO","is_prod":false,"is_daily":false,"chose_seed":false,"campfire_upgraded":3,"win_rate":0,"timestamp":1607518827,"path_taken":["M","M","M","M","?","R","E","R","T","E","R","$","M","M","R","BOSS"],"build_version":"2020-11-30","purchased_purges":1,"victory":false,"max_hp_per_floor":[75,75,75,75,75,75,75,75,75,75,75,75,75,75,75,75,75,75],"relic_stats":{"counters":[9,38],"Pen Nib":[2],"obtain_stats":[{"Molten Egg 2":10,"The Courier":5,"Pen Nib":7,"Cracked Core":0,"PrismaticShard":12,"Empty Cage":17,"Meat on the Bone":9},{"Molten Egg 2":6,"The Courier":4,"Pen Nib":5,"Cracked Core":0,"PrismaticShard":6,"Empty Cage":9,"Meat on the Bone":5},{"Molten Egg 2":24,"The Courier":15,"Pen Nib":21,"Cracked Core":0,"PrismaticShard":24,"Empty Cage":38,"Meat on the Bone":21}],"Meat on the Bone":36},"card_choices":[{"not_picked":["Fusion","Steam"],"picked":"Ball Lightning","floor":1},{"not_picked":["Compile Driver","Beam Cell"],"picked":"Undo","floor":2},{"not_picked":["Sweeping Beam","Rebound"],"picked":"Cold Snap","floor":3},{"not_picked":["Aggregate","Darkness","Scrape"],"picked":"SKIP","floor":4},{"not_picked":["Rebound","Darkness"],"picked":"Ball Lightning","floor":7},{"not_picked":["Capacitor","Gash+1"],"picked":"Electrodynamics","floor":10},{"not_picked":["Fusion","Crescendo"],"picked":"All Out Attack+1","floor":13},{"not_picked":["Escape Plan","Bouncing Flask"],"picked":"Cold Snap+1","floor":14},{"not_picked":["Fiend Fire+1","Doppelganger"],"picked":"Creative AI","floor":16}],"player_experience":334940,"relics_obtained":[{"floor":5,"key":"The Courier"},{"floor":7,"key":"Pen Nib"},{"floor":9,"key":"Meat on the Bone"},{"floor":10,"key":"Molten Egg 2"}],"event_choices":[],"is_beta":false,"boss_relics":[{"not_picked":["Sozu","Black Star"],"picked":"Empty Cage"}],"items_purged_floors":[12],"is_endless":false,"potions_floor_spawned":[3,4,13,16],"ascension_level":2}}