{"host":"yciysiy0jlorh0h5","time":1607498501,"event":{"gold_per_floor":[110,124,99,174,174,174,205,205,229,239,239,27,38,72,72,170,170,185,185,201,201,201],"floor_reached":23,"playtime":2548,"items_purged":[],"score":197,"play_id":"74486581-f884-4177-be5b-4f062268cb1c","local_time":"20201209012141","is_ascension_mode":false,"campfire_choices":[{"floor":6,"key":"REST"},{"data":"Exchange","floor":8,"key":"SMITH"},{"data":"Snipe","floor":11,"key":"SMITH"},{"floor":15,"key":"REST"}],"neow_cost":"","seed_source_timestamp":816755014088300,"circlet_count":0,"master_deck":["Strike_S+1","Strike_S+1","Strike_S+1","Strike_S+1","Defend_S","Defend_S","Defend_S","Defend_S","KidneyShot","Exchange+1","Starlight","Starlight","ReturningBlade","Rewind","Ricochet","ReturningBlade","Snipe+1","RealityMarble+1","ForgedInTime","Solidify","Luminosity","LightFlow","Read","ShiftingGears+1"],"relics":["Uniform","HandDrill","Gremlin Horn","hubris:Teleporter","Replay:Bottled Eggs","Iron Hammer","hubris:SlimyHat","hubris:DeckOfHolding","hubris:HollowSoul","construct:RocketBooster"],"potions_floor_usage":[7,7,7,14,22,23,23],"damage_taken":[{"damage":0,"enemies":"Small Slimes","floor":1,"turns":3},{"damage":12,"enemies":"Cultist","floor":2,"turns":4},{"damage":3,"enemies":"Replay:BlueRogue","floor":7,"turns":4},{"damage":11,"enemies":"Jaw Worm","floor":10,"turns":2},{"damage":0,"enemies":"2 Fungi Beasts","floor":13,"turns":2},{"damage":1,"enemies":"Lagavulin","floor":14,"turns":5},{"damage":18,"enemies":"Fading Forest","floor":16,"turns":11},{"damage":15,"enemies":"Spheric Guardian","floor":18,"turns":5},{"damage":34,"enemies":"2 Thieves","floor":22,"turns":4},{"damage":15,"enemies":"Book of Stabbing","floor":23,"turns":5}],"seed_played":"-5539709981826447753","potions_obtained":[{"floor":5,"key":"Venom Potion"},{"floor":5,"key":"Flashbang"},{"floor":5,"key":"Venom Potion"},{"floor":7,"key":"PowerPotion"},{"floor":16,"key":"Venom Potion"},{"floor":18,"key":"LifebloodPotion"},{"floor":22,"key":"Explosive Potion"}],"is_trial":false,"path_per_floor":["M","M","?","?","?","R","E","R","T","M","R","$","M","E","R","B",null,"M","AVR","M","E"],"character_chosen":"THE_SERVANT","items_purchased":["HandDrill","Gremlin Horn","Starlight","ReturningBlade","RealityMarble+1","ForgedInTime"],"campfire_rested":2,"item_purchase_floors":[0,0,0,0,12,12],"current_hp_per_floor":[34,22,22,11,11,30,27,27,27,16,16,16,16,15,34,26,65,50,50,16,0,0],"gold":201,"neow_bonus":"","is_prod":false,"is_daily":false,"chose_seed":false,"campfire_upgraded":2,"win_rate":0.0,"timestamp":1607498501,"path_taken":["M","M","?","?","?","R","E","R","T","?","R","$","M","E","R","BOSS","M","AVR","M","E"],"build_version":"2020-11-30","purchased_purges":0,"victory":false,"max_hp_per_floor":[65,65,65,65,65,65,65,65,65,65,65,65,65,65,65,65,65,65,65,65,65,65],"card_choices":[{"not_picked":["ShatteredReality","Collapse"],"picked":"Rewind","floor":1},{"not_picked":["DoubleEdge","ShatteredReality"],"picked":"Ricochet","floor":2},{"not_picked":["WasteNot","Ricochet"],"picked":"ReturningBlade","floor":7},{"not_picked":["Starlight","Potential"],"picked":"Snipe","floor":10},{"not_picked":["Hightail","Rearm"],"picked":"Solidify","floor":13},{"not_picked":["Contraction","Alleviate"],"picked":"Luminosity","floor":14},{"not_picked":["Sunlight","FloweringNight"],"picked":"LightFlow","floor":16},{"not_picked":["Advance","Revamp"],"picked":"Read","floor":18},{"not_picked":["Ricochet","Rewind"],"picked":"ShiftingGears+1","floor":22}],"player_experience":275042,"relics_obtained":[{"floor":7,"key":"Iron Hammer"},{"floor":9,"key":"hubris:SlimyHat"},{"floor":14,"key":"hubris:DeckOfHolding"}],"event_choices":[{"damage_healed":0,"gold_gain":75,"player_choice":"Gather Gold","damage_taken":11,"max_hp_gain":0,"max_hp_loss":0,"event_name":"World of Goop","floor":4,"gold_loss":0},{"damage_healed":0,"gold_gain":0,"player_choice":"Got Potions","damage_taken":0,"max_hp_gain":0,"max_hp_loss":0,"event_name":"Lab","floor":5,"gold_loss":0}],"is_beta":false,"boss_relics":[{"not_picked":["Runic Pyramid","hubris:TerracottaHorce"],"picked":"hubris:HollowSoul"}],"items_purged_floors":[],"is_endless":false,"potions_floor_spawned":[7,16,18,22],"killed_by":"Book of Stabbing","ascension_level":0}}