{"host":"mike","time":1607550021,"event":{"gold_per_floor":[117,127,127,202,221,255,255,274,274,26,26,58,74,74,74,74,74],"floor_reached":16,"playtime":592,"items_purged":[],"score":116,"play_id":"ab9918b5-1255-4e32-834c-5dde9adaf651","local_time":"20201209164021","is_ascension_mode":true,"campfire_choices":[{"data":"TheCursedMod:CircleOfFocus","floor":11,"key":"SMITH"},{"floor":15,"key":"REST"}],"neow_cost":"NONE","seed_source_timestamp":5707584335390900,"circlet_count":0,"master_deck":["TheCursedMod:Strike_TheCursed","TheCursedMod:Strike_TheCursed","TheCursedMod:Strike_TheCursed","TheCursedMod:Defend_TheCursed","TheCursedMod:Defend_TheCursed","TheCursedMod:Defend_TheCursed","TheCursedMod:Defend_TheCursed","TheCursedMod:CursedWand","TheCursedMod:CleanUpWorkshop","TheCursedMod:Dregs","TheCursedMod:AbyssShockwave","TheCursedMod:CursedMace","TheCursedMod:Wield","TheCursedMod:CircleOfFocus+1","TheCursedMod:CircleOfFlame","TheCursedMod:CircleOfBlood","Sadistic Nature","TheCursedMod:SoulReap","TheCursedMod:ShockAndAwe"],"relics":["TheCursedMod:BlackMagic101","Du-Vu Doll","Shuriken","Letter Opener","Matryoshka"],"potions_floor_usage":[6,12],"damage_taken":[{"damage":4,"enemies":"Jaw Worm","floor":1,"turns":4},{"damage":0,"enemies":"Small Slimes","floor":2,"turns":4},{"damage":0,"enemies":"Cultist","floor":5,"turns":3},{"damage":10,"enemies":"3 Sentries","floor":6,"turns":5},{"damage":5,"enemies":"Looter","floor":8,"turns":3},{"damage":29,"enemies":"Lagavulin","floor":12,"turns":8},{"damage":11,"enemies":"Exordium Wildlife","floor":13,"turns":3},{"damage":70,"enemies":"The Guardian","floor":16,"turns":8}],"seed_played":"5911685284955154028","potions_obtained":[{"floor":1,"key":"Fire Potion"},{"floor":8,"key":"Block Potion"},{"floor":12,"key":"FearPotion"}],"is_trial":false,"path_per_floor":["M","M","?","?","M","E","?","M","T","$","R","E","M","?","R","B"],"character_chosen":"THE_CURSED","items_purchased":["TheCursedMod:CircleOfBlood","Sadistic Nature"],"campfire_rested":1,"item_purchase_floors":[10,10],"current_hp_per_floor":[78,78,78,67,67,57,57,52,52,52,52,27,28,28,52,0,0],"gold":74,"neow_bonus":"TEN_PERCENT_HP_BONUS","is_prod":false,"is_daily":false,"chose_seed":false,"campfire_upgraded":1,"win_rate":0,"timestamp":1607550021,"path_taken":["M","M","?","?","M","E","?","?","T","$","R","E","M","?","R","BOSS"],"build_version":"2020-12-07","purchased_purges":0,"victory":false,"max_hp_per_floor":[82,82,82,82,82,82,82,82,82,82,82,82,82,82,82,82,82],"relic_stats":{"counters":[8,38],"Shuriken":[1],"Letter Opener":[0],"obtain_stats":[{"Du-Vu Doll":6,"TheCursedMod:BlackMagic101":0,"Matryoshka":14,"Shuriken":9,"Letter Opener":12},{"Du-Vu Doll":4,"TheCursedMod:BlackMagic101":0,"Matryoshka":7,"Shuriken":5,"Letter Opener":6},{"Du-Vu Doll":16,"TheCursedMod:BlackMagic101":0,"Matryoshka":30,"Shuriken":19,"Letter Opener":27}]},"card_choices":[{"not_picked":["TheCursedMod:SurpriseAttack","TheCursedMod:SaltUponWound"],"picked":"TheCursedMod:AbyssShockwave","floor":1},{"not_picked":["TheCursedMod:FuryStrike","TheCursedMod:Stretching"],"picked":"TheCursedMod:CursedMace","floor":2},{"not_picked":["TheCursedMod:Stretching","TheCursedMod:RapidMovement"],"picked":"TheCursedMod:Wield","floor":5},{"not_picked":["TheCursedMod:Mangle","TheCursedMod:AshesToAshes"],"picked":"TheCursedMod:CircleOfFocus","floor":6},{"not_picked":["TheCursedMod:AshesToAshes","TheCursedMod:StingEye"],"picked":"TheCursedMod:CircleOfFlame","floor":8},{"not_picked":["TheCursedMod:CircleOfFocus","TheCursedMod:CursedMace"],"picked":"TheCursedMod:SoulReap","floor":12},{"not_picked":["TheCursedMod:CircleOfAmplification","TheCursedMod:Obscuration"],"picked":"TheCursedMod:ShockAndAwe","floor":13}],"player_experience":256997,"relics_obtained":[{"floor":6,"key":"Du-Vu Doll"},{"floor":9,"key":"Shuriken"},{"floor":12,"key":"Letter Opener"}],"event_choices":[{"damage_healed":0,"gold_gain":0,"player_choice":"Ignored","damage_taken":0,"max_hp_gain":0,"max_hp_loss":0,"event_name":"Liars Game","floor":3,"gold_loss":0},{"damage_healed":0,"gold_gain":75,"player_choice":"Gather Gold","damage_taken":11,"max_hp_gain":0,"max_hp_loss":0,"event_name":"World of Goop","floor":4,"gold_loss":0},{"cards_removed":["TheCursedMod:Strike_TheCursed"],"damage_healed":0,"gold_gain":0,"player_choice":"Purged","damage_taken":0,"max_hp_gain":0,"max_hp_loss":0,"event_name":"Purifier","floor":7,"gold_loss":0},{"damage_healed":0,"gold_gain":0,"player_choice":"Searched \u00272\u0027 times","damage_taken":0,"relics_obtained":["Matryoshka"],"max_hp_gain":0,"max_hp_loss":0,"event_name":"Dead Adventurer","floor":14,"gold_loss":0}],"is_beta":true,"boss_relics":[],"items_purged_floors":[],"is_endless":false,"potions_floor_spawned":[1,8,12],"killed_by":"The Guardian","ascension_level":1}}