{"host":"mi0eibewekhugwl1","time":1607501246,"event":{"gold_per_floor":[210,223,39,51,65,99,1,1,1],"floor_reached":8,"playtime":210,"items_purged":["Strike_G"],"score":116,"play_id":"0ae88f54-8e1c-4220-bd94-9645a90536d8","local_time":"20201209170726","is_ascension_mode":true,"campfire_choices":[],"neow_cost":"NONE","seed_source_timestamp":929223799205500,"circlet_count":0,"master_deck":["AscendersBane","Strike_G","Strike_G","Strike_G","Strike_G","Defend_G","Defend_G","Defend_G","Defend_G","Defend_G","Survivor","Neutralize","Tactician","Dash","Dagger Spray","Reflex","Prepared"],"relics":["Ring of the Snake","Toy Ornithopter","Nunchaku"],"potions_floor_usage":[6],"damage_taken":[{"damage":0,"enemies":"2 Louse","floor":1,"turns":3},{"damage":0,"enemies":"Cultist","floor":2,"turns":4},{"damage":0,"enemies":"Small Slimes","floor":4,"turns":4},{"damage":8,"enemies":"3 Louse","floor":5,"turns":3},{"damage":27,"enemies":"3 Sentries","floor":6,"turns":11},{"damage":25,"enemies":"Lagavulin","floor":8,"turns":8}],"seed_played":"-7776194778976691618","potions_obtained":[{"floor":1,"key":"GamblersBrew"}],"is_trial":false,"path_per_floor":["M","M","$","M","M","E","?","E"],"character_chosen":"THE_SILENT","items_purchased":["Dash","Dagger Spray"],"campfire_rested":0,"item_purchase_floors":[3,3],"current_hp_per_floor":[59,59,59,59,51,24,24,0,0],"gold":1,"neow_bonus":"HUNDRED_GOLD","is_prod":false,"is_daily":false,"chose_seed":false,"campfire_upgraded":0,"win_rate":0,"timestamp":1607501246,"path_taken":["M","M","$","M","M","E","?","E"],"build_version":"2020-11-30","purchased_purges":1,"victory":false,"max_hp_per_floor":[66,66,66,66,66,66,66,66,66],"relic_stats":{"Nunchaku":[1],"counters":[6,33],"obtain_stats":[{"Nunchaku":7,"Toy Ornithopter":6,"Ring of the Snake":0},{"Nunchaku":5,"Toy Ornithopter":5,"Ring of the Snake":0},{"Nunchaku":25,"Toy Ornithopter":25,"Ring of the Snake":0}],"Toy Ornithopter":0,"Ring of the Snake":[12]},"card_choices":[{"not_picked":["Poisoned Stab","Calculated Gamble"],"picked":"Tactician","floor":1},{"not_picked":["Distraction","Quick Slash","Setup"],"picked":"SKIP","floor":2},{"not_picked":["Deflect","Catalyst"],"picked":"Reflex","floor":4},{"not_picked":["Backflip","Dodge and Roll","PiercingWail"],"picked":"SKIP","floor":5},{"not_picked":["Eviscerate","Bouncing Flask"],"picked":"Prepared","floor":6}],"player_experience":1654214,"relics_obtained":[{"floor":6,"key":"Toy Ornithopter"}],"event_choices":[{"damage_healed":0,"gold_gain":0,"player_choice":"Paid Gold","damage_taken":0,"relics_obtained":["Nunchaku"],"max_hp_gain":0,"max_hp_loss":0,"event_name":"WeMeetAgain","floor":7,"gold_loss":98}],"is_beta":false,"boss_relics":[],"items_purged_floors":[3],"is_endless":false,"potions_floor_spawned":[1],"killed_by":"Lagavulin","ascension_level":20}}