{"host":"t75twhtg6c476ygg","time":1607533137,"event":{"gold_per_floor":[117,67,67,84,84,84,94,94,94,122,138,35,54,73,73,171,171,190,202,214,224,224,224,224,224,224,259,259,270,282,309,309,405,405,417,109,159,159,159,159,83,110,134,134,152,186,186,113,113,113],"floor_reached":51,"playtime":1586,"items_purged":[],"score":904,"play_id":"6332fd30-ee3e-465f-93c9-da0e7345da9e","local_time":"20201209165857","is_ascension_mode":true,"campfire_choices":[{"data":"Bash","floor":6.0,"key":"SMITH"},{"data":"Inflame","floor":15.0,"key":"SMITH"},{"data":"Reaper","floor":23.0,"key":"SMITH"},{"data":"Corruption","floor":25.0,"key":"SMITH"},{"floor":28.0,"key":"REST"},{"data":"Headbutt","floor":32.0,"key":"SMITH"},{"data":"Juggernaut","floor":40.0,"key":"SMITH"},{"floor":44.0,"key":"REST"},{"data":"Flex","floor":47.0,"key":"SMITH"},{"data":"Offering","floor":49.0,"key":"SMITH"}],"neow_cost":"NONE","seed_source_timestamp":0,"circlet_count":0,"master_deck":["Strike_R","Strike_R","Strike_R","Defend_R","Defend_R","Defend_R","Defend_R","Bash+1","Whirlwind+1","Twin Strike","Battle Trance","Headbutt+1","Corruption+1","Inflame+1","Reaper+1","Intimidate","Power Through","Bloodletting+1","Metallicize","Cleave","Juggernaut+1","Headbutt+1","Flex+1","Sentinel","Offering+1"],"special_seed":0,"relics":["Black Blood","Chemical X","NeowsBlessing","Gremlin Horn","Bag of Preparation","Regal Pillow","SacredBark","MutagenicStrength","Letter Opener","Pear","Smiling Mask","White Beast Statue","Chemical X","Oddly Smooth Stone","TungstenRod","Orichalcum","Toy Ornithopter","Centennial Puzzle"],"potions_floor_usage":[50,50],"damage_taken":[{"damage":0.0,"enemies":"Jaw Worm","floor":1.0,"turns":1.0},{"damage":0.0,"enemies":"Small Slimes","floor":4.0,"turns":1.0},{"damage":0.0,"enemies":"2 Louse","floor":7.0,"turns":1.0},{"damage":18.0,"enemies":"Gremlin Nob","floor":10.0,"turns":3.0},{"damage":13.0,"enemies":"Blue Slaver","floor":11.0,"turns":2.0},{"damage":0.0,"enemies":"Lots of Slimes","floor":13.0,"turns":1.0},{"damage":0.0,"enemies":"3 Louse","floor":14.0,"turns":1.0},{"damage":0.0,"enemies":"Slime Boss","floor":16.0,"turns":4.0},{"damage":25.0,"enemies":"Spheric Guardian","floor":18.0,"turns":4.0},{"damage":21.0,"enemies":"Shell Parasite","floor":19.0,"turns":4.0},{"damage":19.0,"enemies":"Centurion and Healer","floor":20.0,"turns":3.0},{"damage":10.0,"enemies":"Chosen and Byrds","floor":21.0,"turns":5.0},{"damage":42.0,"enemies":"Book of Stabbing","floor":27.0,"turns":4.0},{"damage":13.0,"enemies":"Snecko","floor":29.0,"turns":5.0},{"damage":3.0,"enemies":"3 Cultists","floor":30.0,"turns":2.0},{"damage":33.0,"enemies":"Slavers","floor":31.0,"turns":3.0},{"damage":55.0,"enemies":"Champ","floor":33.0,"turns":7.0},{"damage":32.0,"enemies":"3 Shapes","floor":35.0,"turns":1.0},{"damage":22.0,"enemies":"Mind Bloom Boss Battle","floor":37.0,"turns":7.0},{"damage":37.0,"enemies":"Reptomancer","floor":42.0,"turns":3.0},{"damage":33.0,"enemies":"3 Darklings","floor":45.0,"turns":4.0},{"damage":20.0,"enemies":"Nemesis","floor":46.0,"turns":5.0},{"damage":63,"enemies":"Time Eater","floor":50,"turns":7}],"seed_played":"-7176333317242845124","potions_obtained":[{"floor":4.0,"key":"Strength Potion"},{"floor":11.0,"key":"LiquidMemories"},{"floor":21.0,"key":"GamblersBrew"},{"floor":31.0,"key":"CultistPotion"},{"floor":33.0,"key":"SteroidPotion"},{"floor":46.0,"key":"BloodPotion"}],"is_trial":false,"path_per_floor":["M","?","?","M","?","R","M","?","T","E","M","$","M","M","R","B",null,"M","M","M","M","?","R","?","R","T","E","R","M","M","E","R","B",null,"M","$","?","?","?","R","$","E","T","R","M","E","R","$","R","B",null],"character_chosen":"IRONCLAD","items_purchased":["FairyPotion","Chemical X","Oddly Smooth Stone","Sentinel","Offering"],"campfire_rested":2,"item_purchase_floors":[12,36,36,41,48],"current_hp_per_floor":[80,80,85,85,85,85,85,60,60,48,41,41,47,53,53,59,85,66,51,48,52,52,52,52,52,62,34,77,70,73,46,46,8,95,75,75,72,72,72,72,72,65,65,90,71,83,83,83,83,78],"gold":113,"neow_bonus":"THREE_ENEMY_KILL","is_prod":false,"is_daily":false,"chose_seed":false,"campfire_upgraded":8,"win_rate":0,"timestamp":1607533137,"path_taken":["M","?","?","M","?","R","M","?","T","E","?","$","M","?","R","BOSS","M","M","M","M","?","R","?","R","T","E","R","?","M","E","R","BOSS","M","$","?","?","?","R","?","E","T","R","M","E","R","?","R","BOSS"],"build_version":"2020-11-30","purchased_purges":0,"victory":true,"max_hp_per_floor":[80,80,85,85,85,85,85,85,85,85,85,85,85,85,85,85,85,85,85,85,85,85,85,85,85,95,95,95,95,95,95,95,95,95,95,95,95,95,90,90,90,90,90,90,90,90,90,90,90,90],"card_choices":[{"not_picked":["Pommel Strike","Clothesline","Havoc"],"picked":"SKIP","floor":1.0},{"not_picked":["Body Slam","Power Through"],"picked":"Twin Strike","floor":4.0},{"not_picked":["Headbutt","Armaments"],"picked":"Battle Trance","floor":7.0},{"not_picked":["True Grit","Perfected Strike","Wild Strike"],"picked":"SKIP","floor":10.0},{"not_picked":["Warcry","Twin Strike"],"picked":"Headbutt","floor":11.0},{"not_picked":["Reckless Charge","Dual Wield"],"picked":"Corruption","floor":13.0},{"not_picked":["Headbutt","Rampage"],"picked":"Inflame","floor":14.0},{"not_picked":["Impervious","Exhume"],"picked":"Reaper","floor":16.0},{"not_picked":["Thunderclap","Clash"],"picked":"Intimidate","floor":18.0},{"not_picked":["Havoc","Headbutt"],"picked":"Power Through","floor":19.0},{"not_picked":["True Grit","Rupture"],"picked":"Armaments+1","floor":20.0},{"not_picked":["Headbutt+1","Perfected Strike"],"picked":"Bloodletting+1","floor":21.0},{"not_picked":["Exhume","Iron Wave"],"picked":"Metallicize","floor":27.0},{"not_picked":["Reckless Charge","Perfected Strike","Entrench"],"picked":"SKIP","floor":29.0},{"not_picked":["Armaments+1","Iron Wave"],"picked":"Cleave","floor":30.0},{"not_picked":["Combust","Twin Strike","Exhume"],"picked":"SKIP","floor":31.0},{"not_picked":["Brutality","Feed"],"picked":"Juggernaut","floor":33.0},{"not_picked":["Pommel Strike","Whirlwind"],"picked":"Headbutt+1","floor":35.0},{"not_picked":["Body Slam","Thunderclap"],"picked":"Flex","floor":37.0},{"not_picked":["Warcry+1","Cleave","Armaments+1"],"picked":"SKIP","floor":42.0},{"not_picked":["Burning Pact+1","Havoc+1","Perfected Strike+1"],"picked":"SKIP","floor":45.0},{"not_picked":["Juggernaut","True Grit","Warcry"],"picked":"SKIP","floor":46.0}],"player_experience":163336,"relics_obtained":[{"floor":9.0,"key":"Bag of Preparation"},{"floor":10.0,"key":"Regal Pillow"},{"floor":26.0,"key":"Pear"},{"floor":27.0,"key":"Smiling Mask"},{"floor":31.0,"key":"White Beast Statue"},{"floor":37.0,"key":"TungstenRod"},{"floor":42.0,"key":"Orichalcum"},{"floor":43.0,"key":"Toy Ornithopter"},{"floor":46.0,"key":"Centennial Puzzle"}],"event_choices":[{"cards_removed":["Strike_R"],"damage_healed":0.0,"max_hp_gain":0.0,"max_hp_loss":0.0,"gold_gain":0.0,"event_name":"The Cleric","player_choice":"Card Removal","floor":2.0,"gold_loss":50.0,"damage_taken":0.0},{"damage_healed":0.0,"max_hp_gain":5.0,"max_hp_loss":0.0,"gold_gain":0.0,"event_name":"Big Fish","player_choice":"Donut","floor":3.0,"gold_loss":0.0,"damage_taken":0.0},{"damage_healed":0.0,"max_hp_gain":0.0,"max_hp_loss":0.0,"gold_gain":0.0,"event_name":"Liars Game","player_choice":"Ignored","floor":5.0,"gold_loss":0.0,"damage_taken":0.0},{"damage_healed":0.0,"max_hp_gain":0.0,"max_hp_loss":0.0,"gold_gain":0.0,"event_name":"Scrap Ooze","player_choice":"Success","floor":8.0,"gold_loss":0.0,"damage_taken":25.0,"relics_obtained":["Gremlin Horn"]},{"damage_healed":0.0,"max_hp_gain":0.0,"max_hp_loss":0.0,"gold_gain":0.0,"event_name":"Drug Dealer","player_choice":"Inject Mutagens","floor":22.0,"gold_loss":0.0,"damage_taken":0.0,"relics_obtained":["MutagenicStrength"]},{"damage_healed":0.0,"max_hp_gain":0.0,"max_hp_loss":0.0,"gold_gain":0.0,"event_name":"The Mausoleum","player_choice":"Opened","floor":24.0,"gold_loss":0.0,"damage_taken":0.0,"relics_obtained":["Letter Opener"]},{"damage_healed":0.0,"max_hp_gain":0.0,"max_hp_loss":0.0,"gold_gain":0.0,"event_name":"MindBloom","player_choice":"Fight","floor":37.0,"gold_loss":0.0,"damage_taken":0.0},{"cards_removed":["Armaments"],"damage_healed":0.0,"max_hp_gain":0.0,"max_hp_loss":0.0,"gold_gain":0.0,"event_name":"Falling","player_choice":"Removed Skill","floor":38.0,"gold_loss":0.0,"damage_taken":0.0},{"damage_healed":0.0,"max_hp_gain":0.0,"max_hp_loss":5.0,"gold_gain":0.0,"event_name":"Winding Halls","player_choice":"Max HP","floor":39.0,"gold_loss":0.0,"damage_taken":0.0}],"is_beta":false,"boss_relics":[{"not_picked":["SlaversCollar","Tiny House"],"picked":"SacredBark"},{"not_picked":["Runic Pyramid","Cursed Key"],"picked":"Black Blood"}],"items_purged_floors":[],"is_endless":false,"potions_floor_spawned":[4,11,16,19,21,27,29,31,33,35,37,42,45,46],"ascension_level":3}}