{"host":"10hinapzqlh39548","time":1607535062,"event":{"gold_per_floor":[209,209,220,231,199,199,233,249,249,266,283,283,283,296,296,398,398,412,423,423,442,462,462,462,496,523,523,523,61,94,104,104,201,201,216,41,57,67,85,85,98,112,135,164,176,176,194,246,246,246,246,246,68,99,99],"floor_reached":56,"playtime":4945,"items_purged":["Decay","Strike_B","Zap","Defend_B"],"score":2100,"play_id":"a5230eda-c964-42ad-9422-7d47af8979f1","local_time":"20201209183102","is_ascension_mode":true,"campfire_choices":[{"data":"Hologram","floor":6.0,"key":"SMITH"},{"floor":12.0,"key":"REST"},{"data":"MostiFishMod:InterfaceCompatibility","floor":15.0,"key":"SMITH"},{"data":"Reprogram","floor":23.0,"key":"SMITH"},{"data":"Go for the Eyes","floor":27.0,"key":"SMITH"},{"data":"FTL","floor":32.0,"key":"SMITH"},{"data":"Scrape","floor":40,"key":"SMITH"},{"floor":46,"key":"RECALL"},{"data":"Defend_B","floor":49,"key":"PURGE"},{"data":"ReplayTheSpireMod:Private Reserves","floor":52,"key":"SMITH"}],"neow_cost":"NONE","seed_source_timestamp":0,"circlet_count":0,"master_deck":["AscendersBane","Defend_B","Defend_B","Reprogram+1","Hologram+1","Go for the Eyes","Beam Cell","MostiFishMod:InterfaceCompatibility+1","Go for the Eyes+1","Gash","Beam Cell","Gash+1","Steam","FTL+1","Seek","Beam Cell","ReplayTheSpireMod:Private Reserves+1","Go for the Eyes+1","Scrape+1","Steam","Steam","Steam","Gash","Chill+1"],"special_seed":0,"relics":["Cracked Core","DaveBox","SynthV","Question Card","ReplayTheSpireMod:CursedCoin","Boot","wanderingMiniBosses:OtherGremlinHorn","ImportantClient","MetatronsCube","Nilry\u0027s Codex","TungstenRod","Gremlin Food","FossilizedHelix","Pet Ghost","Sundial","Counterbalance","Replay:Drink Me","Replay:Mystery Machine","Pen Nib","Calipers","Akabeko"],"potions_floor_usage":[55,55,55],"damage_taken":[{"damage":0.0,"enemies":"Small Slimes","floor":1.0,"turns":3.0},{"damage":0.0,"enemies":"Cultist","floor":3.0,"turns":3.0},{"damage":0.0,"enemies":"Jaw Worm","floor":4.0,"turns":2.0},{"damage":36.0,"enemies":"Gremlin Nob","floor":7.0,"turns":4.0},{"damage":11.0,"enemies":"Exordium Wildlife","floor":8.0,"turns":3.0},{"damage":6.0,"enemies":"Gremlin Gang","floor":10.0,"turns":2.0},{"damage":0.0,"enemies":"Lots of Slimes","floor":11.0,"turns":5.0},{"damage":10.0,"enemies":"Looter","floor":14.0,"turns":6.0},{"damage":6.0,"enemies":"Hexaghost","floor":16.0,"turns":7.0},{"damage":3.0,"enemies":"Chosen","floor":18.0,"turns":3.0},{"damage":0.0,"enemies":"Spheric Guardian","floor":19.0,"turns":2.0},{"damage":3.0,"enemies":"Shelled Parasite and Fungi","floor":21.0,"turns":2.0},{"damage":1.0,"enemies":"Snecko","floor":22.0,"turns":4.0},{"damage":12.0,"enemies":"Replay:Snechameleon","floor":25.0,"turns":2.0},{"damage":0.0,"enemies":"Gremlin Leader","floor":30.0,"turns":3.0},{"damage":0.0,"enemies":"Snake Plant","floor":31.0,"turns":2.0},{"damage":0.0,"enemies":"Automaton","floor":33.0,"turns":3.0},{"damage":0,"enemies":"Orb Walker","floor":35,"turns":1},{"damage":2,"enemies":"3 Shapes","floor":37,"turns":2},{"damage":0,"enemies":"Maw","floor":38,"turns":2},{"damage":0,"enemies":"3 Darklings","floor":39,"turns":2},{"damage":0,"enemies":"Transient","floor":41,"turns":3},{"damage":0,"enemies":"4 Shapes","floor":42,"turns":1},{"damage":0,"enemies":"Nemesis","floor":44,"turns":2},{"damage":0,"enemies":"Jaw Worm Horde","floor":45,"turns":1},{"damage":0,"enemies":"Transient","floor":47,"turns":2},{"damage":0,"enemies":"2 Orb Walkers","floor":48,"turns":1},{"damage":0,"enemies":"Donu and Deca","floor":50,"turns":2},{"damage":0,"enemies":"Shield and Spear","floor":54,"turns":1},{"damage":0,"enemies":"The Heart","floor":55,"turns":3}],"seed_played":"5545982550542840331","potions_obtained":[{"floor":1.0,"key":"Fire Potion"},{"floor":4.0,"key":"Strength Potion"},{"floor":8.0,"key":"SpeedPotion"},{"floor":11.0,"key":"Dexterity Potion"},{"floor":14.0,"key":"Swift Potion"},{"floor":18.0,"key":"Adrenaline Potion"}],"is_trial":false,"path_per_floor":["M","?","M","M","$","R","E","M","T","M","M","R","?","M","R","B",null,"M","M","?","M","M","R","?","E","T","R","T","$","E","M","R","B",null,"M","$","M","M","M","R","M","M","T","E","M","R","M","?","R","B",null,"R","$","E","B",null],"character_chosen":"DEFECT","items_purchased":["ReplayTheSpireMod:CursedCoin","Go for the Eyes","Beam Cell","FTL","Pet Ghost","Sundial","ReplayTheSpireMod:Private Reserves","Steam","Gash"],"campfire_rested":1,"item_purchase_floors":[5,5,5,29,29,29,36,53,53],"current_hp_per_floor":[68,68,68,68,68,68,32,21,21,15,15,37,37,63,63,57,71,68,68,68,65,64,64,48,56,56,56,56,56,56,56,56,56,57,57,57,55,55,55,55,55,55,55,55,55,55,55,55,55,55,57,57,57,57,57],"gold":99,"neow_bonus":"HUNDRED_GOLD","is_prod":false,"is_daily":false,"chose_seed":false,"campfire_upgraded":7,"win_rate":0,"timestamp":1607535062,"path_taken":["M","?","M","M","$","R","E","M","T","M","M","R","?","M","R","BOSS","M","M","?","?","M","R","?","E","T","R","?","$","E","M","R","BOSS","M","$","M","M","?","R","?","?","T","E","M","R","M","?","R","BOSS","R","$","E","BOSS"],"build_version":"2020-11-30","purchased_purges":4,"victory":true,"max_hp_per_floor":[75,75,75,75,75,75,75,75,75,75,75,75,75,75,75,75,75,75,75,75,75,75,75,75,75,75,75,75,75,75,75,75,75,57,57,57,57,57,57,57,57,57,57,57,57,57,57,57,57,57,57,57,57,57,57],"card_choices":[{"not_picked":["MostiFishMod:ReprogramOld","Barrage","Fusion"],"picked":"SKIP","floor":1.0},{"not_picked":["Go for the Eyes","Turbo","Rebound"],"picked":"Reprogram","floor":3.0},{"not_picked":["Aggregate","Barrage","Rip and Tear"],"picked":"Hologram","floor":4.0},{"not_picked":["Recycle","Storm","Leap","Stack"],"picked":"SKIP","floor":7.0},{"not_picked":["Loop","White Noise","Steam"],"picked":"MostiFishMod:InterfaceCompatibility","floor":8.0},{"not_picked":["BasicCrystalCard","Leap","Stack","Blizzard"],"picked":"SKIP","floor":10.0},{"not_picked":["Conserve Battery","Sweeping Beam","Turbo"],"picked":"Go for the Eyes","floor":11.0},{"not_picked":["Sweeping Beam","Heatsinks","Rebound"],"picked":"Gash","floor":14.0},{"not_picked":["Panic Button+1","Redo","Rebound"],"picked":"Beam Cell","floor":18.0},{"not_picked":["Aggregate","Storm+1","Panic Button","Sweeping Beam"],"picked":"SKIP","floor":19.0},{"not_picked":["Ball Lightning","Tempest","Stack+1","Mirror Shield"],"picked":"SKIP","floor":21.0},{"not_picked":["Conserve Battery+1","Turbo","Ball Lightning"],"picked":"Gash+1","floor":22.0},{"not_picked":["ReplayTheSpireMod:System Scan+1","Compile Driver","Amplify"],"picked":"Steam","floor":25.0},{"not_picked":["Crystallizer+1","Doom and Gloom","Cold Snap","Rebound"],"picked":"SKIP","floor":30.0},{"not_picked":["Redo+1","Time Bomb","BasicCrystalCard","Stack+1"],"picked":"SKIP","floor":31.0},{"not_picked":["MostiFishMod:SeaWaves","MostiFishMod:DeathFromBelow","ReplayRNGCard"],"picked":"Seek","floor":33.0},{"not_picked":["Chill+1","Barrage","Melter+1"],"picked":"Beam Cell","floor":35},{"not_picked":["Stack+1","Auto Shields","Storm"],"picked":"Go for the Eyes+1","floor":37},{"not_picked":["Recycle+1","Sweeping Beam","Steam Power","Stack+1"],"picked":"SKIP","floor":38},{"not_picked":["Gash+1","Stack+1","Static Discharge+1"],"picked":"Scrape","floor":39},{"not_picked":["Sweeping Beam","Tempest","Rebound+1","Melter+1"],"picked":"SKIP","floor":41},{"not_picked":["Loop+1","Melter+1","FTL+1"],"picked":"Steam","floor":42},{"not_picked":["Turbo","MostiFishMod:GatherIntelligence","Redo","Fusion"],"picked":"SKIP","floor":44},{"not_picked":["Streamline+1","Glacier+1","Hologram","Stack+1"],"picked":"SKIP","floor":45},{"not_picked":["Scrape","Consume","Panic Button"],"picked":"Steam","floor":47},{"not_picked":["Reprogram","MostiFishMod:DawningShadow","Rebound+1"],"picked":"Chill+1","floor":54}],"player_experience":1073036,"relics_obtained":[{"floor":1.0,"key":"Question Card"},{"floor":7.0,"key":"Boot"},{"floor":14.0,"key":"wanderingMiniBosses:OtherGremlinHorn"},{"floor":16.0,"key":"ImportantClient"},{"floor":24.0,"key":"Nilry\u0027s Codex"},{"floor":25.0,"key":"TungstenRod"},{"floor":26.0,"key":"Gremlin Food"},{"floor":28.0,"key":"FossilizedHelix"},{"floor":30.0,"key":"Counterbalance"},{"floor":43,"key":"Replay:Mystery Machine"},{"floor":44,"key":"Pen Nib"},{"floor":48,"key":"Calipers"},{"floor":54,"key":"Akabeko"}],"event_choices":[{"damage_healed":0.0,"max_hp_gain":0.0,"max_hp_loss":0.0,"gold_gain":0.0,"event_name":"Liars Game","player_choice":"Ignored","floor":13.0,"gold_loss":0.0,"damage_taken":0.0},{"cards_removed":["Strike_B"],"damage_healed":0.0,"max_hp_gain":0.0,"max_hp_loss":0.0,"gold_gain":0.0,"event_name":"Bonfire Elementals","player_choice":"Offered Basic","floor":20.0,"gold_loss":0.0,"damage_taken":0.0},{"damage_healed":0.0,"max_hp_gain":0.0,"max_hp_loss":0.0,"gold_gain":0.0,"event_name":"Cursed Tome","player_choice":"Obtained Book","floor":24.0,"gold_loss":0.0,"damage_taken":16.0},{"damage_healed":0,"gold_gain":0,"player_choice":"Fight","damage_taken":0,"max_hp_gain":0,"max_hp_loss":0,"event_name":"Mysterious Sphere","floor":48,"gold_loss":0}],"is_beta":false,"boss_relics":[{"not_picked":["SynthV:MejaisSoulstealer","Coffee Dripper"],"picked":"MetatronsCube"},{"not_picked":["SlaversCollar","FixedStarFall"],"picked":"Replay:Drink Me"}],"items_purged_floors":[5,29,36,53],"is_endless":false,"potions_floor_spawned":[1,4,8,11,14,18,22,31,35,38,44,45,48],"ascension_level":10}}