{"host":"st1kg310ms6sytc5","time":1607511477,"event":{"gold_per_floor":[109,284,52,52,2,2,30,45,72,72,106,6,35,35,35,131,181,201,201,216,236,77,77,77],"floor_reached":23,"playtime":1448,"items_purged":["Doubt","Koishi:BasicStrike"],"score":242,"play_id":"bf349e58-62d8-45e6-8aa1-ed7230491bc5","local_time":"20201209185757","is_ascension_mode":true,"campfire_choices":[{"data":"Koishi:UnseenTerror","floor":6,"key":"SMITH"},{"data":"Koishi:TraumaticStroke","floor":15,"key":"SMITH"}],"neow_cost":"NONE","seed_source_timestamp":1905455493842200,"circlet_count":0,"master_deck":["Koishi:BasicStrike","Koishi:BasicStrike","Koishi:BasicDefend","Koishi:BasicDefend","Koishi:BasicDefend","Koishi:Provoke","Koishi:HauntingSlash","Koishi:ConditionedTeleport","Koishi:UnseenTerror+1","Koishi:TraumaticStroke+1","Koishi:FourthEye","Koishi:DNAsFlaw","Koishi:FadingMemory+1","Koishi:FleetingPhantom","VanishingEverything+1","Koishi:EmbryosDream+1","Koishi:CatchAndRose","Koishi:Heartbroken"],"relics":["Koishi:ImaginaryFriend","REME_ComplimentaryCards","NeowsBlessing","ClockworkSouvenir","Dota2Spire:BladeMail","Koishi:BloodstainedWhiteRose","Dota2Spire:CrimsonGuard","Dota2Spire:BlackKingBar","Singing Bowl","Tiny House","Frozen Eye"],"potions_floor_usage":[23],"damage_taken":[{"damage":0,"enemies":"Cultist","floor":1,"turns":1},{"damage":0,"enemies":"3 Sentries","floor":7,"turns":1},{"damage":0,"enemies":"2 Louse","floor":8,"turns":1},{"damage":6,"enemies":"Gremlin Nob","floor":11,"turns":5},{"damage":32,"enemies":"3 Sentries","floor":13,"turns":9},{"damage":17,"enemies":"Hexaghost","floor":16,"turns":12},{"damage":11,"enemies":"Spheric Guardian","floor":18,"turns":5},{"damage":0,"enemies":"Chosen","floor":20,"turns":5},{"damage":0,"enemies":"Centurion and Healer","floor":21,"turns":13},{"damage":1,"enemies":"Gremlin Leader","floor":23,"turns":6}],"seed_played":"6107011875285491164","potions_obtained":[{"floor":11,"key":"Dota2Spire:Clarity"},{"floor":16,"key":"Weak Potion"},{"floor":17,"key":"DistilledChaos"}],"is_trial":false,"path_per_floor":["M","?","$","?","?","R","E","M","T","T","E","$","E","?","R","B",null,"M","?","M","M","$","E"],"character_chosen":"KOISHI","items_purchased":["ClockworkSouvenir","Koishi:Heartbroken"],"campfire_rested":0,"item_purchase_floors":[3,22],"current_hp_per_floor":[60,60,60,65,65,65,65,65,65,65,65,65,40,33,33,30,72,65,65,72,72,72,71,71],"gold":77,"neow_bonus":"THREE_ENEMY_KILL","is_prod":false,"is_daily":false,"chose_seed":false,"campfire_upgraded":2,"win_rate":0,"timestamp":1607511477,"path_taken":["M","?","$","?","?","R","E","M","T","?","E","?","E","?","R","BOSS","M","?","M","M","$","E"],"build_version":"2020-11-30","purchased_purges":2,"victory":false,"max_hp_per_floor":[60,60,60,65,65,65,65,65,65,65,65,65,65,65,65,65,72,72,72,72,72,72,72,72],"relic_stats":{"Singing Bowl":2,"counters":[10,58],"obtain_stats":[{"Frozen Eye":11,"Tiny House":17,"NeowsBlessing":0,"Dota2Spire:CrimsonGuard":10,"Dota2Spire:BlackKingBar":11,"Singing Bowl":13,"Dota2Spire:BladeMail":7,"Koishi:BloodstainedWhiteRose":9,"Koishi:ImaginaryFriend":0,"REME_ComplimentaryCards":0,"ClockworkSouvenir":3},{"Frozen Eye":4,"Tiny House":6,"NeowsBlessing":0,"Dota2Spire:CrimsonGuard":3,"Dota2Spire:BlackKingBar":4,"Singing Bowl":5,"Dota2Spire:BladeMail":2,"Koishi:BloodstainedWhiteRose":3,"Koishi:ImaginaryFriend":0,"REME_ComplimentaryCards":0,"ClockworkSouvenir":1},{"Frozen Eye":4,"Tiny House":29,"NeowsBlessing":0,"Dota2Spire:CrimsonGuard":3,"Dota2Spire:BlackKingBar":8,"Singing Bowl":17,"Dota2Spire:BladeMail":2,"Koishi:BloodstainedWhiteRose":3,"Koishi:ImaginaryFriend":0,"REME_ComplimentaryCards":0,"ClockworkSouvenir":1}]},"card_choices":[{"not_picked":["Koishi:PredatoryInstincts","Koishi:Prune"],"picked":"Koishi:UnseenTerror","floor":1},{"not_picked":["Koishi:StrangeCloudFist","Koishi:CatchAndRose"],"picked":"Koishi:TraumaticStroke","floor":7},{"not_picked":["Koishi:Jaunt","Koishi:Vanish"],"picked":"Koishi:FourthEye","floor":8},{"not_picked":["Koishi:PhantomStrike","Koishi:Prune","Koishi:HeartfeltFancy"],"picked":"SKIP","floor":11},{"not_picked":["Koishi:TraumaticStroke","Koishi:CatchAndRose"],"picked":"Koishi:DNAsFlaw","floor":13},{"not_picked":["Koishi:TerrifyingSpectre","Koishi:PerfectMindControl"],"picked":"Koishi:FadingMemory","floor":16},{"not_picked":["Koishi:UnconsciousUprising","Koishi:IdleWhim","Koishi:CatchAndRose"],"picked":"Singing Bowl","floor":17},{"not_picked":["Koishi:PhantomStrike+1","Koishi:StingingMind"],"picked":"Koishi:FleetingPhantom","floor":18},{"not_picked":["Koishi:PhantomBarrier","Koishi:SubconsciousSweep"],"picked":"Koishi:EmbryosDream+1","floor":20},{"not_picked":["Koishi:RorschachInDanmaku","Koishi:PhilosophyOfTheDespised"],"picked":"Koishi:CatchAndRose","floor":21}],"player_experience":1399706,"relics_obtained":[{"floor":7,"key":"Dota2Spire:BladeMail"},{"floor":9,"key":"Koishi:BloodstainedWhiteRose"},{"floor":10,"key":"Dota2Spire:CrimsonGuard"},{"floor":11,"key":"Dota2Spire:BlackKingBar"},{"floor":13,"key":"Singing Bowl"}],"event_choices":[{"damage_healed":0,"gold_gain":175,"player_choice":"AGREE","damage_taken":0,"max_hp_gain":0,"max_hp_loss":0,"event_name":"Liars Game","floor":2,"gold_loss":0,"cards_obtained":["Doubt"]},{"damage_healed":0,"gold_gain":0,"player_choice":"Donut","damage_taken":0,"max_hp_gain":5,"max_hp_loss":0,"event_name":"Big Fish","floor":4,"gold_loss":0},{"cards_removed":["Koishi:BasicStrike"],"damage_healed":0,"gold_gain":0,"player_choice":"Card Removal","damage_taken":0,"max_hp_gain":0,"max_hp_loss":0,"event_name":"The Cleric","floor":5,"gold_loss":50},{"cards_removed":["Koishi:BasicDefend"],"damage_healed":0,"gold_gain":0,"player_choice":"Card Removal","damage_taken":7,"max_hp_gain":0,"max_hp_loss":0,"event_name":"Golden Wing","floor":14,"gold_loss":0}],"is_beta":false,"boss_relics":[{"not_picked":["Runic Pyramid","SacredBark"],"picked":"Tiny House"}],"items_purged_floors":[3,12],"is_endless":false,"potions_floor_spawned":[11,16],"killed_by":"Gremlin Leader","ascension_level":1}}