{"host":"nc3dlacrfhmj2qcx","time":1607519986,"event":{"gold_per_floor":[12,32,32,57,71,71,96,135,185,185,201,201,126,141,141,232,232,256,269,169,169,192,192,210,233,233,233,233],"floor_reached":27,"playtime":933,"items_purged":["Strike_G","Strike_G"],"score":438,"play_id":"dddcaa08-ce30-472e-9d6f-39fe94488a23","local_time":"20201209221946","is_ascension_mode":true,"campfire_choices":[{"data":"Blade Dance","floor":6.0,"key":"SMITH"},{"data":"Choke","floor":10.0,"key":"SMITH"},{"data":"Terror","floor":15.0,"key":"SMITH"},{"data":"Envenom","floor":23.0,"key":"SMITH"}],"neow_cost":"NO_GOLD","seed_source_timestamp":3425850609356,"circlet_count":0,"master_deck":["AscendersBane","Defend_G","Defend_G","Defend_G","Survivor","Neutralize","Choke+1","Glass Knife","Blade Dance+1","Cloak And Dagger","Blade Dance","Backflip","Terror+1","Adrenaline","Envenom+1","Acrobatics","Blur"],"special_seed":0,"relics":["Ring of the Snake","Golden Idol","Kunai","Empty Cage","Eternal Feather"],"potions_floor_usage":[24,27],"damage_taken":[{"damage":2.0,"enemies":"Small Slimes","floor":1.0,"turns":4.0},{"damage":0.0,"enemies":"Cultist","floor":2.0,"turns":3.0},{"damage":0.0,"enemies":"2 Louse","floor":4.0,"turns":2.0},{"damage":17.0,"enemies":"Large Slime","floor":5.0,"turns":6.0},{"damage":11.0,"enemies":"3 Louse","floor":7.0,"turns":3.0},{"damage":6.0,"enemies":"Gremlin Nob","floor":8.0,"turns":3.0},{"damage":0.0,"enemies":"Blue Slaver","floor":11.0,"turns":3.0},{"damage":5.0,"enemies":"Looter","floor":14.0,"turns":2.0},{"damage":3.0,"enemies":"The Guardian","floor":16.0,"turns":12.0},{"damage":16.0,"enemies":"Spheric Guardian","floor":18.0,"turns":5.0},{"damage":7.0,"enemies":"3 Byrds","floor":19.0,"turns":6.0},{"damage":1.0,"enemies":"Centurion and Healer","floor":22.0,"turns":6.0},{"damage":0,"enemies":"Snake Plant","floor":24,"turns":2},{"damage":15,"enemies":"Chosen and Byrds","floor":25,"turns":5},{"damage":15,"enemies":"Shelled Parasite and Fungi","floor":27,"turns":2}],"seed_played":"5098832958002840645","potions_obtained":[{"floor":2.0,"key":"SmokeBomb"},{"floor":5.0,"key":"SmokeBomb"},{"floor":8.0,"key":"SteroidPotion"},{"floor":14.0,"key":"Poison Potion"},{"floor":18.0,"key":"BlessingOfTheForge"},{"floor":25,"key":"SkillPotion"}],"is_trial":false,"path_per_floor":["M","M","?","M","M","R","M","E","T","R","M","?","$","M","R","B",null,"M","M","$","?","M","R","M","M","T","M"],"character_chosen":"THE_SILENT","items_purchased":[],"campfire_rested":0,"item_purchase_floors":[],"current_hp_per_floor":[57,57,57,57,40,40,29,23,23,23,23,43,43,38,38,35,54,38,31,31,31,30,30,30,15,15,0,0],"gold":233,"neow_bonus":"TRANSFORM_TWO_CARDS","is_prod":false,"is_daily":false,"chose_seed":false,"campfire_upgraded":4,"win_rate":0,"timestamp":1607519986,"path_taken":["M","M","?","M","M","R","M","E","T","R","M","?","$","M","R","BOSS","M","M","$","?","M","R","M","M","T","M"],"build_version":"2020-11-30","purchased_purges":2,"victory":false,"max_hp_per_floor":[66,66,60,60,60,60,60,60,60,60,60,60,60,60,60,60,60,60,60,60,60,60,60,60,60,60,60,60],"card_choices":[{"not_picked":["Bane","Outmaneuver","Infinite Blades"],"picked":"SKIP","floor":1.0},{"not_picked":["Acrobatics","Terror"],"picked":"Blade Dance","floor":2.0},{"not_picked":["PiercingWail","Night Terror"],"picked":"Cloak And Dagger","floor":4.0},{"not_picked":["Poisoned Stab","Prepared"],"picked":"Blade Dance","floor":5.0},{"not_picked":["Leg Sweep","Riddle With Holes"],"picked":"Backflip","floor":7.0},{"not_picked":["Acrobatics","Deadly Poison"],"picked":"Terror","floor":8.0},{"not_picked":["Outmaneuver","Flying Knee","Endless Agony"],"picked":"SKIP","floor":11.0},{"not_picked":["Infinite Blades","Flying Knee"],"picked":"Adrenaline","floor":14.0},{"not_picked":["Wraith Form v2","Phantasmal Killer"],"picked":"Envenom","floor":16.0},{"not_picked":["Prepared","Underhanded Strike+1","Acrobatics"],"picked":"SKIP","floor":18.0},{"not_picked":["Masterful Stab","Bane"],"picked":"Acrobatics","floor":19.0},{"not_picked":["Quick Slash","Deflect","Acrobatics"],"picked":"SKIP","floor":22.0},{"not_picked":["Acrobatics","Predator"],"picked":"Blur","floor":24},{"not_picked":["Cloak And Dagger","Dodge and Roll","Caltrops"],"picked":"SKIP","floor":25}],"player_experience":1000886,"relics_obtained":[{"floor":8.0,"key":"Kunai"},{"floor":26,"key":"Eternal Feather"}],"event_choices":[{"damage_healed":0.0,"max_hp_gain":0.0,"max_hp_loss":6.0,"gold_gain":0.0,"event_name":"Golden Idol","player_choice":"Lose Max HP","floor":3.0,"gold_loss":0.0,"damage_taken":0.0,"relics_obtained":["Golden Idol"]},{"damage_healed":20.0,"max_hp_gain":0.0,"max_hp_loss":0.0,"gold_gain":0.0,"event_name":"Big Fish","player_choice":"Banana","floor":12.0,"gold_loss":0.0,"damage_taken":0.0},{"cards_removed":["Defend_G"],"damage_healed":0.0,"max_hp_gain":0.0,"max_hp_loss":0.0,"gold_gain":0.0,"event_name":"Purifier","player_choice":"Purged","floor":21.0,"gold_loss":0.0,"damage_taken":0.0}],"is_beta":false,"boss_relics":[{"not_picked":["Fusion Hammer","Pandora\u0027s Box"],"picked":"Empty Cage"}],"items_purged_floors":[13,20],"is_endless":false,"potions_floor_spawned":[2,5,8,14,18,19,25],"killed_by":"Shelled Parasite and Fungi","ascension_level":20}}