{"host":"p084pgp93u1tv48k","time":1607508534,"event":{"gold_per_floor":[117,137,137,312,322,322,322,351,377,392,409,409,409,96,96,96,96],"floor_reached":16,"playtime":518,"items_purged":["hermit:Defend_Hermit"],"score":100,"play_id":"b33dad16-14e1-4e35-afc0-4bbe6ff1a650","local_time":"20201209053854","is_ascension_mode":false,"campfire_choices":[{"data":"hermit:Dive","floor":6,"key":"SMITH"},{"floor":12,"key":"REST"},{"data":"hermit:GhostlyPresence","floor":15,"key":"SMITH"}],"neow_cost":"NONE","seed_source_timestamp":49323564527600,"circlet_count":0,"master_deck":["hermit:Strike_Hermit+1","hermit:Strike_Hermit","hermit:Strike_Hermit","hermit:Strike_Hermit","hermit:Defend_Hermit","hermit:Defend_Hermit","hermit:Defend_Hermit","hermit:Snapshot","hermit:Covet+1","hermit:TakeAim","Doubt","hermit:Dive+1","hermit:GhostlyPresence+1"],"relics":["hermit:Momento","NeowsBlessing","Oddly Smooth Stone","Bronze Scales","Blood Vial","Singing Bowl"],"potions_floor_usage":[16],"damage_taken":[{"damage":0,"enemies":"2 Louse","floor":1,"turns":1},{"damage":0,"enemies":"Jaw Worm","floor":2,"turns":1},{"damage":0,"enemies":"Small Slimes","floor":5,"turns":1},{"damage":61,"enemies":"3 Sentries","floor":8,"turns":15},{"damage":0,"enemies":"Exordium Thugs","floor":10,"turns":6},{"damage":2,"enemies":"Exordium Wildlife","floor":11,"turns":4},{"damage":33,"enemies":"Slime Boss","floor":16,"turns":3}],"seed_played":"1115347225318086508","potions_obtained":[{"floor":8,"key":"SteroidPotion"},{"floor":10,"key":"Strength Potion"}],"is_trial":false,"path_per_floor":["M","M","?","?","M","R","?","E","T","M","M","R","?","$","R","B"],"character_chosen":"HERMIT","items_purchased":["Singing Bowl"],"campfire_rested":1,"item_purchase_floors":[14],"current_hp_per_floor":[75,75,80,80,80,80,64,3,3,3,1,25,24,24,24,0,0],"gold":96,"neow_bonus":"THREE_ENEMY_KILL","is_prod":false,"is_daily":false,"chose_seed":false,"campfire_upgraded":2,"win_rate":0.0,"timestamp":1607508534,"path_taken":["M","M","?","?","M","R","?","E","T","M","M","R","?","$","R","BOSS"],"build_version":"2020-11-30","purchased_purges":1,"victory":false,"max_hp_per_floor":[75,75,80,80,80,80,80,80,80,80,80,80,80,80,80,80,80],"card_choices":[{"not_picked":["hermit:WideOpen","hermit:Ricochet"],"picked":"hermit:TakeAim","floor":1},{"not_picked":["hermit:Horror","hermit:SprayPray","hermit:Coalescence"],"picked":"SKIP","floor":2},{"not_picked":["hermit:CalledShot","hermit:Quickdraw"],"picked":"hermit:Dive","floor":5},{"not_picked":["hermit:TrackingShot","hermit:Coalescence"],"picked":"hermit:GhostlyPresence","floor":8},{"not_picked":["hermit:Desperado","hermit:Vantage","hermit:WideOpen"],"picked":"SKIP","floor":10},{"not_picked":["hermit:Misfire","hermit:Quickdraw","hermit:GoldenBullet"],"picked":"SKIP","floor":11}],"player_experience":79828,"relics_obtained":[{"floor":8,"key":"Oddly Smooth Stone"},{"floor":9,"key":"Bronze Scales"}],"event_choices":[{"damage_healed":0,"gold_gain":0,"player_choice":"Donut","damage_taken":0,"max_hp_gain":5,"max_hp_loss":0,"event_name":"Big Fish","floor":3,"gold_loss":0},{"damage_healed":0,"gold_gain":175,"player_choice":"AGREE","damage_taken":0,"max_hp_gain":0,"max_hp_loss":0,"event_name":"Liars Game","floor":4,"gold_loss":0,"cards_obtained":["Doubt"]},{"damage_healed":0,"gold_gain":0,"player_choice":"Entered Light","damage_taken":16,"max_hp_gain":0,"max_hp_loss":0,"event_name":"Shining Light","floor":7,"gold_loss":0,"cards_upgraded":["hermit:Strike_Hermit","hermit:Covet"]}],"is_beta":false,"boss_relics":[],"items_purged_floors":[14],"is_endless":false,"potions_floor_spawned":[8,10],"killed_by":"Slime Boss","ascension_level":0}}