{"host":"ipcfr4ajj2jkxvg7","time":1607489266,"event":{"gold_per_floor":[110,110,110,128,22,48,59,94,94,109,139,139,164,174,174,247,247,257,257,177,197,216,241,252,252,252,252,263,298,298,298,298,372,372,389,174,174,174,174],"floor_reached":38,"playtime":873,"items_purged":["Pain"],"score":1114,"play_id":"f462835b-7721-4b57-8986-5a2f47802457","local_time":"20201209124746","is_ascension_mode":true,"campfire_choices":[{"data":"BloodHunter","floor":12.0,"key":"SMITH"},{"data":"EternalNight","floor":15.0,"key":"SMITH"},{"data":"TricksterDevil","floor":25.0,"key":"SMITH"},{"floor":27.0,"key":"REST"},{"data":"EquivalentExchange","floor":30.0,"key":"SMITH"},{"floor":32.0,"key":"REST"}],"neow_cost":"NONE","seed_source_timestamp":778977583080000,"circlet_count":0,"master_deck":["AscendersBane","Strike_RM","Strike_RM","Strike_RM","Strike_RM","Defend_RM","Defend_RM","Defend_RM","RedMoon","ScarletShoot","SuperhumanBloodyKnife","BloodHunter","VampireKiss","BloodHunter+1","DiffusionOfMisfortune","ScarletNetherworld","BombardNight","EternalNight+1","TricksterDevil+1","NightLord","FitfulNightmare","HunterOfTheNight","VampireKiss","EquivalentExchange+1","CurseOfVladTepes","HunterOfTheNight"],"special_seed":0,"relics":["ScarletHat","NeowsBlessing","AddBug","SecretRecord","SecretRecord","SecretRecord","SecretRecord"],"potions_floor_usage":[38],"damage_taken":[{"damage":0.0,"enemies":"Small Slimes","floor":1.0,"turns":1.0},{"damage":0.0,"enemies":"Jaw Worm","floor":4.0,"turns":1.0},{"damage":0.0,"enemies":"Lagavulin","floor":6.0,"turns":1.0},{"damage":6.0,"enemies":"Cultist","floor":7.0,"turns":4.0},{"damage":13.0,"enemies":"3 Sentries","floor":8.0,"turns":7.0},{"damage":4.0,"enemies":"Exordium Wildlife","floor":10.0,"turns":2.0},{"damage":2.0,"enemies":"Gremlin Nob","floor":13.0,"turns":2.0},{"damage":2.0,"enemies":"Looter","floor":14.0,"turns":2.0},{"damage":4.0,"enemies":"Slime Boss","floor":16.0,"turns":3.0},{"damage":3.0,"enemies":"Chosen","floor":18.0,"turns":2.0},{"damage":9.0,"enemies":"2 Thieves","floor":21.0,"turns":5.0},{"damage":45.0,"enemies":"Snecko","floor":22.0,"turns":6.0},{"damage":18.0,"enemies":"Replay:Snechameleon","floor":23.0,"turns":4.0},{"damage":8.0,"enemies":"Cultist and Chosen","floor":24.0,"turns":3.0},{"damage":30.0,"enemies":"Centurion and Healer","floor":28.0,"turns":3.0},{"damage":1.0,"enemies":"Slavers","floor":29.0,"turns":2.0},{"damage":28.0,"enemies":"Automaton","floor":33.0,"turns":6.0},{"damage":54,"enemies":"3 Shapes","floor":35,"turns":3},{"damage":0,"enemies":"3 Darklings","floor":38,"turns":1}],"seed_played":"-5274127240377976566","potions_obtained":[{"floor":1.0,"key":"Milkshake"},{"floor":10.0,"key":"SteroidPotion"},{"floor":14.0,"key":"FearPotion"},{"floor":16.0,"key":"DistilledChaos"},{"floor":29.0,"key":"Languid Potion"}],"is_trial":false,"path_per_floor":["M","?","?","M","$","E","M","E","T","M","?","R","E","M","R","B",null,"M","?","?","M","M","E","M","R","T","R","M","E","R","?","R","B",null,"M","$","?","M"],"character_chosen":"REMILIA","items_purchased":["VampireKiss","BloodHunter","ReplayTheSpireMod:ShopPack"],"campfire_rested":2,"item_purchase_floors":[5,5,36],"current_hp_per_floor":[63,56,38,38,38,38,37,25,25,23,23,23,27,29,29,30,60,58,58,58,52,20,5,3,3,3,24,2,7,7,7,28,21,58,4,4,4,4,4],"gold":174,"neow_bonus":"THREE_ENEMY_KILL","is_prod":false,"is_daily":false,"chose_seed":false,"campfire_upgraded":4,"win_rate":0,"timestamp":1607489266,"path_taken":["M","?","?","M","$","E","M","E","T","M","?","R","E","?","R","BOSS","M","?","?","M","M","E","M","R","T","R","M","E","R","?","R","BOSS","M","$","?","M"],"build_version":"2020-11-30","purchased_purges":1,"victory":false,"max_hp_per_floor":[70,70,70,70,70,70,70,70,70,70,70,70,70,70,70,70,70,70,70,70,70,70,70,70,70,70,70,70,70,70,70,70,70,70,70,70,70,70,70],"card_choices":[{"not_picked":["EmergencyRegeneration","ForbiddenFruit"],"picked":"SuperhumanBloodyKnife","floor":1.0},{"not_picked":["RedRainbow","EndlessAdversity"],"picked":"BloodHunter","floor":4.0},{"not_picked":["BloodRain","Stigmanizer","UnderTheZenith"],"picked":"SKIP","floor":6.0},{"not_picked":["Stigmanizer","EndlessAdversity"],"picked":"DiffusionOfMisfortune","floor":7.0},{"not_picked":["ForecastOfChange","FavorOfDestiny","EmergencyRegeneration"],"picked":"SKIP","floor":8.0},{"not_picked":["UnderTheZenith","EndlessAdversity","RedRainbow"],"picked":"SKIP","floor":10.0},{"not_picked":["UnderTheZenith","MillenniumVampire"],"picked":"ScarletNetherworld","floor":11.0},{"not_picked":["UnderTheZenith","RedMagic"],"picked":"BombardNight","floor":13.0},{"not_picked":["UnstableMagic","TwelveNightmare"],"picked":"EternalNight","floor":14.0},{"not_picked":["BloodyCatastrophe","ForecastOfChange"],"picked":"TricksterDevil","floor":16.0},{"not_picked":["ScarletDevil","MiserableFate"],"picked":"NightLord","floor":18.0},{"not_picked":["ScarletImprint","Maim","FavorOfDestiny"],"picked":"SKIP","floor":21.0},{"not_picked":["FitfulNightmare","VampirishNight"],"picked":"HunterOfTheNight","floor":22.0},{"not_picked":["NightDance","ScarletSymphony","FitfulNightmare"],"picked":"SKIP","floor":23.0},{"not_picked":["StarOfDavid","EndlessAdversity"],"picked":"VampireKiss","floor":24.0},{"not_picked":["RedRainbow","CharismaGuard","DiffusionOfMisfortune"],"picked":"SKIP","floor":28.0},{"not_picked":["BloodHunter","UnderTheZenith+1"],"picked":"EquivalentExchange","floor":29.0},{"not_picked":["DemonKingCradle","TransientEternity"],"picked":"CurseOfVladTepes","floor":33.0},{"not_picked":["ChainGang","ScarletImprint"],"picked":"HunterOfTheNight","floor":35}],"player_experience":335460,"relics_obtained":[{"floor":1.0,"key":"AddBug"},{"floor":6.0,"key":"CaptainsWheel"},{"floor":8.0,"key":"WingedGreaves"},{"floor":11.0,"key":"Replay:PocketPolymizer"},{"floor":13.0,"key":"SecretRecord"},{"floor":13.0,"key":"ReplayTheSpireMod:Lightbulb"},{"floor":14.0,"key":"SecretRecord"},{"floor":23.0,"key":"Pocketwatch"},{"floor":26.0,"key":"Toxic Egg 2"},{"floor":29.0,"key":"SecretRecord"},{"floor":29.0,"key":"Chameleon Ring"},{"floor":37,"key":"Ring of Fury"},{"floor":37,"key":"ReplayTheSpireMod:Ring of Challenge"}],"event_choices":[{"cards_removed":["Defend_RM"],"damage_healed":0.0,"max_hp_gain":0.0,"max_hp_loss":0.0,"gold_gain":0.0,"event_name":"Golden Wing","player_choice":"Card Removal","floor":2.0,"gold_loss":0.0,"damage_taken":7.0},{"damage_healed":0.0,"max_hp_gain":0.0,"max_hp_loss":0.0,"gold_gain":0.0,"event_name":"Scrap Ooze","player_choice":"Success","floor":3.0,"gold_loss":0.0,"damage_taken":18.0,"relics_obtained":["Quantum Egg"]},{"damage_healed":0.0,"max_hp_gain":0.0,"max_hp_loss":0.0,"gold_gain":0.0,"event_name":"The Library","player_choice":"Read","floor":19.0,"gold_loss":0.0,"damage_taken":0.0,"cards_obtained":["FitfulNightmare"]},{"damage_healed":0.0,"max_hp_gain":0.0,"max_hp_loss":0.0,"gold_gain":0.0,"event_name":"Ghosts","player_choice":"Ignored","floor":31.0,"gold_loss":0.0,"damage_taken":0.0}],"is_beta":false,"boss_relics":[{"not_picked":["EasyGame_NEW","Honey Jar"],"picked":"SacredBark"},{"not_picked":["Replay:Drink Me","Kintsugi"],"picked":"Replay:Bronze Core"}],"items_purged_floors":[36],"is_endless":false,"potions_floor_spawned":[1,10,14,16,18,22,24,29],"killed_by":"3 Darklings","ascension_level":20}}