{"host":"cjhtzh7tp54jdfyv","time":1607541097,"event":{"gold_per_floor":[364,376,394,394,2,2,22,22,45,76,95,95,128,158,158,234,234,234,234,234,234,234,234,234,234,234,3,3,3],"floor_reached":28,"playtime":1460,"items_purged":["Strike_G","Strike_G"],"score":492,"play_id":"8da01aaf-9bde-4710-812e-e51c3510fd64","local_time":"20201209141137","is_ascension_mode":true,"campfire_choices":[{"data":"Bane","floor":6,"key":"SMITH"},{"data":"Noxious Fumes","floor":8,"key":"SMITH"},{"floor":15,"key":"REST"},{"floor":23,"key":"REST"}],"neow_cost":"PERCENT_DAMAGE","seed_source_timestamp":690638593349700,"circlet_count":0,"master_deck":["AscendersBane","Strike_G+1","Defend_G+1","Defend_G","Defend_G","Defend_G","Defend_G+1","Survivor+1","Neutralize","All Out Attack","Dagger Throw","Noxious Fumes+1","Footwork","Bane+1","Bouncing Flask","Dash+1","Deflect+1","Catalyst","Well Laid Plans"],"relics":["Ring of the Snake","TwistedFunnel","Juzu Bracelet","War Paint","Orichalcum","Ectoplasm","Bottled Flame","Pantograph"],"potions_floor_usage":[10,13,14,16,20],"damage_taken":[{"damage":0,"enemies":"Small Slimes","floor":1,"turns":3},{"damage":0,"enemies":"Cultist","floor":2,"turns":3},{"damage":0,"enemies":"Jaw Worm","floor":3,"turns":4},{"damage":0,"enemies":"Looter","floor":7,"turns":2},{"damage":5,"enemies":"3 Sentries","floor":10,"turns":4},{"damage":0,"enemies":"3 Louse","floor":11,"turns":2},{"damage":1,"enemies":"Lagavulin","floor":13,"turns":5},{"damage":0,"enemies":"Lagavulin Event","floor":14,"turns":1},{"damage":13,"enemies":"Slime Boss","floor":16,"turns":7},{"damage":0,"enemies":"3 Byrds","floor":18,"turns":3},{"damage":22,"enemies":"Spheric Guardian","floor":19,"turns":4},{"damage":10,"enemies":"Centurion and Healer","floor":20,"turns":5},{"damage":37,"enemies":"Slavers","floor":25,"turns":5},{"damage":7,"enemies":"Sentry and Sphere","floor":28,"turns":3}],"seed_played":"6312611468537990072","potions_obtained":[{"floor":3,"key":"SmokeBomb"},{"floor":10,"key":"BlessingOfTheForge"},{"floor":13,"key":"Strength Potion"},{"floor":19,"key":"SkillPotion"},{"floor":25,"key":"Strength Potion"}],"is_trial":false,"path_per_floor":["M","M","M","?","$","R","M","R","T","E","M","?","E","?","R","B",null,"M","M","M","?","?","R","?","E","T","$","M"],"character_chosen":"THE_SILENT","items_purchased":["TwistedFunnel","Footwork","SteroidPotion","Bane","Catalyst","Well Laid Plans"],"campfire_rested":2,"item_purchase_floors":[5,5,5,5,27,27],"current_hp_per_floor":[44,44,44,44,44,44,44,44,44,39,39,19,18,18,37,24,56,56,34,24,24,24,43,43,6,6,6,0,0],"gold":3,"neow_bonus":"TWO_FIFTY_GOLD","is_prod":false,"is_daily":false,"chose_seed":false,"campfire_upgraded":2,"win_rate":0,"timestamp":1607541097,"path_taken":["M","M","M","?","$","R","M","R","T","E","M","?","E","?","R","BOSS","M","M","M","?","?","R","?","E","T","?","M"],"build_version":"2020-11-30","purchased_purges":2,"victory":false,"max_hp_per_floor":[66,66,66,66,66,66,66,66,66,66,66,66,66,66,66,66,66,66,66,66,66,66,66,66,66,66,66,66,66],"card_choices":[{"not_picked":["PiercingWail","Dodge and Roll"],"picked":"All Out Attack","floor":1},{"not_picked":["Backflip","Outmaneuver"],"picked":"Dagger Throw","floor":2},{"not_picked":["Dodge and Roll","Blade Dance"],"picked":"Noxious Fumes","floor":3},{"not_picked":["Prepared","Sucker Punch","A Thousand Cuts"],"picked":"SKIP","floor":7},{"not_picked":["Outmaneuver","Riddle With Holes","Deflect"],"picked":"SKIP","floor":10},{"not_picked":["Blade Dance","Eviscerate","Acrobatics"],"picked":"SKIP","floor":11},{"not_picked":["Backflip","Prepared","Dodge and Roll"],"picked":"SKIP","floor":13},{"not_picked":["Flechettes","Eviscerate"],"picked":"Bouncing Flask","floor":18},{"not_picked":["Caltrops","Slice"],"picked":"Dash+1","floor":19},{"not_picked":["Deadly Poison","Flechettes+1","Noxious Fumes"],"picked":"SKIP","floor":20},{"not_picked":["Terror","Flying Knee"],"picked":"Deflect+1","floor":25}],"player_experience":4076021,"relics_obtained":[{"floor":9,"key":"Juzu Bracelet"},{"floor":10,"key":"War Paint"},{"floor":13,"key":"Orichalcum"},{"floor":25,"key":"Bottled Flame"},{"floor":26,"key":"Pantograph"}],"event_choices":[{"cards_removed":["Strike_G"],"damage_healed":0,"gold_gain":0,"player_choice":"Purged","damage_taken":0,"max_hp_gain":0,"max_hp_loss":0,"event_name":"Purifier","floor":4,"gold_loss":0},{"damage_healed":0,"gold_gain":0,"player_choice":"Entered Light","damage_taken":20,"max_hp_gain":0,"max_hp_loss":0,"event_name":"Shining Light","floor":12,"gold_loss":0,"cards_upgraded":["Survivor","Strike_G"]},{"damage_healed":0,"gold_gain":30,"player_choice":"Searched \u00272\u0027 times","damage_taken":0,"max_hp_gain":0,"max_hp_loss":0,"event_name":"Dead Adventurer","floor":14,"gold_loss":0},{"damage_healed":0,"gold_gain":0,"player_choice":"Ignored","damage_taken":0,"max_hp_gain":0,"max_hp_loss":0,"event_name":"The Mausoleum","floor":21,"gold_loss":0},{"damage_healed":0,"gold_gain":0,"player_choice":"Ignored","damage_taken":0,"max_hp_gain":0,"max_hp_loss":0,"event_name":"Golden Shrine","floor":22,"gold_loss":0},{"cards_removed":["Strike_G"],"damage_healed":0,"gold_gain":0,"player_choice":"Offered Basic","damage_taken":0,"max_hp_gain":0,"max_hp_loss":0,"event_name":"Bonfire Elementals","floor":24,"gold_loss":0}],"is_beta":false,"boss_relics":[{"not_picked":["WristBlade","Tiny House"],"picked":"Ectoplasm"}],"items_purged_floors":[5,27],"is_endless":false,"potions_floor_spawned":[3,10,13,19,25],"killed_by":"Sentry and Sphere","ascension_level":20}}