{"host":"hfcva6mq15ctj0gu","time":1607481640,"event":{"gold_per_floor":[1371,1221,1221,1254,1318,1343,1008,1008,1008,810,810,828,854,801,801,920,970,980,367,367,386,386,386,420,420,443,443,443,443,70,96,124,245,245,255,255,255,255,1254,1308,1308,814,840,888,413,15,53,93,37,57,57,22,22,74,134],"floor_reached":56,"playtime":2295,"items_purged":[],"score":1532,"play_id":"16cfdea6-a477-4998-9bf8-0032760fb88b","local_time":"20201209034040","is_ascension_mode":false,"campfire_choices":[{"floor":15,"key":"RECALL"},{"floor":23,"key":"REST"}],"neow_cost":"","seed_source_timestamp":57153017260500,"circlet_count":0,"master_deck":["FavorOfDestiny+1","KillingBlow+1","TwelveNightmare+1","CharismaGuard+1","MastersStateliness+1","CurseOfVladTepes+1","TwelveNightmare+1","ScarletCoffin+1","Panache+1","FavorOfDestiny+1","FavorOfDestiny+1","DemonKingCradle+1","MastersStateliness+1","Mayhem+1","Enlightenment+1","Secret Technique+1","EternalNight+1","Madness+1","Madness+1","ScarletNetherworld+1","FitfulNightmare+1"],"relics":["ScarletHat","Hammer of Thor","Seething Fire","Anvil of the Gods","Bag of Marbles","MerchantsRug","Gungnir","HandDrill","Darkstone Periapt","Frozen Egg 2","Bottled Flame","Sundial","Medical Kit","Pen Nib","Shuriken","ClockworkSouvenir","Oddly Smooth Stone","Boot","Juzu Bracelet","Bronze Scales","MutagenicStrength","Nloth\u0027s Gift","Happy Flower","Anchor","Philosopher\u0027s Stone","Letter Opener","Meat on the Bone","Mastiff:ReiMu","Toolbox","CatCart","TentaclePot:ReiMu","CrazyTorch:ReiMu","TypeBBloodRedTea","Membership Card","Kunai","Mummified Hand","Lantern","Orichalcum"],"potions_floor_usage":[18,24,55,55],"damage_taken":[{"damage":0,"enemies":"Cultist","floor":1,"turns":1},{"damage":0,"enemies":"2 Louse","floor":4,"turns":2},{"damage":0,"enemies":"Gremlin Nob","floor":6,"turns":1},{"damage":0,"enemies":"Jaw Worm","floor":12,"turns":1},{"damage":24,"enemies":"3 Sentries","floor":13,"turns":5},{"damage":94,"enemies":"Hexaghost","floor":16,"turns":3},{"damage":0,"enemies":"2 Thieves","floor":18,"turns":3},{"damage":8,"enemies":"3 Byrds","floor":21,"turns":4},{"damage":12,"enemies":"Slavers","floor":24,"turns":3},{"damage":0,"enemies":"Book of Stabbing","floor":31,"turns":1},{"damage":47,"enemies":"Automaton","floor":33,"turns":5},{"damage":10,"enemies":"Orb Walker","floor":35,"turns":1},{"damage":0,"enemies":"Reptomancer","floor":40,"turns":1},{"damage":0,"enemies":"Orin","floor":44,"turns":4},{"damage":130,"enemies":"Orin","floor":48,"turns":6},{"damage":79,"enemies":"Donu and Deca","floor":50,"turns":3},{"damage":0,"enemies":"Shield and Spear","floor":54,"turns":4},{"damage":131,"enemies":"The Heart","floor":55,"turns":6}],"seed_played":"-2215036704305868618","potions_obtained":[{"floor":13,"key":"AttackPotion"},{"floor":16,"key":"LiquidBronze"},{"floor":21,"key":"BlessingOfTheForge"},{"floor":31,"key":"SpeedPotion"},{"floor":33,"key":"Energy Potion"},{"floor":33,"key":"GamblersBrew"},{"floor":44,"key":"SteroidPotion"}],"is_trial":false,"path_per_floor":["M","$","?","M","?","E","R","T","T","R","?","M","E","$","R","B",null,"M","$","?","M","?","R","E","?","T","?","?","?","$","E","R","B",null,"M","?","?","?","?","E","?","$","T","?","$","R","$","?","R","B",null,"R","$","E","B",null],"character_chosen":"REMILIA","items_purchased":["Bag of Marbles","FavorOfDestiny","MerchantsRug","KillingBlow","HandDrill","TwelveNightmare","Frozen Egg 2","CharismaGuard+1","Medical Kit","MastersStateliness+1","Pen Nib","Shuriken","TwelveNightmare+1","ClockworkSouvenir","Happy Flower","Panache+1","FavorOfDestiny","FavorOfDestiny","Meat on the Bone","Mastiff:ReiMu","Toolbox","TentaclePot:ReiMu","CrazyTorch:ReiMu","ScarletNetherworld+1","TypeBBloodRedTea","Membership Card","Kunai","Mummified Hand","Lantern"],"campfire_rested":1,"item_purchase_floors":[0,0,0,0,2,7,7,10,10,14,19,19,19,19,30,30,30,32,42,42,42,45,45,45,46,46,46,49,52],"current_hp_per_floor":[60,70,80,90,100,110,120,130,140,150,160,170,164,174,184,114,260,270,280,290,294,47,150,170,180,190,200,210,220,230,240,250,222,430,430,440,440,450,472,482,429,439,449,459,484,494,519,582,592,526,612,622,632,642,531],"gold":134,"neow_bonus":"","is_prod":false,"is_daily":false,"chose_seed":false,"campfire_upgraded":0,"win_rate":0.0,"timestamp":1607481640,"path_taken":["M","?","?","?","?","E","R","?","T","R","?","?","E","?","R","BOSS","M","$","?","?","?","R","E","?","T","?","?","?","?","E","R","BOSS","M","?","?","?","?","E","?","$","T","?","?","R","$","?","R","BOSS","R","$","E","BOSS"],"build_version":"2020-11-30","purchased_purges":0,"victory":true,"max_hp_per_floor":[95,105,115,125,135,145,155,165,175,185,195,205,215,225,235,245,260,270,280,290,300,310,320,330,340,350,360,370,380,390,400,410,420,430,440,450,460,470,492,502,512,522,532,542,552,562,572,582,592,602,612,622,632,642,662],"card_choices":[{"not_picked":["UnderTheZenith","VampireFantasy","ScarletDevil"],"picked":"SKIP","floor":1},{"not_picked":["MillenniumVampire","EmergencyRegeneration","NightDance"],"picked":"SKIP","floor":4},{"not_picked":["UnderTheZenith","BlasphemousPunishment"],"picked":"VampirishNight","floor":6},{"not_picked":["ScarletDevil","ScarletGensokyo","EndlessAdversity"],"picked":"SKIP","floor":12},{"not_picked":["NightDance","ForecastOfChange"],"picked":"StarOfDavid","floor":13},{"not_picked":["BloodyCatastrophe","BloodRain"],"picked":"CurseOfVladTepes+1","floor":16},{"not_picked":["BombardNight","ScarletGensokyo"],"picked":"CharismaGuard+1","floor":17},{"not_picked":["ScarletImprint","BloodyMagicSquare"],"picked":"CharismaGuard+1","floor":18},{"not_picked":["Stigmanizer","NightDance","UnstableMagic"],"picked":"SKIP","floor":21},{"not_picked":["StarOfDavid+1","RedRainbow","ScarletDevil"],"picked":"SKIP","floor":24},{"not_picked":["VampireSweep","Septette+1","DiffusionOfMisfortune+1"],"picked":"SKIP","floor":31},{"not_picked":["TransientEternity+1","BloodyCatastrophe"],"picked":"DemonKingCradle+1","floor":33},{"not_picked":["RedRainbow+1","EndlessAdversity"],"picked":"MastersStateliness+1","floor":35},{"not_picked":["KratosMod:FullCounter","Flash of Steel"],"picked":"Mayhem+1","floor":37},{"not_picked":["Apotheosis","Chrysalis"],"picked":"Enlightenment","floor":37},{"not_picked":["Discovery","Apotheosis"],"picked":"Flash of Steel","floor":37},{"not_picked":["DemonKingCradle+1","UnstableMagic"],"picked":"EternalNight+1","floor":40},{"not_picked":["ForecastOfChange","RedMagic"],"picked":"FitfulNightmare+1","floor":54}],"player_experience":71148,"relics_obtained":[{"floor":6,"key":"Darkstone Periapt"},{"floor":8,"key":"Bottled Flame"},{"floor":9,"key":"Sundial"},{"floor":13,"key":"Art of War"},{"floor":24,"key":"Bronze Scales"},{"floor":31,"key":"Anchor"},{"floor":40,"key":"Letter Opener"},{"floor":43,"key":"MealTicket"},{"floor":44,"key":"CatCart"},{"floor":54,"key":"Orichalcum"}],"event_choices":[{"damage_healed":0,"gold_gain":0,"player_choice":"Box","damage_taken":0,"relics_obtained":["Tea:ReiMu"],"max_hp_gain":0,"max_hp_loss":0,"event_name":"Big Fish","floor":3,"gold_loss":0,"cards_obtained":["Regret"]},{"damage_healed":0,"gold_gain":64,"player_choice":"Gained Gold","damage_taken":0,"max_hp_gain":0,"max_hp_loss":0,"event_name":"Golden Wing","floor":5,"gold_loss":0},{"damage_healed":150,"gold_gain":0,"player_choice":"Leave","damage_taken":0,"max_hp_gain":0,"max_hp_loss":185,"event_name":"betterThird:BetterShining","floor":11,"gold_loss":0},{"cards_removed":["CharismaGuard"],"damage_healed":0,"gold_gain":0,"player_choice":"Gave Card","damage_taken":0,"relics_obtained":["Oddly Smooth Stone"],"max_hp_gain":0,"max_hp_loss":0,"event_name":"WeMeetAgain","floor":20,"gold_loss":0},{"damage_healed":0,"gold_gain":0,"player_choice":"RE RE RE RE ","damage_taken":265,"relics_obtained":["Boot","Toy Ornithopter","Juzu Bracelet","Smiling Mask"],"max_hp_gain":0,"max_hp_loss":0,"event_name":"betterSkull:BetterSkull","floor":22,"gold_loss":0,"cards_upgraded":[]},{"cards_removed":["StarOfDavid"],"damage_healed":0,"gold_gain":0,"player_choice":"Give","damage_taken":0,"max_hp_gain":0,"max_hp_loss":0,"event_name":"betterNote:BetterNote","floor":25,"gold_loss":0,"cards_obtained":["None"]},{"damage_healed":0,"gold_gain":0,"player_choice":"Inject Mutagens","damage_taken":0,"relics_obtained":["MutagenicStrength"],"max_hp_gain":0,"max_hp_loss":0,"event_name":"Drug Dealer","floor":27,"gold_loss":0},{"damage_healed":0,"gold_gain":0,"player_choice":"Traded Relic","damage_taken":0,"relics_obtained":["Nloth\u0027s Gift"],"max_hp_gain":0,"max_hp_loss":0,"event_name":"N\u0027loth","floor":28,"relics_lost":["Tea:ReiMu"],"gold_loss":0},{"damage_healed":0,"gold_gain":0,"player_choice":"Read","damage_taken":0,"max_hp_gain":0,"max_hp_loss":0,"event_name":"The Library","floor":29,"gold_loss":0,"cards_obtained":["ScarletCoffin"]},{"cards_removed":["CharismaGuard"],"damage_healed":0,"gold_gain":0,"player_choice":"Removed Power","damage_taken":0,"max_hp_gain":0,"max_hp_loss":0,"event_name":"Falling","floor":36,"gold_loss":0},{"damage_healed":0,"gold_gain":0,"player_choice":"Memory 3","damage_taken":10,"max_hp_gain":0,"max_hp_loss":0,"event_name":"SensoryStone","floor":37,"gold_loss":0},{"damage_healed":0,"gold_gain":0,"cards_transformed":["Flash of Steel"],"player_choice":"Transformed","damage_taken":0,"max_hp_gain":0,"max_hp_loss":0,"event_name":"Transmorgrifier","floor":38,"gold_loss":0,"cards_obtained":["Secret Technique"]},{"damage_healed":0,"gold_gain":999,"player_choice":"Gold","damage_taken":0,"max_hp_gain":0,"max_hp_loss":0,"event_name":"MindBloom","floor":39,"gold_loss":0,"cards_obtained":["Normality","Normality"]},{"damage_healed":0,"gold_gain":0,"player_choice":"Embrace Madness","damage_taken":63,"max_hp_gain":0,"max_hp_loss":0,"event_name":"Winding Halls","floor":41,"gold_loss":0,"cards_obtained":["Madness","Madness"]},{"damage_healed":0,"gold_gain":0,"player_choice":"Fight","damage_taken":0,"max_hp_gain":0,"max_hp_loss":0,"event_name":"OrinTheCat","floor":44,"gold_loss":0}],"is_beta":false,"boss_relics":[{"not_picked":["Runic Pyramid","Cursed Key"],"picked":"Tiny House"},{"not_picked":["SacredBark","RedLine:ReiMu"],"picked":"Philosopher\u0027s Stone"}],"items_purged_floors":[],"is_endless":false,"potions_floor_spawned":[13,16,21,31,33,35,44,48],"ascension_level":0}}