{"host":"naykp6d9ulahlwib","time":1607495773,"event":{"gold_per_floor":[111,130,130,130,130,130,167,92,92,92,123,123,23,41,41,170,170,195,195,30,46,60,60,103,123,150,150,168,168,30,78,78,218,218,246,255,80,110,144,175,190,190,190,190,232,265,18,41,41,41],"floor_reached":51,"playtime":5714,"items_purged":["Strike_G","Defend_G","Strike_G","A Thousand Cuts"],"score":678,"play_id":"1eb42806-82a0-4c84-a689-2a7710832988","local_time":"20201209003613","is_ascension_mode":false,"campfire_choices":[{"data":"Neutralize","floor":6.0,"key":"SMITH"},{"floor":15.0,"key":"REST"},{"data":"A Thousand Cuts","floor":23.0,"key":"SMITH"},{"floor":27.0,"key":"REST"},{"data":"Footwork","floor":29.0,"key":"SMITH"},{"data":"Burst","floor":32.0,"key":"SMITH"},{"data":"Accuracy","floor":42.0,"key":"SMITH"},{"floor":44.0,"key":"REST"},{"floor":49.0,"key":"REST"}],"neow_cost":"NONE","seed_source_timestamp":774492058637800,"circlet_count":0,"master_deck":["Defend_G","Defend_G","Survivor","Neutralize+1","Predator","Flying Knee","Infinite Blades","Blade Dance","A Thousand Cuts+1","Slice+1","Blade Dance","Footwork+1","Footwork","Blade Dance","Blasphemy+1","Accuracy+1","Dodge and Roll","Deflect+1","Cloak And Dagger","Parasite","Deflect","Blur+1","Infinite Blades","Blade Dance"],"special_seed":0,"relics":["Ring of the Snake","CeramicFish","Orichalcum","Lantern","Bag of Preparation","Golden Idol","WristBlade","Whetstone","Centennial Puzzle","Red Mask","Empty Cage","Membership Card","Tingsha","Mango"],"potions_floor_usage":[50,50,50],"damage_taken":[{"damage":0.0,"enemies":"Jaw Worm","floor":1.0,"turns":4.0},{"damage":0.0,"enemies":"Small Slimes","floor":2.0,"turns":3.0},{"damage":17.0,"enemies":"Gremlin Nob","floor":7.0,"turns":5.0},{"damage":3.0,"enemies":"Lagavulin","floor":11.0,"turns":8.0},{"damage":0.0,"enemies":"2 Louse","floor":14.0,"turns":3.0},{"damage":33.0,"enemies":"The Guardian","floor":16.0,"turns":16.0},{"damage":0.0,"enemies":"3 Byrds","floor":18.0,"turns":4.0},{"damage":4.0,"enemies":"Shell Parasite","floor":21.0,"turns":4.0},{"damage":20.0,"enemies":"Snake Plant","floor":22.0,"turns":4.0},{"damage":14.0,"enemies":"Slavers","floor":24.0,"turns":3.0},{"damage":4.0,"enemies":"Sentry and Sphere","floor":25.0,"turns":3.0},{"damage":0.0,"enemies":"Masked Bandits","floor":31.0,"turns":2.0},{"damage":4.0,"enemies":"Automaton","floor":33.0,"turns":6.0},{"damage":5.0,"enemies":"Orb Walker","floor":35.0,"turns":3.0},{"damage":5.0,"enemies":"3 Darklings","floor":38.0,"turns":4.0},{"damage":3.0,"enemies":"Maw","floor":39.0,"turns":5.0},{"damage":3.0,"enemies":"Giant Head","floor":40.0,"turns":5.0},{"damage":15.0,"enemies":"Transient","floor":41.0,"turns":5.0},{"damage":5.0,"enemies":"Writhing Mass","floor":45.0,"turns":4.0},{"damage":2.0,"enemies":"Jaw Worm Horde","floor":46.0,"turns":3.0},{"damage":9.0,"enemies":"Sphere and 2 Shapes","floor":48.0,"turns":5.0},{"damage":36,"enemies":"Awakened One","floor":50,"turns":8}],"seed_played":"3107399924492289946","potions_obtained":[{"floor":1.0,"key":"Block Potion"},{"floor":2.0,"key":"EssenceOfSteel"},{"floor":7.0,"key":"Dexterity Potion"},{"floor":21.0,"key":"CultistPotion"}],"is_trial":false,"path_per_floor":["M","M","?","?","?","R","E","$","T","$","E","?","$","M","R","B",null,"M","?","$","M","M","R","E","M","T","R","?","R","$","?","R","B",null,"M","?","$","M","M","E","M","R","T","R","M","M","$","M","R","B",null],"character_chosen":"THE_SILENT","items_purchased":["Blade Dance","Burst","Membership Card","Accuracy","Dodge and Roll","Infinite Blades","Mango"],"campfire_rested":4,"item_purchase_floors":[20,30,37,37,37,47,47],"current_hp_per_floor":[70,70,75,57,57,57,40,40,40,40,37,37,37,37,57,24,69,69,69,69,65,45,45,31,27,27,47,47,47,47,47,47,43,69,64,64,64,59,56,53,38,38,38,58,53,51,65,56,80,44],"gold":41,"neow_bonus":"TRANSFORM_CARD","is_prod":false,"is_daily":false,"chose_seed":false,"campfire_upgraded":5,"win_rate":0,"timestamp":1607495773,"path_taken":["M","M","?","?","?","R","E","$","T","$","E","?","?","M","R","BOSS","M","?","$","M","M","R","E","M","T","R","?","R","$","?","R","BOSS","M","?","$","M","?","E","M","R","T","R","?","M","$","M","R","BOSS"],"build_version":"2020-11-30","purchased_purges":4,"victory":true,"max_hp_per_floor":[70,70,75,75,75,75,75,75,75,75,75,69,69,69,69,69,69,69,69,69,69,69,69,69,69,69,69,69,69,69,69,69,69,69,69,69,69,69,69,69,69,69,69,69,69,69,83,83,83,83],"card_choices":[{"not_picked":["Reflex","Dagger Throw"],"picked":"Flying Knee","floor":1.0},{"not_picked":["Cloak And Dagger","Heel Hook"],"picked":"Infinite Blades","floor":2.0},{"not_picked":["Dagger Throw","Backflip"],"picked":"Blade Dance","floor":7.0},{"not_picked":["Riddle With Holes","Bane","Poisoned Stab"],"picked":"SKIP","floor":11.0},{"not_picked":["Reflex","Prepared","Expertise"],"picked":"SKIP","floor":14.0},{"not_picked":["Malaise","Corpse Explosion"],"picked":"A Thousand Cuts","floor":16.0},{"not_picked":["Dagger Throw","Deadly Poison"],"picked":"Slice","floor":18.0},{"not_picked":["Bouncing Flask","Underhanded Strike","Choke"],"picked":"SKIP","floor":21.0},{"not_picked":["PiercingWail","Poisoned Stab","Deflect"],"picked":"SKIP","floor":22.0},{"not_picked":["Quick Slash+1","Caltrops+1","Acrobatics"],"picked":"SKIP","floor":24.0},{"not_picked":["Flechettes+1","Reflex","Deadly Poison"],"picked":"SKIP","floor":25.0},{"not_picked":["Envenom","Dodge and Roll"],"picked":"Footwork","floor":31.0},{"not_picked":["Adrenaline","Corpse Explosion"],"picked":"A Thousand Cuts","floor":33.0},{"not_picked":["Sucker Punch","Dagger Throw+1"],"picked":"Blade Dance","floor":35.0},{"not_picked":["Finisher+1","Dagger Spray"],"picked":"Deflect+1","floor":38.0},{"not_picked":["Heel Hook+1","Terror"],"picked":"Cloak And Dagger","floor":39.0},{"not_picked":["Bane+1","Quick Slash","Phantasmal Killer"],"picked":"SKIP","floor":40.0},{"not_picked":["Dagger Spray+1","Sucker Punch","Masterful Stab"],"picked":"SKIP","floor":41.0},{"not_picked":["Quick Slash+1","Underhanded Strike"],"picked":"Deflect","floor":45.0},{"not_picked":["Skewer","Dodge and Roll"],"picked":"Blur+1","floor":46.0},{"not_picked":["Prepared+1","Backflip"],"picked":"Blade Dance","floor":48.0}],"player_experience":655814,"relics_obtained":[{"floor":7.0,"key":"Orichalcum"},{"floor":9.0,"key":"Lantern"},{"floor":11.0,"key":"Bag of Preparation"},{"floor":24.0,"key":"Whetstone"},{"floor":26.0,"key":"Centennial Puzzle"},{"floor":31.0,"key":"Red Mask"},{"floor":43.0,"key":"Tingsha"}],"event_choices":[{"damage_healed":0.0,"max_hp_gain":5.0,"max_hp_loss":0.0,"gold_gain":0.0,"event_name":"Big Fish","player_choice":"Donut","floor":3.0,"gold_loss":0.0,"damage_taken":0.0},{"damage_healed":0.0,"max_hp_gain":0.0,"max_hp_loss":0.0,"gold_gain":0.0,"event_name":"Scrap Ooze","player_choice":"Success","floor":4.0,"gold_loss":0.0,"damage_taken":18.0,"relics_obtained":["CeramicFish"]},{"cards_removed":["Strike_G"],"damage_healed":0.0,"max_hp_gain":0.0,"max_hp_loss":0.0,"gold_gain":0.0,"event_name":"Living Wall","player_choice":"Forget","floor":5.0,"gold_loss":0.0,"damage_taken":0.0},{"damage_healed":0.0,"max_hp_gain":0.0,"max_hp_loss":6.0,"gold_gain":0.0,"event_name":"Golden Idol","player_choice":"Lose Max HP","floor":12.0,"gold_loss":0.0,"damage_taken":0.0,"relics_obtained":["Golden Idol"]},{"damage_healed":0.0,"max_hp_gain":0.0,"max_hp_loss":0.0,"gold_gain":0.0,"event_name":"Ghosts","player_choice":"Ignored","floor":19.0,"gold_loss":0.0,"damage_taken":0.0},{"damage_healed":0.0,"max_hp_gain":0.0,"max_hp_loss":0.0,"gold_gain":0.0,"cards_transformed":["Defend_G","Strike_G"],"event_name":"Drug Dealer","player_choice":"Became Test Subject","floor":28.0,"gold_loss":0.0,"damage_taken":0.0,"cards_obtained":["Escape Plan","Footwork"]},{"damage_healed":0.0,"max_hp_gain":0.0,"max_hp_loss":0.0,"gold_gain":0.0,"event_name":"Masked Bandits","player_choice":"Fought Bandits","floor":31.0,"gold_loss":0.0,"damage_taken":0.0},{"cards_removed":["Burst"],"damage_healed":0.0,"max_hp_gain":0.0,"max_hp_loss":0.0,"gold_gain":0.0,"event_name":"NoteForYourself","player_choice":"Took Card","floor":36.0,"gold_loss":0.0,"damage_taken":0.0,"cards_obtained":["Blasphemy"]}],"is_beta":false,"boss_relics":[{"not_picked":["Cursed Key","Coffee Dripper"],"picked":"WristBlade"},{"not_picked":["Runic Dome","Velvet Choker"],"picked":"Empty Cage"}],"items_purged_floors":[8,13,20,47],"is_endless":false,"potions_floor_spawned":[1,2,7,18,21,22,24,38,48],"ascension_level":0}}