{"host":"3q9keoo8j4hzgybw","time":1607475964,"event":{"gold_per_floor":[117,131,143,162,187,228,240,280,292,314,326,43,43,58,58,163,163,179,179,179,190,202,234,234,264,291,326,338,338,365,365,365,462,462,477,477,494,45,45,80,80,107,133,21,54,74,74,103,103,103],"floor_reached":51,"playtime":2202,"items_purged":["Strike_W"],"score":986,"play_id":"4da3fa90-614c-4314-b844-3c51f4baa18d","local_time":"20201209020604","is_ascension_mode":true,"campfire_choices":[{"data":"Necrotic_Claws","floor":7,"key":"SMITH"},{"floor":13,"key":"REST"},{"data":"Negative_Energy_Arrows","floor":15,"key":"SMITH"},{"data":"Negative_Energy_Shield","floor":29,"key":"SMITH"},{"data":"Blood_Is_Power","floor":32,"key":"SMITH"},{"data":"Defend_W","floor":41,"key":"PURGE"},{"data":"Defend_W","floor":47,"key":"PURGE"},{"data":"Strike_W","floor":49,"key":"PURGE"}],"neow_cost":"NONE","seed_source_timestamp":50058848063600,"circlet_count":0,"master_deck":["Strike_W","Strike_W","Defend_W","Defend_W","Negative_Energy_Arrows+1","Bone_Wall","Necrotic_Claws+1","Blood_Is_Power+1","Negative_Energy_Javelin","Spectral_Walk","Negative_Energy_Shield+1","Life_Drain+1","Life_Drain+1","Spectral_Armor+1","Negative_Energy_Shield+1","Toxic_Smoke_Screen+1","Summon_Vampire_Lady+1","Toxic_Smoke_Screen+1","Bone_Prison+1","Summon_Undead+1","Summon_Lich+1","Cloudkill+1","Summon_Vampire_Lady+1","Sadistic Nature+1","Summon_Lich+1","Summon_Undead_Army+1"],"relics":["Vampire_Amulet","Pen Nib","MawBank","Bronze Scales","Frozen Egg 2","StoneCalendar","Ancient Tea Set","Thread and Needle","Philosopher\u0027s Stone","MutagenicStrength","Sundial","Toxic Egg 2","PreservedInsect","Torii","Mummified Hand","Sozu","DollysMirror","Peace Pipe","Oddly Smooth Stone","Toy Ornithopter","Darkstone Periapt","Juzu Bracelet"],"potions_floor_usage":[6,6,22,25,33],"damage_taken":[{"damage":1,"enemies":"Cultist","floor":1,"turns":4},{"damage":0,"enemies":"2 Louse","floor":2,"turns":2},{"damage":6,"enemies":"Jaw Worm","floor":3,"turns":4},{"damage":7,"enemies":"Exordium Wildlife","floor":4,"turns":3},{"damage":14,"enemies":"Gremlin Nob","floor":6,"turns":3},{"damage":26,"enemies":"Lagavulin","floor":8,"turns":5},{"damage":8,"enemies":"3 Louse","floor":10,"turns":3},{"damage":2,"enemies":"Red Slaver","floor":14,"turns":2},{"damage":4,"enemies":"The Guardian","floor":16,"turns":8},{"damage":11,"enemies":"Shell Parasite","floor":18,"turns":4},{"damage":12,"enemies":"3 Byrds","floor":21,"turns":3},{"damage":11,"enemies":"Centurion and Healer","floor":22,"turns":5},{"damage":13,"enemies":"Book of Stabbing","floor":23,"turns":4},{"damage":28,"enemies":"Slavers","floor":25,"turns":5},{"damage":8,"enemies":"Book of Stabbing","floor":27,"turns":4},{"damage":17,"enemies":"Snake Plant","floor":28,"turns":3},{"damage":2,"enemies":"Slavers","floor":30,"turns":6},{"damage":66,"enemies":"Automaton","floor":33,"turns":9},{"damage":2,"enemies":"Orb Walker","floor":35,"turns":4},{"damage":21,"enemies":"3 Darklings","floor":37,"turns":6},{"damage":17,"enemies":"Nemesis","floor":40,"turns":5},{"damage":26,"enemies":"Reptomancer","floor":42,"turns":5},{"damage":2,"enemies":"Nemesis","floor":45,"turns":5},{"damage":8,"enemies":"Sphere and 2 Shapes","floor":46,"turns":5},{"damage":15,"enemies":"Reptomancer","floor":48,"turns":4},{"damage":95,"enemies":"Awakened One","floor":50,"turns":9}],"seed_played":"-524970453720483406","potions_obtained":[{"floor":2,"key":"AttackPotion"},{"floor":3,"key":"BlessingOfTheForge"},{"floor":14,"key":"Dexterity Potion"},{"floor":18,"key":"FearPotion"},{"floor":21,"key":"FearPotion"}],"is_trial":false,"path_per_floor":["M","M","M","M","T","E","R","E","T","M","?","$","R","M","R","B",null,"M","?","?","M","M","E","?","E","T","E","M","R","E","?","R","B",null,"M","?","M","$","?","E","R","E","T","$","E","M","R","E","R","B",null],"character_chosen":"NECROMANCER","items_purchased":["Thread and Needle","Summon_Undead+1","Summon_Lich+1","Cloudkill+1","DollysMirror","Summon_Lich+1"],"campfire_rested":1,"item_purchase_floors":[12,38,38,38,38,44],"current_hp_per_floor":[75,75,71,68,68,56,56,32,32,30,12,12,34,34,34,32,75,66,66,75,69,62,57,57,45,45,51,48,48,64,64,64,26,75,75,71,65,65,65,64,64,71,71,71,71,71,71,64,64,23],"gold":103,"neow_bonus":"RANDOM_COMMON_RELIC","is_prod":false,"is_daily":false,"chose_seed":false,"campfire_upgraded":4,"win_rate":0,"timestamp":1607475964,"path_taken":["M","M","M","M","?","E","R","E","T","M","?","$","R","M","R","BOSS","M","?","?","M","M","E","?","E","T","E","?","R","E","?","R","BOSS","M","?","M","$","?","E","R","E","T","?","E","M","R","E","R","BOSS"],"build_version":"2020-11-30","purchased_purges":1,"victory":true,"max_hp_per_floor":[75,75,75,75,75,75,75,75,75,75,75,75,75,75,75,75,75,75,75,75,75,75,75,75,75,75,75,75,75,75,75,75,75,75,75,71,71,71,71,71,71,71,71,71,71,71,71,71,71,71],"card_choices":[{"not_picked":["Bone_Armor","Blood_for_Blood","Plague_Bolt"],"picked":"SKIP","floor":1},{"not_picked":["Bone_Shift","Shackles_Of_Pain"],"picked":"Necrotic_Claws","floor":2},{"not_picked":["Bone_Armory","Bone_Bullets"],"picked":"Blood_Is_Power","floor":3},{"not_picked":["Shackles_Of_Pain","Summon_Undead_Army"],"picked":"Negative_Energy_Javelin","floor":4},{"not_picked":["Negative_Energy_Javelin","Stop_Heart","Blood_Magic"],"picked":"SKIP","floor":6},{"not_picked":["Deaths_Shadow","Bone_Armory+1","Negative_Energy_Javelin"],"picked":"SKIP","floor":8},{"not_picked":["Chill_Blood","Negative_Energy_Mist","Shackles_Of_Pain"],"picked":"SKIP","floor":10},{"not_picked":["Acid_Javelin","Stop_Heart"],"picked":"Spectral_Walk","floor":14},{"not_picked":["Blood_Whip","Bone_Bullets","Shackles_Of_Pain"],"picked":"SKIP","floor":18},{"not_picked":["Slay_Living","Blood_Whip+1"],"picked":"Negative_Energy_Shield","floor":21},{"not_picked":["Bone_Spikes","Negative_Energy_Javelin+1"],"picked":"Life_Drain+1","floor":22},{"not_picked":["Corrupt","Death_Coil"],"picked":"Life_Drain+1","floor":23},{"not_picked":["Bones_to_Steel+1","Blood_Wake"],"picked":"Spectral_Armor+1","floor":25},{"not_picked":["Stop_Heart+1","Acid_Javelin","Finger_Of_Death"],"picked":"SKIP","floor":27},{"not_picked":["Vampiric_Strike+1","Plague_Bolt"],"picked":"Negative_Energy_Shield+1","floor":28},{"not_picked":["Bone_Armor+1","Bone_Spikes"],"picked":"Toxic_Smoke_Screen+1","floor":30},{"not_picked":["Hellfire","Cloudkill+1"],"picked":"Summon_Vampire_Lady+1","floor":33},{"not_picked":["Necromantic_Selection+1","Bone_Armor+1"],"picked":"Toxic_Smoke_Screen+1","floor":35},{"not_picked":["Life_Drain","Negative_Energy_Javelin+1"],"picked":"Bone_Prison+1","floor":37},{"not_picked":["Dramatic Entrance","Panacea+1"],"picked":"Sadistic Nature+1","floor":39},{"not_picked":["Stop_Heart+1","Chill_Blood+1","Toxic_Smoke_Screen+1"],"picked":"SKIP","floor":40},{"not_picked":["Blood_Wake","Deaths_Shadow+1","Blood_Magic+1"],"picked":"SKIP","floor":42},{"not_picked":["Bone_Bullets+1","Shackles_Of_Pain+1","Consume_Illness+1"],"picked":"SKIP","floor":45},{"not_picked":["Toxic_Smoke_Screen+1","Bones_to_Steel+1"],"picked":"Summon_Undead_Army+1","floor":46},{"not_picked":["Slay_Living","Strike_from_Beyond","Thousand_Bone_Knives+1"],"picked":"SKIP","floor":48}],"player_experience":34321,"relics_obtained":[{"floor":5,"key":"MawBank"},{"floor":6,"key":"Bronze Scales"},{"floor":8,"key":"Frozen Egg 2"},{"floor":9,"key":"StoneCalendar"},{"floor":23,"key":"Sundial"},{"floor":25,"key":"Toxic Egg 2"},{"floor":26,"key":"PreservedInsect"},{"floor":27,"key":"Torii"},{"floor":30,"key":"Mummified Hand"},{"floor":40,"key":"Peace Pipe"},{"floor":42,"key":"Oddly Smooth Stone"},{"floor":43,"key":"Toy Ornithopter"},{"floor":45,"key":"Darkstone Periapt"},{"floor":48,"key":"Juzu Bracelet"}],"event_choices":[{"damage_healed":0,"gold_gain":0,"player_choice":"Success","damage_taken":18,"relics_obtained":["Ancient Tea Set"],"max_hp_gain":0,"max_hp_loss":0,"event_name":"Scrap Ooze","floor":11,"gold_loss":0},{"damage_healed":0,"gold_gain":0,"player_choice":"Inject Mutagens","damage_taken":0,"relics_obtained":["MutagenicStrength"],"max_hp_gain":0,"max_hp_loss":0,"event_name":"Drug Dealer","floor":19,"gold_loss":0},{"damage_healed":25,"gold_gain":0,"player_choice":"Heal","damage_taken":0,"max_hp_gain":0,"max_hp_loss":0,"event_name":"The Library","floor":20,"gold_loss":0},{"damage_healed":0,"gold_gain":0,"player_choice":"Bought 0 Potions","damage_taken":0,"max_hp_gain":0,"max_hp_loss":0,"event_name":"The Woman in Blue","floor":24,"gold_loss":0},{"damage_healed":0,"gold_gain":0,"player_choice":"Ignored","damage_taken":0,"max_hp_gain":0,"max_hp_loss":0,"event_name":"Ghosts","floor":31,"gold_loss":0},{"damage_healed":0,"gold_gain":0,"player_choice":"Max HP","damage_taken":0,"max_hp_gain":0,"max_hp_loss":4,"event_name":"Winding Halls","floor":36,"gold_loss":0},{"damage_healed":0,"gold_gain":0,"player_choice":"Memory 1","damage_taken":0,"max_hp_gain":0,"max_hp_loss":0,"event_name":"SensoryStone","floor":39,"gold_loss":0}],"is_beta":false,"boss_relics":[{"not_picked":["Tiny House","Black Star"],"picked":"Philosopher\u0027s Stone"},{"not_picked":["SlaversCollar","Fusion Hammer"],"picked":"Sozu"}],"items_purged_floors":[44],"is_endless":false,"potions_floor_spawned":[2,3,14,18,21,35,37,40,46],"ascension_level":2}}