{"host":"n3cy3kvidykvt4jk","time":1607479749,"event":{"gold_per_floor":[118,136,136,151,151,186,199,199,199,212,212,212,212,68,68,168,168,185,199,199,43,57,57,72,72,152,164,164,164,164],"floor_reached":29,"playtime":1531,"items_purged":[],"score":273,"play_id":"4bc36b1e-3d35-4498-bf16-a6bcc8b5e0c6","local_time":"20201209050909","is_ascension_mode":true,"campfire_choices":[{"floor":8,"key":"REST"},{"floor":11,"key":"REST"},{"data":"Armaments","floor":15,"key":"SMITH"},{"floor":23,"key":"REST"}],"neow_cost":"NONE","seed_source_timestamp":12903795352700,"circlet_count":0,"master_deck":["Strike_R","Strike_R","Strike_R","Strike_R","Strike_R","Defend_R","Defend_R","Defend_R","Defend_R","Bash","Whirlwind","Shrug It Off","Rage","Metallicize","Anger+1","Armaments+1","Berserk","Flex","Thunderclap"],"relics":["Black Blood","FaceOfCleric","Mummified Hand","CaptainsWheel","Medical Kit","Red Skull","MutagenicStrength","Ornamental Fan","Nilry\u0027s Codex"],"potions_floor_usage":[10,16,19],"damage_taken":[{"damage":9,"enemies":"2 Louse","floor":1,"turns":2},{"damage":6,"enemies":"Cultist","floor":2,"turns":3},{"damage":1,"enemies":"Small Slimes","floor":4,"turns":4},{"damage":56,"enemies":"Lagavulin","floor":6,"turns":10},{"damage":13,"enemies":"Exordium Thugs","floor":7,"turns":5},{"damage":11,"enemies":"Lots of Slimes","floor":10,"turns":4},{"damage":43,"enemies":"Hexaghost","floor":16,"turns":13},{"damage":0,"enemies":"3 Byrds","floor":18,"turns":5},{"damage":43,"enemies":"Chosen","floor":19,"turns":8},{"damage":17,"enemies":"Centurion and Healer","floor":22,"turns":7},{"damage":31,"enemies":"Snecko","floor":24,"turns":7},{"damage":18,"enemies":"Snake Plant","floor":27,"turns":4},{"damage":30,"enemies":"Chosen and Byrds","floor":29,"turns":6}],"seed_played":"-6608193852565291100","potions_obtained":[{"floor":0,"key":"Energy Potion"},{"floor":0,"key":"Explosive Potion"},{"floor":0,"key":"PowerPotion"},{"floor":2,"key":"AttackPotion"},{"floor":10,"key":"Fruit Juice"},{"floor":18,"key":"SkillPotion"},{"floor":24,"key":"Ancient Potion"}],"is_trial":false,"path_per_floor":["M","M","$","M","?","E","M","R","T","M","R","?","$","$","R","B",null,"M","M","?","$","M","R","M","?","T","M","?","M"],"character_chosen":"IRONCLAD","items_purchased":["Medical Kit","Red Skull"],"campfire_rested":3,"item_purchase_floors":[14,21],"current_hp_per_floor":[77,77,77,80,80,31,25,49,49,50,76,76,76,76,76,40,89,90,60,42,42,38,67,49,49,49,44,28,0,0],"gold":164,"neow_bonus":"THREE_SMALL_POTIONS","is_prod":false,"is_daily":false,"chose_seed":false,"campfire_upgraded":1,"win_rate":0,"timestamp":1607479749,"path_taken":["M","M","$","M","?","E","?","R","T","?","R","?","?","$","R","BOSS","M","?","?","$","M","R","M","?","T","M","?","M"],"build_version":"2020-11-30","purchased_purges":0,"victory":false,"max_hp_per_floor":[80,80,80,80,80,81,82,82,82,88,88,88,88,88,88,89,89,90,91,96,96,97,97,98,98,98,99,99,99,99],"card_choices":[{"not_picked":["Uppercut","Intimidate"],"picked":"Whirlwind","floor":1},{"not_picked":["Blood for Blood","Dual Wield"],"picked":"Shrug It Off","floor":2},{"not_picked":["Havoc","Thunderclap"],"picked":"Rage","floor":4},{"not_picked":["Fire Breathing","Heavy Blade"],"picked":"Metallicize","floor":6},{"not_picked":["Body Slam","Shockwave"],"picked":"Anger","floor":7},{"not_picked":["Anger","Sever Soul"],"picked":"Armaments","floor":10},{"not_picked":["Offering","Impervious"],"picked":"Berserk","floor":16},{"not_picked":["Twin Strike","Clothesline"],"picked":"Flex","floor":18},{"not_picked":["Warcry+1","Perfected Strike","Armaments+1"],"picked":"SKIP","floor":19},{"not_picked":["Warcry","Bloodletting+1","Berserk"],"picked":"SKIP","floor":22},{"not_picked":["Flex","Cleave+1"],"picked":"Thunderclap","floor":24},{"not_picked":["Warcry","Bloodletting","Iron Wave"],"picked":"SKIP","floor":27}],"player_experience":468442,"relics_obtained":[{"floor":6,"key":"Mummified Hand"},{"floor":9,"key":"CaptainsWheel"},{"floor":26,"key":"Ornamental Fan"},{"floor":28,"key":"Nilry\u0027s Codex"}],"event_choices":[{"damage_healed":0,"gold_gain":0,"player_choice":"Trade","damage_taken":0,"relics_obtained":["FaceOfCleric"],"max_hp_gain":0,"max_hp_loss":0,"event_name":"FaceTrader","floor":5,"gold_loss":0},{"damage_healed":0,"gold_gain":0,"player_choice":"Grow","damage_taken":0,"max_hp_gain":0,"max_hp_loss":0,"event_name":"Living Wall","floor":12,"gold_loss":0,"cards_upgraded":["Anger"]},{"damage_healed":0,"gold_gain":0,"player_choice":"Shed Blood","damage_taken":23,"max_hp_gain":5,"max_hp_loss":0,"event_name":"Forgotten Altar","floor":20,"gold_loss":0},{"damage_healed":0,"gold_gain":0,"player_choice":"Inject Mutagens","damage_taken":0,"relics_obtained":["MutagenicStrength"],"max_hp_gain":0,"max_hp_loss":0,"event_name":"Drug Dealer","floor":25,"gold_loss":0},{"damage_healed":0,"gold_gain":0,"player_choice":"Obtained Book","damage_taken":16,"max_hp_gain":0,"max_hp_loss":0,"event_name":"Cursed Tome","floor":28,"gold_loss":0}],"is_beta":false,"boss_relics":[{"not_picked":["Ectoplasm","Velvet Choker"],"picked":"Black Blood"}],"items_purged_floors":[],"is_endless":false,"potions_floor_spawned":[2,10,18,24],"killed_by":"Chosen and Byrds","ascension_level":2}}