{"host":"qqjv58wfhopf6ysa","time":1607506723,"event":{"gold_per_floor":[113,126,126,126,144,144,157,157,157,157,176,186,16,49,49,150,150,150,150],"floor_reached":18,"playtime":3966,"items_purged":["Strike_B"],"score":162,"play_id":"1c645ab3-02fb-4ea5-a749-7119569e1fd7","local_time":"20201209183843","is_ascension_mode":false,"campfire_choices":[{"data":"Zap","floor":6,"key":"SMITH"},{"data":"Dualcast","floor":8,"key":"SMITH"},{"floor":15,"key":"REST"}],"neow_cost":"NONE","seed_source_timestamp":52932159819700,"circlet_count":0,"master_deck":["Strike_B","Strike_B","Defend_B+1","Defend_B","Defend_B+1","Zap+1","Dualcast+1","Gash+1","Echo Form","Replay:SS_forest_2","CurseOfTheBell","hexamod:Rewind"],"relics":["Cracked Core","REME_ComplimentaryCards","NeowsBlessing","hubris:DeckOfHolding","ReplayTheSpireMod:Lightbulb","Calling Bell","War Paint","StrikeDummy","hubris:Zylophone"],"potions_floor_usage":[],"damage_taken":[{"damage":0,"enemies":"Cultist","floor":1,"turns":1},{"damage":0,"enemies":"2 Louse","floor":2,"turns":1},{"damage":0,"enemies":"Jaw Worm","floor":5,"turns":1},{"damage":0,"enemies":"Gremlin Gang","floor":7,"turns":4},{"damage":12,"enemies":"Blue Slaver","floor":11,"turns":2},{"damage":5,"enemies":"Looter","floor":12,"turns":3},{"damage":30,"enemies":"Gremlin Nob","floor":14,"turns":5},{"damage":43,"enemies":"Hexaghost","floor":16,"turns":8},{"damage":0,"enemies":"Spheric Guardian","floor":18,"turns":2}],"seed_played":"3476051733937881064","potions_obtained":[{"floor":1,"key":"FocusPotion"},{"floor":2,"key":"LiquidBronze"},{"floor":7,"key":"FearPotion"}],"is_trial":false,"path_per_floor":["M","M","?","?","M","R","M","R","T","?","M","M","$","E","R","B",null,"M"],"character_chosen":"DEFECT","items_purchased":["Replay:SS_forest_2"],"campfire_rested":1,"item_purchase_floors":[13],"current_hp_per_floor":[75,75,75,75,75,75,75,75,75,75,63,58,58,28,50,7,75,75,75],"gold":150,"neow_bonus":"THREE_ENEMY_KILL","is_prod":false,"is_daily":false,"chose_seed":false,"campfire_upgraded":2,"win_rate":0,"timestamp":1607506723,"path_taken":["M","?","?","?","M","R","M","R","T","?","?","M","$","E","R","BOSS","M"],"build_version":"2020-11-30","purchased_purges":1,"victory":false,"max_hp_per_floor":[75,75,75,75,75,75,75,75,75,75,75,75,75,75,75,75,75,75,75],"card_choices":[{"not_picked":["Leap","Ball Lightning","Sweeping Beam"],"picked":"SKIP","floor":1},{"not_picked":["Go for the Eyes","Static Discharge"],"picked":"Gash","floor":2},{"not_picked":["Aggregate","Steam","Genetic Algorithm"],"picked":"SKIP","floor":5},{"not_picked":["Reinforced Body","Turbo","Panic Button"],"picked":"SKIP","floor":7},{"not_picked":["BasicCrystalCard","ReplayTheSpireMod:System Scan"],"picked":"Echo Form","floor":11},{"not_picked":["Glacier","Coolheaded","Streamline"],"picked":"SKIP","floor":12},{"not_picked":["Conserve Battery","Coolheaded","Cold Snap"],"picked":"SKIP","floor":14}],"player_experience":415620,"relics_obtained":[{"floor":9,"key":"hubris:DeckOfHolding"},{"floor":14,"key":"ReplayTheSpireMod:Lightbulb"},{"floor":17,"key":"War Paint"},{"floor":17,"key":"StrikeDummy"},{"floor":17,"key":"hubris:Zylophone"}],"event_choices":[{"cards_removed":["Defend_B"],"damage_healed":0,"gold_gain":0,"player_choice":"Forget","damage_taken":0,"max_hp_gain":0,"max_hp_loss":0,"event_name":"Living Wall","floor":3,"gold_loss":0},{"damage_healed":0,"gold_gain":0,"player_choice":"Forge","damage_taken":0,"max_hp_gain":0,"max_hp_loss":0,"event_name":"Accursed Blacksmith","floor":10,"gold_loss":0,"cards_upgraded":["Gash"]}],"is_beta":false,"boss_relics":[{"not_picked":["Abe\u0027s Treasure","infinitespire:Cupcake"],"picked":"Calling Bell"}],"items_purged_floors":[13],"is_endless":false,"potions_floor_spawned":[1,2,7,16],"killed_by":"Spheric Guardian","ascension_level":0}}