{"host":"c10fjmjt4zmpjqlg","time":1607490458,"event":{"gold_per_floor":[111,111,123,123,123,150,150,175,198,229,229,249,249,93,93,194,194,210,65,85,85,112,144,164,263,263,263,294,44,44,56,56,56,56],"floor_reached":33,"playtime":1192,"items_purged":[],"score":314,"play_id":"cfc59a39-4398-4cc2-a69d-9ebf28b36e36","local_time":"20201209160738","is_ascension_mode":true,"campfire_choices":[{"floor":7,"key":"REST"},{"floor":13,"key":"REST"},{"data":"Armaments","floor":15,"key":"SMITH"},{"floor":27,"key":"REST"},{"floor":30,"key":"REST"},{"floor":32,"key":"REST"}],"neow_cost":"NONE","seed_source_timestamp":608043224733900,"circlet_count":0,"master_deck":["Strike_R","Strike_R","Strike_R","Strike_R","Strike_R","Defend_R","Defend_R","Defend_R","Defend_R","Bash","Offering","Metallicize+1","Clothesline","Armaments+1","Infernal Blade","Rage","Pain","Clash","Demon Form","Twin Strike+1","Hemokinesis","Decay","Clumsy","Uppercut+1","Anger+1","Parasite","Ghostly Armor","Clothesline"],"special_seed":0,"relics":["Burning Blood","Art of War","Pocketwatch","Boot","Juzu Bracelet","WarpedTongs","Strange Spoon","Cursed Key","HandDrill","Smiling Mask","White Beast Statue","Matryoshka","Calipers","Shuriken"],"potions_floor_usage":[20,24],"damage_taken":[{"damage":8,"enemies":"Jaw Worm","floor":1,"turns":5},{"damage":2,"enemies":"2 Louse","floor":3,"turns":3},{"damage":34,"enemies":"3 Sentries","floor":6,"turns":10},{"damage":20,"enemies":"Lagavulin","floor":8,"turns":8},{"damage":22,"enemies":"Gremlin Nob","floor":10,"turns":5},{"damage":5,"enemies":"Small Slimes","floor":12,"turns":3},{"damage":15,"enemies":"Slime Boss","floor":16,"turns":9},{"damage":34,"enemies":"2 Thieves","floor":18,"turns":4},{"damage":24,"enemies":"3 Byrds","floor":20,"turns":4},{"damage":21,"enemies":"Book of Stabbing","floor":23,"turns":4},{"damage":15,"enemies":"Snecko","floor":24,"turns":5},{"damage":32,"enemies":"Slavers","floor":28,"turns":5},{"damage":20,"enemies":"Snake Plant","floor":31,"turns":4},{"damage":42,"enemies":"Automaton","floor":33,"turns":6}],"seed_played":"2358745154878147844","potions_obtained":[{"floor":1,"key":"FearPotion"},{"floor":6,"key":"LiquidBronze"},{"floor":12,"key":"Energy Potion"},{"floor":18,"key":"Dexterity Potion"},{"floor":23,"key":"Swift Potion"},{"floor":24,"key":"SpeedPotion"},{"floor":28,"key":"PowerPotion"}],"is_trial":false,"path_per_floor":["M","?","M","?","?","E","R","E","T","E","?","M","R","$","R","B",null,"M","$","M","?","T","E","M","?","T","R","E","$","R","M","R","B"],"character_chosen":"IRONCLAD","items_purchased":["Strange Spoon","HandDrill","Shuriken"],"campfire_rested":5,"item_purchase_floors":[14,19,29],"current_hp_per_floor":[78,78,80,80,80,52,76,62,62,46,46,47,71,71,71,62,80,52,52,34,34,34,19,10,10,10,34,8,8,32,18,42,0,0],"gold":56,"neow_bonus":"ONE_RANDOM_RARE_CARD","is_prod":false,"is_daily":false,"chose_seed":false,"campfire_upgraded":1,"win_rate":0,"timestamp":1607490458,"path_taken":["M","?","M","?","?","E","R","E","T","E","?","M","R","?","R","BOSS","M","$","M","?","?","E","M","?","T","R","E","?","R","M","R","BOSS"],"build_version":"2020-11-30","purchased_purges":0,"victory":false,"max_hp_per_floor":[80,80,80,80,80,80,80,80,80,80,80,80,80,80,80,80,80,80,80,80,80,80,80,80,80,80,80,80,80,80,80,80,80,80],"relic_stats":{"counters":[14,75],"Juzu Bracelet":2,"Boot":[13],"Cursed Key":2,"Smiling Mask":0,"Burning Blood":76,"WarpedTongs":[44],"Strange Spoon":[11],"Shuriken":[3],"Art of War":[2],"HandDrill":[10],"obtain_stats":[{"Calipers":28,"Juzu Bracelet":10,"Boot":9,"Cursed Key":17,"Smiling Mask":22,"Burning Blood":0,"White Beast Statue":23,"WarpedTongs":11,"Strange Spoon":14,"Matryoshka":26,"Shuriken":29,"Art of War":6,"HandDrill":19,"Pocketwatch":8},{"Calipers":12,"Juzu Bracelet":5,"Boot":4,"Cursed Key":7,"Smiling Mask":9,"Burning Blood":0,"White Beast Statue":10,"WarpedTongs":5,"Strange Spoon":6,"Matryoshka":11,"Shuriken":12,"Art of War":3,"HandDrill":8,"Pocketwatch":4},{"Calipers":65,"Juzu Bracelet":31,"Boot":26,"Cursed Key":43,"Smiling Mask":51,"Burning Blood":0,"White Beast Statue":55,"WarpedTongs":31,"Strange Spoon":34,"Matryoshka":60,"Shuriken":65,"Art of War":18,"HandDrill":47,"Pocketwatch":26}],"Pocketwatch":[45]},"card_choices":[{"not_picked":["Combust","Armaments"],"picked":"Metallicize","floor":1},{"not_picked":["Combust","Searing Blow"],"picked":"Clothesline","floor":3},{"not_picked":["Body Slam","Burning Pact"],"picked":"Armaments","floor":6},{"not_picked":["Sword Boomerang","Headbutt"],"picked":"Infernal Blade","floor":8},{"not_picked":["Fire Breathing","Bludgeon"],"picked":"Rage","floor":10},{"not_picked":["Perfected Strike","True Grit"],"picked":"Clash","floor":12},{"not_picked":["Brutality","Barricade"],"picked":"Demon Form","floor":16},{"not_picked":["Perfected Strike","Second Wind+1"],"picked":"Twin Strike+1","floor":18},{"not_picked":["Rage+1","Fire Breathing"],"picked":"Hemokinesis","floor":20},{"not_picked":["Seeing Red","Ghostly Armor"],"picked":"Uppercut+1","floor":23},{"not_picked":["Entrench+1","Perfected Strike"],"picked":"Anger+1","floor":24},{"not_picked":["Warcry","Brutality"],"picked":"Ghostly Armor","floor":28},{"not_picked":["Second Wind","Warcry"],"picked":"Clothesline","floor":31}],"player_experience":289351,"relics_obtained":[{"floor":6,"key":"Art of War"},{"floor":8,"key":"Pocketwatch"},{"floor":9,"key":"Boot"},{"floor":10,"key":"Juzu Bracelet"},{"floor":22,"key":"Smiling Mask"},{"floor":23,"key":"White Beast Statue"},{"floor":26,"key":"Matryoshka"},{"floor":28,"key":"Calipers"}],"event_choices":[{"damage_healed":0,"gold_gain":0,"player_choice":"Ignored","damage_taken":0,"max_hp_gain":0,"max_hp_loss":0,"event_name":"Golden Wing","floor":2,"gold_loss":0},{"damage_healed":0,"gold_gain":0,"player_choice":"Leave","damage_taken":0,"max_hp_gain":0,"max_hp_loss":0,"event_name":"The Cleric","floor":4,"gold_loss":0},{"damage_healed":0,"gold_gain":0,"player_choice":"Upgraded","damage_taken":0,"max_hp_gain":0,"max_hp_loss":0,"event_name":"Upgrade Shrine","floor":5,"gold_loss":0,"cards_upgraded":["Metallicize"]},{"damage_healed":0,"gold_gain":0,"player_choice":"Rummage","damage_taken":0,"relics_obtained":["WarpedTongs"],"max_hp_gain":0,"max_hp_loss":0,"event_name":"Accursed Blacksmith","floor":11,"gold_loss":0,"cards_obtained":["Pain"]},{"damage_healed":0,"gold_gain":0,"player_choice":"Cursed","damage_taken":0,"max_hp_gain":0,"max_hp_loss":0,"event_name":"Wheel of Change","floor":21,"gold_loss":0,"cards_obtained":["Decay"]},{"damage_healed":0,"gold_gain":99,"player_choice":"Stole From Cult","damage_taken":0,"max_hp_gain":0,"max_hp_loss":0,"event_name":"Nest","floor":25,"gold_loss":0}],"is_beta":false,"boss_relics":[{"not_picked":["SacredBark","Pandora\u0027s Box"],"picked":"Cursed Key"}],"items_purged_floors":[],"is_endless":false,"potions_floor_spawned":[1,6,12,18,23,24,28,31],"killed_by":"Automaton","ascension_level":1}}