{"host":"mi0eibewekhugwl1","time":1607511013,"event":{"gold_per_floor":[115,133,143,143,143,143,163,123,149,149,168,184,203,214,214,288,338,356,327,42,53,53,53,53],"floor_reached":23,"playtime":508,"items_purged":["Strike_B"],"score":399,"play_id":"8ae69ddd-7e7b-4a9b-b14c-a47c65e2c988","local_time":"20201209195013","is_ascension_mode":true,"campfire_choices":[{"floor":6,"key":"REST"},{"data":"Dualcast","floor":10,"key":"SMITH"},{"data":"Static Discharge","floor":15,"key":"SMITH"}],"neow_cost":"NONE","seed_source_timestamp":938692329445700,"circlet_count":0,"master_deck":["AscendersBane","Strike_B+1","Defend_B","Defend_B","Defend_B","Defend_B","Zap+1","Dualcast+1","Glacier","Static Discharge+1","Undo","Beam Cell+1","Ball Lightning","Coolheaded","Biased Cognition","Loop","Glacier","Storm","Heatsinks","Defragment"],"special_seed":0,"relics":["Cracked Core","Strawberry","Tiny House","Runic Capacitor"],"potions_floor_usage":[11,14,16,19,23],"damage_taken":[{"damage":1,"enemies":"Cultist","floor":1,"turns":3},{"damage":4,"enemies":"Small Slimes","floor":2,"turns":4},{"damage":7,"enemies":"Jaw Worm","floor":3,"turns":3},{"damage":5,"enemies":"2 Fungi Beasts","floor":7,"turns":4},{"damage":2,"enemies":"Looter","floor":8,"turns":4},{"damage":16,"enemies":"Exordium Thugs","floor":11,"turns":6},{"damage":0,"enemies":"3 Louse","floor":12,"turns":4},{"damage":7,"enemies":"Gremlin Gang","floor":13,"turns":4},{"damage":2,"enemies":"Exordium Wildlife","floor":14,"turns":3},{"damage":22,"enemies":"The Guardian","floor":16,"turns":15},{"damage":6,"enemies":"Spheric Guardian","floor":18,"turns":6},{"damage":11,"enemies":"2 Thieves","floor":19,"turns":4},{"damage":16,"enemies":"3 Cultists","floor":21,"turns":4},{"damage":38,"enemies":"Slavers","floor":23,"turns":3}],"seed_played":"-3267412002491888911","potions_obtained":[{"floor":2,"key":"SteroidPotion"},{"floor":7,"key":"SpeedPotion"},{"floor":12,"key":"Fire Potion"},{"floor":14,"key":"Fire Potion"},{"floor":17,"key":"ColorlessPotion"}],"is_trial":false,"path_per_floor":["M","M","M","?","?","R","M","M","T","R","M","M","M","M","R","B",null,"M","M","$","M","?","E"],"character_chosen":"DEFECT","items_purchased":["Heatsinks","Runic Capacitor"],"campfire_rested":1,"item_purchase_floors":[20,20],"current_hp_per_floor":[70,66,59,36,29,52,47,45,52,52,36,36,29,27,27,5,70,64,53,53,37,37,0,0],"gold":53,"neow_bonus":"TEN_PERCENT_HP_BONUS","is_prod":false,"is_daily":false,"chose_seed":false,"campfire_upgraded":2,"win_rate":0,"timestamp":1607511013,"path_taken":["M","?","M","?","?","R","M","M","T","R","M","M","M","M","R","BOSS","M","M","$","M","?","E"],"build_version":"2020-11-30","purchased_purges":1,"victory":false,"max_hp_per_floor":[78,78,78,78,78,78,78,78,85,85,85,85,85,85,85,85,90,90,90,90,90,90,90,90],"relic_stats":{"counters":[14,66],"obtain_stats":[{"Tiny House":17,"Strawberry":9,"Runic Capacitor":20,"Cracked Core":0},{"Tiny House":10,"Strawberry":5,"Runic Capacitor":12,"Cracked Core":0},{"Tiny House":50,"Strawberry":18,"Runic Capacitor":59,"Cracked Core":0}]},"card_choices":[{"not_picked":["Streamline","Doom and Gloom"],"picked":"Glacier","floor":1},{"not_picked":["Coolheaded","Recycle"],"picked":"Static Discharge","floor":2},{"not_picked":["Streamline","Turbo"],"picked":"Undo","floor":3},{"not_picked":["Rebound","Leap"],"picked":"Beam Cell","floor":7},{"not_picked":["Reinforced Body","Conserve Battery","Force Field"],"picked":"SKIP","floor":8},{"not_picked":["Steam","Leap","Steam Power"],"picked":"SKIP","floor":11},{"not_picked":["Force Field","Rainbow"],"picked":"Ball Lightning","floor":12},{"not_picked":["Steam","Sweeping Beam"],"picked":"Coolheaded","floor":13},{"not_picked":["Redo","Steam","Fusion"],"picked":"SKIP","floor":14},{"not_picked":["Rainbow","Reboot"],"picked":"Biased Cognition","floor":16},{"not_picked":["Sweeping Beam","Turbo"],"picked":"Loop","floor":17},{"not_picked":["Undo","Sunder"],"picked":"Glacier","floor":18},{"not_picked":["Scrape","Reprogram"],"picked":"Storm","floor":19},{"not_picked":["Sweeping Beam","Darkness"],"picked":"Defragment","floor":21}],"player_experience":1657817,"relics_obtained":[{"floor":9,"key":"Strawberry"}],"event_choices":[{"damage_healed":0,"gold_gain":0,"player_choice":"Entered Light","damage_taken":23,"max_hp_gain":0,"max_hp_loss":0,"event_name":"Shining Light","floor":4,"gold_loss":0,"cards_upgraded":["Strike_B","Zap"]},{"cards_removed":["Strike_B"],"damage_healed":0,"gold_gain":0,"player_choice":"Card Removal","damage_taken":7,"max_hp_gain":0,"max_hp_loss":0,"event_name":"Golden Wing","floor":5,"gold_loss":0},{"cards_removed":["Strike_B"],"damage_healed":0,"gold_gain":0,"player_choice":"Elegance","damage_taken":0,"max_hp_gain":0,"max_hp_loss":0,"event_name":"Back to Basics","floor":22,"gold_loss":0}],"is_beta":false,"boss_relics":[{"not_picked":["Coffee Dripper","Snecko Eye"],"picked":"Tiny House"}],"items_purged_floors":[20],"is_endless":false,"potions_floor_spawned":[2,7,12,13,14,18],"killed_by":"Slavers","ascension_level":20}}