{"host":"kux12pw67lc1ca9q","time":1607545707,"event":{"gold_per_floor":[109,109,109,21,33,33,65,65],"floor_reached":7,"playtime":238,"items_purged":[],"score":88,"play_id":"da04211b-d585-489c-9c4a-f8d3ac5c2b02","local_time":"20201209202827","is_ascension_mode":true,"campfire_choices":[{"data":"hierophant:ChurchCoffers","floor":6,"key":"SMITH"}],"neow_cost":"NONE","seed_source_timestamp":360620124573800,"circlet_count":0,"master_deck":["AscendersBane","hierophant:Strike_Hierophant","hierophant:Strike_Hierophant","hierophant:Strike_Hierophant","hierophant:Strike_Hierophant","hierophant:Punish","hierophant:Defend_Hierophant","hierophant:Defend_Hierophant","hierophant:Defend_Hierophant","hierophant:Defend_Hierophant","hierophant:ChurchCoffers+1","Trip","hierophant:PassingBell","infinitespire:Collect","hierophant:Blessing","hierophant:TollTheBells"],"relics":["hierophant:PropheticMaskRelic","Menagerie:ShiftingBlessing","Bag of Preparation"],"potions_floor_usage":[],"damage_taken":[{"damage":0,"enemies":"Menagerie:WhisperingWraith","floor":1,"turns":4},{"damage":4,"enemies":"Menagerie:2_RABBITS","floor":5,"turns":3},{"damage":24,"enemies":"Menagerie:Hydra","floor":7,"turns":4}],"seed_played":"5974145235909250432","potions_obtained":[{"floor":1,"key":"potionbrewer:BarricadePotion"},{"floor":7,"key":"LiquidMemories"}],"is_trial":false,"path_per_floor":["M","?","?","$","M","R","E"],"character_chosen":"HIEROPHANT","items_purchased":["hierophant:Blessing"],"campfire_rested":0,"item_purchase_floors":[4],"current_hp_per_floor":[68,56,39,39,42,42,25,25],"gold":65,"neow_bonus":"RANDOM_COLORLESS","is_prod":false,"is_daily":false,"chose_seed":false,"campfire_upgraded":1,"win_rate":0,"timestamp":1607545707,"path_taken":["M","?","?","$","M","R","E"],"build_version":"2020-11-30","purchased_purges":0,"victory":false,"max_hp_per_floor":[75,75,75,75,75,75,75,75],"card_choices":[{"not_picked":["Panacea","Purity"],"picked":"Trip","floor":0},{"not_picked":["hierophant:Shelter","hierophant:Purify"],"picked":"hierophant:PassingBell","floor":1},{"not_picked":["ReplayTheSpireMod:Chaos Vortex","infinitespire:Execution"],"picked":"infinitespire:Collect","floor":3},{"not_picked":["hierophant:Smite","hierophant:PassingBell"],"picked":"hierophant:TollTheBells","floor":5}],"player_experience":1306720,"relics_obtained":[{"floor":7,"key":"Bag of Preparation"}],"event_choices":[{"damage_healed":0,"gold_gain":0,"player_choice":"Touch","damage_taken":12,"relics_obtained":["Menagerie:ShiftingBlessing"],"max_hp_gain":0,"max_hp_loss":0,"event_name":"Menagerie:LunarGift","floor":2,"gold_loss":0}],"is_beta":false,"boss_relics":[],"items_purged_floors":[],"is_endless":false,"potions_floor_spawned":[1,7],"killed_by":"Menagerie:Hydra","ascension_level":20}}