{"host":"c5ukdwo3xwa4ucd0","time":1607553822,"event":{"gold_per_floor":[114,114,129,129,144,144,174,189,189,15,30,30,60,75,75,175,175,190,190,105,105,105,135,135,150,150,150,150,150,180,180,180,280,280,295,295,31,46,61,61,76,106,106,106,131,131,37,52,52,52,52],"floor_reached":50,"playtime":2808,"items_purged":[],"score":616,"play_id":"b4085fed-946d-43b4-b11f-b4db280b3e2c","local_time":"20201209234342","daily_mods":["SealedDeck","Purple Cards","Elite Swarm"],"is_ascension_mode":false,"campfire_choices":[{"data":"Scrape","floor":6.0,"key":"SMITH"},{"floor":15.0,"key":"REST"},{"floor":24.0,"key":"REST"},{"floor":27.0,"key":"REST"},{"floor":28.0,"key":"REST"},{"floor":32.0,"key":"REST"},{"floor":40,"key":"REST"},{"floor":44,"key":"REST"},{"floor":46,"key":"REST"},{"floor":49,"key":"REST"}],"neow_cost":"","seed_source_timestamp":0,"circlet_count":0,"master_deck":["PathToVictory","TalkToTheHand","Double Energy+1","EmptyFist","FearNoEvil","FlurryOfBlows","JustLucky","PathToVictory","Go for the Eyes","Weave","ThirdEye","Swift Strike","DeceiveReality","Scrape+1","Go for the Eyes","Scrape","Good Instincts","CutThroughFate","Seek","Necronomicurse","Steam+1","Go for the Eyes","ClearTheMind+1","Steam","JustLucky","Scrape","Swift Strike","Weave+1","ThirdEye+1","Parasite","Devotion","Gash","Swift Strike","Go for the Eyes"],"special_seed":18605,"relics":["FrozenCore","InkBottle","Dream Catcher","Orichalcum","Meat on the Bone","Necronomicon","Centennial Puzzle","WingedGreaves","Pantograph","Singing Bowl","Ginger","Runic Dome","Toolbox","White Beast Statue","Dead Branch","Nunchaku"],"potions_floor_usage":[50],"damage_taken":[{"damage":4.0,"enemies":"2 Louse","floor":1.0,"turns":2.0},{"damage":0.0,"enemies":"Cultist","floor":3.0,"turns":2.0},{"damage":9.0,"enemies":"Jaw Worm","floor":5.0,"turns":2.0},{"damage":9.0,"enemies":"Lagavulin","floor":7.0,"turns":3.0},{"damage":12.0,"enemies":"Lots of Slimes","floor":8.0,"turns":3.0},{"damage":1.0,"enemies":"Exordium Thugs","floor":11.0,"turns":2.0},{"damage":2.0,"enemies":"Gremlin Nob","floor":13.0,"turns":3.0},{"damage":0.0,"enemies":"3 Louse","floor":14.0,"turns":2.0},{"damage":0.0,"enemies":"Hexaghost","floor":16.0,"turns":6.0},{"damage":0.0,"enemies":"3 Byrds","floor":18.0,"turns":3.0},{"damage":46.0,"enemies":"Gremlin Leader","floor":23.0,"turns":6.0},{"damage":0.0,"enemies":"Spheric Guardian","floor":25.0,"turns":6.0},{"damage":18.0,"enemies":"Slavers","floor":30.0,"turns":7.0},{"damage":62.0,"enemies":"Automaton","floor":33.0,"turns":12.0},{"damage":0,"enemies":"Orb Walker","floor":35,"turns":3},{"damage":17,"enemies":"3 Darklings","floor":38,"turns":5},{"damage":26,"enemies":"Spire Growth","floor":39,"turns":4},{"damage":17,"enemies":"Writhing Mass","floor":41,"turns":5},{"damage":83,"enemies":"Reptomancer","floor":42,"turns":6},{"damage":7,"enemies":"4 Shapes","floor":48,"turns":4},{"damage":100,"enemies":"Awakened One","floor":50,"turns":8}],"seed_played":"4494449258677458329","potions_obtained":[{"floor":1.0,"key":"Energy Potion"},{"floor":5.0,"key":"EssenceOfSteel"},{"floor":7.0,"key":"FearPotion"},{"floor":13.0,"key":"ColorlessPotion"},{"floor":30.0,"key":"SteroidPotion"},{"floor":38,"key":"FairyPotion"},{"floor":42,"key":"LiquidBronze"},{"floor":48,"key":"PowerPotion"}],"is_trial":false,"path_per_floor":["M","?","M","?","M","R","E","M","T","$","M","?","E","M","R","B",null,"M","?","?","$","?","E","R","M","T","R","R","?","E","?","R","B",null,"M","?","$","M","M","R","M","E","T","R","T","R","$","M","R","B"],"character_chosen":"DEFECT","items_purchased":["Scrape","Good Instincts","Scrape","Swift Strike","Toolbox","Swift Strike"],"campfire_rested":9,"item_purchase_floors":[10,10,37,37,37,47],"current_hp_per_floor":[71,71,71,71,62,62,53,41,41,41,40,40,38,38,60,60,75,75,59,59,59,59,25,47,47,47,69,75,75,59,59,77,29,79,81,81,81,64,52,76,61,15,15,40,40,67,67,60,88,0,0],"gold":52,"neow_bonus":"","is_prod":false,"is_daily":true,"chose_seed":false,"campfire_upgraded":1,"win_rate":0,"timestamp":1607553822,"path_taken":["M","?","?","?","?","R","E","M","T","?","M","?","E","M","R","BOSS","M","?","?","?","?","E","R","?","T","R","R","?","E","?","R","BOSS","M","?","$","M","M","R","M","E","T","R","?","R","$","M","R","BOSS"],"build_version":"2020-11-30","purchased_purges":0,"victory":false,"max_hp_per_floor":[75,75,75,75,75,75,75,75,75,75,75,75,75,75,75,75,75,75,75,75,75,75,75,75,75,75,75,75,75,77,77,77,79,79,81,81,81,81,83,83,85,85,85,85,85,87,87,87,89,89,89],"card_choices":[{"not_picked":["CrushJoints","Evaluate"],"picked":"ThirdEye","floor":1.0},{"not_picked":["Auto Shields","Consume"],"picked":"DeceiveReality","floor":3.0},{"not_picked":["FlyingSleeves","Doom and Gloom"],"picked":"Scrape","floor":5.0},{"not_picked":["Thunder Strike","Scrawl","Wish"],"picked":"SKIP","floor":7.0},{"not_picked":["Steam","Aggregate"],"picked":"Go for the Eyes","floor":8.0},{"not_picked":["Streamline","Hologram"],"picked":"CutThroughFate","floor":11.0},{"not_picked":["SpiritShield","Hyperbeam"],"picked":"Seek","floor":13.0},{"not_picked":["Recycle","Meditate","Consume"],"picked":"SKIP","floor":14.0},{"not_picked":["Alpha","ConjureBlade"],"picked":"DevaForm","floor":16.0},{"not_picked":["BattleHymn","Turbo","Sanctity"],"picked":"SKIP","floor":18.0},{"not_picked":["Blasphemy","Core Surge","Alpha"],"picked":"SKIP","floor":23.0},{"not_picked":["Stack","Hologram"],"picked":"Steam+1","floor":24.0},{"not_picked":["Nirvana","Perseverance"],"picked":"Go for the Eyes","floor":25.0},{"not_picked":["Static Discharge","Barrage"],"picked":"ClearTheMind+1","floor":27.0},{"not_picked":["FollowUp+1","White Noise"],"picked":"Steam","floor":28.0},{"not_picked":["All For One","Electrodynamics","Rainbow"],"picked":"Singing Bowl","floor":30.0},{"not_picked":["Blizzard+1","Reinforced Body"],"picked":"JustLucky","floor":32.0},{"not_picked":["Wish","Biased Cognition","DevaForm"],"picked":"Singing Bowl","floor":33.0},{"not_picked":["FollowUp+1","Stack","Streamline"],"picked":"Singing Bowl","floor":35},{"not_picked":["Ball Lightning+1","TalkToTheHand"],"picked":"Weave+1","floor":38},{"not_picked":["Steam Power","Sweeping Beam","Hologram+1"],"picked":"Singing Bowl","floor":39},{"not_picked":["WheelKick+1","Turbo"],"picked":"ThirdEye+1","floor":40},{"not_picked":["SashWhip+1","Cold Snap","Study"],"picked":"Singing Bowl","floor":41},{"not_picked":["ConjureBlade","Core Surge"],"picked":"Devotion","floor":42},{"not_picked":["Indignation+1","FlyingSleeves+1"],"picked":"Gash","floor":44},{"not_picked":["Collect","InnerPeace","Compile Driver"],"picked":"Singing Bowl","floor":46},{"not_picked":["Halt","SashWhip+1"],"picked":"Go for the Eyes","floor":48},{"not_picked":["Steam Power+1","ClearTheMind","Protect"],"picked":"Singing Bowl","floor":49}],"player_experience":279063,"relics_obtained":[{"floor":4.0,"key":"InkBottle"},{"floor":7.0,"key":"Dream Catcher"},{"floor":9.0,"key":"Orichalcum"},{"floor":13.0,"key":"Meat on the Bone"},{"floor":19.0,"key":"Necronomicon"},{"floor":23.0,"key":"WingedGreaves"},{"floor":26.0,"key":"Pantograph"},{"floor":30.0,"key":"Singing Bowl"},{"floor":42,"key":"White Beast Statue"},{"floor":43,"key":"Dead Branch"},{"floor":45,"key":"Nunchaku"}],"event_choices":[{"damage_healed":0.0,"max_hp_gain":0.0,"max_hp_loss":0.0,"gold_gain":0.0,"event_name":"Match and Keep!","player_choice":"1 cards matched","floor":2.0,"gold_loss":0.0,"damage_taken":0.0,"cards_obtained":["Swift Strike"]},{"damage_healed":0.0,"max_hp_gain":0.0,"max_hp_loss":0.0,"gold_gain":0.0,"event_name":"Wheel of Change","player_choice":"Relic","floor":4.0,"gold_loss":0.0,"damage_taken":0.0},{"damage_healed":0.0,"max_hp_gain":0.0,"max_hp_loss":0.0,"gold_gain":0.0,"event_name":"Living Wall","player_choice":"Grow","floor":12.0,"gold_loss":0.0,"damage_taken":0.0,"cards_upgraded":["Double Energy"]},{"damage_healed":0.0,"max_hp_gain":0.0,"max_hp_loss":0.0,"gold_gain":0.0,"event_name":"Cursed Tome","player_choice":"Obtained Book","floor":19.0,"gold_loss":0.0,"damage_taken":16.0},{"damage_healed":0.0,"max_hp_gain":0.0,"max_hp_loss":0.0,"gold_gain":0.0,"event_name":"Addict","player_choice":"Obtained Relic","floor":20.0,"gold_loss":85.0,"damage_taken":0.0,"relics_obtained":["Centennial Puzzle"]},{"damage_healed":0.0,"max_hp_gain":0.0,"max_hp_loss":0.0,"gold_gain":0.0,"event_name":"Vampires","player_choice":"Ignored","floor":22.0,"gold_loss":0.0,"damage_taken":0.0},{"damage_healed":0.0,"max_hp_gain":0.0,"max_hp_loss":0.0,"gold_gain":0.0,"event_name":"Beggar","player_choice":"Ignored","floor":29.0,"gold_loss":0.0,"damage_taken":0.0},{"damage_healed":0.0,"max_hp_gain":0.0,"max_hp_loss":0.0,"gold_gain":0.0,"event_name":"The Mausoleum","player_choice":"Opened","floor":31.0,"gold_loss":0.0,"damage_taken":0.0,"relics_obtained":["Ginger"]},{"cards_removed":["DevaForm"],"damage_healed":0,"gold_gain":0,"player_choice":"Removed Power","damage_taken":0,"max_hp_gain":0,"max_hp_loss":0,"event_name":"Falling","floor":36,"gold_loss":0}],"is_beta":false,"boss_relics":[{"not_picked":["SlaversCollar","Empty Cage"],"picked":"FrozenCore"},{"not_picked":["Calling Bell","Coffee Dripper"],"picked":"Runic Dome"}],"items_purged_floors":[],"is_endless":false,"potions_floor_spawned":[1,5,7,13,18,30,38,41,42,48],"killed_by":"Awakened One","ascension_level":0}}