{"host":"y89x8uui45kcjy42","time":1607491479,"event":{"gold_per_floor":[118,138,138,17,28,62,62,62,62,74,117,304,331,375,387,504,516,546,47,64,80,90,90,124,124,170,183,218,143,93,113,113,113,113,113],"floor_reached":33,"playtime":1949,"items_purged":["DTMod:Strike","DTMod:Strike","DTMod:TargetDefense"],"score":310,"play_id":"1e2f7a09-0be9-41e0-bb9a-530131740d24","local_time":"20201209142439","is_ascension_mode":false,"metric_token":799,"campfire_choices":[{"data":"DTMod:SwitchingTactic","floor":10,"key":"SMITH"},{"floor":15,"key":"REST"},{"floor":23,"key":"REST"},{"data":"DTMod:CleansingStrike","floor":25,"key":"SMITH"},{"floor":32,"key":"REST"}],"neow_cost":"NONE","dtmod_dragon_data":[0,55,2,-1,4,0],"seed_source_timestamp":1014810410422200,"circlet_count":0,"master_deck":["DTMod:Strike","DTMod:DoubleHit","DTMod:TargetDefense","DTMod:TargetDefense","DTMod:SwitchingTactic+1","DTMod:ShieldDrain","DTMod:Dissolve","DTMod:BlazingStrike","DTMod:WarmUp","DTMod:OpeningTactic","DTMod:Coolant","DTMod:GearUp","DTMod:HeadStart","DTMod:InvisibleFlame","DTMod:CleansingStrike+1","DTMod:Cover+1","DTMod:MaximumCharge","DTMod:CleansingStrike","DTMod:Training"],"relics":["DTMod:PactStone","NeowsBlessing","Gremlin Horn","MawBank","Potion Belt","Regal Pillow","Empty Cage","Mummified Hand","Bag of Marbles","Smiling Mask","MealTicket","Red Mask"],"potions_floor_usage":[11,11,14,14,16,22,22,33,33,33,33],"damage_taken":[{"damage":0,"enemies":"Jaw Worm","floor":1,"turns":1},{"damage":0,"enemies":"Cultist","floor":2,"turns":1},{"damage":0,"enemies":"Small Slimes","floor":5,"turns":1},{"damage":35,"enemies":"Gremlin Nob","floor":6,"turns":5},{"damage":7,"enemies":"Lagavulin","floor":11,"turns":7},{"damage":9,"enemies":"Exordium Thugs","floor":13,"turns":4},{"damage":0,"enemies":"3 Sentries","floor":14,"turns":6},{"damage":27,"enemies":"The Guardian","floor":16,"turns":14},{"damage":5,"enemies":"Chosen","floor":18,"turns":8},{"damage":0,"enemies":"Spheric Guardian","floor":20,"turns":2},{"damage":10,"enemies":"Snake Plant","floor":21,"turns":4},{"damage":18,"enemies":"3 Cultists","floor":22,"turns":7},{"damage":6,"enemies":"Slavers","floor":24,"turns":6},{"damage":25,"enemies":"Centurion and Healer","floor":27,"turns":5},{"damage":0,"enemies":"Masked Bandits","floor":28,"turns":3},{"damage":7,"enemies":"Snake Plant","floor":31,"turns":3},{"damage":97,"enemies":"Automaton","floor":33,"turns":12}],"seed_played":"8732592539834263071","potions_obtained":[{"floor":2,"key":"Block Potion"},{"floor":7,"key":"FairyPotion"},{"floor":7,"key":"ColorlessPotion"},{"floor":11,"key":"Strength Potion"},{"floor":13,"key":"ColorlessPotion"},{"floor":14,"key":"FearPotion"},{"floor":16,"key":"SkillPotion"},{"floor":21,"key":"SkillPotion"},{"floor":24,"key":"ColorlessPotion"},{"floor":27,"key":"AttackPotion"},{"floor":28,"key":"DistilledChaos"},{"floor":31,"key":"Fruit Juice"}],"is_trial":false,"path_per_floor":["M","M","?","$","M","E","?","$","T","R","E","?","M","E","R","B",null,"M","$","M","M","M","R","E","R","T","M","?","?","$","M","R","B"],"character_chosen":"THE_DT","items_purchased":["DTMod:BlazingStrike","Mummified Hand","Bag of Marbles"],"campfire_rested":3,"item_purchase_floors":[4,19,19],"current_hp_per_floor":[45,45,45,45,45,10,10,10,10,10,3,3,11,11,39,12,45,40,40,40,30,12,40,34,34,34,9,9,9,24,17,45,0,0,0],"gold":113,"neow_bonus":"THREE_ENEMY_KILL","is_prod":false,"is_daily":false,"chose_seed":false,"campfire_upgraded":2,"win_rate":0.0,"timestamp":1607491479,"path_taken":["M","M","?","$","?","E","?","?","T","R","E","?","M","E","R","BOSS","M","$","M","M","M","R","E","R","T","M","?","?","$","M","R","BOSS"],"build_version":"2020-11-30","purchased_purges":3,"victory":false,"max_hp_per_floor":[45,45,45,45,45,45,45,45,45,45,45,45,45,45,45,45,45,45,45,45,45,45,45,45,45,45,45,45,45,45,45,45,45,45,45],"card_choices":[{"not_picked":["DTMod:Weaken","DTMod:Overwhelm"],"picked":"DTMod:ShieldDrain","floor":1},{"not_picked":["DTMod:QuickFly","DTMod:BizarreTactic"],"picked":"DTMod:Dissolve","floor":2},{"not_picked":["DTMod:ForkedFire","DTMod:BuildUp","DTMod:Haste"],"picked":"SKIP","floor":5},{"not_picked":["DTMod:BlazingStrike","DTMod:PurifyingFlame"],"picked":"DTMod:WarmUp","floor":6},{"not_picked":["DTMod:MagiciansMark","DTMod:MagicField"],"picked":"DTMod:OpeningTactic","floor":11},{"not_picked":["DTMod:HeatWave","DTMod:BuildUp"],"picked":"DTMod:Coolant","floor":13},{"not_picked":["DTMod:MasterPlan","DTMod:HeatWave"],"picked":"DTMod:GearUp","floor":14},{"not_picked":["DTMod:SealedStrike","DTMod:StunTrap"],"picked":"DTMod:HeadStart","floor":16},{"not_picked":["DTMod:BreakAttack+1","DTMod:ComboAttack"],"picked":"DTMod:InvisibleFlame","floor":18},{"not_picked":["DTMod:SneakAttack","DTMod:InvisibleFlame"],"picked":"DTMod:CleansingStrike","floor":20},{"not_picked":["DTMod:Conduct+1","DTMod:BlueScale"],"picked":"DTMod:Cover+1","floor":21},{"not_picked":["DTMod:Astonish","DTMod:BreakAttack","DTMod:HeatWave"],"picked":"SKIP","floor":22},{"not_picked":["DTMod:RepeatStrike","DTMod:Punisher"],"picked":"DTMod:MaximumCharge","floor":24},{"not_picked":["DTMod:Cover","DTMod:DeepFocus"],"picked":"DTMod:CleansingStrike","floor":27},{"not_picked":["DTMod:ShieldDrain","DTMod:TauntingStrike"],"picked":"DTMod:Training","floor":28},{"not_picked":["DTMod:InvisibleFlame","DTMod:Coolant","DTMod:Adaptation"],"picked":"SKIP","floor":31}],"player_experience":485483,"relics_obtained":[{"floor":6,"key":"Gremlin Horn"},{"floor":9,"key":"MawBank"},{"floor":11,"key":"Potion Belt"},{"floor":14,"key":"Regal Pillow"},{"floor":24,"key":"Smiling Mask"},{"floor":26,"key":"MealTicket"},{"floor":28,"key":"Red Mask"}],"event_choices":[{"damage_healed":0,"gold_gain":0,"player_choice":"Ignored","damage_taken":0,"max_hp_gain":0,"max_hp_loss":0,"event_name":"NoteForYourself","floor":3,"gold_loss":0},{"damage_healed":0,"gold_gain":0,"player_choice":"Got Potions","damage_taken":0,"max_hp_gain":0,"max_hp_loss":0,"event_name":"Lab","floor":7,"gold_loss":0},{"damage_healed":0,"gold_gain":175,"player_choice":"AGREE","damage_taken":0,"max_hp_gain":0,"max_hp_loss":0,"event_name":"Liars Game","floor":12,"gold_loss":0,"cards_obtained":["Doubt"]},{"damage_healed":0,"gold_gain":0,"player_choice":"Fought Bandits","damage_taken":0,"max_hp_gain":0,"max_hp_loss":0,"event_name":"Masked Bandits","floor":28,"gold_loss":0},{"cards_removed":["DTMod:TargetDefense"],"damage_healed":0,"gold_gain":0,"player_choice":"Gave Gold","damage_taken":0,"max_hp_gain":0,"max_hp_loss":0,"event_name":"Beggar","floor":29,"gold_loss":75}],"is_beta":false,"boss_relics":[{"not_picked":["Tiny House","Velvet Choker"],"picked":"Empty Cage"}],"items_purged_floors":[4,19,30],"is_endless":false,"potions_floor_spawned":[2,11,13,14,16,21,24,27,28,31],"killed_by":"Automaton","ascension_level":0}}