{"host":"d1za9dvx43o9v494","time":1607522707,"event":{"gold_per_floor":[99,99,127,127,142,167,167,180,194,229,229,248,259,161,171,245,245,170,270,286,315,332,361,361,391,241,267,267,267,267,267,279,356,356,356,384,399,399,399,399,399,288,288,315,329,354,354,354,368,368,368,401,94,94,94],"floor_reached":56,"playtime":1534,"items_purged":[],"score":3898,"play_id":"11b30053-7fb8-429a-8906-1a2a241c2008","local_time":"20201209170507","is_ascension_mode":true,"campfire_choices":[{"data":"champ:Taunt","floor":1,"key":"SMITH"},{"floor":18,"key":"RECALL"},{"floor":26,"key":"REST"}],"neow_cost":"","seed_source_timestamp":1729519163741,"circlet_count":0,"master_deck":["AscendersBane","champ:Strike","champ:Defend+1","champ:Defend","champ:Defend+1","champ:Defend","champ:Execute","champ:Taunt+1","champ:Control","champ:BladeFlurry","champ:FocusedDefense","champ:BerserkerStyle","champ:BringItOn","champ:StanceDance","champ:CrookedStrike","champ:HoldFirm","champ:EnragedBash","champ:CrookedStrike","champ:StanceDance","champ:IgnorePain","champ:IronFortress","champ:DefensiveShout","champ:DancingMaster","champ:GladiatorsShout","J.A.X.","champ:Riposte","champ:AdrenalArmor","champ:Circumvent","champ:SkillfulDodge","champ:AdrenalArmor","champ:FocusedBerserking","champ:BladeFlurry","champ:StrikeOfGenius+1","champ:StrikeOfGenius+1","champ:StrikeOfGenius+1","champ:StanceDance","champ:StanceDance","expansioncontent:Collect+1","expansioncontent:GoopSpray","expansioncontent:FaceSlap","champ:SkillfulDodge+1","champ:DefensiveShout+1","champ:Circumvent+1","champ:BladeFlurry","champ:BerserkerStyle+1","champ:IronFortress+1","champ:Encircle","champ:CrownThrow","champ:Balance+1","champ:Circumvent+1","champ:FanOfKnives","champ:RisingSlash","champ:BerserkerStyle+1"],"relics":["champ:ChampionCrown","HornCleat","War Paint","Blue Candle","Matryoshka","champ:LiftRelic","Fusion Hammer","downfall:HeartBlessingBlue","MutagenicStrength","downfall:BrokenWingStatue","Frozen Egg 2","Happy Flower","White Beast Statue","Bottled Tornado","downfall:HeartBlessingRed","downfall:HeartBlessingGreen","Juzu Bracelet","WingedGreaves","champ:BerserkersGuideToSlaughter","downfall:RedIOU","Coffee Dripper","Question Card","Vajra","Toxic Egg 2","Singing Bowl","Mango","Gremlin Horn","PrismaticShard"],"potions_floor_usage":[],"damage_taken":[{"damage":0,"enemies":"Lagavulin","floor":3,"turns":1},{"damage":0,"enemies":"2 Louse","floor":5,"turns":1},{"damage":0,"enemies":"Gremlin Nob","floor":6,"turns":1},{"damage":0,"enemies":"Small Slimes","floor":8,"turns":1},{"damage":0,"enemies":"Jaw Worm","floor":9,"turns":1},{"damage":0,"enemies":"3 Sentries","floor":10,"turns":1},{"damage":0,"enemies":"Blue Slaver","floor":12,"turns":1},{"damage":0,"enemies":"Exordium Wildlife","floor":13,"turns":1},{"damage":0,"enemies":"downfall:FleeingMerchant","floor":14,"turns":1},{"damage":0,"enemies":"Exordium Thugs","floor":15,"turns":1},{"damage":0,"enemies":"downfall:Defect","floor":16,"turns":1},{"damage":0,"enemies":"downfall:Augmenter","floor":19,"turns":1},{"damage":0,"enemies":"Spheric Guardian","floor":20,"turns":1},{"damage":0,"enemies":"Slavers","floor":21,"turns":1},{"damage":0,"enemies":"Shell Parasite","floor":22,"turns":1},{"damage":0,"enemies":"Book of Stabbing","floor":23,"turns":1},{"damage":0,"enemies":"Gremlin Leader","floor":25,"turns":1},{"damage":0,"enemies":"Slavers","floor":27,"turns":1},{"damage":0,"enemies":"Shelled Parasite and Fungi","floor":32,"turns":1},{"damage":0,"enemies":"downfall:Silent","floor":33,"turns":1},{"damage":0,"enemies":"Nemesis","floor":36,"turns":1},{"damage":0,"enemies":"3 Shapes","floor":37,"turns":1},{"damage":0,"enemies":"Reptomancer","floor":44,"turns":1},{"damage":0,"enemies":"3 Darklings","floor":45,"turns":1},{"damage":0,"enemies":"Mind Bloom Boss Battle","floor":46,"turns":1},{"damage":0,"enemies":"Transient","floor":49,"turns":1},{"damage":0,"enemies":"downfall:Watcher","floor":50,"turns":1},{"damage":0,"enemies":"downfall:CharBossMerchant","floor":52,"turns":1},{"damage":155,"enemies":"downfall:NeowBoss","floor":55,"turns":15}],"seed_played":"-4591207341839083456","potions_obtained":[{"floor":6,"key":"BlessingOfTheForge"},{"floor":9,"key":"DuplicationPotion"},{"floor":12,"key":"EntropicBrew"},{"floor":49,"key":"champ:TechniquePotion"},{"floor":52,"key":"champ:CounterstrikePotion"}],"is_trial":true,"path_per_floor":["R","?","E","?","M","E","T","M","M","E","?","M","M","$","M","B",null,"R","?","M","E","M","E","T","E","R","E","?","?","?","?","M","B",null,"R","E","M","R","?","?","T","$","?","E","M","?","?","?","M","B",null,"E","$","R","B",null],"character_chosen":"THE_CHAMP","items_purchased":["champ:EnragedBash","champ:CrookedStrike","champ:StanceDance","champ:IgnorePain","champ:IronFortress","champ:SkillfulDodge+1","champ:DefensiveShout+1","champ:Balance+1","champ:Circumvent+1","champ:FanOfKnives","champ:RisingSlash","champ:BerserkerStyle+1"],"campfire_rested":1,"item_purchase_floors":[14,14,14,14,14,42,42,53,53,53,53,53],"current_hp_per_floor":[73,78,78,73,73,73,73,73,73,73,73,73,73,73,73,73,83,93,93,93,93,93,93,93,93,96,96,21,21,21,21,21,21,77,77,77,77,77,77,67,67,67,67,67,67,81,81,81,81,81,103,103,103,103,64],"gold":94,"neow_bonus":"","is_prod":false,"is_daily":false,"chose_seed":false,"campfire_upgraded":1,"win_rate":0,"timestamp":1607522707,"path_taken":["R","?","E","?","M","E","T","M","M","E","?","M","M","?","M","BOSS","R","?","M","E","M","E","T","E","R","E","?","?","?","?","M","BOSS","R","E","M","R","?","?","T","$","?","E","M","?","?","?","M","BOSS","E","$","R","BOSS"],"build_version":"2020-11-30","purchased_purges":0,"victory":true,"max_hp_per_floor":[81,86,86,86,86,86,86,86,86,86,86,86,86,86,86,86,86,96,96,96,96,96,96,96,96,96,96,96,96,96,96,96,96,96,96,96,96,96,96,96,96,96,96,96,96,110,110,110,110,110,110,110,110,110,110],"card_choices":[{"not_picked":["champ:CrookedStrike","champ:HeartStrike","champ:Control"],"picked":"SKIP","floor":3},{"not_picked":["champ:CrookedStrike","champ:HeartStrike"],"picked":"champ:Control","floor":3},{"not_picked":["champ:BerserkersShout","champ:DefensiveShout"],"picked":"champ:BladeFlurry","floor":5},{"not_picked":["champ:AdrenalArmor","champ:StanceDance"],"picked":"champ:FocusedDefense","floor":6},{"not_picked":["champ:BringItOn","champ:TornadoPunch"],"picked":"champ:BerserkerStyle","floor":8},{"not_picked":["champ:CrookedStrike","champ:StanceDance"],"picked":"champ:BringItOn","floor":9},{"not_picked":["champ:Backstep","champ:FlashCut"],"picked":"champ:StanceDance","floor":10},{"not_picked":["champ:BerserkersShout","champ:FalseCounter"],"picked":"champ:CrookedStrike","floor":12},{"not_picked":["champ:FanOfKnives","champ:TornadoPunch"],"picked":"champ:HoldFirm","floor":13},{"not_picked":["champ:ArenaPreparation","champ:PerfectedStrike"],"picked":"champ:DefensiveShout","floor":15},{"not_picked":["champ:Devastate","champ:ShieldThrow"],"picked":"champ:DancingMaster","floor":16},{"not_picked":["champ:BerserkersShout","champ:Lariat"],"picked":"champ:GladiatorsShout","floor":19},{"not_picked":[],"picked":"J.A.X.","floor":19},{"not_picked":["champ:Duel","champ:ViciousMockery"],"picked":"champ:Circumvent","floor":20},{"not_picked":["champ:Encircle","champ:Lariat"],"picked":"champ:SkillfulDodge","floor":21},{"not_picked":["champ:Haymaker+1","champ:RecklessLeap"],"picked":"champ:AdrenalArmor","floor":22},{"not_picked":["champ:RapidStrikes","champ:RisingSlash"],"picked":"champ:FocusedBerserking","floor":23},{"not_picked":["champ:IronFortress+1","champ:GladiatorsShout"],"picked":"champ:BladeFlurry","floor":25},{"not_picked":["champ:FanOfKnives","champ:Backstep"],"picked":"champ:StrikeOfGenius+1","floor":27},{"not_picked":["champ:TornadoPunch","champ:AdrenalArmor"],"picked":"champ:Encircle","floor":32},{"not_picked":["champ:LastStand+1","champ:HoldFirm"],"picked":"champ:StrikeOfGenius+1","floor":33},{"not_picked":["champ:HeartStrike","champ:RapidStrikes"],"picked":"champ:StanceDance","floor":36},{"not_picked":["champ:Circumvent","champ:TornadoPunch","champ:Encircle"],"picked":"champ:StanceDance","floor":37},{"not_picked":["expansioncontent:YouAreMine","expansioncontent:TimeRipple","expansioncontent:DefensiveMode+1"],"picked":"expansioncontent:Collect+1","floor":40},{"not_picked":["expansioncontent:DonusPower","expansioncontent:CaCaw+1","expansioncontent:GuardianWhirl"],"picked":"expansioncontent:GoopSpray","floor":40},{"not_picked":["expansioncontent:SlimeTackle","expansioncontent:CaCaw+1","expansioncontent:BronzeBeam"],"picked":"expansioncontent:FaceSlap","floor":40},{"not_picked":["champ:Balance+1","champ:Backstep+1","champ:BladeFlurry+1"],"picked":"champ:Circumvent+1","floor":44},{"not_picked":["champ:GladiatorStyle+1","champ:SkillfulDodge+1","champ:FocusedGladiator+1"],"picked":"champ:BladeFlurry","floor":45},{"not_picked":["champ:Riposte+1","champ:GladiatorsShout+1","champ:GladiatorStyle+1"],"picked":"champ:BerserkerStyle+1","floor":46},{"not_picked":["champ:PerfectedStrike","champ:Circumvent+1","champ:AdrenalArmor+1"],"picked":"champ:Encircle","floor":49},{"not_picked":["champ:BringItOn+1","champ:Backstep+1","champ:DefensiveShout+1"],"picked":"champ:CrownThrow","floor":52}],"player_experience":533137,"relics_obtained":[{"floor":3,"key":"HornCleat"},{"floor":6,"key":"Blue Candle"},{"floor":10,"key":"Matryoshka"},{"floor":19,"key":"MutagenicStrength"},{"floor":21,"key":"Frozen Egg 2"},{"floor":23,"key":"Omamori"},{"floor":24,"key":"Happy Flower"},{"floor":24,"key":"White Beast Statue"},{"floor":25,"key":"Bottled Tornado"},{"floor":27,"key":"WingedGreaves"},{"floor":36,"key":"Question Card"},{"floor":41,"key":"Vajra"},{"floor":41,"key":"Toxic Egg 2"},{"floor":44,"key":"Singing Bowl"},{"floor":46,"key":"Mango"},{"floor":52,"key":"Gremlin Horn"},{"floor":52,"key":"PrismaticShard"}],"event_choices":[{"damage_healed":0,"gold_gain":0,"player_choice":"Donut","damage_taken":0,"max_hp_gain":5,"max_hp_loss":0,"event_name":"Big Fish","floor":2,"gold_loss":0},{"damage_healed":0,"gold_gain":0,"player_choice":"Success","damage_taken":5,"relics_obtained":["War Paint"],"max_hp_gain":0,"max_hp_loss":0,"event_name":"Scrap Ooze","floor":4,"gold_loss":0},{"damage_healed":0,"gold_gain":0,"player_choice":"Copied","damage_taken":0,"max_hp_gain":0,"max_hp_loss":0,"event_name":"Duplicator","floor":29,"gold_loss":0,"cards_obtained":["champ:StrikeOfGenius"]},{"damage_healed":0,"gold_gain":0,"player_choice":"Got Potions","damage_taken":0,"max_hp_gain":0,"max_hp_loss":0,"event_name":"Lab","floor":43,"gold_loss":0},{"cards_removed":["champ:Encircle"],"damage_healed":0,"gold_gain":0,"player_choice":"Removed Attack","damage_taken":0,"max_hp_gain":0,"max_hp_loss":0,"event_name":"Falling","floor":47,"gold_loss":0},{"damage_healed":0,"gold_gain":0,"cards_transformed":["champ:Strike"],"player_choice":"Transformed","damage_taken":0,"max_hp_gain":0,"max_hp_loss":0,"event_name":"Transmorgrifier","floor":48,"gold_loss":0,"cards_obtained":["champ:IronFortress"]}],"is_beta":false,"boss_relics":[{"not_picked":["Ectoplasm","Empty Cage"],"picked":"Fusion Hammer"},{"not_picked":["Calling Bell","Pandora\u0027s Box"],"picked":"Coffee Dripper"}],"items_purged_floors":[],"is_endless":false,"potions_floor_spawned":[6,9,12,13,21,22,25,27,32,33,36,37,44,45,46,49,52],"ascension_level":20}}