{"host":"f7i0xv5umhttwhc1","time":1607505440,"event":{"gold_per_floor":[116,126,145,64,64,64,14,14,14,14,49,62,97,97,97,193,243,259,259,259,272,272,272,272,272],"floor_reached":24,"playtime":2156,"items_purged":[],"score":202,"play_id":"80911811-9b07-4ee9-9a34-041ac8c0cb8c","local_time":"20201209201720","is_ascension_mode":false,"campfire_choices":[{"data":"Neutralize","floor":6,"key":"SMITH"},{"data":"Noxious Fumes","floor":8,"key":"SMITH"},{"data":"Prepared","floor":10,"key":"SMITH"},{"floor":15,"key":"REST"},{"floor":23,"key":"REST"}],"neow_cost":"NONE","seed_source_timestamp":215066824479700,"circlet_count":0,"master_deck":["Strike_G","Strike_G","Strike_G","Strike_G","Strike_G","Defend_G","Defend_G","Defend_G","Defend_G","Defend_G","Survivor","Neutralize+1","Prepared+1","Dagger Throw","Storm of Steel+1","Noxious Fumes+1","Underhanded Strike","Backstab","Flying Knee","Distraction","Die Die Die","Predator","Deflect+1","Decay"],"relics":["Sozu","Frozen Egg 2","Pen Nib","Tiny House","MutagenicStrength"],"potions_floor_usage":[],"damage_taken":[{"damage":2,"enemies":"Small Slimes","floor":1,"turns":4},{"damage":0,"enemies":"Cultist","floor":2,"turns":5},{"damage":0,"enemies":"Jaw Worm","floor":3,"turns":3},{"damage":26,"enemies":"3 Sentries","floor":11,"turns":7},{"damage":0,"enemies":"3 Louse","floor":12,"turns":2},{"damage":22,"enemies":"Gremlin Nob","floor":13,"turns":4},{"damage":24,"enemies":"Slime Boss","floor":16,"turns":11},{"damage":33,"enemies":"Shell Parasite","floor":18,"turns":7},{"damage":14,"enemies":"2 Thieves","floor":21,"turns":4},{"damage":55,"enemies":"Gremlin Leader","floor":24,"turns":4}],"seed_played":"6723238487967817593","potions_obtained":[],"is_trial":false,"path_per_floor":["M","M","M","$","?","R","$","R","T","R","E","M","E","?","R","B",null,"M","?","?","M","?","R","E"],"character_chosen":"THE_SILENT","items_purchased":["Noxious Fumes","Underhanded Strike"],"campfire_rested":2,"item_purchase_floors":[4,7],"current_hp_per_floor":[68,68,68,68,68,68,68,68,68,68,42,42,20,20,41,17,75,42,42,42,28,28,50,0,0],"gold":272,"neow_bonus":"BOSS_RELIC","is_prod":false,"is_daily":false,"chose_seed":false,"campfire_upgraded":3,"win_rate":0.0,"timestamp":1607505440,"path_taken":["M","M","M","$","?","R","$","R","T","R","E","?","E","?","R","BOSS","M","?","?","M","?","R","E"],"build_version":"2020-11-30","purchased_purges":0,"victory":false,"max_hp_per_floor":[70,70,70,70,70,70,70,70,70,70,70,70,70,70,70,70,75,75,75,75,75,75,75,75,75],"relic_stats":{"Sozu":8,"counters":[10,51],"Pen Nib":[7],"obtain_stats":[{"Sozu":0,"Tiny House":17,"MutagenicStrength":20,"Pen Nib":11,"Frozen Egg 2":9,"Ring of the Snake":0},{"Sozu":0,"Tiny House":7,"MutagenicStrength":8,"Pen Nib":4,"Frozen Egg 2":3,"Ring of the Snake":0},{"Sozu":0,"Tiny House":36,"MutagenicStrength":43,"Pen Nib":19,"Frozen Egg 2":12,"Ring of the Snake":0}]},"card_choices":[{"not_picked":["PiercingWail","Expertise"],"picked":"Prepared","floor":1},{"not_picked":["Flechettes","PiercingWail"],"picked":"Dagger Throw","floor":2},{"not_picked":["Cloak And Dagger","Dagger Spray"],"picked":"Storm of Steel","floor":3},{"not_picked":["Poisoned Stab","Tactician"],"picked":"Backstab","floor":11},{"not_picked":["Infinite Blades+1","Backflip"],"picked":"Flying Knee","floor":12},{"not_picked":["Bane","Sucker Punch"],"picked":"Distraction","floor":13},{"not_picked":["Doppelganger","Night Terror"],"picked":"Die Die Die","floor":16},{"not_picked":["Masterful Stab","Heel Hook"],"picked":"Predator","floor":18},{"not_picked":["Heel Hook","Choke"],"picked":"Deflect+1","floor":21}],"player_experience":155145,"relics_obtained":[{"floor":9,"key":"Frozen Egg 2"},{"floor":11,"key":"Pen Nib"}],"event_choices":[{"damage_healed":0,"gold_gain":0,"player_choice":"Got Potions","damage_taken":0,"max_hp_gain":0,"max_hp_loss":0,"event_name":"Lab","floor":5,"gold_loss":0},{"damage_healed":20,"gold_gain":0,"player_choice":"Leave","damage_taken":0,"max_hp_gain":0,"max_hp_loss":70,"event_name":"betterThird:BetterShining","floor":14,"gold_loss":0},{"damage_healed":0,"gold_gain":0,"player_choice":"Inject Mutagens","damage_taken":0,"relics_obtained":["MutagenicStrength"],"max_hp_gain":0,"max_hp_loss":0,"event_name":"Drug Dealer","floor":20,"gold_loss":0},{"damage_healed":0,"gold_gain":0,"player_choice":"Smashed Altar","damage_taken":0,"max_hp_gain":0,"max_hp_loss":0,"event_name":"Forgotten Altar","floor":22,"gold_loss":0,"cards_obtained":["Decay"]}],"is_beta":false,"boss_relics":[{"not_picked":["SlaversCollar","Astrolabe"],"picked":"Tiny House"}],"items_purged_floors":[],"is_endless":false,"potions_floor_spawned":[2,11,12,21],"killed_by":"Gremlin Leader","ascension_level":0}}