{"host":"2461dio7vetlq1z3","time":1607482137,"event":{"gold_per_floor":[110,35,46,65,65,94,94,120,175,193,224,237,250,279,279,384,384,396,431,264,276,151,151,151],"floor_reached":23,"playtime":1146,"items_purged":["hermit:Defend_Hermit","hermit:Strike_Hermit","hermit:Strike_Hermit"],"score":298,"play_id":"40e53109-118c-436e-b526-185e2bf5cdfd","local_time":"20201209034857","is_ascension_mode":true,"campfire_choices":[{"data":"hermit:CursedWeapon","floor":7,"key":"SMITH"},{"floor":15,"key":"REST"}],"neow_cost":"NONE","seed_source_timestamp":321877254342700,"circlet_count":0,"master_deck":["hermit:Strike_Hermit+1","hermit:Strike_Hermit","hermit:Defend_Hermit","hermit:Defend_Hermit","hermit:Defend_Hermit","hermit:Snapshot","hermit:Covet","Trip","hermit:LowProfile","hermit:CursedWeapon+1","hermit:Deadeye+1","hermit:HoleUp","hermit:Gambit","hermit:NoHoldsBarred","hermit:HoleUp","hermit:OverwhelmingPower","hermit:LowProfile","hermit:Determination","hermit:Gestalt"],"relics":["hermit:Momento","White Beast Statue","Whetstone","Potion Belt","Bag of Marbles","Bronze Scales","Blood Vial","Black Star"],"potions_floor_usage":[6,8,11,14,16,19,19,21,23,23,23,23],"damage_taken":[{"damage":0,"enemies":"Small Slimes","floor":1,"turns":2},{"damage":1,"enemies":"2 Louse","floor":3,"turns":3},{"damage":8,"enemies":"Jaw Worm","floor":4,"turns":4},{"damage":21,"enemies":"Gremlin Nob","floor":6,"turns":3},{"damage":18,"enemies":"Lagavulin","floor":8,"turns":6},{"damage":2,"enemies":"3 Louse","floor":10,"turns":2},{"damage":8,"enemies":"3 Sentries","floor":11,"turns":4},{"damage":2,"enemies":"Exordium Wildlife","floor":12,"turns":2},{"damage":0,"enemies":"2 Fungi Beasts","floor":13,"turns":1},{"damage":2,"enemies":"Gremlin Nob","floor":14,"turns":2},{"damage":20,"enemies":"Hexaghost","floor":16,"turns":9},{"damage":2,"enemies":"Chosen","floor":18,"turns":3},{"damage":2,"enemies":"Shell Parasite","floor":19,"turns":3},{"damage":13,"enemies":"Shelled Parasite and Fungi","floor":21,"turns":4},{"damage":81,"enemies":"Slavers","floor":23,"turns":5}],"seed_played":"503830139146960835","potions_obtained":[{"floor":4,"key":"PowerPotion"},{"floor":6,"key":"BlessingOfTheForge"},{"floor":8,"key":"EssenceOfSteel"},{"floor":10,"key":"hermit:Tonic"},{"floor":11,"key":"BlessingOfTheForge"},{"floor":12,"key":"Strength Potion"},{"floor":13,"key":"Fruit Juice"},{"floor":14,"key":"ColorlessPotion"},{"floor":16,"key":"SteroidPotion"},{"floor":18,"key":"ColorlessPotion"},{"floor":19,"key":"Strength Potion"},{"floor":21,"key":"GamblersBrew"}],"is_trial":false,"path_per_floor":["M","$","M","M","?","E","R","E","T","M","E","M","M","E","R","B",null,"M","M","$","M","$","E"],"character_chosen":"HERMIT","items_purchased":["hermit:Determination"],"campfire_rested":1,"item_purchase_floors":[20],"current_hp_per_floor":[75,75,74,66,63,42,42,24,24,22,14,12,12,10,32,14,75,73,73,73,62,62,0,0],"gold":151,"neow_bonus":"RANDOM_COLORLESS","is_prod":false,"is_daily":false,"chose_seed":false,"campfire_upgraded":1,"win_rate":0,"timestamp":1607482137,"path_taken":["M","$","M","M","?","E","R","E","T","M","E","M","M","E","R","BOSS","M","M","$","M","$","E"],"build_version":"2020-11-30","purchased_purges":3,"victory":false,"max_hp_per_floor":[75,75,75,75,75,75,75,75,75,75,75,75,75,75,75,75,75,75,75,75,75,75,80,80],"card_choices":[{"not_picked":["Dramatic Entrance","Good Instincts"],"picked":"Trip","floor":0},{"not_picked":["hermit:TrackingShot","hermit:SprayPray"],"picked":"hermit:LowProfile","floor":1},{"not_picked":["hermit:Roulette","hermit:BigShot"],"picked":"hermit:CursedWeapon","floor":3},{"not_picked":["hermit:LowProfile","hermit:Misfire"],"picked":"hermit:Deadeye","floor":4},{"not_picked":["hermit:Cheat","hermit:LowProfile"],"picked":"hermit:HoleUp","floor":6},{"not_picked":["hermit:BodyArmor","hermit:LowProfile"],"picked":"hermit:Gambit","floor":8},{"not_picked":["hermit:FullyLoaded","hermit:BodyArmor","hermit:Vantage"],"picked":"SKIP","floor":10},{"not_picked":["hermit:Combo","hermit:Deadeye"],"picked":"hermit:NoHoldsBarred","floor":11},{"not_picked":["hermit:NoHoldsBarred","hermit:CursedWeapon","hermit:Dive"],"picked":"SKIP","floor":12},{"not_picked":["hermit:Ricochet","hermit:SprayPray"],"picked":"hermit:HoleUp","floor":13},{"not_picked":["hermit:TakeAim","hermit:GhostlyPresence","hermit:Grudge"],"picked":"SKIP","floor":14},{"not_picked":["hermit:FromBeyond","hermit:BlackWind"],"picked":"hermit:OverwhelmingPower","floor":16},{"not_picked":["hermit:ShadowCloak","hermit:Manifest"],"picked":"hermit:LowProfile","floor":18},{"not_picked":["hermit:GhostlyPresence","hermit:BigShot","hermit:Roulette"],"picked":"SKIP","floor":19},{"not_picked":["hermit:Vantage","hermit:Roulette"],"picked":"hermit:Gestalt","floor":21}],"player_experience":576210,"relics_obtained":[{"floor":6,"key":"Whetstone"},{"floor":8,"key":"Potion Belt"},{"floor":9,"key":"Bag of Marbles"},{"floor":11,"key":"Bronze Scales"},{"floor":14,"key":"Blood Vial"}],"event_choices":[{"damage_healed":0,"gold_gain":0,"player_choice":"Success","damage_taken":3,"relics_obtained":["White Beast Statue"],"max_hp_gain":0,"max_hp_loss":0,"event_name":"Scrap Ooze","floor":5,"gold_loss":0}],"is_beta":false,"boss_relics":[{"not_picked":["Empty Cage","hermit:DentedPlate"],"picked":"Black Star"}],"items_purged_floors":[2,20,22],"is_endless":false,"potions_floor_spawned":[4,6,8,10,11,12,13,14,16,18,19,21],"killed_by":"Slavers","ascension_level":4}}