{"host":"av29givzkpzpqtbm","time":1607500998,"event":{"gold_per_floor":[368,459,459,476,354,387,387,387,434,465,483,483,518,532,511,595,595,612,630,584,603,614,647,667,695,743,777,694,709,667,667,626,706,706,723,673,673,636,636,667,614,656,656,685,708,633,633,666,666,696,707,707,707,625,691,855],"floor_reached":57,"playtime":2674,"items_purged":["Amnesia","Strike_B","Strike_B","Defend_B","Defend_B","aspiration:Polymerization","Defend_B","Strike_B","Writhe","Defend_B"],"score":3363,"play_id":"9e58357c-83fb-4cc3-9600-b71e6a9e7028","local_time":"20201209160318","is_ascension_mode":true,"campfire_choices":[{"data":"Loop","floor":8.0,"key":"SMITH"},{"data":"Coolheaded","floor":12.0,"key":"SMITH"},{"floor":47.0,"key":"RECALL"},{"data":"Dualcast","floor":53,"key":"SMITH"}],"neow_cost":"PERCENT_DAMAGE","seed_source_timestamp":131011231776300,"circlet_count":0,"master_deck":["AscendersBane","Zap","Dualcast+1","Loop+1","Coolheaded+1","MostiFishMod:IntelligentEquipment+1","Double Energy+1","Crystallizer+1","RobotSpaceExplorer:Autoloader+1","MostiFishMod:LinkProtocol+1","Compile Driver+1","ReplayTheSpireMod:Reroute Power+1","Redo+1","Rip and Tear+1","Blizzard+1","Mayhem+1"],"special_seed":0,"relics":["FrozenCore","DaveBox","testmod-TestBox","FeatherPendant","testmod-DeterminationOfClimber","Question Card","ReplayTheSpireMod:CursedCoin","Replay:Frozen Program","Membership Card","aspiration:EnhancedActuators","testmod-HeartOfDaVinci","Mirror","Golden Egg","Potion Belt","aspiration:BabyByrd","Akabeko","Garlic","testmod-Register","ImportantClient","JellyFishMachine","Divine Protection","Bottled Tornado","Runic Capacitor","Lantern","Pen Nib","Anchor","testmod-BlackFramedGlasses","aspiration:FetidBarrel","testmod-Alchemist","RobotSpaceExplorer:SlideRule","Orrery","Symbiotic Virus","Pantograph","Lee\u0027s Waffle","Strawberry","RobotSpaceExplorer:ClockworkSextant","Replay:WaspNest","Strange Spoon","OrangePellets","Bronze Scales","Bag of Marbles","Sling","testmod-Hope","aspiration:FaultyCoupler","DataDisk","Raider\u0027s Mask","Dream Catcher","Centennial Puzzle","Replay:Bandana","Mummified Hand","Frozen Egg 2","ReplayTheSpireMod:Lightbulb","Ying","ReplayTheSpireMod:ShopPack","Kunai","Quantum Egg","Nunchaku","BionicSphere"],"potions_floor_usage":[56,56,56,56,56],"damage_taken":[{"damage":0.0,"enemies":"Small Slimes","floor":1.0,"turns":2.0},{"damage":3.0,"enemies":"2 Louse","floor":4.0,"turns":2.0},{"damage":14.0,"enemies":"Gremlin Nob","floor":6.0,"turns":3.0},{"damage":10.0,"enemies":"3 Sentries","floor":10.0,"turns":5.0},{"damage":0.0,"enemies":"Cultist","floor":11.0,"turns":2.0},{"damage":8.0,"enemies":"Lagavulin","floor":13.0,"turns":3.0},{"damage":0.0,"enemies":"Looter","floor":14.0,"turns":2.0},{"damage":0.0,"enemies":"Fading Forest","floor":16.0,"turns":10.0},{"damage":0.0,"enemies":"3 Byrds","floor":18.0,"turns":2.0},{"damage":16.0,"enemies":"2 Thieves","floor":19.0,"turns":3.0},{"damage":0.0,"enemies":"Sentry and Sphere","floor":21.0,"turns":3.0},{"damage":0.0,"enemies":"Snake Plant","floor":22.0,"turns":2.0},{"damage":0.0,"enemies":"Book of Stabbing","floor":23.0,"turns":2.0},{"damage":0.0,"enemies":"Centurion and Healer","floor":24.0,"turns":2.0},{"damage":0.0,"enemies":"Gremlin Leader","floor":25.0,"turns":2.0},{"damage":0.0,"enemies":"Slavers","floor":27.0,"turns":3.0},{"damage":10.0,"enemies":"Shelled Parasite and Fungi","floor":29.0,"turns":3.0},{"damage":0.0,"enemies":"Automaton","floor":33.0,"turns":5.0},{"damage":13.0,"enemies":"Orb Walker","floor":35.0,"turns":3.0},{"damage":11.0,"enemies":"Nemesis","floor":40.0,"turns":5.0},{"damage":0.0,"enemies":"Reptomancer","floor":42.0,"turns":1.0},{"damage":0.0,"enemies":"R_Hoarder","floor":44.0,"turns":2.0},{"damage":0.0,"enemies":"3 Darklings","floor":45.0,"turns":1.0},{"damage":0.0,"enemies":"Giant Head","floor":48.0,"turns":2.0},{"damage":0.0,"enemies":"Donu and Deca","floor":50.0,"turns":2.0},{"damage":0.0,"enemies":"Replay:Hell Engine","floor":51.0,"turns":2.0},{"damage":0,"enemies":"Shield and Spear","floor":55,"turns":2},{"damage":0,"enemies":"The Heart","floor":56,"turns":5}],"seed_played":"-7694143453565662170","potions_obtained":[{"floor":1.0,"key":"testmod-SpacePotion"},{"floor":6.0,"key":"Swift Potion"},{"floor":6.0,"key":"BlessingOfTheForge"},{"floor":10.0,"key":"LifebloodPotion"},{"floor":11.0,"key":"FairyPotion"},{"floor":11.0,"key":"PowerPotion"},{"floor":13.0,"key":"Explosive Potion"},{"floor":13.0,"key":"PowerPotion"},{"floor":16.0,"key":"testmod-TestPotion"},{"floor":19.0,"key":"Block Potion"},{"floor":22.0,"key":"DistilledChaos"},{"floor":23.0,"key":"testmod-TimePotion"},{"floor":35.0,"key":"AttackPotion"}],"is_trial":false,"path_per_floor":["M","$","?","M","$","E","?","R","T","E","M","R","E","M","R","B",null,"M","M","$","M","M","E","M","E","T","E","$","M","R","?","R","B",null,"M","$","?","$","?","E","R","E","T","E","M","$","R","E","R","B","B",null,"R","$","E","B",null],"character_chosen":"DEFECT","items_purchased":["ReplayTheSpireMod:CursedCoin","Replay:Frozen Program","Membership Card","aspiration:EnhancedActuators","testmod-HeartOfDaVinci","Mirror","Golden Egg","testmod-Register","Divine Protection","Bottled Tornado","Runic Capacitor","aspiration:FetidBarrel","Crystallizer","testmod-Alchemist","RobotSpaceExplorer:SlideRule","Orrery","Symbiotic Virus","Pantograph","Lee\u0027s Waffle","Strawberry","RobotSpaceExplorer:ClockworkSextant","Replay:WaspNest","Strange Spoon","OrangePellets","Bronze Scales","Compile Driver","Bag of Marbles","Sling","aspiration:FaultyCoupler","Redo","DataDisk","Raider\u0027s Mask","Replay:Bandana","Mummified Hand","Frozen Egg 2","ReplayTheSpireMod:Lightbulb","Blizzard","Ying","ReplayTheSpireMod:ShopPack","Kunai","Quantum Egg","Nunchaku"],"campfire_rested":0,"item_purchase_floors":[2,2,5,5,5,5,5,15,20,20,20,28,28,28,28,28,30,30,32,32,32,36,36,36,36,38,38,38,41,41,41,41,46,46,46,46,54,54,54,54,54,54],"current_hp_per_floor":[46,46,50,47,47,33,33,33,33,23,23,23,15,15,15,71,71,71,55,55,55,55,55,55,55,55,55,55,51,51,51,85,85,85,73,73,73,73,73,70,70,80,80,84,85,85,85,85,85,85,85,85,85,85,85,85],"gold":855,"neow_bonus":"TWO_FIFTY_GOLD","is_prod":false,"is_daily":false,"chose_seed":false,"campfire_upgraded":3,"win_rate":0,"timestamp":1607500998,"path_taken":["M","$","?","M","$","E","?","R","T","E","M","R","E","M","R","BOSS","M","M","$","M","M","E","M","E","T","E","$","M","R","?","R","BOSS","M","$","?","$","?","E","R","E","T","E","M","$","R","E","R","BOSS","BOSS","R","$","E","BOSS"],"build_version":"2020-11-30","purchased_purges":10,"victory":true,"max_hp_per_floor":[71,71,71,71,71,71,71,71,71,71,71,71,71,71,71,71,71,71,71,71,71,71,71,71,71,71,71,71,71,71,71,85,85,85,85,85,85,85,85,85,85,85,85,85,85,85,85,85,85,85,85,85,85,85,85,85],"card_choices":[{"not_picked":["Self Repair","Aggregate"],"picked":"Loop","floor":1.0},{"not_picked":["Panic Button","ReplayTheSpireMod:Calculation Training","Beam Cell","ReplayTheSpireMod:Repulse"],"picked":"SKIP","floor":4.0},{"not_picked":["Recycle","Go for the Eyes","Loop","Panic Button"],"picked":"SKIP","floor":6.0},{"not_picked":["Leap","Gash","Skim"],"picked":"Coolheaded","floor":10.0},{"not_picked":["Lockon","Stack","Time Bomb"],"picked":"aspiration:Polymerization","floor":11.0},{"not_picked":["ReplaySolidLightProjector","Auto Shields","Lockon","Beam Cell"],"picked":"SKIP","floor":13.0},{"not_picked":["Go for the Eyes","Gash","Self Repair","Doom and Gloom"],"picked":"SKIP","floor":14.0},{"not_picked":["MostiFishMod:Culaccino","MostiFishMod:Distribution","Seek"],"picked":"MostiFishMod:IntelligentEquipment","floor":16.0},{"not_picked":["Undo","Conserve Battery","Blizzard","Barrage"],"picked":"SKIP","floor":18.0},{"not_picked":["Gash+1","Coolheaded","Stack","BasicCrystalCard"],"picked":"SKIP","floor":19.0},{"not_picked":["Barrage+1","Ball Lightning","Conserve Battery","Stack+1"],"picked":"SKIP","floor":21.0},{"not_picked":["Gash","Beam Cell","Go for the Eyes+1","MostiFishMod:Tomorrow"],"picked":"SKIP","floor":22.0},{"not_picked":["BootSequence","Defragment","Conserve Battery","Barrage"],"picked":"SKIP","floor":23.0},{"not_picked":["FTL","ReplayTheSpireMod:GoodbyeWorld","Ball Lightning+1","Sweeping Beam"],"picked":"SKIP","floor":24.0},{"not_picked":["Cold Snap","Panic Button","ReplayTheSpireMod:GoodbyeWorld","Rainbow"],"picked":"SKIP","floor":25.0},{"not_picked":["Streamline","MostiFishMod:InterfaceCompatibility","BasicCrystalCard"],"picked":"Double Energy","floor":27.0},{"not_picked":["Glacier","Leap","White Noise","Heatsinks+1"],"picked":"SKIP","floor":29.0},{"not_picked":["Buffer","MostiFishMod:Culaccino","MostiFishMod:FourSeasons"],"picked":"MostiFishMod:LinkProtocol","floor":33.0},{"not_picked":["BasicCrystalCard","Gash","Reprogram","Go for the Eyes"],"picked":"SKIP","floor":35.0},{"not_picked":["ReplayTheSpireMod:GoodbyeWorld","Sunder","Conserve Battery+1"],"picked":"ReplayTheSpireMod:Reroute Power+1","floor":40.0},{"not_picked":["Sweeping Beam","Rip and Tear","Hello World","Lockon"],"picked":"SKIP","floor":42.0},{"not_picked":["Reinforced Body","Cold Snap","Leap","Go for the Eyes"],"picked":"SKIP","floor":44.0},{"not_picked":["Rebound","Lockon","Aggregate"],"picked":"Rip and Tear+1","floor":45.0},{"not_picked":["Go for the Eyes+1","Double Energy+1","Leap+1","Capacitor+1"],"picked":"SKIP","floor":48.0},{"not_picked":["MostiFishMod:KingOfFree","Good Instincts","Forethought"],"picked":"Mayhem","floor":54},{"not_picked":["MostiFishMod:ReprogramOld+1","Static Discharge+1","Beam Cell+1","Multi-Cast"],"picked":"SKIP","floor":55}],"player_experience":342892,"relics_obtained":[{"floor":1.0,"key":"Question Card"},{"floor":6.0,"key":"Potion Belt"},{"floor":10.0,"key":"Akabeko"},{"floor":13.0,"key":"Garlic"},{"floor":16.0,"key":"ImportantClient"},{"floor":23.0,"key":"Lantern"},{"floor":25.0,"key":"Pen Nib"},{"floor":26.0,"key":"Anchor"},{"floor":27.0,"key":"testmod-BlackFramedGlasses"},{"floor":40.0,"key":"testmod-Hope"},{"floor":42.0,"key":"Dream Catcher"},{"floor":44.0,"key":"Centennial Puzzle"},{"floor":55,"key":"BionicSphere"}],"event_choices":[{"damage_healed":0.0,"max_hp_gain":0.0,"max_hp_loss":0.0,"gold_gain":0.0,"event_name":"FaceTrader","player_choice":"Leave","floor":31.0,"gold_loss":0.0,"damage_taken":0.0},{"cards_removed":["Strike_B"],"damage_healed":0.0,"max_hp_gain":0.0,"max_hp_loss":0.0,"gold_gain":0.0,"event_name":"Falling","player_choice":"Removed Attack","floor":37.0,"gold_loss":0.0,"damage_taken":0.0},{"damage_healed":0.0,"max_hp_gain":0.0,"max_hp_loss":0.0,"gold_gain":0.0,"event_name":"Accursed Blacksmith","player_choice":"Forge","floor":39.0,"gold_loss":0.0,"damage_taken":0.0,"cards_upgraded":["Double Energy"]}],"is_beta":false,"boss_relics":[{"not_picked":["RhineFirstAidKit","aspiration:SilentSkillbook"],"picked":"JellyFishMachine"},{"not_picked":["aspiration:IroncladSkillbook","Cursed Key"],"picked":"FrozenCore"}],"items_purged_floors":[2,2,2,2,2,15,28,28,30,38],"is_endless":false,"potions_floor_spawned":[1,6,6,10,11,11,13,13,14,14,16,19,19,21,22,23,23,24,25,25,27,29,33,35,35,40,42,42,44,44,45,48,55],"ascension_level":20}}