{"host":"3q9keoo8j4hzgybw","time":1607538035,"event":{"gold_per_floor":[369,387,237,257,122,157,157,157,157,188,188,200,211,229,229,334,334,348,359,376,376,376,376,376,376],"floor_reached":24,"playtime":1226,"items_purged":["Doubt","Defend_B"],"score":233,"play_id":"8cb7b217-99a9-47f9-9efc-a67f8139732d","local_time":"20201209192035","is_ascension_mode":false,"campfire_choices":[{"data":"Creative AI","floor":7,"key":"SMITH"},{"floor":11,"key":"REST"},{"floor":15,"key":"REST"},{"data":"Fusion","floor":23,"key":"SMITH"}],"neow_cost":"CURSE","seed_source_timestamp":14024326614000,"circlet_count":0,"master_deck":["Strike_B","Strike_B","Strike_B","Strike_B","Defend_B","Defend_B","Defend_B","Zap","Dualcast","Conserve Battery","FTL","Fusion+1","Capacitor","Creative AI+1","Redo","Redo","Conserve Battery","Electrodynamics","Ball Lightning+1","Redo+1","Redo+1"],"relics":["Cracked Core","Bird Faced Urn","Incense Burner","Regal Pillow","Runic Pyramid"],"potions_floor_usage":[16,16,16],"damage_taken":[{"damage":0,"enemies":"2 Louse","floor":1,"turns":4},{"damage":1,"enemies":"Cultist","floor":2,"turns":3},{"damage":1,"enemies":"Jaw Worm","floor":4,"turns":4},{"damage":42,"enemies":"3 Sentries","floor":6,"turns":9},{"damage":24,"enemies":"Lagavulin","floor":10,"turns":6},{"damage":10,"enemies":"Looter","floor":12,"turns":4},{"damage":46,"enemies":"Gremlin Gang","floor":13,"turns":6},{"damage":21,"enemies":"Exordium Thugs","floor":14,"turns":5},{"damage":6,"enemies":"Slime Boss","floor":16,"turns":10},{"damage":28,"enemies":"3 Byrds","floor":18,"turns":5},{"damage":32,"enemies":"2 Thieves","floor":19,"turns":4},{"damage":21,"enemies":"Snake Plant","floor":20,"turns":5},{"damage":17,"enemies":"Book of Stabbing","floor":24,"turns":4}],"seed_played":"7311552483612761462","potions_obtained":[{"floor":1,"key":"LiquidBronze"},{"floor":10,"key":"Explosive Potion"},{"floor":12,"key":"Strength Potion"}],"is_trial":false,"path_per_floor":["M","M","$","M","$","E","R","?","T","E","R","M","M","M","R","B",null,"M","M","M","?","?","R","E"],"character_chosen":"DEFECT","items_purchased":["Fusion","Capacitor"],"campfire_rested":2,"item_purchase_floors":[3,5],"current_hp_per_floor":[75,74,74,73,73,31,31,31,31,21,58,52,18,5,42,66,75,55,25,12,12,12,12,0,0],"gold":376,"neow_bonus":"TWO_FIFTY_GOLD","is_prod":false,"is_daily":false,"chose_seed":false,"campfire_upgraded":2,"win_rate":0.0,"timestamp":1607538035,"path_taken":["M","M","$","M","$","E","R","?","T","E","R","M","M","M","R","BOSS","M","?","M","?","?","R","E"],"build_version":"2020-11-30","purchased_purges":2,"victory":false,"max_hp_per_floor":[75,75,75,75,75,75,75,75,75,75,75,75,75,75,75,75,75,75,75,75,75,75,75,75,75],"card_choices":[{"not_picked":["Leap","Gash"],"picked":"Conserve Battery","floor":1},{"not_picked":["Leap","Barrage"],"picked":"FTL","floor":2},{"not_picked":["Cold Snap","Chill","Static Discharge"],"picked":"SKIP","floor":4},{"not_picked":["Steam","Go for the Eyes"],"picked":"Creative AI","floor":6},{"not_picked":["Compile Driver","Conserve Battery"],"picked":"Redo","floor":10},{"not_picked":["Loop","Steam"],"picked":"Redo","floor":12},{"not_picked":["Tempest","Hologram"],"picked":"Conserve Battery","floor":13},{"not_picked":["Conserve Battery","Fusion","Static Discharge"],"picked":"SKIP","floor":14},{"not_picked":["Echo Form","All For One"],"picked":"Electrodynamics","floor":16},{"not_picked":["Reinforced Body","Streamline"],"picked":"Ball Lightning+1","floor":18},{"not_picked":["Stack","Sweeping Beam"],"picked":"Redo+1","floor":19},{"not_picked":["Sweeping Beam+1","Rebound"],"picked":"Redo+1","floor":20}],"player_experience":53753,"relics_obtained":[{"floor":6,"key":"Bird Faced Urn"},{"floor":9,"key":"Incense Burner"},{"floor":10,"key":"Regal Pillow"}],"event_choices":[{"damage_healed":0,"gold_gain":0,"player_choice":"Bought 0 Potions","damage_taken":0,"max_hp_gain":0,"max_hp_loss":0,"event_name":"The Woman in Blue","floor":8,"gold_loss":0},{"damage_healed":0,"gold_gain":0,"player_choice":"Ignored","damage_taken":0,"max_hp_gain":0,"max_hp_loss":0,"event_name":"Ghosts","floor":21,"gold_loss":0},{"damage_healed":0,"gold_gain":0,"player_choice":"Ignored","damage_taken":0,"max_hp_gain":0,"max_hp_loss":0,"event_name":"Transmorgrifier","floor":22,"gold_loss":0}],"is_beta":false,"boss_relics":[{"not_picked":["Cursed Key","Velvet Choker"],"picked":"Runic Pyramid"}],"items_purged_floors":[3,5],"is_endless":false,"potions_floor_spawned":[1,10,12,19],"killed_by":"Book of Stabbing","ascension_level":0}}