{"host":"i4eavuqabbk5mi94","time":1607518723,"event":{"gold_per_floor":[113,127,138,138,138,138,167,178,178,195,195,195],"floor_reached":11,"playtime":477,"items_purged":[],"score":83,"play_id":"af84b721-30c8-4549-af41-56ed791c3cd5","local_time":"20201209125843","is_ascension_mode":true,"campfire_choices":[{"floor":6,"key":"REST"}],"neow_cost":"NONE","seed_source_timestamp":438928057876100,"circlet_count":0,"master_deck":["Strike_G","Strike_G","Strike_G","Strike_G","Strike_G","Defend_G","Defend_G","Defend_G","Defend_G","Survivor+1","Neutralize","Backflip","Underhanded Strike+1","Deadly Poison","PiercingWail","Acrobatics","Dagger Spray","Footwork"],"relics":["Ring of the Snake","Ninja Scroll","Sundial"],"potions_floor_usage":[7],"damage_taken":[{"damage":7,"enemies":"Jaw Worm","floor":1,"turns":4},{"damage":8,"enemies":"Small Slimes","floor":2,"turns":4},{"damage":4,"enemies":"Cultist","floor":3,"turns":3},{"damage":26,"enemies":"3 Sentries","floor":7,"turns":8},{"damage":11,"enemies":"Exordium Wildlife","floor":8,"turns":4},{"damage":1,"enemies":"3 Louse","floor":10,"turns":2},{"damage":23,"enemies":"Gremlin Nob","floor":11,"turns":3}],"seed_played":"4629974385662348908","potions_obtained":[{"floor":1,"key":"ColorlessPotion"},{"floor":8,"key":"Dexterity Potion"}],"is_trial":false,"path_per_floor":["M","M","M","?","?","R","E","M","T","M","E"],"character_chosen":"THE_SILENT","items_purchased":[],"campfire_rested":1,"item_purchase_floors":[],"current_hp_per_floor":[63,55,51,37,37,58,32,21,21,20,0,0],"gold":195,"neow_bonus":"THREE_CARDS","is_prod":false,"is_daily":false,"chose_seed":false,"campfire_upgraded":0,"win_rate":0,"timestamp":1607518723,"path_taken":["M","M","M","?","?","R","E","M","T","?","E"],"build_version":"2020-11-30","purchased_purges":0,"victory":false,"max_hp_per_floor":[70,70,70,70,70,70,70,70,70,70,70,70],"card_choices":[{"not_picked":["Flying Knee","Deadly Poison"],"picked":"Backflip","floor":0},{"not_picked":["Flechettes","Blade Dance"],"picked":"Underhanded Strike","floor":1},{"not_picked":["Bane","Distraction"],"picked":"Deadly Poison","floor":2},{"not_picked":["Predator","Dagger Spray"],"picked":"PiercingWail","floor":3},{"not_picked":["Slice","Finisher"],"picked":"Acrobatics","floor":7},{"not_picked":["Deflect","Deadly Poison"],"picked":"Dagger Spray","floor":8},{"not_picked":["Acrobatics","Quick Slash"],"picked":"Footwork","floor":10}],"player_experience":285670,"relics_obtained":[{"floor":7,"key":"Ninja Scroll"},{"floor":9,"key":"Sundial"}],"event_choices":[{"damage_healed":0,"gold_gain":0,"player_choice":"Entered Light","damage_taken":14,"max_hp_gain":0,"max_hp_loss":0,"event_name":"Shining Light","floor":4,"gold_loss":0,"cards_upgraded":["Survivor","Underhanded Strike"]},{"cards_removed":["Defend_G"],"damage_healed":0,"gold_gain":0,"player_choice":"Purged","damage_taken":0,"max_hp_gain":0,"max_hp_loss":0,"event_name":"Purifier","floor":5,"gold_loss":0}],"is_beta":false,"boss_relics":[],"items_purged_floors":[],"is_endless":false,"potions_floor_spawned":[1,8],"killed_by":"Gremlin Nob","ascension_level":2}}