{"host":"st1kg310ms6sytc5","time":1607512458,"event":{"gold_per_floor":[212,225,400,145,145,175,175,186,255,290,309,339,339,339,339,339,339],"floor_reached":16,"playtime":665,"items_purged":["Doubt"],"score":124,"play_id":"a9b30f75-4d4b-49ad-8788-1522dd9634d9","local_time":"20201209191418","is_ascension_mode":true,"campfire_choices":[{"data":"Koishi:Ego","floor":7.0,"key":"SMITH"},{"data":"Koishi:ParalyzingFear","floor":13,"key":"SMITH"},{"data":"Koishi:FleetingPhantom","floor":15,"key":"SMITH"}],"neow_cost":"NONE","seed_source_timestamp":1907031287528400,"circlet_count":0,"master_deck":["Koishi:BasicStrike","Koishi:BasicStrike","Koishi:BasicDefend","Koishi:BasicDefend","Koishi:BasicDefend","Koishi:BasicDefend","Koishi:Provoke","Koishi:HauntingSlash","Core Surge","Koishi:TraumaticStroke","Koishi:DreadfulBlow","Koishi:UnconsciousUrges","Koishi:Ego+1","Koishi:ParalyzingFear+1","Koishi:MassHysteria","Koishi:FleetingPhantom+1","Koishi:RuptureMind+1"],"special_seed":0,"relics":["Koishi:ImaginaryFriend","REME_ComplimentaryCards","Centennial Puzzle","PreservedInsect","Frozen Egg 2","Pen Nib","Molten Egg 2"],"potions_floor_usage":[],"damage_taken":[{"damage":1.0,"enemies":"Jaw Worm","floor":1.0,"turns":5.0},{"damage":0.0,"enemies":"2 Louse","floor":2.0,"turns":2.0},{"damage":26.0,"enemies":"Lagavulin","floor":6.0,"turns":10.0},{"damage":0.0,"enemies":"Cultist","floor":8.0,"turns":3.0},{"damage":4.0,"enemies":"Gremlin Nob","floor":10.0,"turns":3.0},{"damage":0.0,"enemies":"3 Louse","floor":11.0,"turns":1.0},{"damage":11,"enemies":"Lagavulin","floor":12,"turns":6},{"damage":32,"enemies":"Hexaghost","floor":16,"turns":10}],"seed_played":"-2700820310122050681","potions_obtained":[{"floor":6.0,"key":"Dexterity Potion"},{"floor":11.0,"key":"Dota2Spire:HealingSalve"}],"is_trial":false,"path_per_floor":["M","M","?","$","?","E","R","M","T","E","M","E","R","?","R","B"],"character_chosen":"KOISHI","items_purchased":["Centennial Puzzle","Koishi:UnconsciousUrges"],"campfire_rested":0,"item_purchase_floors":[4,4],"current_hp_per_floor":[60,60,60,60,60,39,39,41,41,39,39,32,32,32,32,0,0],"gold":339,"neow_bonus":"HUNDRED_GOLD","is_prod":false,"is_daily":false,"chose_seed":false,"campfire_upgraded":3,"win_rate":0,"timestamp":1607512458,"path_taken":["M","M","?","$","?","E","R","M","T","E","?","E","R","?","R","BOSS"],"build_version":"2020-11-30","purchased_purges":1,"victory":false,"max_hp_per_floor":[60,60,60,60,60,60,60,60,60,60,60,60,60,60,60,60,60],"relic_stats":{"Centennial Puzzle":[4],"counters":[8,40],"PreservedInsect":55,"Pen Nib":[2],"obtain_stats":[{"Centennial Puzzle":4,"Molten Egg 2":12,"PreservedInsect":6,"Pen Nib":10,"Frozen Egg 2":9,"Koishi:ImaginaryFriend":0,"REME_ComplimentaryCards":0},{"Centennial Puzzle":2,"Molten Egg 2":7,"PreservedInsect":3,"Pen Nib":5,"Frozen Egg 2":4,"Koishi:ImaginaryFriend":0,"REME_ComplimentaryCards":0},{"Centennial Puzzle":7,"Molten Egg 2":30,"PreservedInsect":17,"Pen Nib":23,"Frozen Egg 2":20,"Koishi:ImaginaryFriend":0,"REME_ComplimentaryCards":0}]},"card_choices":[{"not_picked":["Koishi:ReflexRadar","Koishi:UnansweredLove"],"picked":"Koishi:TraumaticStroke","floor":1.0},{"not_picked":["Koishi:HeartfeltFancy","Koishi:RacingHeart"],"picked":"Koishi:DreadfulBlow","floor":2.0},{"not_picked":["Koishi:StingingMind","Koishi:FleetingPhantom"],"picked":"Koishi:Ego","floor":6.0},{"not_picked":["Koishi:PhantomBarrier","Koishi:Prune"],"picked":"Koishi:ParalyzingFear","floor":8.0},{"not_picked":["Koishi:SpiritedAway","Koishi:ReflexRadar"],"picked":"Koishi:MassHysteria","floor":10.0},{"not_picked":["Koishi:SubconsciousSweep","Koishi:RorschachInDanmaku"],"picked":"Koishi:ConditionedTeleport","floor":11.0},{"not_picked":["Koishi:ApparitionsStalkTheNight","Koishi:UnseenTerror+1"],"picked":"Koishi:FleetingPhantom","floor":12}],"player_experience":1401154,"relics_obtained":[{"floor":6.0,"key":"PreservedInsect"},{"floor":9.0,"key":"Frozen Egg 2"},{"floor":10.0,"key":"Pen Nib"},{"floor":12,"key":"Molten Egg 2"}],"event_choices":[{"damage_healed":0.0,"max_hp_gain":0.0,"max_hp_loss":0.0,"gold_gain":175.0,"event_name":"Liars Game","player_choice":"AGREE","floor":3.0,"gold_loss":0.0,"damage_taken":0.0,"cards_obtained":["Doubt"]},{"cards_removed":["Koishi:BasicStrike"],"damage_healed":0.0,"max_hp_gain":0.0,"max_hp_loss":0.0,"gold_gain":0.0,"event_name":"Bonfire Elementals","player_choice":"Offered Basic","floor":5.0,"gold_loss":0.0,"damage_taken":0.0},{"damage_healed":0,"gold_gain":0,"cards_transformed":["Koishi:BasicStrike"],"player_choice":"Change","damage_taken":0,"max_hp_gain":0,"max_hp_loss":0,"event_name":"Living Wall","floor":14,"gold_loss":0,"cards_obtained":["Koishi:RuptureMind"]}],"is_beta":false,"boss_relics":[],"items_purged_floors":[4],"is_endless":false,"potions_floor_spawned":[6,11],"killed_by":"Hexaghost","ascension_level":1}}