{"host":"5mo0809oo9tcrmpl","time":1607481870,"event":{"gold_per_floor":[18,38,52,72,72,72,84,84,84,84,84],"floor_reached":10,"playtime":612,"items_purged":[],"score":120,"play_id":"d86e63b6-73aa-4aaf-b37c-bab8f448b3e1","local_time":"20201208204430","is_ascension_mode":true,"campfire_choices":[{"floor":6,"key":"REST"},{"floor":8,"key":"REST"}],"neow_cost":"NO_GOLD","seed_source_timestamp":867955210482200,"circlet_count":0,"master_deck":["AscendersBane","Strike_G","Strike_G","Strike_G","Defend_G","Defend_G","Defend_G","Defend_G","Defend_G","Survivor","Neutralize","Bullet Time","Tactician","Riddle With Holes","Cloak And Dagger","Infinite Blades","Slice","Decay","All Out Attack"],"special_seed":0,"relics":["Ring of the Snake","Ornamental Fan"],"potions_floor_usage":[7,10],"damage_taken":[{"damage":25.0,"enemies":"Jaw Worm","floor":1.0,"turns":9.0},{"damage":11.0,"enemies":"Cultist","floor":2.0,"turns":6.0},{"damage":0.0,"enemies":"Small Slimes","floor":3.0,"turns":4.0},{"damage":5,"enemies":"3 Louse","floor":4,"turns":5},{"damage":26,"enemies":"Lots of Slimes","floor":7,"turns":5},{"damage":31,"enemies":"3 Sentries","floor":10,"turns":8}],"seed_played":"-2447254423474302577","potions_obtained":[{"floor":3.0,"key":"ColorlessPotion"},{"floor":4,"key":"LiquidBronze"}],"is_trial":false,"path_per_floor":["M","M","M","M","?","R","M","R","T","E"],"character_chosen":"THE_SILENT","items_purchased":[],"campfire_rested":2,"item_purchase_floors":[],"current_hp_per_floor":[34,23,23,18,18,37,11,30,30,0,0],"gold":84,"neow_bonus":"TRANSFORM_TWO_CARDS","is_prod":false,"is_daily":false,"chose_seed":false,"campfire_upgraded":0,"win_rate":0,"timestamp":1607481870,"path_taken":["M","M","M","M","?","R","M","R","T","E"],"build_version":"2020-11-30","purchased_purges":0,"victory":false,"max_hp_per_floor":[66,66,66,66,66,66,66,66,66,66,66],"relic_stats":{"counters":[6,37],"Ornamental Fan":[8],"obtain_stats":[{"Ornamental Fan":9,"Ring of the Snake":0},{"Ornamental Fan":5,"Ring of the Snake":0},{"Ornamental Fan":29,"Ring of the Snake":0}],"Ring of the Snake":[12]},"card_choices":[{"not_picked":["Blade Dance","Reflex"],"picked":"Riddle With Holes","floor":1.0},{"not_picked":["Dodge and Roll","Calculated Gamble"],"picked":"Cloak And Dagger","floor":2.0},{"not_picked":["Underhanded Strike","Distraction"],"picked":"Infinite Blades","floor":3.0},{"not_picked":["Sucker Punch","Dagger Spray"],"picked":"Slice","floor":4},{"not_picked":["Choke","Reflex"],"picked":"All Out Attack","floor":7}],"player_experience":1234897,"relics_obtained":[{"floor":9,"key":"Ornamental Fan"}],"event_choices":[{"damage_healed":0,"gold_gain":0,"player_choice":"Cursed","damage_taken":0,"max_hp_gain":0,"max_hp_loss":0,"event_name":"Wheel of Change","floor":5,"gold_loss":0,"cards_obtained":["Decay"]}],"is_beta":false,"boss_relics":[],"items_purged_floors":[],"is_endless":false,"potions_floor_spawned":[3,4],"killed_by":"3 Sentries","ascension_level":20}}