{"host":"e87rn453naquue3h","time":1607496423,"event":{"gold_per_floor":[213,224,299,8,8,8,41,53,53,53,69,86,86,121,121,226,226,239,255,354,73,73,73,88,102,102,130,164,164,191,271,271,373,373,383,383,400,411,424,424,443,443,443],"floor_reached":42,"playtime":5163,"items_purged":[],"score":582,"play_id":"7576f16b-5f45-45b1-8b71-5e09e1da3da8","local_time":"20201209014703","is_ascension_mode":true,"campfire_choices":[{"data":"Eruption","floor":6,"key":"SMITH"},{"floor":10,"key":"REST"},{"floor":13,"key":"REST"},{"data":"Adaptation","floor":15,"key":"SMITH"},{"data":"TalkToTheHand","floor":23,"key":"SMITH"},{"data":"SpiritShield","floor":29,"key":"SMITH"},{"data":"InnerPeace","floor":32,"key":"SMITH"},{"floor":40,"key":"REST"}],"neow_cost":"NONE","seed_source_timestamp":27050146450400,"circlet_count":0,"master_deck":["Strike_P+1","Strike_P","Strike_P","Strike_P","Defend_P","Defend_P","Defend_P","Eruption+1","Vigilance","Indignation","TalkToTheHand+1","Brilliance","Adaptation+1","Crescendo","ClearTheMind","Tantrum","TalkToTheHand","Brilliance","WheelKick+1","DevaForm","Shame","InnerPeace+1","SpiritShield+1","Alpha","Parasite"],"relics":["PureWater","Anchor","Sundial","Eternal Feather","MealTicket","Snecko Eye","Whetstone","Molten Egg 2","Bottled Tornado","Red Mask","Tiny Chest","Bag of Preparation","Meat on the Bone","Black Star"],"potions_floor_usage":[16,28,33,39,39,42,42],"damage_taken":[{"damage":0,"enemies":"Cultist","floor":1,"turns":3},{"damage":0,"enemies":"Small Slimes","floor":2,"turns":3},{"damage":31,"enemies":"3 Sentries","floor":7,"turns":5},{"damage":3,"enemies":"Jaw Worm","floor":8,"turns":4},{"damage":11,"enemies":"Large Slime","floor":11,"turns":3},{"damage":1,"enemies":"Looter","floor":12,"turns":2},{"damage":1,"enemies":"Lagavulin","floor":14,"turns":5},{"damage":42,"enemies":"Hexaghost","floor":16,"turns":5},{"damage":2,"enemies":"3 Byrds","floor":18,"turns":3},{"damage":11,"enemies":"Spheric Guardian","floor":19,"turns":3},{"damage":0,"enemies":"Centurion and Healer","floor":24,"turns":3},{"damage":3,"enemies":"Chosen and Byrds","floor":25,"turns":3},{"damage":1,"enemies":"Masked Bandits","floor":27,"turns":2},{"damage":27,"enemies":"Slavers","floor":28,"turns":4},{"damage":2,"enemies":"Gremlin Leader","floor":30,"turns":3},{"damage":21,"enemies":"Champ","floor":33,"turns":6},{"damage":0,"enemies":"3 Shapes","floor":35,"turns":5},{"damage":23,"enemies":"3 Darklings","floor":37,"turns":4},{"damage":0,"enemies":"Maw","floor":38,"turns":5},{"damage":21,"enemies":"Writhing Mass","floor":39,"turns":5},{"damage":0,"enemies":"Jaw Worm Horde","floor":41,"turns":1},{"damage":69,"enemies":"Nemesis","floor":42,"turns":6}],"seed_played":"5658101675587184302","potions_obtained":[{"floor":2,"key":"LiquidBronze"},{"floor":12,"key":"Energy Potion"},{"floor":14,"key":"PowerPotion"},{"floor":19,"key":"SpeedPotion"},{"floor":24,"key":"PowerPotion"},{"floor":33,"key":"Dexterity Potion"},{"floor":36,"key":"PowerPotion"},{"floor":36,"key":"ColorlessPotion"},{"floor":41,"key":"DuplicationPotion"}],"is_trial":false,"path_per_floor":["M","M","?","$","?","R","E","M","T","R","M","M","R","E","R","B",null,"M","M","?","$","?","R","M","M","T","?","E","R","E","T","R","B",null,"M","?","M","M","M","R","M","E"],"character_chosen":"WATCHER","items_purchased":["Anchor","Brilliance","DevaForm","Whetstone"],"campfire_rested":3,"item_purchase_floors":[4,4,21,21],"current_hp_per_floor":[65,65,54,54,47,47,16,13,13,40,29,28,58,57,66,24,60,58,47,47,62,62,72,72,69,69,68,41,53,51,51,63,42,65,65,65,42,42,33,69,69,0,0],"gold":443,"neow_bonus":"HUNDRED_GOLD","is_prod":false,"is_daily":false,"chose_seed":false,"campfire_upgraded":5,"win_rate":0,"timestamp":1607496423,"path_taken":["M","?","?","$","?","R","E","M","T","R","M","M","R","E","R","BOSS","M","M","?","$","?","R","M","M","T","?","E","R","E","?","R","BOSS","M","?","M","M","M","R","M","E"],"build_version":"2020-11-30","purchased_purges":0,"victory":false,"max_hp_per_floor":[72,72,72,72,72,72,72,72,72,72,72,72,72,72,72,72,72,72,72,72,72,72,72,72,72,72,72,72,72,72,72,72,72,72,72,72,72,72,72,72,72,72,72],"relic_stats":{"counters":[22,83],"Sundial":[12],"Snecko Eye":[111,95,102,102],"Eternal Feather":73,"MealTicket":15,"Tiny Chest":0,"Bag of Preparation":[14],"Black Star":0,"Whetstone":["WheelKick","Strike_P"],"obtain_stats":[{"Eternal Feather":9,"Bag of Preparation":30,"Whetstone":21,"Bottled Tornado":26,"Anchor":4,"Sundial":7,"Snecko Eye":17,"MealTicket":14,"Molten Egg 2":22,"Tiny Chest":28,"Red Mask":27,"Black Star":34,"PureWater":0,"Meat on the Bone":31},{"Eternal Feather":4,"Bag of Preparation":15,"Whetstone":10,"Bottled Tornado":12,"Anchor":2,"Sundial":3,"Snecko Eye":8,"MealTicket":7,"Molten Egg 2":10,"Tiny Chest":14,"Red Mask":13,"Black Star":16,"PureWater":0,"Meat on the Bone":15},{"Eternal Feather":15,"Bag of Preparation":51,"Whetstone":36,"Bottled Tornado":42,"Anchor":6,"Sundial":11,"Snecko Eye":30,"MealTicket":25,"Molten Egg 2":36,"Tiny Chest":48,"Red Mask":44,"Black Star":57,"PureWater":0,"Meat on the Bone":51}],"Meat on the Bone":12},"card_choices":[{"not_picked":["Evaluate","FlyingSleeves"],"picked":"Indignation","floor":1},{"not_picked":["Conclude","ClearTheMind"],"picked":"TalkToTheHand","floor":2},{"not_picked":["Prostrate","DevaForm"],"picked":"Adaptation","floor":7},{"not_picked":["FearNoEvil","CrushJoints"],"picked":"Crescendo","floor":8},{"not_picked":["SashWhip","FollowUp"],"picked":"ClearTheMind","floor":11},{"not_picked":["Crescendo","FlurryOfBlows"],"picked":"Tantrum","floor":12},{"not_picked":["Crescendo","Prostrate"],"picked":"TalkToTheHand","floor":14},{"not_picked":["DevaForm","Establishment"],"picked":"Brilliance","floor":16},{"not_picked":["Crescendo+1","PathToVictory"],"picked":"WheelKick","floor":18},{"not_picked":["ThirdEye","SashWhip+1","Halt"],"picked":"SKIP","floor":19},{"not_picked":["BowlingBash+1","FlyingSleeves+1","FollowUp+1"],"picked":"SKIP","floor":24},{"not_picked":["JustLucky+1","FlurryOfBlows+1"],"picked":"InnerPeace","floor":25},{"not_picked":["Worship","Wireheading"],"picked":"SpiritShield","floor":28},{"not_picked":["TalkToTheHand+1","ForeignInfluence","FlurryOfBlows+1"],"picked":"SKIP","floor":30},{"not_picked":["Judgement","Brilliance+1"],"picked":"Alpha","floor":33},{"not_picked":["Meditate","Collect+1","Weave+1"],"picked":"SKIP","floor":35},{"not_picked":["Adaptation+1","ThirdEye","SashWhip+1"],"picked":"SKIP","floor":37},{"not_picked":["Prostrate","ForeignInfluence","BowlingBash+1"],"picked":"SKIP","floor":38},{"not_picked":["Prostrate","Collect","Nirvana+1"],"picked":"SKIP","floor":39},{"not_picked":["FlurryOfBlows+1","Evaluate+1","SashWhip+1"],"picked":"SKIP","floor":41}],"player_experience":2207678,"relics_obtained":[{"floor":7,"key":"Sundial"},{"floor":9,"key":"Eternal Feather"},{"floor":14,"key":"MealTicket"},{"floor":26,"key":"Bottled Tornado"},{"floor":27,"key":"Red Mask"},{"floor":28,"key":"Tiny Chest"},{"floor":30,"key":"Bag of Preparation"},{"floor":31,"key":"Meat on the Bone"}],"event_choices":[{"damage_healed":0,"gold_gain":75,"player_choice":"Gather Gold","damage_taken":11,"max_hp_gain":0,"max_hp_loss":0,"event_name":"World of Goop","floor":3,"gold_loss":0},{"cards_removed":["Defend_P"],"damage_healed":0,"gold_gain":0,"player_choice":"Card Removal","damage_taken":7,"max_hp_gain":0,"max_hp_loss":0,"event_name":"Golden Wing","floor":5,"gold_loss":0},{"damage_healed":0,"gold_gain":99,"player_choice":"Stole From Cult","damage_taken":0,"max_hp_gain":0,"max_hp_loss":0,"event_name":"Nest","floor":20,"gold_loss":0},{"damage_healed":0,"gold_gain":0,"player_choice":"Stole Relic","damage_taken":0,"relics_obtained":["Molten Egg 2"],"max_hp_gain":0,"max_hp_loss":0,"event_name":"Addict","floor":22,"gold_loss":0,"cards_obtained":["Shame"]},{"damage_healed":0,"gold_gain":0,"player_choice":"Fought Bandits","damage_taken":0,"max_hp_gain":0,"max_hp_loss":0,"event_name":"Masked Bandits","floor":27,"gold_loss":0},{"damage_healed":0,"gold_gain":0,"player_choice":"Got Potions","damage_taken":0,"max_hp_gain":0,"max_hp_loss":0,"event_name":"Lab","floor":36,"gold_loss":0}],"is_beta":false,"boss_relics":[{"not_picked":["Runic Dome","Fusion Hammer"],"picked":"Snecko Eye"},{"not_picked":["Coffee Dripper","Runic Pyramid"],"picked":"Black Star"}],"items_purged_floors":[],"is_endless":false,"potions_floor_spawned":[2,12,14,19,24,27,33,41],"killed_by":"Nemesis","ascension_level":6}}