{"host":"2461dio7vetlq1z3","time":1607520224,"event":{"gold_per_floor":[112,62,81,81,81,107,145,199,199,199,218,218,246,246,246,351,351,369,380,295,54,54,87,130,130,130],"floor_reached":25,"playtime":1471,"items_purged":["Conclude"],"score":345,"play_id":"a6ef8fda-c9a6-459d-8a49-df2d8403a638","local_time":"20201209142344","is_ascension_mode":true,"campfire_choices":[{"data":"Wish","floor":10,"key":"SMITH"},{"data":"SignatureMove","floor":12,"key":"SMITH"},{"data":"Eruption","floor":15,"key":"SMITH"}],"neow_cost":"NONE","seed_source_timestamp":359637539822500,"circlet_count":0,"master_deck":["Strike_P","Strike_P+1","Strike_P+1","Defend_P+1","Defend_P","Defend_P+1","Eruption+1","Vigilance","Pray","MentalFortress","Wish+1","Pray","SignatureMove+1","Prostrate+1","Ragnarok","SandsOfTime","ThirdEye+1","Blind+1","Wish+1","Collect+1","FlyingSleeves"],"relics":["PureWater","Whetstone","LetterFromLob","Pear","Omamori","Toxic Egg 2","The Courier","SlaversCollar","Ornamental Fan","Anchor","War Paint"],"potions_floor_usage":[13,16,24,24,24],"damage_taken":[{"damage":3,"enemies":"Jaw Worm","floor":1,"turns":4},{"damage":0,"enemies":"2 Louse","floor":3,"turns":2},{"damage":2,"enemies":"Lagavulin","floor":6,"turns":5},{"damage":5,"enemies":"Small Slimes","floor":7,"turns":6},{"damage":47,"enemies":"Gremlin Nob","floor":8,"turns":5},{"damage":13,"enemies":"Blue Slaver","floor":11,"turns":5},{"damage":0,"enemies":"Lagavulin","floor":13,"turns":5},{"damage":0,"enemies":"Slime Boss","floor":16,"turns":4},{"damage":12,"enemies":"Shell Parasite","floor":18,"turns":3},{"damage":0,"enemies":"Spheric Guardian","floor":19,"turns":2},{"damage":7,"enemies":"Book of Stabbing","floor":23,"turns":5},{"damage":42,"enemies":"Cultist and Chosen","floor":24,"turns":13},{"damage":21,"enemies":"Gremlin Leader","floor":25,"turns":3}],"seed_played":"-5488276379182174802","potions_obtained":[{"floor":1,"key":"AttackPotion"},{"floor":8,"key":"DistilledChaos"},{"floor":11,"key":"Strength Potion"},{"floor":16,"key":"LiquidMemories"},{"floor":19,"key":"Weak Potion"}],"is_trial":false,"path_per_floor":["M","?","M","?","?","E","M","E","T","R","M","R","E","M","R","B",null,"M","M","?","$","?","E","M","E"],"character_chosen":"WATCHER","items_purchased":["Anchor","Blind+1"],"campfire_rested":0,"item_purchase_floors":[21,21],"current_hp_per_floor":[69,69,69,62,70,78,73,26,26,26,13,13,13,13,13,13,82,70,70,70,70,70,63,21,0,0],"gold":130,"neow_bonus":"RANDOM_COMMON_RELIC","is_prod":false,"is_daily":false,"chose_seed":false,"campfire_upgraded":3,"win_rate":0,"timestamp":1607520224,"path_taken":["M","?","M","?","?","E","M","E","T","R","M","R","E","M","R","BOSS","M","M","?","$","?","E","M","E"],"build_version":"2020-11-30","purchased_purges":1,"victory":false,"max_hp_per_floor":[72,72,72,72,72,82,82,82,82,82,82,82,82,82,82,82,82,82,82,82,82,82,82,82,82,82],"relic_stats":{"counters":[13,62],"Ornamental Fan":[4],"Whetstone":["Strike_P","Strike_P"],"War Paint":["Defend_P","Defend_P"],"obtain_stats":[{"SlaversCollar":17,"Anchor":21,"Pear":6,"Ornamental Fan":20,"The Courier":13,"LetterFromLob":1,"Omamori":8,"Whetstone":0,"PureWater":0,"Toxic Egg 2":9,"War Paint":23},{"SlaversCollar":8,"Anchor":10,"Pear":3,"Ornamental Fan":10,"The Courier":7,"LetterFromLob":1,"Omamori":5,"Whetstone":0,"PureWater":0,"Toxic Egg 2":5,"War Paint":11},{"SlaversCollar":36,"Anchor":41,"Pear":11,"Ornamental Fan":41,"The Courier":32,"LetterFromLob":4,"Omamori":22,"Whetstone":0,"PureWater":0,"Toxic Egg 2":22,"War Paint":46}]},"card_choices":[{"not_picked":["ForeignInfluence","FollowUp"],"picked":"Pray","floor":1},{"not_picked":["Nirvana","ClearTheMind"],"picked":"MentalFortress","floor":3},{"not_picked":["MentalFortress","BowlingBash"],"picked":"Wish","floor":6},{"not_picked":["Prostrate","LikeWater"],"picked":"Pray","floor":7},{"not_picked":["Collect","Crescendo"],"picked":"Conclude","floor":8},{"not_picked":["SashWhip","Prostrate+1"],"picked":"SignatureMove","floor":11},{"not_picked":["Crescendo+1","FlurryOfBlows"],"picked":"Prostrate+1","floor":13},{"not_picked":["Vault+1","ConjureBlade+1"],"picked":"Ragnarok","floor":16},{"not_picked":["Crescendo+1","BowlingBash"],"picked":"SandsOfTime","floor":18},{"not_picked":["Prostrate+1","BowlingBash"],"picked":"ThirdEye+1","floor":19},{"not_picked":["Tantrum","Halt+1"],"picked":"Collect+1","floor":23},{"not_picked":["FollowUp","PathToVictory+1"],"picked":"FlyingSleeves","floor":24}],"player_experience":589973,"relics_obtained":[{"floor":1,"key":"LetterFromLob"},{"floor":6,"key":"Pear"},{"floor":8,"key":"Omamori"},{"floor":9,"key":"Toxic Egg 2"},{"floor":13,"key":"The Courier"},{"floor":23,"key":"War Paint"}],"event_choices":[{"cards_removed":["Strike_P"],"damage_healed":0,"gold_gain":0,"player_choice":"Card Removal","damage_taken":0,"max_hp_gain":0,"max_hp_loss":0,"event_name":"The Cleric","floor":2,"gold_loss":50},{"cards_removed":["Defend_P"],"damage_healed":0,"gold_gain":0,"player_choice":"Card Removal","damage_taken":7,"max_hp_gain":0,"max_hp_loss":0,"event_name":"Golden Wing","floor":4,"gold_loss":0},{"damage_healed":0,"gold_gain":0,"player_choice":"Obtained Relic","damage_taken":0,"relics_obtained":["Ornamental Fan"],"max_hp_gain":0,"max_hp_loss":0,"event_name":"Addict","floor":20,"gold_loss":85},{"damage_healed":0,"gold_gain":0,"player_choice":"Copied","damage_taken":0,"max_hp_gain":0,"max_hp_loss":0,"event_name":"Duplicator","floor":22,"gold_loss":0,"cards_obtained":["Wish"]}],"is_beta":false,"boss_relics":[{"not_picked":["SacredBark","Black Star"],"picked":"SlaversCollar"}],"items_purged_floors":[21],"is_endless":false,"potions_floor_spawned":[1,8,11,16,19],"killed_by":"Gremlin Leader","ascension_level":2}}