{"host":"08sn1703g14rasc1","time":1607547367,"event":{"gold_per_floor":[16,32,32,32,32,32,61,61,86,116,116,145,145,162,162,266,266,284,284,170,269,269,269,302,302,302,319,319,319],"floor_reached":28,"playtime":1001,"items_purged":["Shame"],"score":324,"play_id":"c269452e-a417-4421-9b29-63e8109f9b31","local_time":"20201209125607","is_ascension_mode":true,"campfire_choices":[{"floor":6,"key":"REST"},{"floor":8,"key":"REST"},{"floor":11,"key":"REST"},{"floor":13,"key":"REST"},{"floor":15,"key":"RECALL"},{"data":"Barricade","floor":23,"key":"SMITH"}],"neow_cost":"NO_GOLD","seed_source_timestamp":2312234084400,"circlet_count":0,"master_deck":["Strike_R","Strike_R","Defend_R+1","Defend_R+1","Defend_R","Bash","Dual Wield","Rupture","Hemokinesis","Uppercut","Whirlwind","Double Tap+1","Whirlwind","Battle Trance+1","Armaments+1","Disarm+1","Barricade+1","Power Through+1","Fire Breathing","Warcry+1","Clumsy"],"relics":["Burning Blood","Toy Ornithopter","Dream Catcher","Toxic Egg 2","Odd Mushroom","Cursed Key","Sundial","Nilry\u0027s Codex","Torii","Blue Candle","Mercury Hourglass"],"potions_floor_usage":[24,27],"damage_taken":[{"damage":11,"enemies":"2 Louse","floor":1,"turns":3},{"damage":11,"enemies":"Small Slimes","floor":2,"turns":3},{"damage":32,"enemies":"3 Sentries","floor":7,"turns":8},{"damage":25,"enemies":"Lagavulin","floor":10,"turns":5},{"damage":15,"enemies":"The Mushroom Lair","floor":12,"turns":3},{"damage":0,"enemies":"Cultist","floor":14,"turns":3},{"damage":29,"enemies":"Hexaghost","floor":16,"turns":10},{"damage":3,"enemies":"3 Byrds","floor":18,"turns":3},{"damage":44,"enemies":"Slavers","floor":24,"turns":3},{"damage":16,"enemies":"Shell Parasite","floor":27,"turns":6},{"damage":26,"enemies":"Centurion and Healer","floor":28,"turns":3}],"seed_played":"-4817411737856381377","potions_obtained":[{"floor":7,"key":"FearPotion"},{"floor":10,"key":"EssenceOfSteel"},{"floor":12,"key":"SteroidPotion"}],"is_trial":false,"path_per_floor":["M","M","?","?","?","R","E","R","T","E","R","?","R","M","R","B",null,"M","?","$","?","?","R","E","?","T","M","M"],"character_chosen":"IRONCLAD","items_purchased":["Fire Breathing"],"campfire_rested":4,"item_purchase_floors":[20],"current_hp_per_floor":[67,62,62,46,39,63,37,61,61,42,66,57,80,80,80,57,74,77,77,77,77,61,61,28,28,28,23,0,0],"gold":319,"neow_bonus":"TRANSFORM_TWO_CARDS","is_prod":false,"is_daily":false,"chose_seed":false,"campfire_upgraded":1,"win_rate":0,"timestamp":1607547367,"path_taken":["M","M","?","?","?","R","E","R","T","E","R","?","R","M","R","BOSS","M","?","$","?","?","R","E","?","T","M","M"],"build_version":"2020-11-30","purchased_purges":1,"victory":false,"max_hp_per_floor":[80,80,80,80,80,80,80,80,80,80,80,80,80,80,80,80,80,80,80,80,80,80,80,80,80,80,80,80,80],"card_choices":[{"not_picked":["True Grit","Rampage"],"picked":"Hemokinesis","floor":1},{"not_picked":["Clothesline","Pommel Strike","Headbutt"],"picked":"SKIP","floor":2},{"not_picked":["True Grit","Disarm"],"picked":"Whirlwind","floor":7},{"not_picked":["Sever Soul","Dual Wield+1"],"picked":"Double Tap+1","floor":10},{"not_picked":["Shrug It Off+1","Dual Wield+1"],"picked":"Whirlwind","floor":11},{"not_picked":["Entrench+1","Havoc+1"],"picked":"Battle Trance+1","floor":12},{"not_picked":["Twin Strike","Heavy Blade"],"picked":"Armaments+1","floor":13},{"not_picked":["Dark Embrace","Twin Strike"],"picked":"Disarm+1","floor":14},{"not_picked":["Corruption","Exhume+1"],"picked":"Barricade","floor":16},{"not_picked":["Evolve","Clothesline"],"picked":"Power Through+1","floor":18},{"not_picked":["Clash","Havoc+1"],"picked":"Warcry+1","floor":24},{"not_picked":["Thunderclap","Clash","Searing Blow"],"picked":"SKIP","floor":27}],"player_experience":385391,"relics_obtained":[{"floor":7,"key":"Toy Ornithopter"},{"floor":9,"key":"Dream Catcher"},{"floor":10,"key":"Toxic Egg 2"},{"floor":12,"key":"Odd Mushroom"},{"floor":22,"key":"Nilry\u0027s Codex"},{"floor":24,"key":"Torii"},{"floor":26,"key":"Mercury Hourglass"}],"event_choices":[{"damage_healed":0,"gold_gain":0,"cards_transformed":["Strike_R"],"player_choice":"Change","damage_taken":0,"max_hp_gain":0,"max_hp_loss":0,"event_name":"Living Wall","floor":3,"gold_loss":0,"cards_obtained":["Uppercut"]},{"damage_healed":0,"gold_gain":0,"player_choice":"Entered Light","damage_taken":16,"max_hp_gain":0,"max_hp_loss":0,"event_name":"Shining Light","floor":4,"gold_loss":0,"cards_upgraded":["Defend_R","Defend_R"]},{"cards_removed":["Strike_R"],"damage_healed":0,"gold_gain":0,"player_choice":"Card Removal","damage_taken":7,"max_hp_gain":0,"max_hp_loss":0,"event_name":"Golden Wing","floor":5,"gold_loss":0},{"damage_healed":0,"gold_gain":0,"player_choice":"Fought Mushrooms","damage_taken":0,"max_hp_gain":0,"max_hp_loss":0,"event_name":"Mushrooms","floor":12,"gold_loss":0},{"damage_healed":0,"gold_gain":0,"player_choice":"Stole Relic","damage_taken":0,"relics_obtained":["Sundial"],"max_hp_gain":0,"max_hp_loss":0,"event_name":"Addict","floor":19,"gold_loss":0,"cards_obtained":["Shame"]},{"damage_healed":0,"gold_gain":99,"player_choice":"Stole From Cult","damage_taken":0,"max_hp_gain":0,"max_hp_loss":0,"event_name":"Nest","floor":21,"gold_loss":0},{"damage_healed":0,"gold_gain":0,"player_choice":"Obtained Book","damage_taken":16,"max_hp_gain":0,"max_hp_loss":0,"event_name":"Cursed Tome","floor":22,"gold_loss":0},{"damage_healed":0,"gold_gain":0,"player_choice":"Gave Potion","damage_taken":0,"relics_obtained":["Blue Candle"],"max_hp_gain":0,"max_hp_loss":0,"event_name":"WeMeetAgain","floor":25,"gold_loss":0}],"is_beta":false,"boss_relics":[{"not_picked":["Runic Cube","Ectoplasm"],"picked":"Cursed Key"}],"items_purged_floors":[20],"is_endless":false,"potions_floor_spawned":[7,10,12,14,16,18],"killed_by":"Centurion and Healer","ascension_level":7}}