{"host":"c4mm8falyg7qgorf","time":1607503576,"event":{"gold_per_floor":[110,110,110,110,126,126,151,151,151,178,103,130,150,176,176,308,308,357,357,456,472,472,506,253,315,338,401,144,191,191,35,35,170,170,189,269,55,55,104,104,163,189,213,277,3,64,64,104,104,134,134,134,23,56,56],"floor_reached":56,"playtime":1941,"items_purged":["Blade Dance+1","ReachHeaven","Turbo"],"score":1277,"play_id":"105b5508-2885-4034-a2b1-cca7a3bd866e","local_time":"20201209164616","daily_mods":["SealedDeck","Chimera","Vintage","Diverse","Heirloom","Time Dilation","DeadlyEvents","Elite Swarm","Uncertain Future"],"is_ascension_mode":true,"campfire_choices":[{"floor":6,"key":"RECALL"},{"data":"Wish","floor":15,"key":"SMITH"},{"data":"Rainbow","floor":32,"key":"SMITH"},{"data":"Seeing Red","floor":40,"key":"SMITH"},{"data":"Turbo","floor":47,"key":"SMITH"},{"data":"REME_AllRoundStrike","floor":49,"key":"SMITH"},{"data":"DeusExMachina","floor":52,"key":"SMITH"}],"neow_cost":"NONE","seed_source_timestamp":0,"circlet_count":0,"master_deck":["Bash","Eruption","Strike_R","Strike_G+1","Strike_B+1","Defend_R","Defend_G","Defend_P","Cleave","Deadly Poison","ThirdEye","Twin Strike","Toxin Wave","Go for the Eyes","Turbo+1","REME_Repentance","REME_Repentance","REME_Cut","REME_AllRoundStrike+1","Malaise","Eruption","Venomology","Wish+1","Envenom+1","REME_ShadowForm+1","Rainbow+1","Creative AI+1","Feed","After Image+1","Seeing Red+1","Metallicize+1","Metallicize+1","DeusExMachina+1","Replay:ManipulateFuture","All For One","ReplayRNGCard","Apotheosis","Consecrate","Consecrate","Replay:Bag of Tricks"],"relics":["Cracked Core","replay:Trail_Library","REME_ComplimentaryCards","Ginger","Toy Ornithopter","NeowsBlessing","REME_LimitBreaker","Frozen Egg 2","StoneCalendar","Solar Panel","Whetstone","ReplayTheSpireMod:Ninjato","SacredBark","Omamori","NeowsBlessing","Bronze Scales","Gremlin Food","HornCleat","Bottled Lightning","Onion Ring","Gambling Chip","vexMod:Spyglass","MealTicket","ClockworkSouvenir","vexMod:CursedCompass","ReplayTheSpireMod:TigerMarble","Pocketwatch","REME_PuzzleBoxRelic","NeowsBlessing","Pet Ghost","Snack Pack","Blue Doll","Nunchaku","Blue Candle","Bag of Marbles","Singing Bowl","DataDisk","Boot"],"potions_floor_usage":[14,14,16,16,27,29,33,33,33,33,36,36,46,46,48,48,48,50,50,55,55],"damage_taken":[{"damage":8,"enemies":"Jaw Worm","floor":1,"turns":2},{"damage":0,"enemies":"Cultist","floor":5,"turns":1},{"damage":0,"enemies":"Lagavulin","floor":7,"turns":1},{"damage":0,"enemies":"3 Sentries","floor":10,"turns":1},{"damage":6,"enemies":"Gremlin Nob","floor":12,"turns":3},{"damage":7,"enemies":"Small Slimes","floor":13,"turns":2},{"damage":4,"enemies":"3 Sentries","floor":14,"turns":4},{"damage":6,"enemies":"Fading Forest","floor":16,"turns":9},{"damage":16,"enemies":"Chosen","floor":18,"turns":4},{"damage":0,"enemies":"2 Thieves","floor":21,"turns":1},{"damage":0,"enemies":"Book of Stabbing","floor":23,"turns":1},{"damage":12,"enemies":"Slavers","floor":25,"turns":1},{"damage":23,"enemies":"Book of Stabbing","floor":27,"turns":4},{"damage":5,"enemies":"Snake Plant","floor":29,"turns":3},{"damage":80,"enemies":"Collector","floor":33,"turns":9},{"damage":13,"enemies":"Orb Walker","floor":35,"turns":3},{"damage":22,"enemies":"2 Orb Walkers","floor":36,"turns":4},{"damage":3,"enemies":"3 Shapes","floor":39,"turns":1},{"damage":0,"enemies":"Reptomancer","floor":41,"turns":1},{"damage":0,"enemies":"Giant Head","floor":44,"turns":1},{"damage":11,"enemies":"Nemesis","floor":46,"turns":3},{"damage":3,"enemies":"Sphere and 2 Shapes","floor":48,"turns":2},{"damage":43,"enemies":"Awakened One","floor":50,"turns":8},{"damage":11,"enemies":"Shield and Spear","floor":54,"turns":4},{"damage":15,"enemies":"The Heart","floor":55,"turns":4}],"seed_played":"7913989652431949790","potions_obtained":[{"floor":10,"key":"AttackPotion"},{"floor":12,"key":"Adrenaline Potion"},{"floor":13,"key":"SkillPotion"},{"floor":16,"key":"SmokeBomb"},{"floor":18,"key":"EssenceOfSteel"},{"floor":21,"key":"SkillPotion"},{"floor":25,"key":"Toxic Potion"},{"floor":35,"key":"Strength Potion"},{"floor":39,"key":"Reflective Coating"},{"floor":44,"key":"Adrenaline Potion"},{"floor":48,"key":"Fire Potion"}],"is_trial":true,"path_per_floor":["M","?","WH","$","M","R","E","?","T","E","$","E","M","E","R","B",null,"M","WH","?","M","?","E","R","E","T","E","$","M","R","$","R","B",null,"M","?","$","WH","M","R","E","T","T","E","$","E","R","M","R","B",null,"R","$","E","B",null],"character_chosen":"DEFECT","items_purchased":["Bottled Lightning","vexMod:Spyglass","ClockworkSouvenir","REME_PuzzleBoxRelic","Metallicize+1","Bag of Marbles","Apotheosis","Consecrate"],"campfire_rested":0,"item_purchase_floors":[24,28,31,37,37,45,53,53],"current_hp_per_floor":[67,67,67,67,67,67,73,73,73,73,73,67,62,70,70,76,81,67,67,67,69,69,71,71,61,61,45,45,50,50,65,65,6,84,73,63,78,78,77,77,79,79,79,81,84,84,84,84,84,69,87,87,87,85,82],"gold":56,"neow_bonus":"THREE_ENEMY_KILL","is_prod":false,"is_daily":false,"chose_seed":false,"campfire_upgraded":6,"win_rate":0,"timestamp":1607503576,"path_taken":["M","?","WH","?","?","R","E","?","T","E","$","E","?","?","R","BOSS","M","WH","?","?","?","E","R","E","T","E","$","?","R","?","R","BOSS","M","?","$","WH","?","R","E","?","T","E","?","E","R","?","R","BOSS","R","$","E","BOSS"],"build_version":"2020-11-30","purchased_purges":3,"victory":true,"max_hp_per_floor":[75,75,75,75,75,75,81,81,81,81,81,81,81,81,81,81,81,81,81,81,81,81,81,81,81,81,81,81,84,84,84,84,84,84,84,84,84,84,84,84,84,84,84,84,84,84,84,84,84,87,87,87,87,91,91],"card_choices":[{"not_picked":["REME_EmptyShield","ReplayTheSpireMod:Necrosis"],"picked":"Malaise","floor":7},{"not_picked":["Vault","ReplayRNGCard"],"picked":"Venomology","floor":10},{"not_picked":["REME_TheLastStrike","Burst"],"picked":"Wish","floor":12},{"not_picked":["REME_EmptyShield","ReplayTheSpireMod:Necrosis"],"picked":"Envenom+1","floor":14},{"not_picked":["Core Surge","REME_WorshipGod"],"picked":"REME_ShadowForm+1","floor":16},{"not_picked":["REME_GrazeFinale","Fission"],"picked":"Rainbow","floor":23},{"not_picked":["Establishment+1","Scrawl"],"picked":"Creative AI+1","floor":25},{"not_picked":["Corpse Explosion","Venomology"],"picked":"Feed","floor":27},{"not_picked":["Reboot","Judgement"],"picked":"After Image+1","floor":33},{"not_picked":["ReplayTheSpireMod:Muscle Training+1","Compile Driver"],"picked":"Seeing Red","floor":36},{"not_picked":["Vault","Corruption+1"],"picked":"DeusExMachina","floor":41},{"not_picked":["Doppelganger","Reaper"],"picked":"All For One","floor":44},{"not_picked":["Bullet Time","REME_GrazeFinale"],"picked":"ReplayRNGCard","floor":46},{"not_picked":["REME_SpectralBlade","Bludgeon"],"picked":"Replay:Bag of Tricks","floor":54}],"player_experience":152960,"relics_obtained":[{"floor":1,"key":"Toy Ornithopter"},{"floor":5,"key":"REME_LimitBreaker"},{"floor":7,"key":"vexMod:BerryBomb"},{"floor":9,"key":"Frozen Egg 2"},{"floor":10,"key":"StoneCalendar"},{"floor":12,"key":"Solar Panel"},{"floor":13,"key":"Whetstone"},{"floor":14,"key":"ReplayTheSpireMod:Ninjato"},{"floor":18,"key":"Omamori"},{"floor":21,"key":"Bronze Scales"},{"floor":23,"key":"HornCleat"},{"floor":25,"key":"Onion Ring"},{"floor":27,"key":"Gambling Chip"},{"floor":29,"key":"MealTicket"},{"floor":35,"key":"ReplayTheSpireMod:TigerMarble"},{"floor":36,"key":"Pocketwatch"},{"floor":39,"key":"Pet Ghost"},{"floor":41,"key":"Snack Pack"},{"floor":42,"key":"Blue Doll"},{"floor":43,"key":"Nunchaku"},{"floor":44,"key":"Blue Candle"},{"floor":46,"key":"Singing Bowl"},{"floor":48,"key":"DataDisk"},{"floor":54,"key":"Boot"}],"event_choices":[{"cards_removed":["Survivor"],"damage_healed":0,"gold_gain":0,"player_choice":"Offered Basic","damage_taken":0,"max_hp_gain":0,"max_hp_loss":0,"event_name":"Bonfire Elementals","floor":2,"gold_loss":0},{"damage_healed":0,"gold_gain":99,"player_choice":"Stole From Cult","damage_taken":0,"max_hp_gain":0,"max_hp_loss":0,"event_name":"Nest","floor":20,"gold_loss":0},{"damage_healed":0,"gold_gain":0,"player_choice":"Stole Relic","damage_taken":0,"relics_obtained":["Gremlin Food"],"max_hp_gain":0,"max_hp_loss":0,"event_name":"Addict","floor":22,"gold_loss":0,"cards_obtained":["Shame"]},{"damage_healed":0,"gold_gain":0,"player_choice":"Fight","damage_taken":0,"max_hp_gain":0,"max_hp_loss":0,"event_name":"Mysterious Sphere","floor":36,"gold_loss":0}],"is_beta":false,"boss_relics":[{"not_picked":["Replay:Bronze Core","Kintsugi"],"picked":"SacredBark"},{"not_picked":["Replay:Ancient Bell","Calling Bell"],"picked":"vexMod:CursedCompass"}],"items_purged_floors":[11,28,45],"is_endless":false,"potions_floor_spawned":[10,12,13,16,18,21,25,35,39,44,48],"ascension_level":1}}