{"host":"eeb412nj2w7f9cz8","time":1607510370,"event":{"gold_per_floor":[116,116,291,291,301,301,301],"floor_reached":6,"playtime":343,"items_purged":[],"score":34,"play_id":"e91bdef0-e6ba-4131-8ec2-fd7803c0c7e4","local_time":"20201209183930","is_ascension_mode":false,"campfire_choices":[],"neow_cost":"NONE","seed_source_timestamp":4617494272928,"circlet_count":0,"master_deck":["LagranYue:BaseAttackCard","LagranYue:BaseAttackCard","LagranYue:BaseAttackCard","LagranYue:BaseDefendCard","LagranYue:BaseDefendCard","LagranYue:BaseDefendCard+1","LagranYue:AttackTopazCard+1","LagranYue:SkillBrokenSwordCard","LagranYue:BaseAttackCard","LagranYue:BaseDefendCard","Doubt","LagranYue:SkillLiberationCard"],"relics":["LagranYue:ArmsProficiencyRelics","LagranYue:RandomDrawCardRelic"],"potions_floor_usage":[6],"damage_taken":[{"damage":12,"enemies":"Small Slimes","floor":1,"turns":5},{"damage":0,"enemies":"2 Louse","floor":5,"turns":3},{"damage":45,"enemies":"3 Sentries","floor":6,"turns":7}],"seed_played":"-4626221903497975367","potions_obtained":[{"floor":5,"key":"Explosive Potion"}],"is_trial":false,"path_per_floor":["M","?","?","T","M","E"],"character_chosen":"LagranYueCharacter","items_purchased":[],"campfire_rested":0,"item_purchase_floors":[],"current_hp_per_floor":[70,54,54,54,54,9,9],"gold":301,"neow_bonus":"TEN_PERCENT_HP_BONUS","is_prod":false,"is_daily":false,"chose_seed":false,"campfire_upgraded":0,"win_rate":0.0,"timestamp":1607510370,"path_taken":["M","?","?","?","M","E"],"build_version":"2020-11-30","purchased_purges":0,"victory":false,"max_hp_per_floor":[82,82,82,82,82,82,82],"card_choices":[{"not_picked":["LagranYue:PrematureBurialCard","LagranYue:SkillFalseAerialAceCard","LagranYue:AttackBetterCard"],"picked":"SKIP","floor":1},{"not_picked":["LagranYue:SkillTestamentCard","LagranYue:AttackWaltzCard"],"picked":"LagranYue:SkillLiberationCard","floor":5}],"player_experience":87238,"relics_obtained":[],"event_choices":[{"damage_healed":0,"gold_gain":0,"player_choice":"Entered Light","damage_taken":16,"max_hp_gain":0,"max_hp_loss":0,"event_name":"Shining Light","floor":2,"gold_loss":0,"cards_upgraded":["LagranYue:AttackTopazCard","LagranYue:BaseDefendCard"]},{"damage_healed":0,"gold_gain":175,"player_choice":"AGREE","damage_taken":0,"max_hp_gain":0,"max_hp_loss":0,"event_name":"Liars Game","floor":3,"gold_loss":0,"cards_obtained":["Doubt"]}],"is_beta":false,"boss_relics":[],"items_purged_floors":[],"is_endless":false,"potions_floor_spawned":[5],"killed_by":"3 Sentries","ascension_level":0}}