{"host":"p0msvaaoy7lstm5q","time":1607549719,"event":{"gold_per_floor":[109,128,128,23,23,23,57,115,115,125,138,163,163,176,176,277,277,287,297,69,88,3,3,3,3,80,80,80],"floor_reached":27,"playtime":2216,"items_purged":[],"score":321,"play_id":"9936651c-8dde-4066-b40a-16c055210027","local_time":"20201209223519","is_ascension_mode":true,"campfire_choices":[{"floor":6.0,"key":"REST"},{"data":"Streamline","floor":15.0,"key":"SMITH"},{"data":"Crystallizer","floor":23,"key":"SMITH"}],"neow_cost":"","seed_source_timestamp":0,"circlet_count":0,"master_deck":["Rebound+1","Rebound","Rebound","Rebound","Force Field","Force Field","Force Field","Force Field","White Noise","Hello World","Streamline+1","Coolheaded","Crystallizer+1","Turbo","BasicCrystalCard","ReplayTheSpireMod:Splinters","Ball Lightning","Streamline+1","Beam Cell","Glacier","Turbo","Parasite","Go for the Eyes","Multi-Cast","Steam","Crystallizer+1","Turbo","Necronomicurse"],"special_seed":0,"relics":["Cracked Core","Ring of Fury","ReplayTheSpireMod:Ring of Challenge","Whetstone","ReplayTheSpireMod:TigerMarble","Gambling Chip","Toy Ornithopter","SacredBark","Replay:Rubber Ducky","StoneCalendar","Necronomicon","Quantum Egg"],"potions_floor_usage":[21,21,27],"damage_taken":[{"damage":12.0,"enemies":"Jaw Worm","floor":1.0,"turns":2.0},{"damage":8.0,"enemies":"2 Louse","floor":2.0,"turns":3.0},{"damage":0.0,"enemies":"HollowMod:MossKnight","floor":7.0,"turns":4.0},{"damage":3.0,"enemies":"Small Slimes","floor":10.0,"turns":1.0},{"damage":0.0,"enemies":"Blue Slaver","floor":11.0,"turns":1.0},{"damage":5.0,"enemies":"3 Sentries","floor":12.0,"turns":6.0},{"damage":0.0,"enemies":"Large Slime","floor":14.0,"turns":2.0},{"damage":10.0,"enemies":"Slime Boss","floor":16.0,"turns":7.0},{"damage":11.0,"enemies":"Spheric Guardian","floor":18.0,"turns":2.0},{"damage":0,"enemies":"3 Byrds","floor":19,"turns":3},{"damage":8,"enemies":"Snecko","floor":21,"turns":6},{"damage":39,"enemies":"Cultist and Chosen","floor":27,"turns":6}],"seed_played":"7998359911251275536","potions_obtained":[{"floor":2.0,"key":"BlessingOfTheForge"},{"floor":7.0,"key":"FearPotion"},{"floor":8.0,"key":"GamblersBrew"},{"floor":14.0,"key":"Energy Potion"},{"floor":18.0,"key":"Block Potion"}],"is_trial":false,"path_per_floor":["M","M","?","$","?","R","E","?","T","M","M","E","?","M","R","B",null,"M","M","$","M","?","R","?","$","T","M"],"character_chosen":"DEFECT","items_purchased":["Crystallizer+1","Turbo","Crystallizer","Replay:Rubber Ducky"],"campfire_rested":1,"item_purchase_floors":[4,4,20,20],"current_hp_per_floor":[45,37,37,37,30,47,47,47,47,44,44,39,53,57,57,47,57,46,46,46,48,48,48,32,32,32,0,0],"gold":80,"neow_bonus":"","is_prod":false,"is_daily":false,"chose_seed":false,"campfire_upgraded":2,"win_rate":0,"timestamp":1607549719,"path_taken":["M","M","?","$","?","R","E","?","T","M","M","E","?","?","R","BOSS","M","M","$","M","?","R","?","?","T","M"],"build_version":"2020-11-30","purchased_purges":0,"victory":false,"max_hp_per_floor":[57,57,57,57,57,57,57,57,57,57,57,57,57,57,57,57,57,57,57,57,57,57,57,57,57,57,57,57],"card_choices":[{"not_picked":["Rebound","Rip and Tear"],"picked":"Streamline","floor":1.0},{"not_picked":["Panic Button","Barrage"],"picked":"Coolheaded","floor":2.0},{"not_picked":["Fusion","Capacitor"],"picked":"BasicCrystalCard","floor":7.0},{"not_picked":["Machine Learning","Compile Driver"],"picked":"Ball Lightning","floor":8.0},{"not_picked":["Melter","Hello World"],"picked":"Streamline","floor":8.0},{"not_picked":["Undo","Turbo"],"picked":"Beam Cell","floor":10.0},{"not_picked":["Streamline","Redo"],"picked":"Glacier","floor":11.0},{"not_picked":["ReplayTheSpireMod:GoodbyeWorld","Rebound"],"picked":"Turbo","floor":12.0},{"not_picked":["BasicCrystalCard","Ball Lightning"],"picked":"Go for the Eyes","floor":14.0},{"not_picked":["Thunder Strike","Amplify"],"picked":"Multi-Cast","floor":16.0},{"not_picked":["Streamline","BasicCrystalCard","Panic Button"],"picked":"SKIP","floor":18.0},{"not_picked":["Hologram","Stack"],"picked":"Steam","floor":19},{"not_picked":["Hello World+1","Chaos"],"picked":"Turbo","floor":21}],"player_experience":95922,"relics_obtained":[{"floor":3.0,"key":"Ring of Fury"},{"floor":3.0,"key":"ReplayTheSpireMod:Ring of Challenge"},{"floor":7.0,"key":"Whetstone"},{"floor":8.0,"key":"ReplayTheSpireMod:TigerMarble"},{"floor":9.0,"key":"Gambling Chip"},{"floor":12.0,"key":"Toy Ornithopter"},{"floor":24,"key":"Necronomicon"},{"floor":26,"key":"Quantum Egg"}],"event_choices":[{"cards_removed":["Spreading Infection"],"damage_healed":0.0,"max_hp_gain":0.0,"max_hp_loss":0.0,"gold_gain":0.0,"event_name":"Golden Wing","player_choice":"Card Removal","floor":5.0,"gold_loss":0.0,"damage_taken":7.0},{"damage_healed":14.0,"max_hp_gain":0.0,"max_hp_loss":0.0,"gold_gain":0.0,"event_name":"Mushrooms","player_choice":"Healed and dodged fight","floor":13.0,"gold_loss":0.0,"damage_taken":0.0,"cards_obtained":["Parasite"]},{"damage_healed":0,"gold_gain":0,"player_choice":"Obtained Relic","damage_taken":0,"relics_obtained":["StoneCalendar"],"max_hp_gain":0,"max_hp_loss":0,"event_name":"Addict","floor":22,"gold_loss":85},{"damage_healed":0,"gold_gain":0,"player_choice":"Obtained Book","damage_taken":16,"max_hp_gain":0,"max_hp_loss":0,"event_name":"Cursed Tome","floor":24,"gold_loss":0}],"is_beta":false,"boss_relics":[{"not_picked":["Sozu","Kintsugi"],"picked":"SacredBark"}],"items_purged_floors":[],"is_endless":false,"potions_floor_spawned":[2,7,12,14,18],"killed_by":"Cultist and Chosen","ascension_level":2}}