{"host":"n2xbfjaj1aywydhs","time":1607495878,"event":{"gold_per_floor":[113,113,99999,98915,98915,98933,98943,98957,98957,98957,98968,98155,98155,98155,98155,98159,98159,98177,98227,97240,97253,97253,97253,97285,96401,96426,96371,95774,95774,95784,95796,95796,95899,95899,95917,95989,0,0,9042,9051,9051,9062,9111,9111,9145,9445,9458,9478,9478,9218,9218,9218,8719,8751,8611],"floor_reached":56,"playtime":3974,"items_purged":["Defend_P","Strike_P","Replay:Battleflow"],"score":1411,"play_id":"eac3c587-8f45-48a2-bd4a-a2393d486897","local_time":"20201209143758","is_ascension_mode":false,"campfire_choices":[{"data":"Magnetism","floor":13.0,"key":"SMITH"},{"data":"Eruption","floor":13.0,"key":"SMITH"},{"data":"EmptyMind","floor":15.0,"key":"SMITH"},{"data":"FlurryOfBlows","floor":15.0,"key":"SMITH"},{"data":"Adaptation","floor":23.0,"key":"SMITH"},{"data":"Defend_P","floor":23.0,"key":"SMITH"},{"data":"Adaptation","floor":29.0,"key":"SMITH"},{"data":"Defend_P","floor":29.0,"key":"SMITH"},{"floor":32.0,"key":"RECALL"},{"data":"DevaForm","floor":41,"key":"SMITH"},{"data":"REME_BattleFury","floor":41,"key":"SMITH"},{"data":"FlurryOfBlows","floor":49,"key":"SMITH"},{"data":"DevaForm","floor":49,"key":"SMITH"},{"data":"FollowUp","floor":52,"key":"SMITH"},{"data":"FollowUp","floor":52,"key":"SMITH"}],"neow_cost":"NONE","seed_source_timestamp":14870188165000,"circlet_count":0,"master_deck":["Strike_P+1","Strike_P+1","Defend_P+1","Defend_P+1","Eruption+1","Vigilance+1","FollowUp+1","Magnetism+1","FollowUp+1","FlurryOfBlows+1","EmptyMind+1","Scrawl+1","REME_ProfessionalPlagiarism+1","ReplayTheSpireMod:Private Reserves+1","FlurryOfBlows+1","Vault+1","Worship+1","Transmutation+1","Adaptation+1","Crescendo+1","Adaptation+1","REME_ACTH+1","InnerPeace+1","FlurryOfBlows+1","EmptyFist+1","REME_BattleFury+1","DevaForm+1","DevaForm+1","FlurryOfBlows+1","EmptyMind+1","FlurryOfBlows+1","Indignation+1","FlurryOfBlows"],"special_seed":0,"relics":["PureWater","REME_ComplimentaryCards","Replay:Arrowhead","Tiny Chest","OrangePellets","Replay:Accelerometer","Toxic Egg 2","Chameleon Ring","Juzu Bracelet","vexMod:EndlessSickness","Lantern","vexMod:PaidLearning","HornCleat","ReplayFunnel","MutagenicStrength","REME_HandOfSuture","vexMod:RetaliationKit","vexMod:MemoryStick","Medical Kit","MerchantsRug","Bronze Scales","REME_CardOfGreed","Replay:Kaleidoscope","Regal Pillow","Philosopher\u0027s Stone","Bottled Lightning","Red Mask","REME_OnlineShoppingPlatform","Thread and Needle","Meat on the Bone","Bottled Tornado","Potion Belt","Damaru","Replay:PocketPolymizer","REME_PuzzleBoxRelic","Bag of Marbles","Orrery","ReplayTheSpireMod:Shallot"],"potions_floor_usage":[40,50,50,50,50,50,50,50,50,50,50,50,50,50,55,55,55,55,55,55,55],"damage_taken":[{"damage":0.0,"enemies":"Jaw Worm","floor":1.0,"turns":3.0},{"damage":2.0,"enemies":"Small Slimes","floor":6.0,"turns":2.0},{"damage":4.0,"enemies":"2 Louse","floor":7.0,"turns":2.0},{"damage":7.0,"enemies":"Blue Slaver","floor":8.0,"turns":5.0},{"damage":0.0,"enemies":"Exordium Wildlife","floor":11.0,"turns":2.0},{"damage":8.0,"enemies":"The Guardian","floor":16.0,"turns":4.0},{"damage":8.0,"enemies":"2 Thieves","floor":18.0,"turns":4.0},{"damage":0.0,"enemies":"Chosen","floor":21.0,"turns":3.0},{"damage":10.0,"enemies":"Book of Stabbing","floor":24.0,"turns":2.0},{"damage":0.0,"enemies":"Centurion and Healer","floor":30.0,"turns":1.0},{"damage":0.0,"enemies":"Sentry and Sphere","floor":31.0,"turns":1.0},{"damage":0.0,"enemies":"Collector","floor":33.0,"turns":1.0},{"damage":0.0,"enemies":"Orb Walker","floor":35.0,"turns":2.0},{"damage":0,"enemies":"Nemesis","floor":40,"turns":1},{"damage":0,"enemies":"3 Darklings","floor":42,"turns":2},{"damage":0,"enemies":"Giant Head","floor":45,"turns":2},{"damage":0,"enemies":"Transient","floor":47,"turns":6},{"damage":0,"enemies":"4 Shapes","floor":48,"turns":1},{"damage":13,"enemies":"Time Eater","floor":50,"turns":3},{"damage":0,"enemies":"Shield and Spear","floor":54,"turns":2},{"damage":38,"enemies":"The Heart","floor":55,"turns":4}],"seed_played":"7310285826361397078","potions_obtained":[{"floor":16.0,"key":"Energy Potion"},{"floor":24.0,"key":"BottledMiracle"},{"floor":45,"key":"Strength Potion"}],"is_trial":false,"path_per_floor":["M","?","?","$","?","M","M","M","T","T","M","$","R","?","R","B",null,"M","T","$","M","?","R","E","$","T","?","$","R","M","M","R","B",null,"M","T","?","?","$","E","R","M","T","T","E","?","M","M","R","B",null,"R","$","E","B",null],"character_chosen":"WATCHER","items_purchased":["Replay:Arrowhead","Tiny Chest","OrangePellets","Magnetism","Replay:Battleflow","FearPotion","SkillPotion","ColorlessPotion","Chameleon Ring","Juzu Bracelet","REME_ProfessionalPlagiarism+1","ReplayTheSpireMod:Private Reserves+1","FlurryOfBlows","vexMod:PaidLearning","HornCleat","ReplayFunnel","Swift Potion","Transmutation+1","Adaptation","Crescendo+1","vexMod:RetaliationKit","vexMod:MemoryStick","Medical Kit","DuplicationPotion","Adaptation","MerchantsRug","REME_CardOfGreed","Replay:Kaleidoscope","Regal Pillow","REME_BattleFury","DevaForm","REME_OnlineShoppingPlatform","Thread and Needle","Meat on the Bone","REME_PuzzleBoxRelic","Bag of Marbles","Orrery","FlurryOfBlows"],"campfire_rested":0,"item_purchase_floors":[4,4,4,4,4,4,4,4,12,12,12,12,12,20,20,20,20,20,20,20,25,25,25,25,25,25,28,28,28,39,39,39,39,39,53,53,53,53],"current_hp_per_floor":[79,63,63,63,63,61,57,50,50,50,50,50,50,43,43,35,79,71,71,71,71,71,71,61,61,61,61,61,61,61,61,61,61,79,79,79,79,79,79,79,79,79,79,79,79,79,79,79,79,73,79,79,79,79,41],"gold":8611,"neow_bonus":"TEN_PERCENT_HP_BONUS","is_prod":false,"is_daily":false,"chose_seed":false,"campfire_upgraded":14,"win_rate":0.0,"timestamp":1607495878,"path_taken":["M","?","?","$","?","M","M","M","T","?","M","$","R","?","R","BOSS","M","?","$","M","?","R","E","?","T","?","$","R","M","M","R","BOSS","M","?","?","?","?","E","R","M","T","?","E","?","M","M","R","BOSS","R","$","E","BOSS"],"build_version":"2020-11-30","purchased_purges":3,"victory":true,"max_hp_per_floor":[79,79,79,79,79,79,79,79,79,79,79,79,79,79,79,79,79,79,79,79,79,79,79,79,79,79,79,79,79,79,79,79,79,79,79,79,79,79,79,79,79,79,79,79,79,79,79,79,79,79,79,79,79,79,79],"card_choices":[{"not_picked":["Replay:Vibes","REME_Repentance"],"picked":"FollowUp","floor":1.0},{"not_picked":["ClearTheMind","WreathOfFlame"],"picked":"FollowUp","floor":6.0},{"not_picked":["Replay:AtTheReady","DeceiveReality"],"picked":"FlurryOfBlows","floor":7.0},{"not_picked":["PathToVictory","FlyingSleeves"],"picked":"EmptyMind","floor":8.0},{"not_picked":["ClearTheMind+1","Conclude"],"picked":"Scrawl+1","floor":11.0},{"not_picked":["REME_EmptyShield+1","REME_CRH+1"],"picked":"Vault+1","floor":16.0},{"not_picked":["EmptyBody+1","CutThroughFate"],"picked":"Worship+1","floor":18.0},{"not_picked":["EmptyBody+1","Protect+1","EmptyFist"],"picked":"SKIP","floor":21.0},{"not_picked":["JustLucky+1","SandsOfTime","ReachHeaven+1"],"picked":"SKIP","floor":24.0},{"not_picked":["Crescendo+1","ThirdEye+1"],"picked":"InnerPeace+1","floor":30.0},{"not_picked":["BattleHymn","Fasting2"],"picked":"FlurryOfBlows+1","floor":31.0},{"not_picked":["REME_EmptyShield+1","Replay:LoomingThreat"],"picked":"ConjureBlade+1","floor":33.0},{"not_picked":["Wallop+1","Consecrate+1"],"picked":"EmptyFist+1","floor":35.0},{"not_picked":["JustLucky","Vengeance+1"],"picked":"DevaForm","floor":40},{"not_picked":["Halt+1","EmptyFist","Evaluate+1"],"picked":"SKIP","floor":42},{"not_picked":["Protect+1","FlyingSleeves","Swivel+1"],"picked":"SKIP","floor":45},{"not_picked":["EmptyFist+1","ConjureBlade+1"],"picked":"FlurryOfBlows+1","floor":47},{"not_picked":["Replay:Hum+1","Protect+1"],"picked":"EmptyMind+1","floor":48},{"not_picked":["JustLucky","Consecrate+1"],"picked":"Indignation+1","floor":53},{"not_picked":["ClearTheMind+1","Pray+1","BowlingBash+1"],"picked":"SKIP","floor":54}],"player_experience":111020,"relics_obtained":[{"floor":9.0,"key":"Replay:Accelerometer"},{"floor":10.0,"key":"Toxic Egg 2"},{"floor":19.0,"key":"Lantern"},{"floor":24.0,"key":"REME_HandOfSuture"},{"floor":36.0,"key":"Bottled Lightning"},{"floor":40,"key":"Bottled Tornado"},{"floor":43,"key":"Potion Belt"},{"floor":44,"key":"Damaru"},{"floor":45,"key":"Replay:PocketPolymizer"},{"floor":54,"key":"ReplayTheSpireMod:Shallot"}],"event_choices":[{"damage_healed":0.0,"max_hp_gain":0.0,"max_hp_loss":0.0,"gold_gain":0.0,"event_name":"Shining Light","player_choice":"Entered Light","floor":2.0,"gold_loss":0.0,"damage_taken":16.0,"cards_upgraded":["Vigilance","Strike_P"]},{"damage_healed":0.0,"max_hp_gain":0.0,"max_hp_loss":0.0,"gold_gain":0.0,"event_name":"World of Goop","player_choice":"Left Gold","floor":3.0,"gold_loss":33.0,"damage_taken":0.0},{"cards_removed":["Strike_P"],"damage_healed":0.0,"max_hp_gain":0.0,"max_hp_loss":0.0,"gold_gain":0.0,"event_name":"Golden Wing","player_choice":"Card Removal","floor":14.0,"gold_loss":0.0,"damage_taken":7.0},{"damage_healed":0.0,"max_hp_gain":0.0,"max_hp_loss":0.0,"gold_gain":0.0,"event_name":"Drug Dealer","player_choice":"Inject Mutagens","floor":22.0,"gold_loss":0.0,"damage_taken":0.0,"relics_obtained":["MutagenicStrength"]},{"damage_healed":0.0,"max_hp_gain":0.0,"max_hp_loss":0.0,"gold_gain":0.0,"event_name":"WeMeetAgain","player_choice":"Paid Gold","floor":27.0,"gold_loss":55.0,"damage_taken":0.0,"relics_obtained":["Bronze Scales"]},{"damage_healed":0.0,"max_hp_gain":0.0,"max_hp_loss":0.0,"gold_gain":0.0,"event_name":"Tomb of Lord Red Mask","player_choice":"Paid","floor":37.0,"gold_loss":95989.0,"damage_taken":0.0,"relics_obtained":["Red Mask"]},{"cards_removed":["Defend_P"],"damage_healed":0.0,"max_hp_gain":0.0,"max_hp_loss":0.0,"gold_gain":0.0,"event_name":"Falling","player_choice":"Removed Skill","floor":38.0,"gold_loss":0.0,"damage_taken":0.0},{"damage_healed":0,"gold_gain":300,"player_choice":"Gold","damage_taken":0,"max_hp_gain":0,"max_hp_loss":0,"event_name":"Wheel of Change","floor":46,"gold_loss":0}],"is_beta":false,"boss_relics":[{"not_picked":["vexMod:DeviousBotling","Snecko Eye"],"picked":"vexMod:EndlessSickness"},{"not_picked":["vexMod:MysteryBossChallenge","Empty Cage"],"picked":"Philosopher\u0027s Stone"}],"items_purged_floors":[4,12,20],"is_endless":false,"potions_floor_spawned":[11,16,24,30,40,45],"ascension_level":0}}