{"host":"yvb207ks1sg3cxef","time":1607492971,"event":{"gold_per_floor":[213,225,237,9,24,58,58,90,117,135,155,184,184,196,196,273,273,289,289,276,286,297,297,297],"floor_reached":23,"playtime":1518,"items_purged":[],"score":358,"play_id":"21c7ea0c-2da9-451a-97ac-e7cbe4a0e03b","local_time":"20201209111931","is_ascension_mode":true,"campfire_choices":[{"data":"Bouncing Flask","floor":7.0,"key":"SMITH"},{"data":"After Image","floor":13.0,"key":"SMITH"},{"data":"Quick Slash","floor":15.0,"key":"SMITH"}],"neow_cost":"NONE","seed_source_timestamp":476112780269400,"circlet_count":0,"master_deck":["AscendersBane","Strike_G+1","Strike_G","Strike_G","Defend_G","Defend_G","Defend_G","Defend_G","Defend_G","Survivor","Neutralize+1","Bouncing Flask+1","Backflip","All Out Attack","Backstab","Quick Slash+1","After Image+1","Escape Plan","Dodge and Roll+1","PiercingWail","Backflip","Bullet Time","Calculated Gamble","Catalyst"],"special_seed":0,"relics":["Ring of the Snake","Vajra","Whetstone","Happy Flower","Smiling Mask","Lantern","Empty Cage"],"potions_floor_usage":[23],"damage_taken":[{"damage":0.0,"enemies":"Cultist","floor":1.0,"turns":4.0},{"damage":4.0,"enemies":"Jaw Worm","floor":2.0,"turns":4.0},{"damage":0.0,"enemies":"2 Louse","floor":3.0,"turns":5.0},{"damage":0.0,"enemies":"Large Slime","floor":5.0,"turns":5.0},{"damage":14.0,"enemies":"3 Sentries","floor":6.0,"turns":8.0},{"damage":6.0,"enemies":"Lagavulin","floor":8.0,"turns":6.0},{"damage":1.0,"enemies":"Looter","floor":10.0,"turns":3.0},{"damage":0.0,"enemies":"2 Fungi Beasts","floor":11.0,"turns":2.0},{"damage":9.0,"enemies":"3 Sentries","floor":12.0,"turns":6.0},{"damage":0.0,"enemies":"3 Louse","floor":14.0,"turns":3.0},{"damage":3.0,"enemies":"The Guardian","floor":16.0,"turns":12.0},{"damage":10.0,"enemies":"Spheric Guardian","floor":18.0,"turns":4.0},{"damage":8,"enemies":"2 Thieves","floor":20,"turns":4},{"damage":18,"enemies":"Snake Plant","floor":21,"turns":7},{"damage":7,"enemies":"Centurion and Healer","floor":22,"turns":14},{"damage":26,"enemies":"Gremlin Leader","floor":23,"turns":4}],"seed_played":"5564671133757086904","potions_obtained":[{"floor":1.0,"key":"SkillPotion"},{"floor":6.0,"key":"SteroidPotion"},{"floor":10.0,"key":"SkillPotion"},{"floor":11.0,"key":"Block Potion"},{"floor":20,"key":"DuplicationPotion"},{"floor":21,"key":"Ancient Potion"}],"is_trial":false,"path_per_floor":["M","M","M","$","M","E","R","E","T","M","M","E","R","M","R","B",null,"M","?","M","M","M","E"],"character_chosen":"THE_SILENT","items_purchased":["Backstab","Vajra"],"campfire_rested":0,"item_purchase_floors":[4,4],"current_hp_per_floor":[63,59,59,59,59,45,45,39,39,38,38,29,29,29,29,26,59,49,49,41,23,16,0,0],"gold":297,"neow_bonus":"HUNDRED_GOLD","is_prod":false,"is_daily":false,"chose_seed":false,"campfire_upgraded":3,"win_rate":0,"timestamp":1607492971,"path_taken":["M","M","M","$","M","E","R","E","T","M","M","E","R","?","R","BOSS","M","?","?","M","M","E"],"build_version":"2020-11-30","purchased_purges":0,"victory":false,"max_hp_per_floor":[70,70,70,70,70,70,70,70,70,70,70,70,70,70,70,70,70,70,70,70,70,70,70,70],"relic_stats":{"Happy Flower":[19],"counters":[16,91],"Whetstone":["Neutralize","Strike_G"],"Smiling Mask":0,"obtain_stats":[{"Lantern":12,"Happy Flower":8,"Vajra":4,"Whetstone":6,"Smiling Mask":9,"Empty Cage":17,"Ring of the Snake":0},{"Lantern":9,"Happy Flower":6,"Vajra":3,"Whetstone":5,"Smiling Mask":6,"Empty Cage":11,"Ring of the Snake":0},{"Lantern":43,"Happy Flower":32,"Vajra":13,"Whetstone":26,"Smiling Mask":32,"Empty Cage":58,"Ring of the Snake":0}],"Ring of the Snake":[32]},"card_choices":[{"not_picked":["Blade Dance","Outmaneuver"],"picked":"Bouncing Flask","floor":1.0},{"not_picked":["Deflect","Dodge and Roll"],"picked":"Backflip","floor":2.0},{"not_picked":["Caltrops","Deflect"],"picked":"All Out Attack","floor":3.0},{"not_picked":["Underhanded Strike","Acrobatics"],"picked":"Quick Slash","floor":5.0},{"not_picked":["Dagger Throw","Phantasmal Killer"],"picked":"After Image","floor":6.0},{"not_picked":["Slice","Outmaneuver","Glass Knife"],"picked":"SKIP","floor":8.0},{"not_picked":["Well Laid Plans","Eviscerate"],"picked":"Escape Plan","floor":10.0},{"not_picked":["Underhanded Strike","Slice","Expertise"],"picked":"SKIP","floor":11.0},{"not_picked":["Masterful Stab","Finisher"],"picked":"Dodge and Roll","floor":12.0},{"not_picked":["Sucker Punch","Calculated Gamble"],"picked":"PiercingWail","floor":14.0},{"not_picked":["Flying Knee+1","Underhanded Strike"],"picked":"Backflip","floor":18.0},{"not_picked":["Deadly Poison+1","Endless Agony"],"picked":"Bullet Time","floor":20},{"not_picked":["Blade Dance","Flechettes"],"picked":"Calculated Gamble","floor":21},{"not_picked":["Prepared","Calculated Gamble"],"picked":"Catalyst","floor":22}],"player_experience":161844,"relics_obtained":[{"floor":6.0,"key":"Whetstone"},{"floor":8.0,"key":"Happy Flower"},{"floor":9.0,"key":"Smiling Mask"},{"floor":12.0,"key":"Lantern"}],"event_choices":[{"damage_healed":0.0,"max_hp_gain":0.0,"max_hp_loss":0.0,"gold_gain":0.0,"event_name":"Accursed Blacksmith","player_choice":"Forge","floor":19.0,"gold_loss":0.0,"damage_taken":0.0,"cards_upgraded":["Dodge and Roll"]}],"is_beta":false,"boss_relics":[{"not_picked":["SacredBark","Ectoplasm"],"picked":"Empty Cage"}],"items_purged_floors":[],"is_endless":false,"potions_floor_spawned":[1,6,10,11,12,14,20,21],"killed_by":"Gremlin Leader","ascension_level":13}}