{"host":"1tl36azeqm6yhdgj","time":1607514966,"event":{"gold_per_floor":[114,130,55,55,55,55,68,68,68,68,32,76,1,1,1],"floor_reached":14,"playtime":328,"items_purged":["Injury"],"score":172,"play_id":"e1110d75-1bca-45c4-a7e8-1373d9d6390f","local_time":"20201209065606","is_ascension_mode":true,"campfire_choices":[{"data":"Footwork","floor":6,"key":"SMITH"},{"data":"Predator","floor":8,"key":"SMITH"},{"data":"Neutralize","floor":10,"key":"SMITH"}],"neow_cost":"NONE","seed_source_timestamp":41777354866900,"circlet_count":0,"master_deck":["AscendersBane","Strike_G","Strike_G","Strike_G","Strike_G","Defend_G","Defend_G","Defend_G","Defend_G","Defend_G","Survivor","Neutralize+1","Footwork+1","Poisoned Stab","Predator+1","Bouncing Flask"],"relics":["Ring of the Snake","Golden Idol","Darkstone Periapt"],"potions_floor_usage":[1,2,12,12,12,12],"damage_taken":[{"damage":9,"enemies":"Jaw Worm","floor":1,"turns":6},{"damage":0,"enemies":"Small Slimes","floor":2,"turns":3},{"damage":2,"enemies":"2 Louse","floor":7,"turns":4},{"damage":20,"enemies":"3 Sentries","floor":12,"turns":8},{"damage":44,"enemies":"Gremlin Nob","floor":14,"turns":4}],"seed_played":"-6470051950009692764","potions_obtained":[{"floor":0,"key":"SteroidPotion"},{"floor":0,"key":"Explosive Potion"},{"floor":1,"key":"EssenceOfSteel"},{"floor":7,"key":"EntropicBrew"}],"is_trial":false,"path_per_floor":["M","M","?","?","?","R","M","R","T","R","?","E","$","E"],"character_chosen":"THE_SILENT","items_purchased":[],"campfire_rested":0,"item_purchase_floors":[],"current_hp_per_floor":[50,50,50,55,55,55,53,53,53,53,53,33,33,0,0],"gold":1,"neow_bonus":"THREE_SMALL_POTIONS","is_prod":false,"is_daily":false,"chose_seed":false,"campfire_upgraded":3,"win_rate":0,"timestamp":1607514966,"path_taken":["M","M","?","?","?","R","?","R","T","R","?","E","?","E"],"build_version":"2020-11-30","purchased_purges":1,"victory":false,"max_hp_per_floor":[66,66,66,71,71,71,71,71,71,71,71,71,71,71,71],"card_choices":[{"not_picked":["Quick Slash","Prepared"],"picked":"Footwork","floor":1},{"not_picked":["Terror","Cloak And Dagger"],"picked":"Poisoned Stab","floor":2},{"not_picked":["Sucker Punch","Bane"],"picked":"Predator","floor":7},{"not_picked":["Storm of Steel","Dagger Spray"],"picked":"Bouncing Flask","floor":12}],"player_experience":1895993,"relics_obtained":[{"floor":12,"key":"Darkstone Periapt"}],"event_choices":[{"cards_removed":["Strike_G"],"damage_healed":0,"gold_gain":0,"player_choice":"Card Removal","damage_taken":0,"max_hp_gain":0,"max_hp_loss":0,"event_name":"The Cleric","floor":3,"gold_loss":75},{"damage_healed":0,"gold_gain":0,"player_choice":"Donut","damage_taken":0,"max_hp_gain":5,"max_hp_loss":0,"event_name":"Big Fish","floor":4,"gold_loss":0},{"damage_healed":0,"gold_gain":0,"player_choice":"Take Wound","damage_taken":0,"relics_obtained":["Golden Idol"],"max_hp_gain":0,"max_hp_loss":0,"event_name":"Golden Idol","floor":5,"gold_loss":0,"cards_obtained":["Injury"]},{"damage_healed":0,"gold_gain":0,"player_choice":"Left Gold","damage_taken":0,"max_hp_gain":0,"max_hp_loss":0,"event_name":"World of Goop","floor":11,"gold_loss":36}],"is_beta":false,"boss_relics":[],"items_purged_floors":[13],"is_endless":false,"potions_floor_spawned":[1,7],"killed_by":"Gremlin Nob","ascension_level":20}}