{"host":"l4zsyynf3knc4g5z","time":1607545584,"event":{"gold_per_floor":[111,129,3,3,22,53,53,53,53,53,53,95,95,124,124,268,268,319,319,319,244,291,186,235,235,235,235,297,346,23,52,52,193,193,231,256,33,3,82,82,82,0,0,0,32,65,111,139,139,97,97,97,48,107,169],"floor_reached":56,"playtime":1003,"items_purged":["dioMod:SevenPageMuda","Languid","dioMod:Defend","dioMod:Defend"],"score":1295,"play_id":"2925f50c-dc52-47d5-a85c-5051368005b8","local_time":"20201209122624","is_ascension_mode":false,"campfire_choices":[{"data":"dioMod:Muda","floor":7,"key":"SMITH"},{"data":"dioMod:Muda","floor":10,"key":"SMITH"},{"floor":15,"key":"DIG"},{"data":"dioMod:Muda","floor":25,"key":"SMITH"},{"data":"dioMod:Muda","floor":27,"key":"SMITH"},{"data":"dioMod:ZaWarudo","floor":32,"key":"SMITH"},{"data":"dioMod:Muda","floor":40,"key":"SMITH"},{"data":"dioMod:Muda","floor":44,"key":"SMITH"},{"data":"dioMod:DoubleTime","floor":49,"key":"SMITH"},{"floor":52,"key":"REST"}],"neow_cost":"NONE","seed_source_timestamp":1589439541936000,"circlet_count":0,"master_deck":["dioMod:Strike","dioMod:Strike","dioMod:Strike","dioMod:Strike","Bite","dioMod:Defend+1","dioMod:Muda+1","dioMod:Muda+1","dioMod:DominatingPresence+1","dioMod:Muda+1","dioMod:ZaWarudo+1","dioMod:Muda+1","dioMod:Muda+1","dioMod:ComboFever+1","dioMod:MudaMudaMuda+1","dioMod:TheWalk","dioMod:DoubleTime+1","dioMod:Muda+1","dioMod:Muda+1"],"relics":["dioMod:VampireBlood","Replay:Bandana","SpikesRelics:ToyHorsey","hubris:DisguiseKit","hubris:TinFlute","StoneCalendar","hubris:CrackedHourglass","Regal Pillow","Pen Nib","Blue Doll","ReplayTheSpireMod:CursedCoin","Mercury Hourglass","War Paint","Red Mask","Potion Belt","InkBottle","Vajra"],"potions_floor_usage":[6,14,16,16,29,33,46,50],"damage_taken":[{"damage":5,"enemies":"2 Louse","floor":1,"turns":2},{"damage":11,"enemies":"Jaw Worm","floor":2,"turns":2},{"damage":0,"enemies":"Small Slimes","floor":5,"turns":2},{"damage":11,"enemies":"3 Sentries","floor":6,"turns":8},{"damage":5,"enemies":"Exordium Thugs","floor":12,"turns":3},{"damage":0,"enemies":"2 Fungi Beasts","floor":14,"turns":2},{"damage":31,"enemies":"Hexaghost","floor":16,"turns":5},{"damage":5,"enemies":"3 Byrds","floor":18,"turns":3},{"damage":12,"enemies":"Shell Parasite","floor":22,"turns":3},{"damage":8,"enemies":"Snecko","floor":24,"turns":3},{"damage":0,"enemies":"Gremlin Leader","floor":28,"turns":3},{"damage":0,"enemies":"Snake Plant","floor":29,"turns":3},{"damage":4,"enemies":"Centurion and Healer","floor":31,"turns":2},{"damage":6,"enemies":"Automaton","floor":33,"turns":4},{"damage":0,"enemies":"3 Darklings","floor":35,"turns":1},{"damage":0,"enemies":"Orb Walker","floor":36,"turns":1},{"damage":0,"enemies":"Sphere and 2 Shapes","floor":45,"turns":1},{"damage":0,"enemies":"Spire Growth","floor":46,"turns":1},{"damage":0,"enemies":"HollowMod:StalkingDevout","floor":47,"turns":1},{"damage":6,"enemies":"4 Shapes","floor":48,"turns":1},{"damage":36,"enemies":"Donu and Deca","floor":50,"turns":3},{"damage":0,"enemies":"Shield and Spear","floor":54,"turns":2},{"damage":36,"enemies":"Kars","floor":55,"turns":3}],"seed_played":"-1995496434711326939","potions_obtained":[{"floor":1,"key":"EssenceOfSteel"},{"floor":6,"key":"SteroidPotion"},{"floor":12,"key":"DistilledChaos"},{"floor":14,"key":"Block Potion"},{"floor":24,"key":"Regen Potion"},{"floor":28,"key":"PowerPotion"},{"floor":45,"key":"EssenceOfSteel"},{"floor":48,"key":"Cursed Concoction"}],"is_trial":false,"path_per_floor":["M","M","$","?","M","E","R","$","T","R","T","M","?","M","R_BF","B",null,"M","?","T","?","M","$","M","R","T","R","E","M","$","M","R","B",null,"M","M","$","$","?","R","?","?","T","R","M","M","E","M","R","B",null,"R","$","E","B",null],"character_chosen":"THE_DEFAULT","items_purchased":["dioMod:Muda","Blue Doll","ReplayTheSpireMod:CursedCoin","dioMod:MudaMudaMuda+1","War Paint","dioMod:DoubleTime","dioMod:Muda","PowerPotion"],"campfire_rested":1,"item_purchase_floors":[3,23,23,30,30,37,38,53],"current_hp_per_floor":[73,65,65,65,73,74,74,74,74,74,74,75,72,75,75,51,75,75,75,75,75,66,66,61,61,61,61,66,71,71,73,73,75,75,75,75,75,75,57,57,52,52,52,52,61,64,67,72,72,44,75,75,75,75,42],"gold":169,"neow_bonus":"ONE_RANDOM_RARE_CARD","is_prod":false,"is_daily":false,"chose_seed":false,"campfire_upgraded":8,"win_rate":0,"timestamp":1607545584,"path_taken":["M","M","$","?","M","E","R","$","T","R","?","M","?","M","R_BF","BOSS","M","?","?","?","M","$","M","R","T","R","E","M","?","M","R","BOSS","M","M","?","$","?","R","?","?","T","R","?","M","E","?","R","BOSS","R","$","E","BOSS"],"build_version":"2020-11-30","purchased_purges":4,"victory":true,"max_hp_per_floor":[75,75,75,75,75,75,75,75,75,75,75,75,75,75,75,75,75,75,75,75,75,75,75,75,75,75,75,75,75,75,75,75,75,75,75,75,75,75,75,75,75,75,75,75,75,75,75,75,75,75,75,75,75,75,75],"card_choices":[{"not_picked":["dioMod:SadisticLaugh","dioMod:BloodShield","dioMod:SecretPlan"],"picked":"SKIP","floor":1},{"not_picked":["dioMod:WRYYY","dioMod:CutDeep"],"picked":"dioMod:Muda","floor":2},{"not_picked":["dioMod:Hiss","dioMod:SadisticLaugh"],"picked":"dioMod:DominatingPresence","floor":5},{"not_picked":["dioMod:BloodShield","dioMod:FlyAway"],"picked":"dioMod:Muda","floor":6},{"not_picked":["dioMod:DarkRebirth","dioMod:VengefulMuda","dioMod:LaserVision","Abandon"],"picked":"SKIP","floor":12},{"not_picked":["dioMod:CutDeep","dioMod:SadisticLaugh","dioMod:Roundabout","True Grit"],"picked":"SKIP","floor":14},{"not_picked":["dioMod:Refresh","dioMod:SevenPageMuda","Replay:Many Hands"],"picked":"dioMod:ZaWarudo","floor":16},{"not_picked":["dioMod:CautiousMuda+1","dioMod:BlendIn+1","Absolvement"],"picked":"dioMod:Muda","floor":18},{"not_picked":["dioMod:GoodbyeJojo","dioMod:ComposedMuda","Dark Embrace"],"picked":"dioMod:Muda","floor":22},{"not_picked":["dioMod:DominatingPresence+1","dioMod:SlashThroughTime+1","dioMod:BloodShield+1","Bludgeon"],"picked":"SKIP","floor":24},{"not_picked":["dioMod:GoodbyeJojo","dioMod:BlendIn+1","Metallicize"],"picked":"dioMod:ComboFever+1","floor":28},{"not_picked":["dioMod:FlyAway","dioMod:HeavyLifting","dioMod:Refresh","Sword Boomerang"],"picked":"SKIP","floor":29},{"not_picked":["dioMod:DaggerToss+1","dioMod:BloodSuck","dioMod:Roundabout+1","Armaments"],"picked":"SKIP","floor":31},{"not_picked":["dioMod:UltimateSacrifice","dioMod:KonoDioDa","Brutality"],"picked":"dioMod:TheWalk","floor":33},{"not_picked":["dioMod:Hiss+1","dioMod:Freeze+1","dioMod:Diversion+1","Intimidate"],"picked":"SKIP","floor":35},{"not_picked":["dioMod:WRYYY","dioMod:Donut","dioMod:DaggerToss+1","Body Slam"],"picked":"SKIP","floor":36},{"not_picked":["dioMod:CoffinBath+1","dioMod:StreetSign+1","dioMod:SadisticLaugh","Seeing Red"],"picked":"SKIP","floor":45},{"not_picked":["dioMod:LaserVision+1","dioMod:DaggerToss","dioMod:CutDeep","ReplayTheSpireMod:Strike From Hell"],"picked":"SKIP","floor":46},{"not_picked":["dioMod:FlyAway","dioMod:LaserVision+1","dioMod:DaggerSpree","Dual Wield"],"picked":"SKIP","floor":47},{"not_picked":["dioMod:BloodShield+1","dioMod:Diversion","dioMod:Roundabout","Armaments"],"picked":"SKIP","floor":48},{"not_picked":["dioMod:Diversion+1","dioMod:ComposedMuda","dioMod:Roundabout+1","ReplayTheSpireMod:Muscle Training"],"picked":"SKIP","floor":54}],"player_experience":90137,"relics_obtained":[{"floor":6,"key":"Replay:Bandana"},{"floor":9,"key":"SpikesRelics:ToyHorsey"},{"floor":11,"key":"hubris:DisguiseKit"},{"floor":15,"key":"StoneCalendar"},{"floor":20,"key":"Pen Nib"},{"floor":26,"key":"Mercury Hourglass"},{"floor":43,"key":"Potion Belt"},{"floor":47,"key":"InkBottle"},{"floor":54,"key":"Vajra"}],"event_choices":[{"damage_healed":0,"gold_gain":0,"player_choice":"Grow","damage_taken":0,"max_hp_gain":0,"max_hp_loss":0,"event_name":"Living Wall","floor":4,"gold_loss":0,"cards_upgraded":["dioMod:Muda"]},{"damage_healed":0,"gold_gain":0,"player_choice":"Success","damage_taken":3,"relics_obtained":["hubris:TinFlute"],"max_hp_gain":0,"max_hp_loss":0,"event_name":"Scrap Ooze","floor":13,"gold_loss":0},{"cards_removed":["dioMod:Defend"],"damage_healed":0,"gold_gain":0,"player_choice":"Gave Gold","damage_taken":0,"max_hp_gain":0,"max_hp_loss":0,"event_name":"Beggar","floor":21,"gold_loss":75},{"damage_healed":0,"gold_gain":0,"player_choice":"Memory 2","damage_taken":5,"max_hp_gain":0,"max_hp_loss":0,"event_name":"SensoryStone","floor":41,"gold_loss":0},{"damage_healed":0,"gold_gain":0,"player_choice":"Paid","damage_taken":0,"relics_obtained":["Red Mask"],"max_hp_gain":0,"max_hp_loss":0,"event_name":"Tomb of Lord Red Mask","floor":42,"gold_loss":82}],"is_beta":false,"boss_relics":[{"not_picked":["Replay:Bronze Core","ReplayTheSpireMod:DimensionalGlitch"],"picked":"hubris:CrackedHourglass"},{"not_picked":["hubris:RunicObelisk","Snecko Eye","Replay:Grab Bag"]}],"items_purged_floors":[3,23,30,37],"is_endless":false,"potions_floor_spawned":[1,6,12,14,24,28,45,48],"ascension_level":0}}