{"host":"4appwf62b6su64g1","time":1607474733,"event":{"gold_per_floor":[214,228,228,242,212,242,242,242,266,280,280,280,280,310,310,413,413,430,440,452,377,377,377,391,391,443,443,383,393,143,157,157,256,256,270,290,310,329,15,45,70,82,94,122,160,25,25,25,25,25,25],"floor_reached":52,"playtime":4412,"items_purged":["Defend_G"],"score":722,"play_id":"f35c22df-9490-4d6d-81cd-6d1e01afcc58","local_time":"20201209084533","is_ascension_mode":false,"campfire_choices":[{"data":"HollowMod:Weaversong","floor":7,"key":"SMITH"},{"data":"Survivor","floor":11,"key":"SMITH"},{"data":"Neutralize","floor":13,"key":"SMITH"},{"data":"Strike_G","floor":23,"key":"SMITH"},{"data":"Strike_G","floor":25,"key":"SMITH"},{"data":"Strike_G","floor":27,"key":"SMITH"},{"data":"REME_BattleFury","floor":32,"key":"SMITH"},{"data":"After Image","floor":47,"key":"SMITH"},{"data":"Strike_G","floor":49,"key":"SMITH"}],"neow_cost":"NONE","seed_source_timestamp":332906524252700,"circlet_count":0,"master_deck":["Strike_G","Strike_G+1","Strike_G+1","Strike_G+1","Strike_G+1","Defend_G","Defend_G","Defend_G","Defend_G","Survivor+1","Neutralize+1","Calculated Gamble+1","Setup+1","Prepared+1","HollowMod:Weaversong+1","Toxin Wave+1","Prepared+1","Reflex+1","Malaise+1","Flex+1","Acrobatics+1","Tactician+1","REME_BattleFury+1","After Image+1","Body Slam+1","Inflame+1","Escape Plan+1","Spot Weakness+1","ReplayTheSpireMod:Exploit Weakness+1"],"relics":["Ring of the Snake","REME_ComplimentaryCards","LetterFromLob","Toxic Egg 2","Hololive_LightStick","Gaze_r","vexMod:MemoryStick","Bottled Tornado","aspiration:IroncladSkillbook","ReplayTheSpireMod:Shallot","Vajra","Dota2Spire:RefresherOrb","Paper Crane","MawBank","Replay:Ringing Soul","Dota2Spire:CrimsonGuard","Dota2Spire:EchoSabre"],"potions_floor_usage":[8,44,44],"damage_taken":[{"damage":3,"enemies":"Jaw Worm","floor":1,"turns":4},{"damage":0,"enemies":"Small Slimes","floor":2,"turns":3},{"damage":1,"enemies":"2 Louse","floor":4,"turns":2},{"damage":0,"enemies":"Looter","floor":5,"turns":4},{"damage":12,"enemies":"Replay:BlueRogue","floor":6,"turns":12},{"damage":14,"enemies":"Exordium Thugs","floor":8,"turns":3},{"damage":0,"enemies":"Exordium Thugs","floor":10,"turns":3},{"damage":11,"enemies":"3 Sentries","floor":14,"turns":5},{"damage":4,"enemies":"Hexaghost","floor":16,"turns":9},{"damage":0,"enemies":"3 Byrds","floor":18,"turns":3},{"damage":0,"enemies":"Chosen","floor":19,"turns":3},{"damage":20,"enemies":"Sentry and Sphere","floor":20,"turns":6},{"damage":0,"enemies":"Shelled Parasite and Fungi","floor":24,"turns":4},{"damage":0,"enemies":"3 Cultists","floor":29,"turns":4},{"damage":0,"enemies":"Centurion and Healer","floor":31,"turns":3},{"damage":3,"enemies":"Champ","floor":33,"turns":5},{"damage":0,"enemies":"3 Shapes","floor":35,"turns":2},{"damage":0,"enemies":"Orb Walker","floor":36,"turns":2},{"damage":5,"enemies":"4 Shapes","floor":37,"turns":4},{"damage":0,"enemies":"Sphere and 2 Shapes","floor":38,"turns":3},{"damage":0,"enemies":"Giant Head","floor":40,"turns":4},{"damage":0,"enemies":"HollowMod:SlobberingHusk","floor":41,"turns":7},{"damage":0,"enemies":"3 Darklings","floor":44,"turns":2},{"damage":0,"enemies":"R_Hoarder","floor":45,"turns":6},{"damage":47,"enemies":"Time Eater","floor":50,"turns":12}],"seed_played":"4788798382641079078","potions_obtained":[{"floor":4,"key":"Ancient Potion"},{"floor":6,"key":"Toxic Potion"},{"floor":14,"key":"DistilledChaos"},{"floor":19,"key":"FearPotion"},{"floor":44,"key":"SmokeBomb"}],"is_trial":false,"path_per_floor":["M","M","?","M","M","E","R","M","T","M","R","?","R","E","R","B",null,"M","M","M","?","T","R","M","R","T","R","?","M","$","M","R","B",null,"M","M","M","M","$","E","M","?","T","M","E","$","R","$","R","B",null,null],"character_chosen":"THE_SILENT","items_purchased":["REME_BattleFury","Inflame","Paper Crane","Dota2Spire:EchoSabre"],"campfire_rested":0,"item_purchase_floors":[30,39,39,46],"current_hp_per_floor":[67,67,67,66,66,54,54,40,40,40,40,48,48,37,58,54,70,70,70,54,54,54,54,58,58,58,58,58,62,62,66,66,67,70,70,70,69,70,70,70,70,70,70,73,76,76,76,76,76,33,33],"gold":25,"neow_bonus":"HUNDRED_GOLD","is_prod":false,"is_daily":false,"chose_seed":false,"campfire_upgraded":9,"win_rate":0,"timestamp":1607474733,"path_taken":["M","M","?","M","M","E","R","M","T","M","R","?","R","E","R","BOSS","M","M","M","?","?","R","M","R","T","R","?","?","$","M","R","BOSS","M","M","M","M","$","E","M","?","T","M","E","?","R","$","R","BOSS"],"build_version":"2020-11-30","purchased_purges":1,"victory":true,"max_hp_per_floor":[70,70,70,70,70,70,70,70,70,70,70,70,70,70,70,70,70,70,70,70,70,70,70,70,70,70,70,70,70,70,70,70,70,70,70,70,70,70,70,70,70,70,70,73,76,76,76,76,76,76,76],"card_choices":[{"not_picked":["Underhanded Strike","Sucker Punch"],"picked":"Calculated Gamble","floor":1},{"not_picked":["Sucker Punch","Blade Dance","Skewer"],"picked":"SKIP","floor":2},{"not_picked":["Flechettes","Quick Slash"],"picked":"Setup+1","floor":4},{"not_picked":["Flying Knee","Dagger Spray"],"picked":"Prepared+1","floor":5},{"not_picked":["Riddle With Holes","Bouncing Flask+1"],"picked":"Toxin Wave+1","floor":6},{"not_picked":["Heel Hook","Flying Knee"],"picked":"Prepared+1","floor":10},{"not_picked":["Dagger Spray","Infinite Blades"],"picked":"Reflex+1","floor":14},{"not_picked":["aspiration:Lunge","REME_CopyPotion+1"],"picked":"Malaise+1","floor":16},{"not_picked":["Rampage","Anger","Havoc+1"],"picked":"Flex+1","floor":18},{"not_picked":["Sword Boomerang","Warcry+1","Catalyst+1"],"picked":"Acrobatics+1","floor":19},{"not_picked":["Backflip+1","Exhume+1","Outmaneuver+1","Pommel Strike"],"picked":"SKIP","floor":20},{"not_picked":["Underhanded Strike+1","REME_Scribble+1","Cloak And Dagger+1"],"picked":"Tactician+1","floor":24},{"not_picked":["Blade Dance+1","Flex+1","Sucker Punch","Sword Boomerang+1"],"picked":"SKIP","floor":29},{"not_picked":["All Out Attack","Heavy Blade","Backflip+1","Blade Dance+1"],"picked":"SKIP","floor":31},{"not_picked":["REME_Fury+1","A Thousand Cuts","Feed"],"picked":"After Image","floor":33},{"not_picked":["Heavy Blade+1","Crippling Poison+1","Perfected Strike","Dash"],"picked":"SKIP","floor":35},{"not_picked":["Heavy Blade+1","Bane","Poisoned Stab+1","Headbutt+1"],"picked":"SKIP","floor":36},{"not_picked":["Thunderclap","Deflect+1","Unload","Clash+1"],"picked":"SKIP","floor":37},{"not_picked":["Clash","Life Link","Underhanded Strike+1"],"picked":"Body Slam+1","floor":38},{"not_picked":["Armaments+1","Anger+1","Sword Boomerang"],"picked":"Escape Plan+1","floor":40},{"not_picked":["Twin Strike","Prepared+1","Draining Mist+1","Poisoned Stab+1"],"picked":"SKIP","floor":41},{"not_picked":["Cloak And Dagger+1","Battle Trance+1","Finisher+1"],"picked":"Spot Weakness+1","floor":44},{"not_picked":["Doppelganger+1","Replay:Undeath\u0027s Touch","Crippling Poison+1"],"picked":"ReplayTheSpireMod:Exploit Weakness+1","floor":45}],"player_experience":323976,"relics_obtained":[{"floor":1,"key":"LetterFromLob"},{"floor":6,"key":"Hololive_LightStick"},{"floor":9,"key":"vexMod:MemoryStick"},{"floor":14,"key":"Bottled Tornado"},{"floor":22,"key":"ReplayTheSpireMod:Shallot"},{"floor":26,"key":"Vajra"},{"floor":40,"key":"MawBank"},{"floor":43,"key":"Replay:Ringing Soul"},{"floor":45,"key":"Dota2Spire:CrimsonGuard"}],"event_choices":[{"cards_removed":["Injury"],"damage_healed":0,"gold_gain":0,"player_choice":"Gave Gold","damage_taken":0,"max_hp_gain":0,"max_hp_loss":0,"event_name":"Beggar","floor":21,"gold_loss":75},{"damage_healed":0,"gold_gain":0,"player_choice":"Forge","damage_taken":0,"max_hp_gain":0,"max_hp_loss":0,"event_name":"Accursed Blacksmith","floor":42,"gold_loss":0,"cards_upgraded":["Inflame"]}],"is_beta":false,"boss_relics":[{"not_picked":["Coffee Dripper","Snecko Scales"],"picked":"aspiration:IroncladSkillbook"},{"not_picked":["REME_LowDesire","Painkiller Herb"],"picked":"Dota2Spire:RefresherOrb"}],"items_purged_floors":[30],"is_endless":false,"potions_floor_spawned":[4,6,8,14,19,29,33,36,38,40,44],"ascension_level":0}}