{"host":"lw874zp3en0pz6a7","time":1607486410,"event":{"gold_per_floor":[210,224,194,214,31,31,60,60,86,100,100,110,123,151,151,246,246,262,459,470,487,487,487,515,533,614,626,655,673,639,206,206,302,302,312,312,329,342,358,386,404,404,404],"floor_reached":42,"playtime":3889,"items_purged":["Runesmith:Strike_RS"],"score":707,"play_id":"c322e11a-5ccc-40c5-8172-74473281d898","local_time":"20201209120010","is_ascension_mode":false,"campfire_choices":[{"data":"Runesmith:CraftFirestone","floor":6.0,"key":"SMITH"},{"data":"Runesmith:Attraction","floor":8.0,"key":"SMITH"},{"data":"Runesmith:Fortify","floor":11.0,"key":"SMITH"},{"data":"Runesmith:Grindstone","floor":15.0,"key":"SMITH"},{"data":"Runesmith:ReplicatingBarrier","floor":23,"key":"SMITH"},{"floor":32,"key":"REST"}],"neow_cost":"NONE","seed_source_timestamp":699756624414000,"circlet_count":0,"master_deck":["Runesmith:Strike_RS","Runesmith:Strike_RS","Runesmith:Strike_RS","Runesmith:Defend_RS","Runesmith:Defend_RS","Runesmith:Defend_RS","Runesmith:Defend_RS","Runesmith:CraftFirestone+1","Runesmith:Fortify+1","Runesmith:EarthShield","Runesmith:Repurpose","Runesmith:Attraction+1","Runesmith:FissionHammer","Runesmith:BackupBattery","Runesmith:StaticCage","Runesmith:FissionHammer","Runesmith:LightningRod","Runesmith:Grindstone+1","Runesmith:ReplicatingBarrier+1","Runesmith:CraftMagma+1","Runesmith:CraftProtectio+1","Runesmith:CraftIncendium+1","Runesmith:Firestorm","Runesmith:PerfectChisel","Runesmith:Grindstone+1","Runesmith:Refine","Runesmith:Firewall","expansioncontent:DecasProtection","Runesmith:Supernova","Runesmith:BackupBattery+1","Runesmith:LithiumIon"],"special_seed":0,"relics":["Runesmith:BrokenRuby","LagranYue:RandomDrawCardRelic","Mummified Hand","keyreminder:keyreminder","Mastiff:ReiMu","Runic Dome","Chameleon Ring","Iron Hammer","Pear","Lizard Tail","BargainBundle","Dream Catcher","Painkiller Herb","Quantum Egg"],"potions_floor_usage":[28,28,28,28,28,29,35,40,42],"damage_taken":[{"damage":0.0,"enemies":"Small Slimes","floor":1.0,"turns":4.0},{"damage":0.0,"enemies":"Jaw Worm","floor":2.0,"turns":4.0},{"damage":0.0,"enemies":"3 Sentries","floor":7.0,"turns":7.0},{"damage":0.0,"enemies":"2 Louse","floor":10.0,"turns":2.0},{"damage":0.0,"enemies":"Large Slime","floor":12.0,"turns":4.0},{"damage":2.0,"enemies":"2 Fungi Beasts","floor":13.0,"turns":4.0},{"damage":45.0,"enemies":"Gremlin Nob","floor":14.0,"turns":6.0},{"damage":2.0,"enemies":"Slime Boss","floor":16.0,"turns":13.0},{"damage":2.0,"enemies":"Chosen","floor":18.0,"turns":8.0},{"damage":0,"enemies":"Spheric Guardian","floor":20,"turns":6},{"damage":5,"enemies":"Centurion and Healer","floor":21,"turns":6},{"damage":23,"enemies":"Slavers","floor":24,"turns":7},{"damage":8,"enemies":"Snake Plant","floor":25,"turns":3},{"damage":21,"enemies":"Chosen and Byrds","floor":27,"turns":8},{"damage":0,"enemies":"Book of Stabbing","floor":28,"turns":4},{"damage":0,"enemies":"Shelled Parasite and Fungi","floor":29,"turns":4},{"damage":10,"enemies":"Pondfish","floor":33,"turns":15},{"damage":0,"enemies":"3 Shapes","floor":35,"turns":6},{"damage":0,"enemies":"Orb Walker","floor":37,"turns":4},{"damage":0,"enemies":"Sphere and 2 Shapes","floor":38,"turns":5},{"damage":46,"enemies":"Spire Growth","floor":39,"turns":8},{"damage":43,"enemies":"Reptomancer","floor":40,"turns":8},{"damage":0,"enemies":"4 Shapes","floor":41,"turns":5},{"damage":143,"enemies":"2 Orb Walkers","floor":42,"turns":7}],"seed_played":"1748667459915283936","potions_obtained":[{"floor":1.0,"key":"CultistPotion"},{"floor":2.0,"key":"ColorlessPotion"},{"floor":10.0,"key":"Elixir"},{"floor":14.0,"key":"Fire Potion"},{"floor":18.0,"key":"LiquidMemories"},{"floor":20,"key":"SteroidPotion"},{"floor":25,"key":"Languid Potion"},{"floor":27,"key":"EntropicBrew"},{"floor":38,"key":"PowerPotion"},{"floor":40,"key":"FairyPotion"}],"is_trial":false,"path_per_floor":["M","M","?","?","$","R","E","R","T","M","R","M","M","E","R","B",null,"M","?","M","M","T","R","E","M","T","M","E","M","?","$","R","B",null,"?","?","?","?","?","E","?","?"],"character_chosen":"RUNESMITH_CLASS","items_purchased":["Runesmith:FissionHammer","Runesmith:BackupBattery","BargainBundle","Regen Potion","Adrenaline Potion","ColorlessPotion","Runesmith:Refine","Runesmith:Firewall","expansioncontent:DecasProtection","Thinking Ahead","Dream Catcher"],"campfire_rested":1,"item_purchase_floors":[5,5,31,31,31,31,31,31,31,31,31],"current_hp_per_floor":[70,70,70,70,70,70,70,70,70,70,70,70,68,23,23,21,70,68,51,51,46,46,46,23,15,25,4,4,4,4,4,28,18,80,80,90,90,90,44,28,28,0,0],"gold":404,"neow_bonus":"HUNDRED_GOLD","is_prod":false,"is_daily":false,"chose_seed":false,"campfire_upgraded":5,"win_rate":0.0,"timestamp":1607486410,"path_taken":["M","M","?","?","$","R","E","R","T","M","R","M","M","E","R","BOSS","M","?","?","M","?","R","E","M","T","M","E","M","?","$","R","BOSS","?","?","?","?","?","E","?","?"],"build_version":"2020-11-30","purchased_purges":1,"victory":false,"max_hp_per_floor":[70,70,70,70,70,70,70,70,70,70,70,70,70,70,70,70,70,70,70,70,70,70,70,70,70,80,80,80,80,80,80,80,80,80,80,90,90,90,90,90,90,90,90],"card_choices":[{"not_picked":["Runesmith:Firewall","Runesmith:DoubleUp"],"picked":"Runesmith:EarthShield","floor":1.0},{"not_picked":["Runesmith:Retool","Runesmith:HammerTime"],"picked":"Runesmith:Repurpose","floor":2.0},{"not_picked":[],"picked":"Runesmith:Attraction","floor":3.0},{"not_picked":["Runesmith:HammerAndChisel","Runesmith:CraftSpiculum"],"picked":"Runesmith:StaticCage","floor":7.0},{"not_picked":["Runesmith:EnergizedChisel","Runesmith:MakeshiftArmor"],"picked":"Runesmith:FissionHammer","floor":10.0},{"not_picked":["Runesmith:MakeshiftArmor","Runesmith:HammerThrow","Runesmith:ShiftingStrike"],"picked":"SKIP","floor":12.0},{"not_picked":["Runesmith:Malloc","Runesmith:Repurpose"],"picked":"Runesmith:LightningRod","floor":13.0},{"not_picked":["Runesmith:Permafrost","Runesmith:HammerAndChisel"],"picked":"Runesmith:Grindstone","floor":14.0},{"not_picked":["Runesmith:Duplicate","Runesmith:ArcReactor"],"picked":"Runesmith:ReplicatingBarrier","floor":16.0},{"not_picked":["Runesmith:Electrocute+1","Runesmith:RuneHurl"],"picked":"Runesmith:CraftMagma+1","floor":18.0},{"not_picked":["Runesmith:HeatedChisel+1","Runesmith:Reinforce"],"picked":"Runesmith:CraftProtectio+1","floor":19},{"not_picked":["Runesmith:Reinforce+1","Runesmith:Firewall"],"picked":"Runesmith:CraftIncendium+1","floor":20},{"not_picked":["Runesmith:HammerAndChisel+1","Runesmith:NegativeSpace","Runesmith:Reinforce"],"picked":"SKIP","floor":21},{"not_picked":["Runesmith:Reinforce","Runesmith:HammerThrow+1","Runesmith:NegativeSpace"],"picked":"SKIP","floor":24},{"not_picked":["Runesmith:Overpower","Runesmith:NanitesCloud","Runesmith:Reinforce"],"picked":"SKIP","floor":25},{"not_picked":["Runesmith:Grindstone","Runesmith:Prism"],"picked":"Runesmith:Firestorm","floor":27},{"not_picked":["Runesmith:FissionHammer","Runesmith:Overpower"],"picked":"Runesmith:PerfectChisel","floor":28},{"not_picked":["Runesmith:CraftProtectio","Runesmith:ChargedHammer"],"picked":"Runesmith:Grindstone+1","floor":29},{"not_picked":["Runesmith:UnlimitedPower","Runesmith:Duplicate"],"picked":"Runesmith:Supernova","floor":33},{"not_picked":["Runesmith:HammerThrow","Runesmith:Electrocute+1","Runesmith:Reinforce"],"picked":"SKIP","floor":35},{"not_picked":["Runesmith:Accelerate","Runesmith:EarthShield"],"picked":"Runesmith:BackupBattery+1","floor":37},{"not_picked":["Runesmith:EarthShield","Runesmith:HammerThrow","Runesmith:Repurpose+1"],"picked":"SKIP","floor":38},{"not_picked":["Runesmith:MakeshiftArmor","Runesmith:ArcReactor","Runesmith:HeatExchange+1"],"picked":"SKIP","floor":39},{"not_picked":["Runesmith:CraftProtectio+1","Runesmith:HeatExchange"],"picked":"Runesmith:LithiumIon","floor":40},{"not_picked":["Runesmith:EnergizedChisel","Runesmith:CraftMagma","Runesmith:FrozenChisel"],"picked":"SKIP","floor":41}],"player_experience":186508,"relics_obtained":[{"floor":7.0,"key":"Mummified Hand"},{"floor":14.0,"key":"Mastiff:ReiMu"},{"floor":22,"key":"Chameleon Ring"},{"floor":24,"key":"Iron Hammer"},{"floor":26,"key":"Pear"},{"floor":28,"key":"Lizard Tail"},{"floor":40,"key":"Quantum Egg"}],"event_choices":[{"cards_removed":["Thinking Ahead"],"damage_healed":0,"gold_gain":0,"player_choice":"Offered Rare","damage_taken":0,"max_hp_gain":10,"max_hp_loss":0,"event_name":"Bonfire Elementals","floor":36,"gold_loss":0},{"damage_healed":0,"gold_gain":0,"player_choice":"Fight","damage_taken":0,"max_hp_gain":0,"max_hp_loss":0,"event_name":"Mysterious Sphere","floor":42,"gold_loss":0}],"is_beta":false,"boss_relics":[{"not_picked":["vexMod:ImprovementManual","Ring of Chaos"],"picked":"Runic Dome"},{"not_picked":["SacredBark","Runic Pyramid"],"picked":"Painkiller Herb"}],"items_purged_floors":[31],"is_endless":false,"potions_floor_spawned":[1,2,10,14,18,20,25,27,38,40],"killed_by":"2 Orb Walkers","ascension_level":0}}