{"host":"h8h023bmayim76y3","time":1607536480,"event":{"gold_per_floor":[99,130,130,77,77,77,77,92,92,92,92],"floor_reached":10,"playtime":895,"items_purged":[],"score":70,"play_id":"5956efa9-ccd8-49a5-8927-29ca6df2c160","local_time":"20201209155440","is_ascension_mode":true,"campfire_choices":[{"data":"Koishi:MentalBreakdown","floor":1,"key":"SMITH"},{"data":"Koishi:TerrifyingSpectre","floor":3,"key":"SMITH"},{"floor":5,"key":"REST"},{"floor":9,"key":"REST"}],"neow_cost":"PERCENT_DAMAGE","seed_source_timestamp":7888808864200,"circlet_count":0,"master_deck":["Koishi:BasicStrike","Koishi:BasicDefend","Koishi:BasicDefend","Koishi:BasicDefend","Koishi:BasicDefend","Koishi:Provoke","Koishi:HauntingSlash","Koishi:MentalBreakdown+1","Pot Of Greed","Koishi:TerrifyingSpectre+1","Pot Of Greed","Koishi:Whimsy","Koishi:EmbryosDream"],"relics":["Koishi:ImaginaryFriend","Grinning Jar","hubris:TenFootPole"],"potions_floor_usage":[10],"damage_taken":[{"damage":24,"enemies":"Gensokyo:Aya","floor":2,"turns":7},{"damage":5,"enemies":"downfall:FleeingMerchant","floor":4,"turns":5},{"damage":0,"enemies":"Gensokyo:2_Kodama","floor":8,"turns":3},{"damage":31,"enemies":"Gensokyo:Mamizou","floor":10,"turns":13}],"seed_played":"-977224141407784936","potions_obtained":[{"floor":2,"key":"Adrenaline Potion"}],"is_trial":false,"path_per_floor":["R","E","R","$","R","?","T","M","R","E"],"character_chosen":"KOISHI","items_purchased":["Koishi:Whimsy"],"campfire_rested":2,"item_purchase_floors":[4],"current_hp_per_floor":[42,22,22,17,35,11,11,13,31,0,0],"gold":92,"neow_bonus":"THREE_RARE_CARDS","is_prod":false,"is_daily":false,"chose_seed":false,"campfire_upgraded":2,"win_rate":0,"timestamp":1607536480,"path_taken":["R","E","R","$","R","?","T","M","R","E"],"build_version":"2020-11-30","purchased_purges":0,"victory":false,"max_hp_per_floor":[60,60,60,60,60,60,60,60,60,60,60],"card_choices":[{"not_picked":["Koishi:RollingInRichesHeart","Koishi:ConditionedTeleport"],"picked":"Koishi:MentalBreakdown","floor":0},{"not_picked":["Koishi:SubterraneanRose","Koishi:MassHysteria"],"picked":"Koishi:TerrifyingSpectre","floor":2},{"not_picked":["Koishi:JumpScare","Koishi:IdleWhim"],"picked":"Koishi:EmbryosDream","floor":8}],"player_experience":91620,"relics_obtained":[{"floor":2,"key":"Grinning Jar"},{"floor":7,"key":"hubris:TenFootPole"}],"event_choices":[],"is_beta":false,"boss_relics":[],"items_purged_floors":[],"is_endless":false,"potions_floor_spawned":[2],"killed_by":"Gensokyo:Mamizou","ascension_level":3}}