{"host":"12piqfhmdln9x2la","time":1607527446,"event":{"gold_per_floor":[111,111,286,45,60,90,108,108,177,193,211,239,239,273,273,375,375,385,396,396,413,413,413,413],"floor_reached":23,"playtime":505,"items_purged":[],"score":260,"play_id":"34f6d0cf-96da-4957-adad-a00cdf6f00bd","local_time":"20201210002406","is_ascension_mode":true,"campfire_choices":[{"data":"Thunderclap","floor":8,"key":"SMITH"},{"data":"Spot Weakness","floor":15,"key":"SMITH"}],"neow_cost":"NONE","seed_source_timestamp":21277265900200,"circlet_count":0,"master_deck":["Strike_R","Strike_R","Strike_R","Strike_R","Defend_R","Defend_R","Defend_R","Defend_R","Bash","Thunderclap+1","Doubt","Clash+1","Sword Boomerang+1","Pommel Strike+1","Armaments","Spot Weakness+1","Demon Form","Infernal Blade+1","Heavy Blade+1","Flex","Flex"],"relics":["Burning Blood","NeowsBlessing","Blood Vial","Singing Bowl","Gremlin Horn","Lantern","Bag of Preparation","Coffee Dripper","Nloth\u0027s Gift"],"potions_floor_usage":[10,10,16,23,23],"damage_taken":[{"damage":0,"enemies":"Small Slimes","floor":1,"turns":1},{"damage":0,"enemies":"Jaw Worm","floor":5,"turns":1},{"damage":0,"enemies":"Lagavulin","floor":6,"turns":1},{"damage":1,"enemies":"Cultist","floor":7,"turns":3},{"damage":13,"enemies":"Exordium Thugs","floor":10,"turns":4},{"damage":0,"enemies":"2 Fungi Beasts","floor":11,"turns":2},{"damage":22,"enemies":"3 Sentries","floor":12,"turns":5},{"damage":32,"enemies":"Gremlin Nob","floor":14,"turns":5},{"damage":41,"enemies":"The Guardian","floor":16,"turns":7},{"damage":12,"enemies":"Chosen","floor":18,"turns":5},{"damage":23,"enemies":"2 Thieves","floor":19,"turns":3},{"damage":37,"enemies":"Snake Plant","floor":21,"turns":5},{"damage":53,"enemies":"Gremlin Leader","floor":23,"turns":3}],"seed_played":"4940225439693885882","potions_obtained":[{"floor":1,"key":"Energy Potion"},{"floor":5,"key":"BlessingOfTheForge"},{"floor":10,"key":"Weak Potion"},{"floor":16,"key":"Regen Potion"},{"floor":21,"key":"AttackPotion"}],"is_trial":false,"path_per_floor":["M","?","?","$","M","E","M","R","T","M","M","E","?","E","R","B",null,"M","M","?","M","?","E"],"character_chosen":"IRONCLAD","items_purchased":["Molten Egg 2"],"campfire_rested":0,"item_purchase_floors":[4],"current_hp_per_floor":[80,80,80,80,80,80,80,80,80,75,82,66,66,44,44,11,84,78,63,63,34,34,0,0],"gold":413,"neow_bonus":"THREE_ENEMY_KILL","is_prod":false,"is_daily":false,"chose_seed":false,"campfire_upgraded":2,"win_rate":0,"timestamp":1607527446,"path_taken":["M","?","?","$","M","E","M","R","T","M","M","E","?","E","R","BOSS","M","?","?","M","?","E"],"build_version":"2020-11-30","purchased_purges":0,"victory":false,"max_hp_per_floor":[80,80,80,80,80,80,80,80,80,82,82,82,82,84,84,84,84,84,84,84,84,84,84,84],"card_choices":[{"not_picked":["Dropkick","Anger"],"picked":"Thunderclap","floor":1},{"not_picked":["Fire Breathing","Wild Strike+1"],"picked":"Clash+1","floor":5},{"not_picked":["Cleave+1","Headbutt+1"],"picked":"Sword Boomerang+1","floor":6},{"not_picked":["Sword Boomerang+1","Headbutt+1"],"picked":"Pommel Strike+1","floor":7},{"not_picked":["Shrug It Off","True Grit","Thunderclap+1"],"picked":"Singing Bowl","floor":10},{"not_picked":["Flame Barrier","Warcry"],"picked":"Armaments","floor":11},{"not_picked":["Headbutt+1","Heavy Blade+1"],"picked":"Spot Weakness","floor":12},{"not_picked":["Fiend Fire+1","Sword Boomerang+1","Double Tap"],"picked":"Singing Bowl","floor":14},{"not_picked":["Berserk","Barricade"],"picked":"Demon Form","floor":16},{"not_picked":["Body Slam+1","Searing Blow+1"],"picked":"Infernal Blade+1","floor":18},{"not_picked":["Rampage+1","Sword Boomerang+1"],"picked":"Heavy Blade+1","floor":19},{"not_picked":["Thunderclap+1","Anger+1"],"picked":"Flex","floor":21}],"player_experience":93717,"relics_obtained":[{"floor":6,"key":"Blood Vial"},{"floor":9,"key":"Singing Bowl"},{"floor":12,"key":"Gremlin Horn"},{"floor":14,"key":"Bag of Preparation"}],"event_choices":[{"damage_healed":0,"gold_gain":0,"cards_transformed":["Strike_R"],"player_choice":"Change","damage_taken":0,"max_hp_gain":0,"max_hp_loss":0,"event_name":"Living Wall","floor":2,"gold_loss":0,"cards_obtained":["Cleave"]},{"damage_healed":0,"gold_gain":175,"player_choice":"AGREE","damage_taken":0,"max_hp_gain":0,"max_hp_loss":0,"event_name":"Liars Game","floor":3,"gold_loss":0,"cards_obtained":["Doubt"]},{"cards_removed":["Cleave"],"damage_healed":0,"gold_gain":0,"player_choice":"Gave Card","damage_taken":0,"relics_obtained":["Lantern"],"max_hp_gain":0,"max_hp_loss":0,"event_name":"WeMeetAgain","floor":13,"gold_loss":0},{"damage_healed":0,"gold_gain":0,"player_choice":"Read","damage_taken":0,"max_hp_gain":0,"max_hp_loss":0,"event_name":"The Library","floor":20,"gold_loss":0,"cards_obtained":["Flex"]},{"damage_healed":0,"gold_gain":0,"player_choice":"Traded Relic","damage_taken":0,"relics_obtained":["Nloth\u0027s Gift"],"max_hp_gain":0,"max_hp_loss":0,"event_name":"N\u0027loth","floor":22,"relics_lost":["Molten Egg 2"],"gold_loss":0}],"is_beta":false,"boss_relics":[{"not_picked":["Cursed Key","Snecko Eye"],"picked":"Coffee Dripper"}],"items_purged_floors":[],"is_endless":false,"potions_floor_spawned":[1,5,10,16,21],"killed_by":"Gremlin Leader","ascension_level":2}}