{"host":"wl5kcyk3ocgwii71","time":1607484378,"event":{"gold_per_floor":[210,225,241,256,275,302,320,346,346,346,316,316],"floor_reached":11,"playtime":292,"items_purged":[],"score":109,"play_id":"dc3bf13c-3f09-40ba-9417-f899c98801d8","local_time":"20201208192618","is_ascension_mode":true,"campfire_choices":[],"neow_cost":"NONE","seed_source_timestamp":379875667474000,"circlet_count":0,"master_deck":["Strike_R","Strike_R","Strike_R","Strike_R","Strike_R","Defend_R","Defend_R","Defend_R","Defend_R","Bash","Hemokinesis","Thunderclap","Rage","Inflame","Run Through","Uppercut","Seeing Red","True Grit"],"relics":["Burning Blood","Question Card","ReplayTheSpireMod:Ninjato","Darkstone Periapt","Molten Egg 2"],"potions_floor_usage":[5,8],"damage_taken":[{"damage":8,"enemies":"Jaw Worm","floor":1,"turns":5},{"damage":3,"enemies":"Cultist","floor":2,"turns":3},{"damage":8,"enemies":"Small Slimes","floor":3,"turns":3},{"damage":24,"enemies":"2 Fungi Beasts","floor":4,"turns":4},{"damage":22,"enemies":"Large Slime","floor":5,"turns":6},{"damage":40,"enemies":"3 Sentries","floor":6,"turns":6},{"damage":0,"enemies":"Exordium Wildlife","floor":7,"turns":2},{"damage":11,"enemies":"Gremlin Nob","floor":8,"turns":3},{"damage":17,"enemies":"Exordium Thugs","floor":11,"turns":2}],"seed_played":"7390267550716309385","potions_obtained":[{"floor":2,"key":"ColorlessPotion"},{"floor":6,"key":"Elixir"},{"floor":7,"key":"Strength Potion"}],"is_trial":false,"path_per_floor":["M","M","M","M","M","E","M","E","T","?","M"],"character_chosen":"IRONCLAD","items_purchased":[],"campfire_rested":0,"item_purchase_floors":[],"current_hp_per_floor":[78,80,78,60,44,10,16,11,11,11,0,0],"gold":316,"neow_bonus":"HUNDRED_GOLD","is_prod":false,"is_daily":false,"chose_seed":false,"campfire_upgraded":0,"win_rate":0,"timestamp":1607484378,"path_taken":["M","M","M","M","M","E","M","E","T","?","M"],"build_version":"2020-11-30","purchased_purges":0,"victory":false,"max_hp_per_floor":[80,80,80,80,80,80,80,80,80,80,80,80],"card_choices":[{"not_picked":["Clash","Spot Weakness"],"picked":"Hemokinesis","floor":1},{"not_picked":["Battle Trance","ReplayTheSpireMod:Strike From Hell"],"picked":"Thunderclap","floor":2},{"not_picked":["Headbutt","Flex"],"picked":"Rage","floor":3},{"not_picked":["ReplayTheSpireMod:Stacked","Body Slam"],"picked":"Inflame","floor":4},{"not_picked":["Anger","Armaments"],"picked":"Run Through","floor":5},{"not_picked":["Eclipse","Flex"],"picked":"Uppercut","floor":6},{"not_picked":["Thunderclap","ReplayTheSpireMod:Muscle Training","Headbutt"],"picked":"Seeing Red","floor":7},{"not_picked":["Evolve","Havoc","Pommel Strike"],"picked":"True Grit","floor":8}],"player_experience":332389,"relics_obtained":[{"floor":6,"key":"Question Card"},{"floor":8,"key":"ReplayTheSpireMod:Ninjato"},{"floor":9,"key":"Darkstone Periapt"}],"event_choices":[{"damage_healed":0,"gold_gain":0,"player_choice":"Gave Potion","damage_taken":0,"relics_obtained":["Molten Egg 2"],"max_hp_gain":0,"max_hp_loss":0,"event_name":"WeMeetAgain","floor":10,"gold_loss":0}],"is_beta":false,"boss_relics":[],"items_purged_floors":[],"is_endless":false,"potions_floor_spawned":[2,6,7],"killed_by":"Exordium Thugs","ascension_level":5}}