{"host":"xrbxyo513dr24h85","time":1607473394,"event":{"gold_per_floor":[113,113,113,126,126,158,171,171,171,18,18,18,149,160,160,262,262,276,294,63,63,63,90,90,100,100,116,149,169,169,186,186,186,186],"floor_reached":33,"playtime":981,"items_purged":[],"score":395,"play_id":"b79dd700-00e7-456f-b444-cc4e571bdb86","local_time":"20201208162314","is_ascension_mode":false,"campfire_choices":[{"data":"DDmod:UnstoppableAttack","floor":8,"key":"SMITH"},{"data":"Sword Boomerang","floor":15,"key":"SMITH"},{"data":"Feed","floor":24,"key":"SMITH"},{"data":"DDmod:RapidStrikeAttack","floor":30,"key":"SMITH"},{"data":"Reaper","floor":32,"key":"SMITH"}],"neow_cost":"","seed_source_timestamp":0,"circlet_count":0,"master_deck":["Adrenaline+1","Strike_R","Strike_R","Strike_R","Strike_R","Strike_R+1","Defend_R","Defend_R","Defend_R","Bash","Pommel Strike+1","DDmod:UnstoppableAttack+1","Sword Boomerang+1","Feed+1","Iron Wave","DDmod:RapidStrikeAttack+1","Reaper+1","DDmod:PokeAttack"],"relics":["Burning Blood","hubris:Icosahedron","hubris:Towel","Anchor","StrikeDummy","halation:Jellyphish","DDmod:BarbedSlagRelic","Another Sword","Sozu","halation:LostSnail","Omamori","Ice Cream","Replay:Ringing Soul","HornCleat","hubris:IronBody"],"potions_floor_usage":[16,16],"damage_taken":[{"damage":2,"enemies":"2 Louse","floor":1,"turns":2},{"damage":6,"enemies":"Jaw Worm","floor":4,"turns":3},{"damage":21,"enemies":"3 Sentries","floor":6,"turns":8},{"damage":2,"enemies":"Small Slimes","floor":7,"turns":3},{"damage":4,"enemies":"Gremlin Nob","floor":13,"turns":3},{"damage":0,"enemies":"Blue Slaver","floor":14,"turns":2},{"damage":19,"enemies":"Fading Forest","floor":16,"turns":11},{"damage":0,"enemies":"Chosen","floor":18,"turns":3},{"damage":0,"enemies":"Spheric Guardian","floor":19,"turns":3},{"damage":11,"enemies":"Slavers","floor":23,"turns":5},{"damage":11,"enemies":"Snake Plant","floor":25,"turns":4},{"damage":9,"enemies":"Snecko","floor":27,"turns":3},{"damage":1,"enemies":"Replay:Snechameleon","floor":28,"turns":3},{"damage":11,"enemies":"Sentry and Sphere","floor":29,"turns":4},{"damage":1,"enemies":"Snake Plant","floor":31,"turns":3},{"damage":105,"enemies":"Collector","floor":33,"turns":11}],"seed_played":"4702147861307294742","potions_obtained":[{"floor":4,"key":"Milkshake"},{"floor":14,"key":"PowerPotion"}],"is_trial":true,"path_per_floor":["M","?","?","M","?","E","M","R","T","$","?","$","E","M","R","B",null,"M","M","$","?","$","E","R","M","T","M","E","M","R","M","R","B"],"character_chosen":"IRONCLAD","items_purchased":["halation:Jellyphish","halation:LostSnail","Omamori"],"campfire_rested":0,"item_purchase_floors":[10,20,20],"current_hp_per_floor":[80,80,80,80,80,65,73,73,73,73,73,73,80,80,80,67,80,80,80,80,80,80,78,78,75,75,72,87,91,91,94,94,0,0],"gold":186,"neow_bonus":"","is_prod":false,"is_daily":false,"chose_seed":false,"campfire_upgraded":5,"win_rate":0,"timestamp":1607473394,"path_taken":["M","?","?","?","?","E","M","R","T","$","?","?","E","M","R","BOSS","M","M","$","?","?","E","R","M","T","?","E","M","R","M","R","BOSS"],"build_version":"2020-11-30","purchased_purges":0,"victory":false,"max_hp_per_floor":[80,80,80,80,80,80,80,80,80,80,80,80,80,80,80,80,80,80,80,80,80,80,80,80,80,80,80,87,94,94,94,94,94,94],"relic_stats":{"Sozu":3,"counters":[16,71],"obtain_stats":[{"Ice Cream":23,"sneckomod:BlankCard":18,"Magic Flower":23,"Whetstone":13,"Burning Blood":0,"Sozu":17,"Replay:Ringing Soul":26,"hubris:Icosahedron":2,"HornCleat":28,"Gambling Chip":29,"hubris:IronBody":33,"Kunai":16,"hubris:TinFlute":14,"Red Skull":19,"hubris:GlazedTorus":25,"Happy Flower":31,"Omamori":20,"hubris:Towel":3,"Frozen Egg 2":28,"Anchor":6,"halation:Jellyphish":10,"Another Sword":13,"halation:LostSnail":20,"StrikeDummy":9,"DDmod:BarbedSlagRelic":11,"Pocketwatch":27},{"Ice Cream":10,"sneckomod:BlankCard":7,"Magic Flower":9,"Whetstone":4,"Burning Blood":0,"Sozu":7,"Replay:Ringing Soul":11,"hubris:Icosahedron":1,"HornCleat":13,"Gambling Chip":13,"hubris:IronBody":15,"Kunai":6,"hubris:TinFlute":5,"Red Skull":8,"hubris:GlazedTorus":10,"Happy Flower":14,"Omamori":9,"hubris:Towel":1,"Frozen Egg 2":12,"Anchor":3,"halation:Jellyphish":4,"Another Sword":5,"halation:LostSnail":9,"StrikeDummy":4,"DDmod:BarbedSlagRelic":4,"Pocketwatch":11},{"Ice Cream":43,"sneckomod:BlankCard":32,"Magic Flower":38,"Whetstone":16,"Burning Blood":0,"Sozu":32,"Replay:Ringing Soul":47,"hubris:Icosahedron":2,"HornCleat":53,"Gambling Chip":53,"hubris:IronBody":60,"Kunai":21,"hubris:TinFlute":19,"Red Skull":35,"hubris:GlazedTorus":43,"Happy Flower":57,"Omamori":38,"hubris:Towel":2,"Frozen Egg 2":50,"Anchor":13,"halation:Jellyphish":16,"Another Sword":19,"halation:LostSnail":38,"StrikeDummy":16,"DDmod:BarbedSlagRelic":16,"Pocketwatch":47}],"Burning Blood":61},"card_choices":[{"not_picked":["Rupture","Wild Strike","Havoc"],"picked":"SKIP","floor":1},{"not_picked":["Berserk","Perfected Strike"],"picked":"Pommel Strike","floor":4},{"not_picked":["Heavy Blade","DDmod:CallousedSkill"],"picked":"DDmod:UnstoppableAttack","floor":6},{"not_picked":["Burning Pact","Second Wind","Bloodletting"],"picked":"SKIP","floor":7},{"not_picked":["DDmod:UnstoppableAttack","Dual Wield","Dark Embrace"],"picked":"SKIP","floor":13},{"not_picked":["Flex","True Grit"],"picked":"Sword Boomerang","floor":14},{"not_picked":["Brutality","Berserk"],"picked":"Feed","floor":16},{"not_picked":["Clothesline+1","DDmod:UnstoppableAttack"],"picked":"Iron Wave","floor":18},{"not_picked":["ReplayTheSpireMod:Stacked","Havoc","Flex"],"picked":"SKIP","floor":19},{"not_picked":["Havoc","Shrug It Off+1","hubris:SharpeningStone"],"picked":"SKIP","floor":23},{"not_picked":["Rupture","Defy Death+1"],"picked":"DDmod:RapidStrikeAttack","floor":25},{"not_picked":["Anger","Headbutt","Warcry"],"picked":"SKIP","floor":27},{"not_picked":["Replay:Undeath\u0027s Touch","ReplayTheSpireMod:Limb From Limb"],"picked":"Reaper","floor":28},{"not_picked":["True Grit","Replay:Undeath\u0027s Touch"],"picked":"DDmod:PokeAttack","floor":29},{"not_picked":["Defy Death","DDmod:BurningFumesPowerCard","Headbutt"],"picked":"SKIP","floor":31}],"player_experience":1127621,"relics_obtained":[{"floor":6,"key":"Anchor"},{"floor":9,"key":"StrikeDummy"},{"floor":13,"key":"Another Sword"},{"floor":23,"key":"Ice Cream"},{"floor":26,"key":"Replay:Ringing Soul"},{"floor":28,"key":"HornCleat"}],"event_choices":[{"cards_removed":["Defend_R"],"damage_healed":0,"gold_gain":0,"player_choice":"Purged","damage_taken":0,"max_hp_gain":0,"max_hp_loss":0,"event_name":"Purifier","floor":21,"gold_loss":0}],"is_beta":false,"boss_relics":[{"not_picked":["Runic Cube","halation:PinkAlligatorPlush"],"picked":"Sozu"}],"items_purged_floors":[],"is_endless":true,"potions_floor_spawned":[1,4,14,23,27,31],"killed_by":"Collector","ascension_level":0}}