{"host":"n3cy3kvidykvt4jk","time":1607472436,"event":{"gold_per_floor":[110,110,122,28,44,76,76,103,158,177,177,189,189,139,139,238,238,256,256,18,117,117,147,157,157,157,82,102,137,137,62,62,166,166,182,182,182,182,200,200,200,200],"floor_reached":41,"playtime":2775,"items_purged":["Demon Form"],"score":493,"play_id":"680a2eae-8f5c-43a3-b99f-1a7d71667643","local_time":"20201209030716","is_ascension_mode":true,"campfire_choices":[{"floor":7,"key":"REST"},{"floor":11,"key":"REST"},{"floor":13,"key":"REST"},{"floor":15,"key":"REST"},{"floor":25,"key":"REST"},{"floor":30,"key":"REST"},{"floor":32,"key":"REST"},{"floor":40,"key":"REST"}],"neow_cost":"NONE","seed_source_timestamp":4342427073200,"circlet_count":0,"master_deck":["Strike_R","Strike_R","Strike_R","Strike_R","Defend_R","Defend_R","Defend_R","Defend_R","Bash","Cleave","Thunderclap","Discovery","Pommel Strike","Iron Wave","Sword Boomerang","Double Tap+1","Pommel Strike+1","Armaments+1","Rampage","Limit Break+1","Thunderclap","Heavy Blade"],"relics":["Burning Blood","NeowsBlessing","Pen Nib","Odd Mushroom","Omamori","Runic Pyramid","Shuriken","InkBottle","Toxic Egg 2","Strawberry","Calling Bell","Vajra","Ornamental Fan","Charon\u0027s Ashes"],"potions_floor_usage":[6,16,18,29,29,33,39],"damage_taken":[{"damage":0,"enemies":"Cultist","floor":1,"turns":1},{"damage":0,"enemies":"Small Slimes","floor":3,"turns":1},{"damage":0,"enemies":"2 Louse","floor":5,"turns":1},{"damage":40,"enemies":"3 Sentries","floor":6,"turns":6},{"damage":29,"enemies":"The Mushroom Lair","floor":8,"turns":3},{"damage":23,"enemies":"Blue Slaver","floor":10,"turns":4},{"damage":24,"enemies":"3 Louse","floor":12,"turns":3},{"damage":12,"enemies":"Slime Boss","floor":16,"turns":5},{"damage":27,"enemies":"3 Byrds","floor":18,"turns":5},{"damage":7,"enemies":"Gremlin Leader","floor":23,"turns":8},{"damage":19,"enemies":"Spheric Guardian","floor":24,"turns":5},{"damage":30,"enemies":"Snake Plant","floor":28,"turns":4},{"damage":65,"enemies":"Slavers","floor":29,"turns":6},{"damage":72,"enemies":"Champ","floor":33,"turns":10},{"damage":58,"enemies":"3 Darklings","floor":35,"turns":7},{"damage":28,"enemies":"3 Shapes","floor":39,"turns":5},{"damage":63,"enemies":"Writhing Mass","floor":41,"turns":5}],"seed_played":"3240937312048326269","potions_obtained":[{"floor":1,"key":"BloodPotion"},{"floor":6,"key":"Fruit Juice"},{"floor":8,"key":"BloodPotion"},{"floor":10,"key":"PowerPotion"},{"floor":16,"key":"CultistPotion"},{"floor":18,"key":"Regen Potion"},{"floor":29,"key":"ElixirPotion"},{"floor":35,"key":"Fruit Juice"},{"floor":39,"key":"SteroidPotion"}],"is_trial":false,"path_per_floor":["M","?","M","$","M","E","R","?","T","M","R","M","R","?","R","B",null,"M","?","$","?","?","E","M","R","T","?","M","E","R","$","R","B",null,"M","?","$","?","M","R","M"],"character_chosen":"IRONCLAD","items_purchased":["Discovery","Shuriken"],"campfire_rested":8,"item_purchase_floors":[4,20],"current_hp_per_floor":[80,80,80,80,80,51,76,53,53,36,61,43,68,68,85,79,85,81,72,72,72,72,71,58,83,83,83,59,36,63,63,90,24,92,40,40,40,40,23,52,0,0],"gold":200,"neow_bonus":"THREE_ENEMY_KILL","is_prod":false,"is_daily":false,"chose_seed":false,"campfire_upgraded":0,"win_rate":0,"timestamp":1607472436,"path_taken":["M","?","?","$","M","E","R","?","T","M","R","M","R","?","R","BOSS","M","?","$","?","?","E","M","R","T","?","M","E","R","$","R","BOSS","M","?","?","?","M","R","?"],"build_version":"2020-11-30","purchased_purges":1,"victory":false,"max_hp_per_floor":[80,80,80,80,80,85,85,85,85,85,85,85,85,85,85,85,85,85,85,85,85,85,85,85,85,85,85,85,92,92,92,92,92,92,92,92,92,92,97,97,97,97],"card_choices":[{"not_picked":["Feel No Pain","Fire Breathing"],"picked":"Cleave","floor":1},{"not_picked":["Heavy Blade","Burning Pact"],"picked":"Thunderclap","floor":3},{"not_picked":["Havoc","True Grit"],"picked":"Pommel Strike","floor":5},{"not_picked":["Blood for Blood","Havoc","Perfected Strike"],"picked":"SKIP","floor":6},{"not_picked":["Thunderclap","Flex"],"picked":"Iron Wave","floor":10},{"not_picked":["Evolve","Body Slam"],"picked":"Sword Boomerang","floor":12},{"not_picked":["Berserk","Demon Form"],"picked":"Double Tap","floor":16},{"not_picked":["Spot Weakness","True Grit"],"picked":"Pommel Strike+1","floor":18},{"not_picked":["Twin Strike","Headbutt"],"picked":"Armaments+1","floor":23},{"not_picked":["Twin Strike","Pommel Strike+1","Shrug It Off"],"picked":"SKIP","floor":24},{"not_picked":["Thunderclap","Combust","Clash"],"picked":"SKIP","floor":28},{"not_picked":["Combust+1","Disarm+1"],"picked":"Rampage","floor":29},{"not_picked":["Feed","Reaper"],"picked":"Limit Break+1","floor":33},{"not_picked":["Wild Strike+1","Dual Wield+1"],"picked":"Thunderclap","floor":35},{"not_picked":["Thunderclap","Iron Wave"],"picked":"Heavy Blade","floor":39}],"player_experience":459976,"relics_obtained":[{"floor":6,"key":"Pen Nib"},{"floor":8,"key":"Odd Mushroom"},{"floor":9,"key":"Omamori"},{"floor":23,"key":"InkBottle"},{"floor":26,"key":"Toxic Egg 2"},{"floor":29,"key":"Strawberry"},{"floor":34,"key":"Vajra"},{"floor":34,"key":"Ornamental Fan"},{"floor":34,"key":"Charon\u0027s Ashes"}],"event_choices":[{"damage_healed":0,"gold_gain":0,"player_choice":"2 cards matched","damage_taken":0,"max_hp_gain":0,"max_hp_loss":0,"event_name":"Match and Keep!","floor":2,"gold_loss":0,"cards_obtained":["Regret","Demon Form"]},{"damage_healed":0,"gold_gain":0,"player_choice":"Fought Mushrooms","damage_taken":0,"max_hp_gain":0,"max_hp_loss":0,"event_name":"Mushrooms","floor":8,"gold_loss":0},{"cards_removed":["Regret"],"damage_healed":0,"gold_gain":0,"player_choice":"Card Removal","damage_taken":0,"max_hp_gain":0,"max_hp_loss":0,"event_name":"The Cleric","floor":14,"gold_loss":50},{"damage_healed":0,"gold_gain":0,"player_choice":"Stopped","damage_taken":9,"max_hp_gain":0,"max_hp_loss":0,"event_name":"Cursed Tome","floor":19,"gold_loss":0},{"damage_healed":0,"gold_gain":99,"player_choice":"Stole From Cult","damage_taken":0,"max_hp_gain":0,"max_hp_loss":0,"event_name":"Nest","floor":21,"gold_loss":0},{"damage_healed":0,"gold_gain":0,"player_choice":"Ignored","damage_taken":0,"max_hp_gain":0,"max_hp_loss":0,"event_name":"Vampires","floor":22,"gold_loss":0},{"cards_removed":["Strike_R"],"damage_healed":0,"gold_gain":0,"player_choice":"Gave Gold","damage_taken":0,"max_hp_gain":0,"max_hp_loss":0,"event_name":"Beggar","floor":27,"gold_loss":75},{"damage_healed":0,"gold_gain":0,"player_choice":"Ignored","damage_taken":0,"max_hp_gain":0,"max_hp_loss":0,"event_name":"SecretPortal","floor":36,"gold_loss":0},{"damage_healed":0,"gold_gain":0,"player_choice":"Upgraded","damage_taken":0,"max_hp_gain":0,"max_hp_loss":0,"event_name":"Upgrade Shrine","floor":38,"gold_loss":0,"cards_upgraded":["Double Tap"]}],"is_beta":false,"boss_relics":[{"not_picked":["Astrolabe","Pandora\u0027s Box"],"picked":"Runic Pyramid"},{"not_picked":["Busted Crown","Mark of Pain"],"picked":"Calling Bell"}],"items_purged_floors":[31],"is_endless":false,"potions_floor_spawned":[1,6,8,10,16,18,23,29,35,39],"killed_by":"Writhing Mass","ascension_level":2}}