{"host":"v0kr0xkqfgnh389p","time":1607473213,"event":{"gold_per_floor":[111,111,127,127,141,175,175,175],"floor_reached":7,"playtime":194,"items_purged":[],"score":54,"play_id":"505512ed-b1be-4942-8add-53e1b9a44393","local_time":"20201208192013","is_ascension_mode":true,"campfire_choices":[],"neow_cost":"NONE","seed_source_timestamp":40761373516500,"circlet_count":0,"master_deck":["Strike_P","Strike_P","Strike_P","Strike_P","Defend_P","Defend_P","Defend_P","Defend_P","Eruption","Vigilance","SandsOfTime"],"relics":["PureWater","NeowsBlessing","hubris:Icosahedron","hubris:SlimyHat","ReplayTheSpireMod:Ninjato"],"potions_floor_usage":[6,6],"damage_taken":[{"damage":0,"enemies":"Small Slimes","floor":1,"turns":1},{"damage":0,"enemies":"2 Louse","floor":3,"turns":1},{"damage":0,"enemies":"Cultist","floor":5,"turns":1},{"damage":58,"enemies":"Lagavulin","floor":6,"turns":4},{"damage":17,"enemies":"Gremlin Gang","floor":7,"turns":4}],"seed_played":"-6544265832849699678","potions_obtained":[{"floor":1,"key":"Dexterity Potion"},{"floor":3,"key":"SkillPotion"}],"is_trial":false,"path_per_floor":["M","?","M","?","M","E","M"],"character_chosen":"WATCHER","items_purchased":[],"campfire_rested":0,"item_purchase_floors":[],"current_hp_per_floor":[72,72,72,72,72,14,0,0],"gold":175,"neow_bonus":"THREE_ENEMY_KILL","is_prod":false,"is_daily":false,"chose_seed":false,"campfire_upgraded":0,"win_rate":0,"timestamp":1607473213,"path_taken":["M","?","M","?","M","E","M"],"build_version":"2020-11-30","purchased_purges":0,"victory":false,"max_hp_per_floor":[72,72,72,72,72,72,72,72],"card_choices":[{"not_picked":["FlyingSleeves","EmptyBody"],"picked":"Crescendo","floor":1},{"not_picked":["Evaluate","CutThroughFate","Replay:Anticipation"],"picked":"SKIP","floor":3},{"not_picked":["Halt","FlyingSleeves"],"picked":"SandsOfTime","floor":5},{"not_picked":["Indignation","CutThroughFate","WaveOfTheHand"],"picked":"SKIP","floor":6},{"not_picked":["Indignation","CutThroughFate","WaveOfTheHand"],"picked":"SKIP","floor":6}],"player_experience":665194,"relics_obtained":[{"floor":6,"key":"ReplayTheSpireMod:Ninjato"}],"event_choices":[{"cards_removed":["Crescendo"],"damage_healed":0,"gold_gain":0,"player_choice":"Gave Card","damage_taken":0,"relics_obtained":["hubris:SlimyHat"],"max_hp_gain":0,"max_hp_loss":0,"event_name":"WeMeetAgain","floor":4,"gold_loss":0}],"is_beta":false,"boss_relics":[],"items_purged_floors":[],"is_endless":false,"potions_floor_spawned":[1,3],"killed_by":"Gremlin Gang","ascension_level":1}}