{"host":"i0avyit1s6jb1siw","time":1607543138,"event":{"gold_per_floor":[17,27,77,95,170,170,170,181,234,234,274,64,64,64],"floor_reached":13,"playtime":245,"items_purged":["Strike_G"],"score":166,"play_id":"392217ba-f2a4-4eeb-b0e0-e0db4441059e","local_time":"20201209204538","is_ascension_mode":true,"campfire_choices":[{"data":"ReplayTheSpireMod:From All Sides","floor":6,"key":"SMITH"}],"neow_cost":"NO_GOLD","seed_source_timestamp":65546593458100,"circlet_count":0,"master_deck":["AscendersBane","Strike_G","Strike_G","Strike_G","Strike_G","Defend_G","Defend_G","Defend_G","Defend_G","Defend_G","Survivor","Neutralize","ReplayTheSpireMod:From All Sides+1","Dagger Spray","Leg Sweep","Backflip","Dagger Throw"],"special_seed":0,"relics":["Ring of the Snake","Replay:Baseball","Golden Idol","PreservedInsect","Membership Card"],"potions_floor_usage":[11,11],"damage_taken":[{"damage":0.0,"enemies":"2 Louse","floor":1.0,"turns":3.0},{"damage":0.0,"enemies":"Cultist","floor":2.0,"turns":4.0},{"damage":4,"enemies":"Jaw Worm","floor":4,"turns":5},{"damage":0,"enemies":"2 Fungi Beasts","floor":8,"turns":4},{"damage":20,"enemies":"Replay:BlueRogue","floor":11,"turns":6},{"damage":19,"enemies":"3 Sentries","floor":13,"turns":4}],"seed_played":"-1335766895530929242","potions_obtained":[{"floor":2.0,"key":"Flashbang"},{"floor":4,"key":"Poison Potion"}],"is_trial":false,"path_per_floor":["M","M","?","M","?","R","?","M","T","?","E","$","E"],"character_chosen":"THE_SILENT","items_purchased":["Membership Card","Dagger Throw"],"campfire_rested":0,"item_purchase_floors":[12,12],"current_hp_per_floor":[59,59,53,49,38,38,38,38,38,38,18,18,0,0],"gold":64,"neow_bonus":"THREE_RARE_CARDS","is_prod":false,"is_daily":false,"chose_seed":false,"campfire_upgraded":1,"win_rate":0,"timestamp":1607543138,"path_taken":["M","M","?","?","?","R","?","M","T","?","E","$","E"],"build_version":"2020-11-30","purchased_purges":1,"victory":false,"max_hp_per_floor":[66,66,66,66,66,66,66,66,66,60,60,60,60,60],"card_choices":[{"not_picked":["Tools of the Trade","Phantasmal Killer"],"picked":"ReplayTheSpireMod:From All Sides","floor":0.0},{"not_picked":["Backflip","Deadly Poison"],"picked":"Dagger Spray","floor":1.0},{"not_picked":["Dagger Throw","Dagger Spray","Fluid Movement"],"picked":"SKIP","floor":2.0},{"not_picked":["Eviscerate","Backflip"],"picked":"Leg Sweep","floor":4},{"not_picked":["All Out Attack","Deadly Poison","Dodge and Roll"],"picked":"SKIP","floor":8},{"not_picked":["Distraction","ReplayTheSpireMod:Shiv Toss"],"picked":"Backflip","floor":11}],"player_experience":2059244,"relics_obtained":[{"floor":9,"key":"Replay:Baseball"},{"floor":11,"key":"PreservedInsect"}],"event_choices":[{"damage_healed":0,"gold_gain":50,"player_choice":"Touch","damage_taken":6,"max_hp_gain":0,"max_hp_loss":0,"event_name":"FaceTrader","floor":3,"gold_loss":0},{"damage_healed":0,"gold_gain":75,"player_choice":"Gather Gold","damage_taken":11,"max_hp_gain":0,"max_hp_loss":0,"event_name":"World of Goop","floor":5,"gold_loss":0},{"damage_healed":0,"gold_gain":0,"player_choice":"Lose Max HP","damage_taken":0,"relics_obtained":["Golden Idol"],"max_hp_gain":0,"max_hp_loss":6,"event_name":"Golden Idol","floor":10,"gold_loss":0}],"is_beta":false,"boss_relics":[],"items_purged_floors":[12],"is_endless":false,"potions_floor_spawned":[2,4,8],"killed_by":"3 Sentries","ascension_level":20}}