{"host":"v0kr0xkqfgnh389p","time":1607544156,"event":{"gold_per_floor":[113,124,124,16,33,33,62,62,62,76,76,76,76],"floor_reached":12,"playtime":534,"items_purged":["Injury"],"score":84,"play_id":"36a42c85-f49e-456b-9a5e-b73064b07619","local_time":"20201209150236","is_ascension_mode":true,"campfire_choices":[{"floor":6,"key":"RECALL"}],"neow_cost":"CURSE","seed_source_timestamp":19817201845400,"circlet_count":0,"master_deck":["Strike_P","Strike_P","Strike_P","Strike_P","Defend_P","Defend_P","Defend_P","Defend_P","Eruption","Vigilance","Prostrate","Judgement","BattleHymn","Prostrate","CutThroughFate","Looming Evil","infinitespire:Pacifist","Replay:Fractal Strike"],"relics":["PureWater","Shovel","Peace Pipe"],"potions_floor_usage":[7,8],"damage_taken":[{"damage":0,"enemies":"Cultist","floor":1,"turns":3},{"damage":1,"enemies":"Jaw Worm","floor":2,"turns":3},{"damage":0,"enemies":"2 Louse","floor":5,"turns":2},{"damage":49,"enemies":"Lagavulin","floor":7,"turns":5},{"damage":0,"enemies":"Looter","floor":8,"turns":1},{"damage":0,"enemies":"Large Slime","floor":10,"turns":3},{"damage":30,"enemies":"Gremlin Nob","floor":12,"turns":3}],"seed_played":"4442331130041923172","potions_obtained":[{"floor":5,"key":"Flashbang"},{"floor":7,"key":"SmokeBomb"}],"is_trial":false,"path_per_floor":["M","M","?","$","M","R","E","M","T","M","?","E"],"character_chosen":"WATCHER","items_purchased":["BattleHymn"],"campfire_rested":0,"item_purchase_floors":[4],"current_hp_per_floor":[72,71,71,71,71,71,22,22,22,22,22,0,0],"gold":76,"neow_bonus":"ONE_RARE_RELIC","is_prod":false,"is_daily":false,"chose_seed":false,"campfire_upgraded":0,"win_rate":0,"timestamp":1607544156,"path_taken":["M","?","?","$","?","R","E","M","T","M","?","E"],"build_version":"2020-11-30","purchased_purges":1,"victory":false,"max_hp_per_floor":[72,72,72,72,72,72,72,72,72,72,72,72,72],"card_choices":[{"not_picked":["BowlingBash","EmptyBody","JustLucky"],"picked":"SKIP","floor":1},{"not_picked":["FlyingSleeves","DeceiveReality"],"picked":"Prostrate","floor":2},{"not_picked":["Replay:ManipulateFuture","JustLucky"],"picked":"Prostrate","floor":5},{"not_picked":["Protect","Consecrate","FlyingSleeves"],"picked":"SKIP","floor":7},{"not_picked":["Replay:Battleflow","ReachHeaven"],"picked":"CutThroughFate","floor":10},{"not_picked":["infinitespire:Collect","hubris:InfiniteBlow"],"picked":"Replay:Fractal Strike","floor":11}],"player_experience":676142,"relics_obtained":[{"floor":7,"key":"Peace Pipe"}],"event_choices":[{"damage_healed":0,"gold_gain":0,"player_choice":"1 cards matched","damage_taken":0,"max_hp_gain":0,"max_hp_loss":0,"event_name":"Match and Keep!","floor":3,"gold_loss":0,"cards_obtained":["Judgement"]}],"is_beta":false,"boss_relics":[],"items_purged_floors":[4],"is_endless":false,"potions_floor_spawned":[5,7],"killed_by":"Gremlin Nob","ascension_level":1}}