{"host":"ifd7sfhtlbe34qll","time":1607498023,"event":{"gold_per_floor":[110,110,130,142,152,152,186,186,186,186,198,198,216,216,216,290,290,303,303,303,316,51,51,84,84,84,101,134,134,134],"floor_reached":29,"playtime":1084,"items_purged":["Strike_G"],"score":526,"play_id":"54637cc6-2173-438e-9573-a570a7745b4b","local_time":"20201209011343","is_ascension_mode":true,"campfire_choices":[{"data":"Dagger Spray","floor":6,"key":"SMITH"},{"floor":10,"key":"REST"},{"data":"Neutralize","floor":12,"key":"SMITH"},{"data":"Poisoned Stab","floor":15,"key":"SMITH"},{"data":"Wraith Form v2","floor":23,"key":"SMITH"},{"data":"Noxious Fumes","floor":25,"key":"SMITH"}],"neow_cost":"NONE","seed_source_timestamp":204326092400,"circlet_count":0,"master_deck":["AscendersBane","Strike_G","Strike_G","Strike_G","Strike_G","Defend_G","Defend_G","Defend_G","Defend_G","Defend_G","Survivor","Neutralize+1","Dagger Spray+1","Pain","Flying Knee","Blade Dance","Sucker Punch","After Image","Poisoned Stab+1","Wraith Form v2+1","CurseOfTheBell","Backflip","Footwork","Bouncing Flask","Well Laid Plans","Noxious Fumes+1"],"relics":["Ring of the Snake","NeowsBlessing","WarpedTongs","TungstenRod","Darkstone Periapt","The Courier","Calling Bell","Snake Skull","Letter Opener","Du-Vu Doll","Pen Nib","Frozen Egg 2","Kunai"],"potions_floor_usage":[7,7,7,16,21,24,24,29],"damage_taken":[{"damage":0,"enemies":"Small Slimes","floor":1,"turns":1},{"damage":0,"enemies":"Cultist","floor":3,"turns":2},{"damage":2,"enemies":"2 Louse","floor":4,"turns":1},{"damage":14,"enemies":"2 Fungi Beasts","floor":5,"turns":3},{"damage":28,"enemies":"3 Sentries","floor":7,"turns":8},{"damage":10,"enemies":"Lots of Slimes","floor":11,"turns":5},{"damage":0,"enemies":"Blue Slaver","floor":13,"turns":4},{"damage":25,"enemies":"The Guardian","floor":16,"turns":13},{"damage":0,"enemies":"Spheric Guardian","floor":18,"turns":3},{"damage":0,"enemies":"Chosen","floor":21,"turns":4},{"damage":11,"enemies":"Gremlin Leader","floor":24,"turns":5},{"damage":22,"enemies":"Sentry and Sphere","floor":27,"turns":4},{"damage":12,"enemies":"Book of Stabbing","floor":28,"turns":5},{"damage":14,"enemies":"Snake Plant","floor":29,"turns":3}],"seed_played":"3872024484569831760","potions_obtained":[{"floor":5,"key":"EntropicBrew"},{"floor":11,"key":"Strength Potion"},{"floor":13,"key":"FearPotion"},{"floor":18,"key":"CunningPotion"},{"floor":20,"key":"SneckoOil"},{"floor":28,"key":"FearPotion"}],"is_trial":false,"path_per_floor":["M","?","M","M","M","R","E","?","T","R","M","R","M","?","R","B",null,"M","?","?","M","$","R","E","R","T","M","E","M"],"character_chosen":"THE_SILENT","items_purchased":["Bouncing Flask","Well Laid Plans","Noxious Fumes","SkillPotion"],"campfire_rested":1,"item_purchase_floors":[22,22,22,22],"current_hp_per_floor":[59,59,59,57,43,43,30,26,26,45,35,35,35,35,35,10,58,58,58,58,58,58,58,47,47,47,25,13,0,0],"gold":134,"neow_bonus":"THREE_ENEMY_KILL","is_prod":false,"is_daily":false,"chose_seed":false,"campfire_upgraded":5,"win_rate":0,"timestamp":1607498023,"path_taken":["M","?","?","M","M","R","E","?","T","R","M","R","M","?","R","BOSS","M","?","?","M","$","R","E","R","T","M","E","M"],"build_version":"2020-11-30","purchased_purges":1,"victory":false,"max_hp_per_floor":[66,66,66,66,66,66,66,66,66,66,66,66,66,66,66,66,72,72,72,72,72,72,72,72,72,72,72,72,72,72],"relic_stats":{"Darkstone Periapt":6,"counters":[14,61],"Snake Skull":[31],"Pen Nib":[1],"Letter Opener":[35],"Kunai":[1],"obtain_stats":[{"Darkstone Periapt":8,"NeowsBlessing":0,"The Courier":9,"Snake Skull":17,"Pen Nib":24,"Letter Opener":17,"Frozen Egg 2":26,"WarpedTongs":2,"Calling Bell":17,"Du-Vu Doll":17,"Kunai":28,"TungstenRod":7,"Ring of the Snake":0},{"Darkstone Periapt":5,"NeowsBlessing":0,"The Courier":5,"Snake Skull":8,"Pen Nib":11,"Letter Opener":8,"Frozen Egg 2":11,"WarpedTongs":1,"Calling Bell":8,"Du-Vu Doll":8,"Kunai":13,"TungstenRod":5,"Ring of the Snake":0},{"Darkstone Periapt":15,"NeowsBlessing":0,"The Courier":15,"Snake Skull":37,"Pen Nib":49,"Letter Opener":37,"Frozen Egg 2":49,"WarpedTongs":1,"Calling Bell":37,"Du-Vu Doll":37,"Kunai":58,"TungstenRod":15,"Ring of the Snake":0}],"TungstenRod":72,"Ring of the Snake":[28],"WarpedTongs":[60]},"card_choices":[{"not_picked":["Flying Knee","Cloak And Dagger"],"picked":"Dagger Spray","floor":1},{"not_picked":["Calculated Gamble","Outmaneuver"],"picked":"Flying Knee","floor":3},{"not_picked":["Setup","Well Laid Plans"],"picked":"Blade Dance","floor":4},{"not_picked":["Backflip","Slice"],"picked":"Sucker Punch","floor":5},{"not_picked":["Backflip","Acrobatics"],"picked":"After Image","floor":7},{"not_picked":["Tactician","Deflect","Sucker Punch"],"picked":"SKIP","floor":11},{"not_picked":["Backflip","Flying Knee"],"picked":"Poisoned Stab","floor":13},{"not_picked":["Storm of Steel","Night Terror"],"picked":"Wraith Form v2","floor":16},{"not_picked":["Deflect","Flying Knee"],"picked":"Backflip","floor":18},{"not_picked":["Sucker Punch","All Out Attack","Predator"],"picked":"SKIP","floor":21},{"not_picked":["Outmaneuver","Flying Knee","Endless Agony"],"picked":"SKIP","floor":24},{"not_picked":["Prepared","Outmaneuver","Cloak And Dagger"],"picked":"SKIP","floor":27},{"not_picked":["Quick Slash","Acrobatics","Eviscerate+1"],"picked":"SKIP","floor":28}],"player_experience":1393284,"relics_obtained":[{"floor":7,"key":"TungstenRod"},{"floor":9,"key":"The Courier"},{"floor":17,"key":"Snake Skull"},{"floor":17,"key":"Letter Opener"},{"floor":17,"key":"Du-Vu Doll"},{"floor":24,"key":"Pen Nib"},{"floor":26,"key":"Frozen Egg 2"},{"floor":28,"key":"Kunai"}],"event_choices":[{"damage_healed":0,"gold_gain":0,"player_choice":"Rummage","damage_taken":0,"relics_obtained":["WarpedTongs"],"max_hp_gain":0,"max_hp_loss":0,"event_name":"Accursed Blacksmith","floor":2,"gold_loss":0,"cards_obtained":["Pain"]},{"damage_healed":0,"gold_gain":0,"player_choice":"Success","damage_taken":5,"relics_obtained":["Darkstone Periapt"],"max_hp_gain":0,"max_hp_loss":0,"event_name":"Scrap Ooze","floor":8,"gold_loss":0},{"damage_healed":0,"gold_gain":0,"player_choice":"Ignored","damage_taken":0,"max_hp_gain":0,"max_hp_loss":0,"event_name":"Liars Game","floor":14,"gold_loss":0},{"damage_healed":0,"gold_gain":0,"player_choice":"Read","damage_taken":0,"max_hp_gain":0,"max_hp_loss":0,"event_name":"The Library","floor":19,"gold_loss":0,"cards_obtained":["Footwork"]},{"damage_healed":0,"gold_gain":0,"player_choice":"Got Potions","damage_taken":0,"max_hp_gain":0,"max_hp_loss":0,"event_name":"Lab","floor":20,"gold_loss":0}],"is_beta":false,"boss_relics":[{"not_picked":["Fusion Hammer","Coffee Dripper"],"picked":"Calling Bell"}],"items_purged_floors":[22],"is_endless":false,"potions_floor_spawned":[5,11,13,18,28],"killed_by":"Snake Plant","ascension_level":20}}