{"host":"h759rl08g2j14n8x","time":1607499463,"event":{"gold_per_floor":[115,115,130,148,148,148,183,183,183,183,36,52,65,80,80,181,181,197,209,55,89,89,134,97,117,165,187,187,132,59,77,77,89,89],"floor_reached":33,"playtime":4367,"items_purged":[],"score":491,"play_id":"4298c2dc-bd1a-4434-9d75-93171db276db","local_time":"20201208233743","is_ascension_mode":false,"campfire_choices":[{"data":"Rip and Tear","floor":6.0,"key":"SMITH"},{"floor":8.0,"key":"REST"},{"data":"Streamline","floor":10.0,"key":"SMITH"},{"floor":15.0,"key":"REST"},{"floor":28.0,"key":"REST"},{"floor":32.0,"key":"REST"}],"neow_cost":"NONE","seed_source_timestamp":0,"circlet_count":0,"master_deck":["Strike_B","Strike_B","Strike_B","Strike_B","Defend_B","Defend_B","Defend_B","Defend_B","Zap","Dualcast","Rip and Tear+1","Melter","Genetic Algorithm","Streamline+1","Recycle","Leap","FTL","Seek","CurseOfTheBell","BootSequence","Sweeping Beam","ReplayTheSpireMod:IOU","Storm","Loop","ReplayTheSpireMod:IOU","ReplayTheSpireMod:IOU","Turbo","Steam","Hello World","White Noise","Scrape","Self Repair","Delirium","ReplayTheSpireMod:Fabricate Wheel","Defragment","Static Discharge+1","Lockon"],"special_seed":0,"relics":["Cracked Core","StrikeDummy","Toolbox","Replay:Grab Bag","Cursed Key","ChewingGum","Black Star","Calling Bell","Replay:Wax Seal","Solar Panel","Torii","Replay:Bandana","Chameleon Ring","BargainBundle","Bottled Lightning","Oddly Smooth Stone","Anchor","Cables","Shuriken"],"potions_floor_usage":[33],"damage_taken":[{"damage":1.0,"enemies":"Cultist","floor":1.0,"turns":4.0},{"damage":6.0,"enemies":"Jaw Worm","floor":3.0,"turns":2.0},{"damage":0.0,"enemies":"Small Slimes","floor":4.0,"turns":2.0},{"damage":30.0,"enemies":"Lagavulin","floor":7.0,"turns":6.0},{"damage":19.0,"enemies":"3 Louse","floor":12.0,"turns":3.0},{"damage":7.0,"enemies":"Blue Slaver","floor":13.0,"turns":2.0},{"damage":2.0,"enemies":"Red Slaver","floor":14.0,"turns":3.0},{"damage":0.0,"enemies":"Slime Boss","floor":16.0,"turns":6.0},{"damage":0.0,"enemies":"Spheric Guardian","floor":18.0,"turns":3.0},{"damage":6.0,"enemies":"3 Byrds","floor":19.0,"turns":5.0},{"damage":30.0,"enemies":"Snake Plant","floor":21.0,"turns":5.0},{"damage":65.0,"enemies":"Gremlin Leader","floor":23.0,"turns":9.0},{"damage":8.0,"enemies":"Centurion and Healer","floor":25.0,"turns":6.0},{"damage":6.0,"enemies":"Snecko","floor":27.0,"turns":6.0},{"damage":32.0,"enemies":"Book of Stabbing","floor":29.0,"turns":6.0},{"damage":6.0,"enemies":"Cultist and Chosen","floor":30.0,"turns":4.0},{"damage":8.0,"enemies":"Snake Plant","floor":31.0,"turns":4.0},{"damage":47,"enemies":"Automaton","floor":33,"turns":6}],"seed_played":"6544537835498035718","potions_obtained":[{"floor":0.0,"key":"Milkshake"},{"floor":0.0,"key":"FairyPotion"},{"floor":0.0,"key":"LiquidMemories"},{"floor":5.0,"key":"EntropicBrew"},{"floor":7.0,"key":"SkillPotion"},{"floor":12.0,"key":"Milkshake"},{"floor":21.0,"key":"Block Potion"}],"is_trial":false,"path_per_floor":["M","$","M","M","?","R","E","R","T","R","$","M","M","M","R","B",null,"M","M","$","M","$","E","$","M","T","M","R","E","M","M","R","B"],"character_chosen":"DEFECT","items_purchased":["Toolbox","Replay:Bandana","Chameleon Ring","Storm","BargainBundle","Turbo","Steam","Hello World","Scrape"],"campfire_rested":4,"item_purchase_floors":[11,20,20,20,22,22,22,22,24],"current_hp_per_floor":[74,74,68,68,68,68,38,60,60,60,60,41,34,32,54,54,75,75,73,73,47,47,24,24,20,20,18,40,10,15,18,40,0,0],"gold":89,"neow_bonus":"THREE_SMALL_POTIONS","is_prod":false,"is_daily":false,"chose_seed":false,"campfire_upgraded":2,"win_rate":0,"timestamp":1607499463,"path_taken":["M","$","M","?","?","R","E","R","T","R","$","M","M","M","R","BOSS","M","M","$","M","?","E","$","M","T","M","R","E","M","?","R","BOSS"],"build_version":"2020-11-30","purchased_purges":0,"victory":false,"max_hp_per_floor":[75,75,75,75,75,75,75,75,75,75,75,75,75,75,75,75,75,75,75,75,75,75,75,75,75,75,75,75,75,75,75,75,75,75],"card_choices":[{"not_picked":["Go for the Eyes","Force Field"],"picked":"Rip and Tear","floor":1.0},{"not_picked":["Reprogram","Defragment"],"picked":"Melter","floor":3.0},{"not_picked":["Streamline","Cold Snap"],"picked":"Genetic Algorithm","floor":4.0},{"not_picked":["ReplayTheSpireMod:Reroute Power","ReplayTheSpireMod:Repulse"],"picked":"Streamline","floor":7.0},{"not_picked":["ReplayTheSpireMod:Reroute Power","Steam"],"picked":"Recycle","floor":12.0},{"not_picked":["Compile Driver","Hologram"],"picked":"Leap","floor":13.0},{"not_picked":["Scrape","Genetic Algorithm"],"picked":"FTL","floor":14.0},{"not_picked":["Buffer","Meteor Strike"],"picked":"Seek","floor":16.0},{"not_picked":["Coolheaded","Barrage+1"],"picked":"BootSequence","floor":18.0},{"not_picked":["Barrage","Streamline"],"picked":"Sweeping Beam","floor":19.0},{"not_picked":["Redo","Beam Cell"],"picked":"Loop","floor":21.0},{"not_picked":["Turbo+1","Streamline"],"picked":"White Noise","floor":23.0},{"not_picked":["Beam Cell","Redo"],"picked":"Self Repair","floor":25.0},{"not_picked":["BootSequence","Go for the Eyes"],"picked":"ReplayTheSpireMod:Fabricate Wheel","floor":27.0},{"not_picked":["Compile Driver+1","BasicCrystalCard"],"picked":"Defragment","floor":29.0},{"not_picked":["Barrage+1","Go for the Eyes"],"picked":"Static Discharge+1","floor":30.0},{"not_picked":["Coolheaded","Redo"],"picked":"Lockon","floor":31.0}],"player_experience":581001,"relics_obtained":[{"floor":7.0,"key":"StrikeDummy"},{"floor":17.0,"key":"Replay:Wax Seal"},{"floor":17.0,"key":"Solar Panel"},{"floor":17.0,"key":"Torii"},{"floor":23.0,"key":"Bottled Lightning"},{"floor":23.0,"key":"Oddly Smooth Stone"},{"floor":26.0,"key":"Anchor"},{"floor":29.0,"key":"Cables"},{"floor":29.0,"key":"Shuriken"}],"event_choices":[{"damage_healed":0.0,"max_hp_gain":0.0,"max_hp_loss":0.0,"gold_gain":0.0,"event_name":"Lab","player_choice":"Got Potions","floor":5.0,"gold_loss":0.0,"damage_taken":0.0}],"is_beta":false,"boss_relics":[{"not_picked":["Replay:Wanted Poster","Runic Dome"],"picked":"Replay:Grab Bag"},{"not_picked":["ReplayTheSpireMod:Onyx Gauntlets","Sozu"],"picked":"Cursed Key"},{"not_picked":["Painkiller Herb","Coffee Dripper"],"picked":"ChewingGum"},{"not_picked":["Empty Cage","Astrolabe"],"picked":"Black Star"},{"not_picked":["Replay:Drink Me","Nuclear Battery"],"picked":"Calling Bell"}],"items_purged_floors":[],"is_endless":false,"potions_floor_spawned":[1,7,12,14,18,19,21],"killed_by":"Automaton","ascension_level":0}}