{"host":"uzmrqx5atqqbkwzo","time":1607527712,"event":{"gold_per_floor":[109,109,184,75,94,94,94,94,140,140,18,18,36,57,57,187,187,202,202,217,53,53,53,53,71,121,140,158,179,179,179,179],"floor_reached":31,"playtime":1610,"items_purged":["Second Wind"],"score":248,"play_id":"3d0dfe4f-0830-420a-b27c-cc1275df9ed6","local_time":"20201209082832","daily_mods":["Draft","Heirloom","Flight"],"is_ascension_mode":false,"campfire_choices":[{"data":"Armaments","floor":6,"key":"SMITH"},{"data":"Armaments","floor":7,"key":"SMITH"},{"data":"Armaments","floor":8,"key":"SMITH"},{"data":"Body Slam","floor":10,"key":"SMITH"},{"data":"Spot Weakness","floor":15,"key":"SMITH"},{"data":"Inflame","floor":23,"key":"SMITH"},{"data":"Armaments","floor":30,"key":"SMITH"}],"neow_cost":"","seed_source_timestamp":2208824120482599,"circlet_count":0,"master_deck":["Body Slam","Heavy Blade","Headbutt","Warcry","Havoc","Anger","Pommel Strike","Pommel Strike","Cleave","hubris:CleavingFinish","Armaments+1","Blood for Blood","Armaments+1","Anger","Fire Breathing+1","Armaments+1","Body Slam+1","Shrug It Off","Rupture","Spot Weakness+1","Feed","Injury","hubris:Wrath","hubris:Compulsion","Anger","Inflame+1","ReplayTheSpireMod:Book of Names","Ghostly Armor+1","ReplayTheSpireMod:Stacked","Armaments+1"],"relics":["Burning Blood","Unceasing Top","Golden Idol","aspiration:EmptySkull","Replay:Ancient Bell","Strawberry","ReplayTheSpireMod:Ninjato","aspiration:Headhunter","Omamori","Replay:Kaleidoscope"],"potions_floor_usage":[16,20,20,25],"damage_taken":[{"damage":1,"enemies":"Cultist","floor":1,"turns":3},{"damage":5,"enemies":"2 Louse","floor":5,"turns":2},{"damage":1,"enemies":"Jaw Worm","floor":13,"turns":3},{"damage":0,"enemies":"3 Louse","floor":14,"turns":2},{"damage":45,"enemies":"Hexaghost","floor":16,"turns":6},{"damage":24,"enemies":"Spheric Guardian","floor":18,"turns":4},{"damage":8,"enemies":"Chosen","floor":20,"turns":3},{"damage":19,"enemies":"Centurion and Healer","floor":25,"turns":4},{"damage":21,"enemies":"Snake Plant","floor":27,"turns":2},{"damage":30,"enemies":"Shelled Parasite and Fungi","floor":28,"turns":4},{"damage":14,"enemies":"Snecko","floor":31,"turns":3}],"seed_played":"-545185297700505813","potions_obtained":[{"floor":5,"key":"SkillPotion"},{"floor":14,"key":"Fire Potion"},{"floor":16,"key":"LiquidBronze"},{"floor":18,"key":"Weak Potion"},{"floor":25,"key":"Languid Potion"}],"is_trial":true,"path_per_floor":["M","?","?","$","M","R","R","R","T","R","$","?","M","M","R","B",null,"M","?","M","$","AVR","R","?","M","T","M","M","?","R","M"],"character_chosen":"IRONCLAD","items_purchased":["Fire Breathing+1","Armaments","Shrug It Off","Inflame","FairyPotion"],"campfire_rested":0,"item_purchase_floors":[4,4,11,21,21],"current_hp_per_floor":[80,60,49,49,50,50,50,50,50,50,50,50,55,61,61,22,87,69,69,67,67,67,67,17,53,53,38,14,14,14,0,0],"gold":179,"neow_bonus":"","is_prod":false,"is_daily":false,"chose_seed":false,"campfire_upgraded":7,"win_rate":0,"timestamp":1607527712,"path_taken":["M","?","?","$","?","R","R","R","T","R","$","?","?","M","R","BOSS","M","?","M","$","AVR","R","?","M","T","M","M","?","R","M"],"build_version":"2020-11-30","purchased_purges":1,"victory":false,"max_hp_per_floor":[80,80,80,80,80,80,80,80,80,80,80,80,80,80,80,80,87,87,87,87,87,87,87,87,87,87,87,87,87,87,87,87],"card_choices":[{"not_picked":["ReplayTheSpireMod:Stacked","ReplayTheSpireMod:Strike From Hell"],"picked":"Body Slam","floor":0},{"not_picked":["Warcry","Perfected Strike"],"picked":"Heavy Blade","floor":0},{"not_picked":["Disarm","Bloodletting"],"picked":"Headbutt","floor":0},{"not_picked":["Pummel","Clothesline"],"picked":"Warcry","floor":0},{"not_picked":["Wild Strike","Sword Boomerang"],"picked":"Havoc","floor":0},{"not_picked":["Run Through","Warcry"],"picked":"Anger","floor":0},{"not_picked":["Wild Strike","Uppercut"],"picked":"Pommel Strike","floor":0},{"not_picked":["Burning Pact","Thunderclap"],"picked":"Pommel Strike","floor":0},{"not_picked":["Clash","Clothesline"],"picked":"Cleave","floor":0},{"not_picked":["ReplayTheSpireMod:Strike From Hell","Clash"],"picked":"hubris:CleavingFinish","floor":0},{"not_picked":["ReplayTheSpireMod:Limb From Limb","Carnage"],"picked":"Armaments","floor":0},{"not_picked":["ReplayTheSpireMod:Corrosion Curse","Havoc"],"picked":"Blood for Blood","floor":0},{"not_picked":["Clothesline","Abandon"],"picked":"Second Wind","floor":0},{"not_picked":["Battle Trance","True Grit"],"picked":"Armaments","floor":0},{"not_picked":["Sword Boomerang","Thunderclap"],"picked":"Anger","floor":0},{"not_picked":["Cleave","ReplayTheSpireMod:Strike From Hell"],"picked":"Twin Strike","floor":1},{"not_picked":["ReplayTheSpireMod:Strike From Hell","Carnage"],"picked":"Body Slam","floor":5},{"not_picked":["Carnage","Heavy Blade","Defy Death"],"picked":"SKIP","floor":13},{"not_picked":["Havoc","Massacre"],"picked":"Spot Weakness","floor":14},{"not_picked":["Demonic Infusion","Brutality"],"picked":"Feed","floor":16},{"not_picked":["hubris:Gluttony","Looming Evil"],"picked":"Injury","floor":17},{"not_picked":["hubris:Compulsion","Languid"],"picked":"hubris:Wrath","floor":17},{"not_picked":["Spreading Infection","ReplayTheSpireMod:Doomed"],"picked":"hubris:Compulsion","floor":17},{"not_picked":["Clothesline","Wild Strike"],"picked":"Anger","floor":18},{"not_picked":["Cleave","Perfected Strike","Heavy Blade"],"picked":"SKIP","floor":20},{"not_picked":["Uppercut","Havoc","Burning Pact"],"picked":"SKIP","floor":25},{"not_picked":["Warcry","Wild Strike+1"],"picked":"Ghostly Armor+1","floor":27},{"not_picked":["True Grit","Burning Pact"],"picked":"ReplayTheSpireMod:Stacked","floor":28},{"not_picked":["Abandon","Seeing Red"],"picked":"Armaments","floor":29}],"player_experience":353433,"relics_obtained":[{"floor":9,"key":"aspiration:EmptySkull"},{"floor":26,"key":"Omamori"},{"floor":29,"key":"Replay:Kaleidoscope"}],"event_choices":[{"damage_healed":0,"gold_gain":0,"player_choice":"Take Damage","damage_taken":20,"relics_obtained":["Golden Idol"],"max_hp_gain":0,"max_hp_loss":0,"event_name":"Golden Idol","floor":2,"gold_loss":0},{"damage_healed":0,"gold_gain":75,"player_choice":"Gather Gold","damage_taken":11,"max_hp_gain":0,"max_hp_loss":0,"event_name":"World of Goop","floor":3,"gold_loss":0},{"damage_healed":0,"gold_gain":0,"cards_transformed":["Twin Strike"],"player_choice":"Transformed","damage_taken":0,"max_hp_gain":0,"max_hp_loss":0,"event_name":"Transmorgrifier","floor":12,"gold_loss":0,"cards_obtained":["Rupture"]},{"damage_healed":0,"gold_gain":0,"player_choice":"Ignored","damage_taken":0,"max_hp_gain":0,"max_hp_loss":0,"event_name":"Ghosts","floor":19,"gold_loss":0}],"is_beta":false,"boss_relics":[{"not_picked":["Philosopher\u0027s Stone","Replay:Wanted Poster"],"picked":"Replay:Ancient Bell"},{"not_picked":["ReplayTheSpireMod:TigerMarble","Nunchaku"],"picked":"Strawberry"},{"not_picked":["Replay:Bottled Eggs","ReplayTheSpireMod:Shallot"],"picked":"ReplayTheSpireMod:Ninjato"},{"not_picked":["hubris:AstralHammer","Shovel"],"picked":"aspiration:Headhunter"}],"items_purged_floors":[11],"is_endless":false,"potions_floor_spawned":[5,14,16,18,25],"killed_by":"Snecko","ascension_level":0}}