{"host":"nmf3ef2hlramrh1j","time":1607523037,"event":{"gold_per_floor":[118,195,210,210,277,277,305,356,404,52,68,68,93,122,122,226,251,269,294,319,344,57,57,70,83,108,108,119,222,236,246,246,347,372,388,85,97,111,111,182,202,361,406,416,491,517,517,517,517,517,517],"floor_reached":50,"playtime":2957,"items_purged":["Writhe"],"score":694,"play_id":"25998fec-a44d-4a36-8a55-3152af5057a6","local_time":"20201209231037","is_ascension_mode":false,"campfire_choices":[{"data":"animator:SuzuneAmano","floor":6,"key":"SMITH"},{"floor":15,"key":"REST"},{"floor":23,"key":"REST"},{"data":"infinitespire:Collect","floor":27,"key":"SMITH"},{"floor":32,"key":"REST"},{"floor":47,"key":"REST"},{"floor":49,"key":"REST"}],"neow_cost":"","seed_source_timestamp":1224935164099000,"circlet_count":0,"master_deck":["animator:Strike_NoGameNoLife","animator:Defend_NoGameNoLife","animator:Defend","animator:Defend","animator:Defend","animator:DolaSchwi","animator:DolaCouronne+1","animator:SuzuneAmano+1","animator:NagisaMomoe","animator:IrohaTamaki","animator:Gilgamesh+13","animator:SayakaMiki","animator:IzunaHatsuse","animator:NagisaMomoe","animator:DolaRiku","animator:Boros+1","animator:EmiyaShirou+1","animator:ShinjiMatou+1","animator:Rimuru","animator:Shuna","infinitespire:Starlight","infinitespire:Collect+1","animator:Laby+1","animator:Berserker","animator:Shion","animator:FielNirvalen","animator:YuiTsuruno","animator:MadokaKaname","animator:Benimaru+1","animator:Saitama","animator:Eve","animator:Geryuganshoop+1","animator:TakanashiRikka","animator:Patchouli","animator:Kagari","animator:Alexander","animator:Raven+1","animator:KyokoSakura+1","animator:Archer","animator:TukaLunaMarceau+1"],"relics":["animator:LivingPicture","animator:TheMissingPiece","infinitespire:CheckeredPen","Odd Mushroom","Lantern","Sundial","TwistedFunnel","hubris:Towel","Astrolabe","infinitespire:Golems Mask","Gensokyo:SongOfSouls","hubris:Icosahedron","Boot","MealTicket","animator:WornHelmet","animator:OldCoffin","Sozu","Nunchaku","infinitespire:BottledMercury","Toxic Egg 2","Turnip"],"potions_floor_usage":[16,16,16,16,30,33,33],"damage_taken":[{"damage":2,"enemies":"Cultist","floor":1,"turns":5},{"damage":1,"enemies":"2 Louse","floor":3,"turns":3},{"damage":1,"enemies":"Jaw Worm","floor":7,"turns":3},{"damage":29,"enemies":"The Mushroom Lair","floor":8,"turns":5},{"damage":0,"enemies":"Blue Slaver","floor":11,"turns":4},{"damage":4,"enemies":"Large Slime","floor":14,"turns":5},{"damage":14,"enemies":"Slime Boss","floor":16,"turns":11},{"damage":56,"enemies":"Gensokyo:3_Dogs","floor":18,"turns":8},{"damage":0,"enemies":"Gensokyo:Chomper","floor":24,"turns":4},{"damage":7,"enemies":"Gensokyo:Monolith_and_Dog","floor":25,"turns":5},{"damage":49,"enemies":"Gensokyo:Chomper_and_Gloop","floor":28,"turns":7},{"damage":46,"enemies":"Gensokyo:3_Gloops","floor":30,"turns":5},{"damage":9,"enemies":"Gensokyo:Slime_Group","floor":31,"turns":5},{"damage":37,"enemies":"Gensokyo:Eiki","floor":33,"turns":14},{"damage":10,"enemies":"Orb Walker","floor":35,"turns":3},{"damage":3,"enemies":"3 Shapes","floor":37,"turns":6},{"damage":6,"enemies":"Jaw Worm Horde","floor":38,"turns":4},{"damage":43,"enemies":"Reptomancer","floor":40,"turns":7},{"damage":52,"enemies":"Sphere and 2 Shapes","floor":41,"turns":7},{"damage":20,"enemies":"Giant Head","floor":42,"turns":10},{"damage":20,"enemies":"4 Shapes","floor":44,"turns":6},{"damage":16,"enemies":"Mind Bloom Boss Battle","floor":45,"turns":6},{"damage":32,"enemies":"Spire Growth","floor":46,"turns":4},{"damage":57,"enemies":"hubris:GrandSnecko","floor":50,"turns":4}],"seed_played":"-3769958175635771808","potions_obtained":[{"floor":3,"key":"animator:FalseLifePotion"},{"floor":11,"key":"EntropicBrew"},{"floor":16,"key":"EssenceOfSteel"},{"floor":18,"key":"Swift Potion"},{"floor":28,"key":"animator:GrowthPotion"},{"floor":30,"key":"Ancient Potion"}],"is_trial":false,"path_per_floor":["M","T","M","?","?","R","M","?","T","$","M","$","?","M","R","B",null,"M","AVR","?","?","$","R","M","M","T","R","M","T","M","M","R","B",null,"M","$","M","M","?","E","M","E","T","M","?","M","R","?","R","B"],"character_chosen":"THE_ANIMATOR","items_purchased":["animator:SuzuneAmano","Sundial","TwistedFunnel","animator:IzunaHatsuse","Boot","MealTicket","animator:Saitama","Nunchaku"],"campfire_rested":5,"item_purchase_floors":[0,10,10,10,22,22,36,36],"current_hp_per_floor":[64,64,63,50,50,50,49,20,20,20,20,20,20,20,39,25,66,14,14,14,14,14,33,46,61,61,61,28,28,19,20,40,19,68,58,68,68,65,55,32,42,32,32,39,33,11,31,31,51,0,0],"gold":517,"neow_bonus":"","is_prod":false,"is_daily":false,"chose_seed":false,"campfire_upgraded":2,"win_rate":0.0,"timestamp":1607523037,"path_taken":["M","?","M","?","?","R","M","?","T","$","M","$","?","?","R","BOSS","M","AVR","?","?","$","R","M","?","T","R","M","?","M","M","R","BOSS","M","$","M","M","?","E","M","E","T","M","?","M","R","?","R","BOSS"],"build_version":"2020-11-30","purchased_purges":1,"victory":false,"max_hp_per_floor":[66,66,66,66,66,66,66,66,66,66,66,66,66,66,66,66,66,66,66,66,66,66,66,66,67,67,67,67,67,68,68,68,68,68,68,68,68,68,68,68,68,68,68,69,69,69,69,69,69,69,69],"card_choices":[{"not_picked":["animator:Assassin","animator:YuiTsuruno"],"picked":"animator:NagisaMomoe","floor":1},{"not_picked":["animator:TukaLunaMarceau","animator:Jibril"],"picked":"animator:IrohaTamaki","floor":3},{"not_picked":["animator:MumenRider","animator:Shion"],"picked":"animator:Gilgamesh","floor":7},{"not_picked":["animator:Illya","animator:DolaCouronne"],"picked":"animator:SayakaMiki","floor":8},{"not_picked":["animator:KyokoSakura","animator:SuzuneAmano"],"picked":"animator:NagisaMomoe","floor":11},{"not_picked":["animator:Raven","animator:Aisha"],"picked":"animator:DolaRiku","floor":14},{"not_picked":["animator:ItamiYouji","animator:HomuraAkemi"],"picked":"animator:Boros","floor":16},{"not_picked":["animator:DolaStephanie","animator:Assassin"],"picked":"animator:Shuna","floor":18},{"not_picked":["animator:RoryMercury","animator:Ara+1"],"picked":"animator:Laby+1","floor":24},{"not_picked":["animator:Melzalgald+1","animator:DolaRiku"],"picked":"animator:Berserker","floor":25},{"not_picked":["animator:Rider","animator:Sonic"],"picked":"animator:Shion","floor":28},{"not_picked":["animator:Rider+1","animator:Rena+1"],"picked":"animator:FielNirvalen","floor":30},{"not_picked":["animator:Arpeggio","animator:DolaCouronne"],"picked":"animator:YuiTsuruno","floor":31},{"not_picked":["animator:HomuraAkemi","animator:Eve"],"picked":"animator:MadokaKaname","floor":33},{"not_picked":["animator:YaoHaDucy","animator:Caster"],"picked":"animator:Benimaru+1","floor":35},{"not_picked":["animator:Alexander+1","animator:Shion"],"picked":"animator:Eve","floor":37},{"not_picked":["animator:Rena+1","animator:Raven+1"],"picked":"animator:Geryuganshoop+1","floor":38},{"not_picked":["animator:LimeBell","animator:Shimakaze"],"picked":"animator:TakanashiRikka","floor":39},{"not_picked":["animator:Urushihara","animator:TakanashiRikka"],"picked":"animator:Patchouli","floor":39},{"not_picked":["animator:Shimakaze","animator:Cirno"],"picked":"animator:Kagari","floor":39},{"not_picked":["animator:Berserker","animator:ChlammyZell"],"picked":"animator:Alexander","floor":40},{"not_picked":["animator:Kuribayashi+1","animator:Bozes"],"picked":"animator:Raven+1","floor":41},{"not_picked":["animator:Elsword","animator:DolaRiku+1"],"picked":"animator:KyokoSakura+1","floor":42},{"not_picked":["animator:Aisha","animator:Jibril"],"picked":"animator:Archer","floor":44},{"not_picked":["animator:Raven","animator:DolaStephanie+1"],"picked":"animator:TukaLunaMarceau+1","floor":46}],"player_experience":135397,"relics_obtained":[{"floor":2,"key":"infinitespire:CheckeredPen"},{"floor":8,"key":"Odd Mushroom"},{"floor":9,"key":"Lantern"},{"floor":26,"key":"animator:WornHelmet"},{"floor":29,"key":"animator:OldCoffin"},{"floor":40,"key":"infinitespire:BottledMercury"},{"floor":42,"key":"Toxic Egg 2"},{"floor":45,"key":"Turnip"}],"event_choices":[{"damage_healed":0,"gold_gain":0,"player_choice":"Entered Light","damage_taken":13,"max_hp_gain":0,"max_hp_loss":0,"event_name":"Shining Light","floor":4,"gold_loss":0,"cards_upgraded":["animator:DolaCouronne","animator:Strike"]},{"damage_healed":0,"gold_gain":67,"player_choice":"Gained Gold","damage_taken":0,"max_hp_gain":0,"max_hp_loss":0,"event_name":"Golden Wing","floor":5,"gold_loss":0},{"damage_healed":0,"gold_gain":0,"player_choice":"Fought Mushrooms","damage_taken":0,"max_hp_gain":0,"max_hp_loss":0,"event_name":"Mushrooms","floor":8,"gold_loss":0},{"damage_healed":0,"gold_gain":0,"player_choice":"Memory 3","damage_taken":10,"max_hp_gain":0,"max_hp_loss":0,"event_name":"SensoryStone","floor":39,"gold_loss":0},{"damage_healed":0,"gold_gain":0,"player_choice":"Fight","damage_taken":0,"max_hp_gain":0,"max_hp_loss":0,"event_name":"MindBloom","floor":45,"gold_loss":0},{"damage_healed":0,"gold_gain":0,"player_choice":"Upgraded","damage_taken":0,"max_hp_gain":0,"max_hp_loss":0,"event_name":"Upgrade Shrine","floor":48,"gold_loss":0,"cards_upgraded":["animator:Boros"]}],"is_beta":false,"boss_relics":[{"not_picked":["SacredBark","hubris:Stopwatch"],"picked":"Astrolabe"},{"not_picked":["Calling Bell","animator:HolyGrailRelic"],"picked":"Sozu"}],"items_purged_floors":[22],"is_endless":false,"potions_floor_spawned":[3,11,16,18,28,30,37,38,40,42],"killed_by":"hubris:GrandSnecko","ascension_level":0}}