{"host":"j6locglyv7e0c0tm","time":1607504967,"event":{"gold_per_floor":[114,131,142,160,173,173,8,8,58,116,116,81,113,132,132,234,234,253,264,11,26,26,55,55,73,73,85,112,112,112,129,129,231,231,244,66,86,86,86,113,113,113,140,155,175,186,186,200,200,200,200,200,14,42,42,42],"floor_reached":55,"playtime":2993,"items_purged":[],"score":966,"play_id":"9fa0b9f8-677b-4274-9fe1-57d2f3ba3ea5","local_time":"20201209200927","is_ascension_mode":false,"campfire_choices":[{"floor":6,"key":"RECALL"},{"data":"ReplayTheSpireMod:LeadingStrike","floor":11,"key":"SMITH"},{"data":"Double Tap","floor":15,"key":"SMITH"},{"floor":24,"key":"REST"},{"floor":30,"key":"REST"},{"floor":32,"key":"REST"},{"data":"Replay:Many Hands","floor":42,"key":"SMITH"},{"data":"Demonic Infusion","floor":47,"key":"SMITH"},{"floor":49,"key":"REST"},{"data":"Armaments","floor":52,"key":"SMITH"}],"neow_cost":"","seed_source_timestamp":277131191463000,"circlet_count":0,"master_deck":["Strike_R+2","Strike_R+1","Strike_R+2","Strike_R+1","Strike_R+1","Defend_R","Defend_R+1","Defend_R+1","Defend_R","Bash","ReplayTheSpireMod:LeadingStrike+1","Panache","expansioncontent:GuardianWhirl","Shrug It Off+1","Clothesline","ReplayTheSpireMod:Strike From Hell","Replay:Undeath\u0027s Touch","Clash","Run Through","Double Tap+1","Rampage","Replay:Undeath\u0027s Touch","Replay:Undeath\u0027s Touch","ReplayTheSpireMod:Corrosion Curse","Replay:Undeath\u0027s Touch+1","Demonic Infusion+1","Thunderclap+1","Replay:Undeath\u0027s Touch+1","Perfected Strike+1","Intimidate+1","Replay:Many Hands+1","Clash+1","ReplayTheSpireMod:Stacked","Replay:Undeath\u0027s Touch+1","Pummel+1","Pain","Armaments+1","Feed+1","Run Through+1","Evolve","Clash+1","Rupture+1","Cleave+1","Parasite","Pummel+1","Life Link"],"relics":["Burning Blood","Hammer of Thor","Seething Fire","Anvil of the Gods","Membership Card","Simple Rune","Replay:Bottled Flurry","Boot","Molten Egg 2","Nunchaku","Replay:Bottled Eggs","Pet Ghost","Runesmith:Locket","Divine Protection","Mummified Hand","WarpedTongs","Busted Crown","Garlic","Dream Catcher","War Paint","Durian","Oddly Smooth Stone"],"potions_floor_usage":[23,28,37,40],"damage_taken":[{"damage":4,"enemies":"Small Slimes","floor":1,"turns":3},{"damage":3,"enemies":"Jaw Worm","floor":2,"turns":3},{"damage":0,"enemies":"2 Louse","floor":3,"turns":1},{"damage":10,"enemies":"Looter","floor":4,"turns":3},{"damage":6,"enemies":"Blue Slaver","floor":5,"turns":3},{"damage":14,"enemies":"3 Sentries","floor":10,"turns":5},{"damage":12,"enemies":"Gremlin Nob","floor":13,"turns":3},{"damage":0,"enemies":"Large Slime","floor":14,"turns":3},{"damage":37,"enemies":"The Guardian","floor":16,"turns":6},{"damage":14,"enemies":"2 Thieves","floor":18,"turns":4},{"damage":19,"enemies":"Shell Parasite","floor":19,"turns":5},{"damage":26,"enemies":"Centurion and Healer","floor":21,"turns":4},{"damage":35,"enemies":"Slavers","floor":23,"turns":4},{"damage":10,"enemies":"Chosen and Byrds","floor":25,"turns":2},{"damage":25,"enemies":"Shelled Parasite and Fungi","floor":27,"turns":5},{"damage":0,"enemies":"Replay:Snechameleon","floor":28,"turns":2},{"damage":1,"enemies":"3 Cultists","floor":31,"turns":3},{"damage":64,"enemies":"Champ","floor":33,"turns":11},{"damage":21,"enemies":"3 Darklings","floor":35,"turns":5},{"damage":23,"enemies":"3 Shapes","floor":37,"turns":2},{"damage":11,"enemies":"Reptomancer","floor":40,"turns":5},{"damage":0,"enemies":"Transient","floor":44,"turns":5},{"damage":5,"enemies":"3 Darklings","floor":45,"turns":6},{"damage":25,"enemies":"Writhing Mass","floor":46,"turns":5},{"damage":8,"enemies":"Spire Growth","floor":48,"turns":3},{"damage":97,"enemies":"Donu and Deca","floor":50,"turns":8},{"damage":74,"enemies":"Shield and Spear","floor":54,"turns":6},{"damage":53,"enemies":"The Heart","floor":55,"turns":3}],"seed_played":"-4501358184797116802","potions_obtained":[{"floor":3,"key":"DistilledChaos"},{"floor":10,"key":"FairyPotion"},{"floor":14,"key":"Swift Potion"},{"floor":28,"key":"FearPotion"},{"floor":31,"key":"AttackPotion"},{"floor":37,"key":"BloodPotion"},{"floor":44,"key":"SneckoOil"}],"is_trial":false,"path_per_floor":["M","M","M","M","M","R","$","?","T","?","R","?","E","M","R","B",null,"M","M","$","M","?","E","R","M","T","M","E","?","R","M","R","B",null,"M","$","M","?","?","E","?","R","T","M","M","M","R","M","R","B",null,"R","$","E","B"],"character_chosen":"IRONCLAD","items_purchased":["Membership Card","Simple Rune","ReplayTheSpireMod:LeadingStrike","Replay:Bottled Flurry","Panache","expansioncontent:GuardianWhirl","Shrug It Off","Clothesline","Rampage","Replay:Undeath\u0027s Touch","Boot","ReplayTheSpireMod:Corrosion Curse","Replay:Bottled Eggs","Pet Ghost","Perfected Strike+1","Intimidate+1","Run Through+1","Evolve","Garlic","Life Link","Durian"],"campfire_rested":4,"item_purchase_floors":[0,0,0,0,0,0,0,0,7,7,7,7,20,20,20,20,36,36,36,53,53],"current_hp_per_floor":[59,62,68,64,64,64,64,64,64,56,56,76,70,76,76,45,80,72,59,59,39,39,10,34,30,30,11,17,17,41,46,70,12,80,65,65,68,68,68,63,63,63,63,69,70,51,51,49,73,7,80,80,85,17,0,0],"gold":42,"neow_bonus":"","is_prod":false,"is_daily":false,"chose_seed":false,"campfire_upgraded":5,"win_rate":0,"timestamp":1607504967,"path_taken":["M","M","M","M","M","R","$","?","T","?","R","?","E","M","R","BOSS","M","M","$","M","?","E","R","M","T","M","E","?","R","M","R","BOSS","M","$","M","?","?","E","?","R","T","?","M","?","R","M","R","BOSS","R","$","E","BOSS"],"build_version":"2020-11-30","purchased_purges":0,"victory":false,"max_hp_per_floor":[80,80,80,80,80,80,80,80,80,80,80,80,80,80,80,80,80,80,80,80,80,80,80,80,80,80,80,80,80,80,80,80,80,80,80,80,84,84,80,80,80,80,80,80,80,80,80,80,80,80,80,80,85,85,85,85],"relic_stats":{"Nunchaku":[33],"Dream Catcher":1,"Busted Crown":18,"counters":[302,1526],"Mummified Hand":[19],"War Paint":["Shrug It Off","Defend_R"],"Boot":[908],"obtain_stats":[{"Golden Egg":24,"Replay:Accelerometer":9,"Runesmith:Locket":23,"Whetstone":24,"Boot":7,"Old Coin":26,"Blood Vial":6,"Sundial":46,"MealTicket":0,"HandDrill":20,"Replay:Bottled Flurry":44,"Kunai":19,"Replay:Wax Seal":19,"Runic Cube":34,"MerchantsRug":0,"Pear":34,"betterAltar:BloodRelic":0,"Blue Candle":24,"ReplayTheSpireMod:Ring of Addiction":13,"Velvet Choker":34,"Tingsha":0,"Pen Nib":53,"Paper Crane":6,"SlaversCollar":17,"Ring of the Serpent":17,"Regal Pillow":27,"Lantern":11,"Singing Bowl":19,"Blue Doll":11,"Painkiller Herb":17,"King of Hearts":26,"Replay:Multitool":7,"Bag of Preparation":7,"Ancient Tea Set":43,"Smiling Mask":25,"Burning Blood":0,"Pet Ghost":20,"Replay:Rubber Ducky":3,"Shovel":19,"WingedGreaves":38,"Replay:Bottled Eggs":8,"InkBottle":41,"Ring of the Snake":20,"Potion Belt":21,"The Specimen":0,"Golden Idol":12,"Self Forming Clay":30,"The Courier":13,"PreservedInsect":43,"Seething Fire":0,"Frozen Egg 2":3,"MawBank":6,"Replay:Arrowhead":4,"sneckomod:BabySnecko":29,"Busted Crown":34,"Art of War":11,"Garlic":6,"Durian":53,"Bottled Lightning":9,"ReplayTheSpireMod:Lightbulb":2,"Divine Protection":26,"Calipers":37,"Gremlin Horn":25,"Vajra":23,"Hammer of Thor":0,"Centennial Puzzle":39,"Lizard Tail":53,"HornCleat":45,"DollysMirror":21,"Prayer Wheel":23,"Iron Hammer":8,"Toxic Egg 2":20,"Happy Flower":3,"ReplayTheSpireMod:CursedCoin":48,"Oddly Smooth Stone":26,"Replay:Kaleidoscope":6,"Letter Opener":28,"War Paint":26,"WarpedTongs":3,"Replay:Baseball":41,"Bottled Flame":32,"ReplayTheSpireMod:Spearhead":22,"ReplayTheSpireMod:Shallot":29,"Anvil of the Gods":0,"Shuriken":30,"Brimstone":0,"Bronze Scales":9,"hermit:BartenderGlass":17,"Simple Rune":22,"Molten Egg 2":38,"Nloth\u0027s Gift":31,"Grinning Jar":32,"Mirror":0,"hermit:Momento":0,"Pocketwatch":0,"Meat on the Bone":20,"ReplayFunnel":43,"ReplayTheSpireMod:Ring of Exchange":13,"SacredBark":17,"Black Blood":17,"Snake Skull":47,"Incense Burner":27,"Replay:Mystery Machine":13,"Empty Cage":17,"PrismaticShard":0,"ClockworkSouvenir":53,"Frozen Eye":27,"SsserpentHead":5,"Nunchaku":0,"Tough Bandages":54,"Dream Catcher":22,"TheAbacus":13,"Mummified Hand":28,"Pantograph":43,"Gambling Chip":38,"Tiny Chest":16,"Red Mask":22,"Replay:Bottled Snecko":27,"Red Skull":0,"Runic Pyramid":34,"Gremlin Food":25,"BargainBundle":30,"Quantum Egg":3,"Replay:WaspNest":9,"Odd Mushroom":7,"Orichalcum":41,"Peace Pipe":24,"Calling Bell":19,"Strange Spoon":0,"Pondfish Scales":0,"Anchor":44,"ChewingGum":17,"Bag of Marbles":45,"Snack Pack":13,"Membership Card":22,"TungstenRod":26,"ReplayTheSpireMod:ShopPack":24},{"Golden Egg":56,"Replay:Accelerometer":159,"Runesmith:Locket":287,"Whetstone":142,"Boot":279,"Old Coin":96,"Blood Vial":193,"Sundial":127,"MealTicket":157,"HandDrill":41,"Replay:Bottled Flurry":212,"Kunai":53,"Replay:Wax Seal":117,"Runic Cube":175,"MerchantsRug":30,"Pear":209,"betterAltar:BloodRelic":128,"Blue Candle":142,"ReplayTheSpireMod:Ring of Addiction":220,"Velvet Choker":14,"Tingsha":70,"Pen Nib":68,"Paper Crane":46,"SlaversCollar":200,"Ring of the Serpent":27,"Regal Pillow":56,"Lantern":231,"Singing Bowl":9,"Blue Doll":24,"Painkiller Herb":164,"King of Hearts":236,"Replay:Multitool":23,"Bag of Preparation":218,"Ancient Tea Set":64,"Smiling Mask":236,"Burning Blood":0,"Pet Ghost":285,"Replay:Rubber Ducky":158,"Shovel":117,"WingedGreaves":212,"Replay:Bottled Eggs":195,"InkBottle":63,"Ring of the Snake":41,"Potion Belt":118,"The Specimen":110,"Golden Idol":6,"Self Forming Clay":156,"The Courier":25,"PreservedInsect":105,"Seething Fire":0,"Frozen Egg 2":216,"MawBank":88,"Replay:Arrowhead":45,"sneckomod:BabySnecko":267,"Busted Crown":241,"Art of War":6,"Garlic":35,"Durian":300,"Bottled Lightning":149,"ReplayTheSpireMod:Lightbulb":180,"Divine Protection":288,"Calipers":271,"Gremlin Horn":119,"Vajra":43,"Hammer of Thor":0,"Centennial Puzzle":125,"Lizard Tail":249,"HornCleat":64,"DollysMirror":118,"Prayer Wheel":205,"Iron Hammer":159,"Toxic Egg 2":188,"Happy Flower":111,"ReplayTheSpireMod:CursedCoin":107,"Oddly Smooth Stone":11,"Replay:Kaleidoscope":114,"Letter Opener":120,"War Paint":154,"WarpedTongs":2,"Replay:Baseball":105,"Bottled Flame":122,"ReplayTheSpireMod:Spearhead":168,"ReplayTheSpireMod:Shallot":98,"Anvil of the Gods":0,"Shuriken":57,"Brimstone":157,"Bronze Scales":89,"hermit:BartenderGlass":8,"Simple Rune":96,"Molten Egg 2":244,"Nloth\u0027s Gift":99,"Grinning Jar":208,"Mirror":110,"hermit:Momento":0,"Pocketwatch":110,"Meat on the Bone":234,"ReplayFunnel":212,"ReplayTheSpireMod:Ring of Exchange":220,"SacredBark":186,"Black Blood":139,"Snake Skull":107,"Incense Burner":12,"Replay:Mystery Machine":231,"Empty Cage":40,"PrismaticShard":214,"ClockworkSouvenir":68,"Frozen Eye":96,"SsserpentHead":192,"Nunchaku":0,"Tough Bandages":109,"Dream Catcher":142,"TheAbacus":231,"Mummified Hand":290,"Pantograph":18,"Gambling Chip":103,"Tiny Chest":116,"Red Mask":55,"Replay:Bottled Snecko":206,"Red Skull":223,"Runic Pyramid":58,"Gremlin Food":169,"BargainBundle":207,"Quantum Egg":22,"Replay:WaspNest":47,"Odd Mushroom":36,"Orichalcum":246,"Peace Pipe":11,"Calling Bell":117,"Strange Spoon":251,"Pondfish Scales":128,"Anchor":212,"ChewingGum":52,"Bag of Marbles":18,"Snack Pack":184,"Membership Card":96,"TungstenRod":169,"ReplayTheSpireMod:ShopPack":142},{"Golden Egg":307,"Replay:Accelerometer":800,"Runesmith:Locket":1455,"Whetstone":720,"Boot":1421,"Old Coin":486,"Blood Vial":916,"Sundial":648,"MealTicket":796,"HandDrill":239,"Replay:Bottled Flurry":1052,"Kunai":294,"Replay:Wax Seal":591,"Runic Cube":849,"MerchantsRug":179,"Pear":1035,"betterAltar:BloodRelic":651,"Blue Candle":720,"ReplayTheSpireMod:Ring of Addiction":1094,"Velvet Choker":85,"Tingsha":382,"Pen Nib":372,"Paper Crane":263,"SlaversCollar":966,"Ring of the Serpent":163,"Regal Pillow":307,"Lantern":1142,"Singing Bowl":47,"Blue Doll":143,"Painkiller Herb":815,"King of Hearts":1171,"Replay:Multitool":138,"Bag of Preparation":1085,"Ancient Tea Set":350,"Smiling Mask":1171,"Burning Blood":0,"Pet Ghost":1447,"Replay:Rubber Ducky":798,"Shovel":591,"WingedGreaves":1052,"Replay:Bottled Eggs":931,"InkBottle":346,"Ring of the Snake":239,"Potion Belt":595,"The Specimen":564,"Golden Idol":23,"Self Forming Clay":794,"The Courier":150,"PreservedInsect":534,"Seething Fire":0,"Frozen Egg 2":1070,"MawBank":454,"Replay:Arrowhead":257,"sneckomod:BabySnecko":1362,"Busted Crown":1206,"Art of War":23,"Garlic":207,"Durian":1517,"Bottled Lightning":756,"ReplayTheSpireMod:Lightbulb":863,"Divine Protection":1457,"Calipers":1393,"Gremlin Horn":600,"Vajra":250,"Hammer of Thor":0,"Centennial Puzzle":636,"Lizard Tail":1258,"HornCleat":350,"DollysMirror":595,"Prayer Wheel":1001,"Iron Hammer":800,"Toxic Egg 2":891,"Happy Flower":567,"ReplayTheSpireMod:CursedCoin":544,"Oddly Smooth Stone":60,"Replay:Kaleidoscope":579,"Letter Opener":606,"War Paint":784,"WarpedTongs":7,"Replay:Baseball":534,"Bottled Flame":615,"ReplayTheSpireMod:Spearhead":826,"ReplayTheSpireMod:Shallot":496,"Anvil of the Gods":0,"Shuriken":312,"Brimstone":796,"Bronze Scales":460,"hermit:BartenderGlass":42,"Simple Rune":486,"Molten Egg 2":1220,"Nloth\u0027s Gift":500,"Grinning Jar":1023,"Mirror":564,"hermit:Momento":0,"Pocketwatch":564,"Meat on the Bone":1161,"ReplayFunnel":1052,"ReplayTheSpireMod:Ring of Exchange":1094,"SacredBark":886,"Black Blood":704,"Snake Skull":544,"Incense Burner":65,"Replay:Mystery Machine":1142,"Empty Cage":233,"PrismaticShard":1062,"ClockworkSouvenir":372,"Frozen Eye":486,"SsserpentHead":910,"Nunchaku":0,"Tough Bandages":556,"Dream Catcher":720,"TheAbacus":1142,"Mummified Hand":1464,"Pantograph":107,"Gambling Chip":520,"Tiny Chest":587,"Red Mask":303,"Replay:Bottled Snecko":1009,"Red Skull":1111,"Runic Pyramid":321,"Gremlin Food":829,"BargainBundle":1018,"Quantum Egg":134,"Replay:WaspNest":267,"Odd Mushroom":212,"Orichalcum":1231,"Peace Pipe":60,"Calling Bell":591,"Strange Spoon":1274,"Pondfish Scales":651,"Anchor":1052,"ChewingGum":290,"Bag of Marbles":107,"Snack Pack":872,"Membership Card":486,"TungstenRod":829,"ReplayTheSpireMod:ShopPack":720}],"Burning Blood":980,"WarpedTongs":[62]},"card_choices":[{"not_picked":["Clothesline","Replay:Undeath\u0027s Touch"],"picked":"ReplayTheSpireMod:Strike From Hell","floor":1},{"not_picked":["Flex","Pummel"],"picked":"Replay:Undeath\u0027s Touch","floor":2},{"not_picked":["Wild Strike","Fire Breathing"],"picked":"Clash","floor":3},{"not_picked":["Feel No Pain","Sword Boomerang"],"picked":"Run Through","floor":4},{"not_picked":["Anger","Infernal Blade"],"picked":"Double Tap","floor":5},{"not_picked":["Power Through","Twin Strike+1"],"picked":"Clothesline+1","floor":10},{"not_picked":["Twin Strike+1","Sword Boomerang+1","Warcry"],"picked":"SKIP","floor":13},{"not_picked":["Armaments","Headbutt+1"],"picked":"Replay:Undeath\u0027s Touch+1","floor":14},{"not_picked":["Fiend Fire+1","Eclipse"],"picked":"Demonic Infusion","floor":16},{"not_picked":["Armaments","Wild Strike+1"],"picked":"Thunderclap+1","floor":18},{"not_picked":["Armaments","Pommel Strike+1"],"picked":"Replay:Undeath\u0027s Touch+1","floor":19},{"not_picked":["Pommel Strike+1","Abandon"],"picked":"Replay:Many Hands","floor":21},{"not_picked":["Anger+1","Heavy Blade+1"],"picked":"Clash+1","floor":23},{"not_picked":["Armaments","Flex+1"],"picked":"ReplayTheSpireMod:Stacked","floor":25},{"not_picked":["Perfected Strike+1","Shrug It Off"],"picked":"Replay:Undeath\u0027s Touch+1","floor":27},{"not_picked":["Uppercut+1","Power Through"],"picked":"Pummel+1","floor":28},{"not_picked":["Shrug It Off","Bloodletting"],"picked":"Armaments","floor":31},{"not_picked":["Impervious","Limit Break"],"picked":"Feed+1","floor":33},{"not_picked":["ReplayTheSpireMod:Strike From Hell+1"],"picked":"SKIP","floor":35},{"not_picked":[],"picked":"Clash+1","floor":37},{"not_picked":[],"picked":"Rupture+1","floor":40},{"not_picked":[],"picked":"Cleave+1","floor":44},{"not_picked":["Twin Strike+1"],"picked":"SKIP","floor":45},{"not_picked":["Shockwave+1"],"picked":"SKIP","floor":46},{"not_picked":[],"picked":"Pummel+1","floor":48},{"not_picked":["Twin Strike+1"],"picked":"SKIP","floor":54}],"player_experience":776729,"relics_obtained":[{"floor":10,"key":"Molten Egg 2"},{"floor":13,"key":"Nunchaku"},{"floor":23,"key":"Runesmith:Locket"},{"floor":26,"key":"Divine Protection"},{"floor":28,"key":"Mummified Hand"},{"floor":40,"key":"Dream Catcher"},{"floor":43,"key":"War Paint"},{"floor":54,"key":"Oddly Smooth Stone"}],"event_choices":[{"damage_healed":0,"gold_gain":0,"player_choice":"Searched \u00271\u0027 times","damage_taken":0,"max_hp_gain":0,"max_hp_loss":0,"event_name":"Dead Adventurer","floor":10,"gold_loss":0},{"damage_healed":20,"gold_gain":0,"player_choice":"Healed","damage_taken":0,"max_hp_gain":0,"max_hp_loss":0,"event_name":"The Cleric","floor":12,"gold_loss":35},{"damage_healed":0,"gold_gain":0,"player_choice":"Ignored","damage_taken":0,"max_hp_gain":0,"max_hp_loss":0,"event_name":"Purifier","floor":22,"gold_loss":0},{"damage_healed":0,"gold_gain":0,"player_choice":"Rummage","damage_taken":0,"relics_obtained":["WarpedTongs"],"max_hp_gain":0,"max_hp_loss":0,"event_name":"Accursed Blacksmith","floor":29,"gold_loss":0,"cards_obtained":["Pain"]},{"cards_removed":["Clothesline"],"damage_healed":0,"gold_gain":0,"player_choice":"Removed Attack","damage_taken":0,"max_hp_gain":0,"max_hp_loss":0,"event_name":"Falling","floor":38,"gold_loss":0},{"damage_healed":0,"gold_gain":0,"player_choice":"Max HP","damage_taken":0,"max_hp_gain":0,"max_hp_loss":4,"event_name":"Winding Halls","floor":39,"gold_loss":0},{"damage_healed":0,"gold_gain":0,"player_choice":"Ignored","damage_taken":0,"max_hp_gain":0,"max_hp_loss":0,"event_name":"Mysterious Sphere","floor":41,"gold_loss":0}],"is_beta":false,"boss_relics":[{"not_picked":["Ring of Chaos","Fusion Hammer","Abe\u0027s Treasure"]},{"not_picked":["Calling Bell","Honey Jar"],"picked":"Busted Crown"}],"items_purged_floors":[],"is_endless":false,"potions_floor_spawned":[3,10,14,16,18,28,31,33,37,44],"killed_by":"The Heart","ascension_level":0}}