{"host":"gc0o0aftdpafl7it","time":1607476320,"event":{"gold_per_floor":[209,221,22,22,36,36,61,61,61,61,93,109,144,172,184,298,310,335,527,551,583,595,595],"floor_reached":22,"playtime":1585,"items_purged":[],"score":334,"play_id":"bb0837e9-c186-48fa-86fe-14938c310818","local_time":"20201209021200","is_ascension_mode":true,"campfire_choices":[{"data":"Bash","floor":6,"key":"SMITH"},{"data":"Fire Breathing","floor":8,"key":"SMITH"},{"data":"Sword Boomerang","floor":10,"key":"SMITH"},{"data":"Heavy Blade","floor":15,"key":"SMITH"}],"neow_cost":"NONE","seed_source_timestamp":0,"circlet_count":0,"master_deck":["AscendersBane","Bash+1","Shrug It Off","Pommel Strike","Sword Boomerang+1","Fire Breathing+1","Heavy Blade+1","Shockwave","Cleave","Demon Form","Juggernaut","Impervious","Immolate","Rampage","Rage","Carnage","Iron Wave","Searing Blow","Offering","Armaments","Fire Breathing"],"special_seed":0,"relics":["Burning Blood","Vajra","Bird Faced Urn","Mango","Matryoshka","MawBank","Pandora\u0027s Box"],"potions_floor_usage":[7,13,13,16,16,19,20,20,21,21,22],"damage_taken":[{"damage":3,"enemies":"2 Louse","floor":1,"turns":4},{"damage":6,"enemies":"Cultist","floor":2,"turns":3},{"damage":7,"enemies":"Jaw Worm","floor":5,"turns":3},{"damage":10,"enemies":"Gremlin Nob","floor":7,"turns":3},{"damage":12,"enemies":"3 Sentries","floor":11,"turns":5},{"damage":0,"enemies":"Large Slime","floor":12,"turns":5},{"damage":30,"enemies":"Lagavulin","floor":13,"turns":4},{"damage":10,"enemies":"Exordium Wildlife","floor":14,"turns":2},{"damage":48,"enemies":"The Guardian","floor":16,"turns":13},{"damage":35,"enemies":"Shell Parasite","floor":18,"turns":5},{"damage":22,"enemies":"3 Byrds","floor":20,"turns":5},{"damage":14,"enemies":"Snake Plant","floor":21,"turns":4},{"damage":10,"enemies":"Chosen and Byrds","floor":22,"turns":4}],"seed_played":"-1168960406653204479","potions_obtained":[{"floor":1,"key":"DuplicationPotion"},{"floor":11,"key":"Dexterity Potion"},{"floor":12,"key":"SteroidPotion"},{"floor":14,"key":"DuplicationPotion"},{"floor":21,"key":"GamblersBrew"}],"is_trial":false,"path_per_floor":["M","M","$","?","M","R","E","R","T","R","E","M","E","M","R","B",null,"M","?","M","M","M"],"character_chosen":"IRONCLAD","items_purchased":["Vajra","Explosive Potion"],"campfire_rested":0,"item_purchase_floors":[3,3],"current_hp_per_floor":[75,75,75,80,79,79,75,75,89,89,85,91,67,63,63,23,80,53,18,18,10,0,0],"gold":595,"neow_bonus":"HUNDRED_GOLD","is_prod":false,"is_daily":false,"chose_seed":false,"campfire_upgraded":4,"win_rate":0,"timestamp":1607476320,"path_taken":["M","M","$","?","M","R","E","R","T","R","E","M","E","M","R","BOSS","M","?","M","M","?"],"build_version":"2020-11-30","purchased_purges":0,"victory":false,"max_hp_per_floor":[80,80,80,85,85,85,85,85,99,99,99,99,99,99,99,99,99,99,104,104,104,104,104],"relic_stats":{"counters":[13,60],"Bird Faced Urn":[8],"Pandora\u0027s Box":["Juggernaut","Impervious","Immolate","Rampage","Rage","Carnage","Iron Wave","Searing Blow","Offering"],"MawBank":108,"obtain_stats":[{"Matryoshka":11,"Bird Faced Urn":7,"Vajra":3,"Mango":9,"Pandora\u0027s Box":17,"MawBank":13,"Burning Blood":0},{"Matryoshka":5,"Bird Faced Urn":4,"Vajra":2,"Mango":4,"Pandora\u0027s Box":9,"MawBank":7,"Burning Blood":0},{"Matryoshka":18,"Bird Faced Urn":13,"Vajra":7,"Mango":13,"Pandora\u0027s Box":42,"MawBank":27,"Burning Blood":0}],"Burning Blood":72},"card_choices":[{"not_picked":["Dual Wield","Bloodletting"],"picked":"Shrug It Off","floor":1},{"not_picked":["Searing Blow","Infernal Blade"],"picked":"Pommel Strike","floor":2},{"not_picked":["Body Slam","Wild Strike"],"picked":"Sword Boomerang","floor":5},{"not_picked":["Warcry","Iron Wave"],"picked":"Fire Breathing","floor":7},{"not_picked":["Twin Strike","Clash","Dropkick"],"picked":"SKIP","floor":11},{"not_picked":["Iron Wave","Body Slam"],"picked":"Heavy Blade","floor":12},{"not_picked":["Sentinel","Rampage"],"picked":"Shockwave","floor":13},{"not_picked":["Rage","Bloodletting"],"picked":"Cleave","floor":14},{"not_picked":["Double Tap","Juggernaut"],"picked":"Demon Form","floor":16},{"not_picked":["Twin Strike","Heavy Blade"],"picked":"Armaments","floor":18},{"not_picked":["Anger+1","Clash","Armaments"],"picked":"SKIP","floor":20},{"not_picked":["Clash","Clothesline+1"],"picked":"Fire Breathing","floor":21}],"player_experience":329097,"relics_obtained":[{"floor":7,"key":"Bird Faced Urn"},{"floor":9,"key":"Mango"},{"floor":11,"key":"Matryoshka"},{"floor":13,"key":"MawBank"}],"event_choices":[{"damage_healed":0,"gold_gain":0,"player_choice":"Donut","damage_taken":0,"max_hp_gain":5,"max_hp_loss":0,"event_name":"Big Fish","floor":4,"gold_loss":0},{"damage_healed":0,"gold_gain":180,"player_choice":"POTION POTION POTION GOLD GOLD ","damage_taken":40,"max_hp_gain":0,"max_hp_loss":0,"event_name":"Knowing Skull","floor":19,"potions_obtained":["Regen Potion","Fruit Juice","EntropicBrew"],"gold_loss":0,"cards_obtained":[]}],"is_beta":false,"boss_relics":[{"not_picked":["Cursed Key","Empty Cage"],"picked":"Pandora\u0027s Box"}],"items_purged_floors":[],"is_endless":false,"potions_floor_spawned":[1,11,12,14,21],"killed_by":"Chosen and Byrds","ascension_level":10}}