{"host":"Jinnai","time":1607547340,"event":{"gold_per_floor":[110,110,110,120,136,170,170,185,185,185,185,198,198,218,218,218,218],"floor_reached":16,"playtime":587,"items_purged":[],"score":199,"play_id":"d4117449-8cc0-4605-a12c-d604e4558256","local_time":"20201209155540","is_ascension_mode":true,"campfire_choices":[{"floor":7,"key":"REST"},{"floor":15,"key":"REST"}],"neow_cost":"NONE","seed_source_timestamp":59868320466400,"circlet_count":0,"master_deck":["AscendersBane","Strike_P","Strike_P","Strike_P","Strike_P","Defend_P+1","Defend_P+1","Defend_P","Eruption","Vigilance","Wireheading","PathToVictory","CutThroughFate","ThirdEye","Adaptation"],"relics":["Runic Dome","Bag of Marbles","Singing Bowl","Potion Belt"],"potions_floor_usage":[12],"damage_taken":[{"damage":0,"enemies":"Jaw Worm","floor":1,"turns":4},{"damage":0,"enemies":"2 Louse","floor":4,"turns":3},{"damage":10,"enemies":"Small Slimes","floor":5,"turns":4},{"damage":19,"enemies":"Lagavulin","floor":6,"turns":6},{"damage":0,"enemies":"3 Louse","floor":8,"turns":1},{"damage":17,"enemies":"Large Slime","floor":12,"turns":6},{"damage":9,"enemies":"Red Slaver","floor":14,"turns":3},{"damage":33,"enemies":"The Guardian","floor":16,"turns":5}],"seed_played":"1937582277807467844","potions_obtained":[{"floor":1,"key":"SpeedPotion"},{"floor":4,"key":"SpeedPotion"},{"floor":12,"key":"SteroidPotion"},{"floor":14,"key":"Fire Potion"}],"is_trial":false,"path_per_floor":["M","?","?","M","M","E","R","M","T","T","?","M","?","M","R","B"],"character_chosen":"WATCHER","items_purchased":[],"campfire_rested":2,"item_purchase_floors":[],"current_hp_per_floor":[61,41,34,34,24,5,25,25,25,25,25,8,13,6,28,0,0],"gold":218,"neow_bonus":"BOSS_RELIC","is_prod":false,"is_daily":false,"chose_seed":false,"campfire_upgraded":0,"win_rate":0,"timestamp":1607547340,"path_taken":["M","?","?","M","M","E","R","M","T","?","?","M","?","M","R","BOSS"],"build_version":"2020-12-07","purchased_purges":0,"victory":false,"max_hp_per_floor":[68,68,68,68,68,68,68,68,68,68,68,68,73,75,75,75,75],"relic_stats":{"Singing Bowl":2,"counters":[8,32],"obtain_stats":[{"Potion Belt":10,"Runic Dome":0,"Singing Bowl":9,"Bag of Marbles":6,"PureWater":0},{"Potion Belt":5,"Runic Dome":0,"Singing Bowl":5,"Bag of Marbles":4,"PureWater":0},{"Potion Belt":18,"Runic Dome":0,"Singing Bowl":18,"Bag of Marbles":17,"PureWater":0}]},"card_choices":[{"not_picked":["FlyingSleeves","Study"],"picked":"Wireheading","floor":1},{"not_picked":["ClearTheMind","Crescendo"],"picked":"PathToVictory","floor":4},{"not_picked":["Crescendo","ThirdEye"],"picked":"CutThroughFate","floor":5},{"not_picked":["FlyingSleeves","EmptyFist"],"picked":"ThirdEye","floor":6},{"not_picked":["Protect","EmptyBody","WindmillStrike"],"picked":"SKIP","floor":8},{"not_picked":["Evaluate","Conclude"],"picked":"Adaptation","floor":12},{"not_picked":["Protect","BattleHymn","SignatureMove"],"picked":"Singing Bowl","floor":14}],"player_experience":1466695,"relics_obtained":[{"floor":6,"key":"Bag of Marbles"},{"floor":9,"key":"Singing Bowl"},{"floor":10,"key":"Potion Belt"}],"event_choices":[{"damage_healed":0,"gold_gain":0,"player_choice":"Entered Light","damage_taken":20,"max_hp_gain":0,"max_hp_loss":0,"event_name":"Shining Light","floor":2,"gold_loss":0,"cards_upgraded":["Defend_P","Defend_P"]},{"cards_removed":["Defend_P"],"damage_healed":0,"gold_gain":0,"player_choice":"Card Removal","damage_taken":7,"max_hp_gain":0,"max_hp_loss":0,"event_name":"Golden Wing","floor":3,"gold_loss":0},{"damage_healed":0,"gold_gain":0,"player_choice":"Fled","damage_taken":0,"max_hp_gain":0,"max_hp_loss":0,"event_name":"Scrap Ooze","floor":11,"gold_loss":0},{"damage_healed":0,"gold_gain":0,"player_choice":"Donut","damage_taken":0,"max_hp_gain":5,"max_hp_loss":0,"event_name":"Big Fish","floor":13,"gold_loss":0}],"is_beta":true,"boss_relics":[],"items_purged_floors":[],"is_endless":false,"potions_floor_spawned":[1,4,12,14],"killed_by":"The Guardian","ascension_level":19}}