{"host":"87fdiiwflhrwsj8a","time":1607542174,"event":{"gold_per_floor":[115,115,115,130,110,110,135,154,154,165,184,199,199,226,226,304,304,318,318,318,337,337,372,372,406,481,515,515,515,541,559,559],"floor_reached":31,"playtime":877,"items_purged":["Injury"],"score":1006,"play_id":"fac7dab3-b9dc-4a45-8588-c784b4c8f05f","local_time":"20201209142934","is_ascension_mode":true,"campfire_choices":[{"data":"ReplayTheSpireMod:Omega Cannon","floor":6.0,"key":"SMITH"},{"data":"Reboot","floor":13.0,"key":"SMITH"},{"data":"All For One","floor":15.0,"key":"SMITH"},{"data":"Panache","floor":24.0,"key":"SMITH"},{"data":"Gash","floor":24.0,"key":"SMITH"},{"data":"Amplify","floor":29,"key":"SMITH"},{"data":"Rip and Tear","floor":29,"key":"SMITH"}],"neow_cost":"","seed_source_timestamp":95876497595500,"circlet_count":0,"master_deck":["AscendersBane","Strike_B","Strike_B","Strike_B","Strike_B","Defend_B","Defend_B","Defend_B","Defend_B","Zap","Dualcast","Panache+1","ReplayTheSpireMod:Omega Cannon+1","StuffTheSpire:Innocence","Go for the Eyes","Gash+1","Steam","Reboot+1","Skim","All For One+1","Echo Form","infinitespire:Gouge+1","Rip and Tear+1","Amplify+1","Auto Shields+1"],"special_seed":0,"relics":["Cracked Core","Omamori","PreservedInsect","Torii","infinitespire:ShieldingShard","Replay:Ancient Bell","infinitespire:Freezer","aspiration:FaultyCoupler","Replay:Arrowhead","Replay:Multitool","Nloth\u0027s Gift","Juzu Bracelet","infinitespire:CursedDice","Matryoshka","MealTicket","Bag of Marbles","Gremlin Food"],"potions_floor_usage":[25,27],"damage_taken":[{"damage":0.0,"enemies":"Small Slimes","floor":1.0,"turns":1.0},{"damage":0.0,"enemies":"Jaw Worm","floor":4.0,"turns":2.0},{"damage":0.0,"enemies":"3 Sentries","floor":7.0,"turns":2.0},{"damage":0.0,"enemies":"Cultist","floor":8.0,"turns":3.0},{"damage":0.0,"enemies":"2 Fungi Beasts","floor":10.0,"turns":3.0},{"damage":1.0,"enemies":"Blue Slaver","floor":11.0,"turns":2.0},{"damage":0.0,"enemies":"Looter","floor":12.0,"turns":2.0},{"damage":0.0,"enemies":"Gremlin Nob","floor":14.0,"turns":3.0},{"damage":31.0,"enemies":"The Guardian","floor":16.0,"turns":7.0},{"damage":21.0,"enemies":"Shell Parasite","floor":18.0,"turns":4.0},{"damage":0.0,"enemies":"Spheric Guardian","floor":21.0,"turns":4.0},{"damage":22.0,"enemies":"Slavers","floor":23.0,"turns":2.0},{"damage":0,"enemies":"Replay:Snechameleon","floor":25,"turns":2},{"damage":0,"enemies":"Book of Stabbing","floor":27,"turns":3},{"damage":10,"enemies":"Chosen and Byrds","floor":31,"turns":4}],"seed_played":"-6589969008924265499","potions_obtained":[{"floor":4.0,"key":"AttackPotion"},{"floor":5.0,"key":"SpeedPotion"},{"floor":8.0,"key":"Swift Potion"},{"floor":11.0,"key":"BlessingOfTheForge"},{"floor":16.0,"key":"Elixir"},{"floor":21.0,"key":"SteroidPotion"},{"floor":25,"key":"FearPotion"},{"floor":27,"key":"Languid Potion"}],"is_trial":false,"path_per_floor":["M","?","?","M","?","R","E","M","T","M","M","M","R","E","R","B",null,"M","AVR","?","M","?","E","R","E","T","E","?","R","T","M"],"character_chosen":"DEFECT","items_purchased":["Omamori","Panache","ReplayTheSpireMod:Omega Cannon"],"campfire_rested":0,"item_purchase_floors":[0,0,0],"current_hp_per_floor":[49,49,39,39,39,39,39,39,39,39,38,38,38,38,38,7,55,34,34,34,34,34,12,12,12,12,12,12,12,12,2,2],"gold":559,"neow_bonus":"","is_prod":false,"is_daily":false,"chose_seed":false,"campfire_upgraded":7,"win_rate":0,"timestamp":1607542174,"path_taken":["M","?","?","M","?","R","E","?","T","M","M","M","R","E","R","BOSS","M","AVR","?","M","?","E","R","E","T","E","?","R","?","M"],"build_version":"2020-11-30","purchased_purges":1,"victory":false,"max_hp_per_floor":[71,71,71,71,71,71,71,71,71,71,71,71,71,71,71,71,71,71,71,71,71,71,71,71,71,71,71,71,71,71,71,71],"card_choices":[{"not_picked":["ReplayTheSpireMod:Calculation Training","StuffTheSpire:LoadUp","Conserve Battery"],"picked":"SKIP","floor":1.0},{"not_picked":["StuffTheSpire:Coldhearted","Coolheaded"],"picked":"Go for the Eyes","floor":4.0},{"not_picked":["ReplayTheSpireMod:Reroute Power","ReplayTheSpireMod:Calculation Training","Streamline"],"picked":"SKIP","floor":7.0},{"not_picked":["StuffTheSpire:LoadUp","Static Discharge"],"picked":"Gash","floor":8.0},{"not_picked":["BasicCrystalCard","Go for the Eyes"],"picked":"Steam","floor":10.0},{"not_picked":["Storm","Compile Driver"],"picked":"Reboot","floor":11.0},{"not_picked":["StuffTheSpire:LoadUp","Beam Cell"],"picked":"Skim","floor":12.0},{"not_picked":["Hologram","Leap"],"picked":"All For One","floor":14.0},{"not_picked":["Rainbow","Creative AI"],"picked":"Echo Form","floor":16.0},{"not_picked":["Delirium","Spreading Infection"],"picked":"Injury","floor":17.0},{"not_picked":["Spreading Infection","ReplayTheSpireMod:Restless Dread"],"picked":"Looming Evil","floor":17.0},{"not_picked":["ReplayTheSpireMod:Doomed","Writhe"],"picked":"Injury","floor":17.0},{"not_picked":["Conserve Battery","Doom and Gloom","Sweeping Beam"],"picked":"SKIP","floor":18.0},{"not_picked":["aspiration:Polymerization","Coolheaded","ReplayTheSpireMod:Reroute Power"],"picked":"SKIP","floor":21.0},{"not_picked":["Steam","Ball Lightning"],"picked":"Rip and Tear","floor":23.0},{"not_picked":["Genetic Algorithm","StuffTheSpire:LaunchingStrike","ReplayTheSpireMod:Calculation Training"],"picked":"SKIP","floor":25},{"not_picked":["Hello World","Crystallizer+1"],"picked":"Amplify","floor":27},{"not_picked":["Redo","Steam"],"picked":"Auto Shields+1","floor":31}],"player_experience":2506999,"relics_obtained":[{"floor":2.0,"key":"PreservedInsect"},{"floor":7.0,"key":"Torii"},{"floor":9.0,"key":"infinitespire:ShieldingShard"},{"floor":14.0,"key":"Nunchaku"},{"floor":23.0,"key":"Juzu Bracelet"},{"floor":25,"key":"infinitespire:CursedDice"},{"floor":26,"key":"Matryoshka"},{"floor":27,"key":"MealTicket"},{"floor":30,"key":"Bag of Marbles"},{"floor":30,"key":"Gremlin Food"}],"event_choices":[{"damage_healed":0.0,"max_hp_gain":0.0,"max_hp_loss":0.0,"gold_gain":0.0,"event_name":"The Woman in Blue","player_choice":"Bought 1 Potion","floor":5.0,"gold_loss":0.0,"damage_taken":0.0},{"damage_healed":0.0,"max_hp_gain":0.0,"max_hp_loss":0.0,"gold_gain":0.0,"event_name":"Accursed Blacksmith","player_choice":"Forge","floor":20.0,"gold_loss":0.0,"damage_taken":0.0,"cards_upgraded":["infinitespire:Gouge"]},{"damage_healed":0.0,"max_hp_gain":0.0,"max_hp_loss":0.0,"gold_gain":0.0,"event_name":"N\u0027loth","player_choice":"Traded Relic","floor":22.0,"relics_lost":["Nunchaku"],"gold_loss":0.0,"damage_taken":0.0,"relics_obtained":["Nloth\u0027s Gift"]},{"cards_removed":["Amplify"],"damage_healed":0,"gold_gain":0,"player_choice":"Give","damage_taken":0,"max_hp_gain":0,"max_hp_loss":0,"event_name":"betterNote:BetterNote","floor":28,"gold_loss":0,"cards_obtained":["None"]}],"is_beta":false,"boss_relics":[{"not_picked":["Tiny House","Calling Bell"],"picked":"Replay:Ancient Bell"},{"not_picked":["Ancient Tea Set","Oddly Smooth Stone"],"picked":"infinitespire:Freezer"},{"not_picked":["Singing Bowl","infinitespire:Midas Blood"],"picked":"aspiration:FaultyCoupler"},{"not_picked":["infinitespire:Lychee Nut","StuffTheSpire:NeowsTribute"],"picked":"Replay:Arrowhead"}],"items_purged_floors":[19],"is_endless":false,"potions_floor_spawned":[4,8,11,16,21,23,25,27,31],"killed_by":"Chosen and Byrds","ascension_level":20}}