{"host":"e4wnmsyty9uvvtwf","time":1607522279,"event":{"gold_per_floor":[114,114,38,38,38,38,73,73,73,116,144,198,235,293,293,428,428,428,428,428,17,100,100,215,215,261,261,338,83,83,193,193,193,193],"floor_reached":33,"playtime":1355,"items_purged":["Writhe"],"score":306,"play_id":"1ee3a493-081c-4b0e-bb9b-6c052ac25c4b","local_time":"20201209215759","is_ascension_mode":false,"campfire_choices":[{"data":"hierophant:ChurchCoffers","floor":6,"key":"SMITH"},{"data":"hierophant:CoinFling","floor":8,"key":"SMITH"},{"floor":15,"key":"REST"},{"floor":23,"key":"REST"},{"floor":25,"key":"REST"},{"data":"hierophant:Refuge","floor":27,"key":"SMITH"},{"floor":30,"key":"REST"},{"floor":32,"key":"REST"}],"neow_cost":"NONE","seed_source_timestamp":943597363700700,"circlet_count":0,"master_deck":["hierophant:Strike_Hierophant","hierophant:Strike_Hierophant","hierophant:Strike_Hierophant+1","hierophant:Punish","hierophant:Defend_Hierophant","hierophant:Defend_Hierophant","hierophant:Defend_Hierophant+1","hierophant:Defend_Hierophant+1","hierophant:ChurchCoffers+1","hierophant:Doubloon+1","hierophant:CoinFling+1","hierophant:Doubloon+1","hierophant:Smite","hierophant:Chorus","hierophant:Doubloon+1","hierophant:RecallFunds","hierophant:HolyVerse","hierophant:MintersHammer","hierophant:Doubloon+1","hierophant:Dazzle","hierophant:Cornucopia","hierophant:Doubloon+1","hierophant:Refuge+1","hierophant:Doubloon+1","hierophant:Doomsaying+1","hierophant:Upheaval","hierophant:Encroach+1","hierophant:FaithHealing+1","hierophant:Shelter+1","hierophant:CursedGold","hierophant:Doubloon+1","hierophant:CoinFling","hierophant:Doubloon+1","hierophant:Sermon+1","hierophant:Repentance+1"],"relics":["hierophant:PropheticMaskRelic","NeowsBlessing","Bottled Lightning","Ornamental Fan","Matryoshka","Bottled Flame","Busted Crown","Toxic Egg 2","War Paint","Anchor","Bag of Marbles","Bag of Preparation"],"potions_floor_usage":[],"damage_taken":[{"damage":0,"enemies":"2 Louse","floor":1,"turns":1},{"damage":0,"enemies":"Cultist","floor":7,"turns":1},{"damage":0,"enemies":"3 Sentries","floor":10,"turns":1},{"damage":0,"enemies":"Small Slimes","floor":11,"turns":2},{"damage":32,"enemies":"Lagavulin","floor":12,"turns":6},{"damage":0,"enemies":"3 Louse","floor":13,"turns":1},{"damage":13,"enemies":"3 Sentries","floor":14,"turns":3},{"damage":34,"enemies":"Slime Boss","floor":16,"turns":11},{"damage":38,"enemies":"2 Thieves","floor":18,"turns":5},{"damage":2,"enemies":"Shell Parasite","floor":22,"turns":9},{"damage":35,"enemies":"Gremlin Leader","floor":24,"turns":13},{"damage":27,"enemies":"3 Cultists","floor":28,"turns":9},{"damage":7,"enemies":"Shelled Parasite and Fungi","floor":31,"turns":13},{"damage":61,"enemies":"Champ","floor":33,"turns":22}],"seed_played":"2225931474663666565","potions_obtained":[{"floor":11,"key":"Fire Potion"},{"floor":13,"key":"Weak Potion"},{"floor":14,"key":"Ancient Potion"}],"is_trial":false,"path_per_floor":["M","?","$","?","?","R","M","R","T","E","M","E","M","E","R","B",null,"M","?","?","$","M","R","E","R","T","R","M","$","R","M","R","B"],"character_chosen":"HIEROPHANT","items_purchased":["hierophant:CoinFling","hierophant:Refuge","War Paint","hierophant:Doomsaying+1","hierophant:Upheaval","hierophant:Shelter+1","hierophant:CursedGold","hierophant:CoinFling","hierophant:Sermon+1"],"campfire_rested":5,"item_purchase_floors":[3,21,21,21,21,29,29,29,29],"current_hp_per_floor":[75,75,75,60,60,60,60,60,60,60,60,28,28,15,37,3,75,37,23,23,23,21,45,10,34,34,34,7,7,31,24,48,0,0],"gold":193,"neow_bonus":"THREE_ENEMY_KILL","is_prod":false,"is_daily":false,"chose_seed":false,"campfire_upgraded":3,"win_rate":0.0,"timestamp":1607522279,"path_taken":["M","?","?","?","?","R","?","R","T","E","M","E","M","E","R","BOSS","M","?","?","?","?","R","E","R","T","R","M","$","R","M","R","BOSS"],"build_version":"2020-11-30","purchased_purges":1,"victory":false,"max_hp_per_floor":[75,75,75,75,75,75,75,75,75,75,75,75,75,75,75,75,75,75,80,80,80,80,80,80,80,80,80,80,80,80,80,80,80,80],"card_choices":[{"not_picked":["hierophant:RepressedViolence","hierophant:PassingBell"],"picked":"hierophant:Doubloon","floor":1},{"not_picked":["hierophant:HolyVerse","hierophant:Purify"],"picked":"hierophant:Smite","floor":7},{"not_picked":["hierophant:Shelter","hierophant:Purify"],"picked":"hierophant:Chorus","floor":10},{"not_picked":["hierophant:Flagellation","hierophant:SealAway"],"picked":"hierophant:RecallFunds","floor":11},{"not_picked":["hierophant:FieryStrike","hierophant:Zeal"],"picked":"hierophant:HolyVerse","floor":12},{"not_picked":["hierophant:Shelter","hierophant:Mercenaries"],"picked":"hierophant:MintersHammer","floor":13},{"not_picked":["hierophant:ThreeLashes","hierophant:Glossolalia"],"picked":"hierophant:Dazzle","floor":14},{"not_picked":["hierophant:BulkyChest","hierophant:AuricForm"],"picked":"hierophant:Cornucopia","floor":16},{"not_picked":[],"picked":"hierophant:Doubloon","floor":18},{"not_picked":["hierophant:Mercenaries"],"picked":"SKIP","floor":22},{"not_picked":[],"picked":"hierophant:Encroach+1","floor":24},{"not_picked":[],"picked":"hierophant:FaithHealing+1","floor":28},{"not_picked":[],"picked":"hierophant:Repentance+1","floor":31}],"player_experience":470239,"relics_obtained":[{"floor":9,"key":"Bottled Lightning"},{"floor":10,"key":"Ornamental Fan"},{"floor":12,"key":"Matryoshka"},{"floor":14,"key":"Bottled Flame"},{"floor":24,"key":"Anchor"},{"floor":26,"key":"Bag of Marbles"},{"floor":26,"key":"Bag of Preparation"}],"event_choices":[{"damage_healed":0,"gold_gain":0,"player_choice":"0 cards matched","damage_taken":0,"max_hp_gain":0,"max_hp_loss":0,"event_name":"Match and Keep!","floor":2,"gold_loss":0,"cards_obtained":[]},{"damage_healed":0,"gold_gain":0,"player_choice":"Entered Light","damage_taken":15,"max_hp_gain":0,"max_hp_loss":0,"event_name":"Shining Light","floor":4,"gold_loss":0,"cards_upgraded":["hierophant:Strike_Hierophant","hierophant:Doubloon"]},{"cards_removed":["hierophant:Strike_Hierophant"],"damage_healed":0,"gold_gain":0,"player_choice":"Purged","damage_taken":0,"max_hp_gain":0,"max_hp_loss":0,"event_name":"Purifier","floor":5,"gold_loss":0},{"damage_healed":0,"gold_gain":0,"player_choice":"Shed Blood","damage_taken":19,"max_hp_gain":5,"max_hp_loss":0,"event_name":"Forgotten Altar","floor":19,"gold_loss":0},{"damage_healed":0,"gold_gain":0,"player_choice":"Opened","damage_taken":0,"relics_obtained":["Toxic Egg 2"],"max_hp_gain":0,"max_hp_loss":0,"event_name":"The Mausoleum","floor":20,"gold_loss":0,"cards_obtained":["Writhe"]}],"is_beta":false,"boss_relics":[{"not_picked":["Philosopher\u0027s Stone","SlaversCollar"],"picked":"Busted Crown"}],"items_purged_floors":[21],"is_endless":false,"potions_floor_spawned":[11,13,14,22,24],"killed_by":"Champ","ascension_level":0}}