{"host":"3qkmyeoym75lj4wn","time":1607475484,"event":{"gold_per_floor":[114,62,77,77,92,122,122,152,152,182,182,212,212,242,242,342,342,357,113,128,128,143,173,173,203,203,53,83,83,113,128,128,228,228,243,243,93,108,123,123,138,168,168,168,168,168,18,48,48,48,48],"floor_reached":50,"playtime":2200,"items_purged":[],"score":687,"play_id":"373446c1-f619-4806-b3a4-6fc10cc88206","local_time":"20201209005804","daily_mods":["SealedDeck","Purple Cards","Elite Swarm"],"is_ascension_mode":false,"campfire_choices":[{"data":"Ragnarok","floor":7.0,"key":"SMITH"},{"data":"TalkToTheHand","floor":11.0,"key":"SMITH"},{"data":"Zap","floor":13.0,"key":"SMITH"},{"data":"Seek","floor":15.0,"key":"SMITH"},{"data":"Wallop","floor":24.0,"key":"SMITH"},{"data":"Go for the Eyes","floor":32.0,"key":"SMITH"},{"floor":40,"key":"REST"},{"data":"Hologram","floor":44,"key":"SMITH"},{"data":"WaveOfTheHand","floor":46,"key":"SMITH"},{"floor":49,"key":"REST"}],"neow_cost":"","seed_source_timestamp":48896037938700,"circlet_count":0,"master_deck":["Hologram+1","Wallop+1","Protect","InnerPeace","FearNoEvil","Steam","WaveOfTheHand+1","Go for the Eyes+1","TalkToTheHand+1","Ball Lightning","Zap+1","Ragnarok+1","Electrodynamics","Seek+1","Glacier","Panache+1","All For One","CurseOfTheBell","Zap+1"],"special_seed":18605,"relics":["FrozenCore","WingedGreaves","Dream Catcher","Orichalcum","Bottled Flame","Centennial Puzzle","Ginger","InkBottle","Dead Branch","Meat on the Bone","DataDisk","Pantograph","Singing Bowl","Calling Bell","Nunchaku","White Beast Statue","StoneCalendar","DollysMirror","Boot","Unceasing Top","Lee\u0027s Waffle","MealTicket"],"potions_floor_usage":[38,39,41,42,48],"damage_taken":[{"damage":0.0,"enemies":"2 Louse","floor":1.0,"turns":2.0},{"damage":0.0,"enemies":"Cultist","floor":3.0,"turns":3.0},{"damage":3.0,"enemies":"Jaw Worm","floor":5.0,"turns":3.0},{"damage":6.0,"enemies":"Lagavulin","floor":6.0,"turns":5.0},{"damage":5.0,"enemies":"Gremlin Nob","floor":8.0,"turns":3.0},{"damage":3.0,"enemies":"Lagavulin","floor":10.0,"turns":5.0},{"damage":3.0,"enemies":"Gremlin Nob","floor":12.0,"turns":3.0},{"damage":0.0,"enemies":"Lagavulin","floor":14.0,"turns":4.0},{"damage":6.0,"enemies":"Hexaghost","floor":16.0,"turns":7.0},{"damage":2.0,"enemies":"3 Byrds","floor":18.0,"turns":3.0},{"damage":0.0,"enemies":"Spheric Guardian","floor":20.0,"turns":5.0},{"damage":2.0,"enemies":"Snake Plant","floor":22.0,"turns":5.0},{"damage":10.0,"enemies":"Gremlin Leader","floor":23.0,"turns":5.0},{"damage":7.0,"enemies":"Slavers","floor":25.0,"turns":5.0},{"damage":24.0,"enemies":"Gremlin Leader","floor":28.0,"turns":4.0},{"damage":4.0,"enemies":"Book of Stabbing","floor":30.0,"turns":5.0},{"damage":2.0,"enemies":"Centurion and Healer","floor":31.0,"turns":4.0},{"damage":26.0,"enemies":"Automaton","floor":33.0,"turns":9.0},{"damage":0.0,"enemies":"Orb Walker","floor":35.0,"turns":3.0},{"damage":15,"enemies":"3 Darklings","floor":38,"turns":3},{"damage":17,"enemies":"Spire Growth","floor":39,"turns":5},{"damage":5,"enemies":"Writhing Mass","floor":41,"turns":6},{"damage":30,"enemies":"Reptomancer","floor":42,"turns":4},{"damage":27,"enemies":"Nemesis","floor":48,"turns":7},{"damage":111,"enemies":"Awakened One","floor":50,"turns":15}],"seed_played":"4494449258677458329","potions_obtained":[{"floor":1.0,"key":"Energy Potion"},{"floor":6.0,"key":"Swift Potion"},{"floor":10.0,"key":"SteroidPotion"},{"floor":14.0,"key":"LiquidMemories"},{"floor":16.0,"key":"LiquidMemories"},{"floor":18.0,"key":"Regen Potion"},{"floor":23.0,"key":"PowerPotion"},{"floor":30.0,"key":"LiquidBronze"},{"floor":33.0,"key":"SteroidPotion"},{"floor":35.0,"key":"PowerPotion"},{"floor":38,"key":"EssenceOfDarkness"},{"floor":39,"key":"GamblersBrew"},{"floor":41,"key":"BlessingOfTheForge"},{"floor":42,"key":"Weak Potion"},{"floor":48,"key":"BlessingOfTheForge"}],"is_trial":false,"path_per_floor":["M","$","M","?","M","E","R","E","T","E","R","E","R","E","R","B",null,"M","$","M","?","M","E","R","E","T","$","E","?","E","M","R","B",null,"M","?","$","M","M","R","M","E","T","R","?","R","$","E","R","B"],"character_chosen":"DEFECT","items_purchased":["Ball Lightning","Glacier","Panache","DataDisk","DollysMirror","Lee\u0027s Waffle"],"campfire_rested":2,"item_purchase_floors":[2,19,19,27,37,47],"current_hp_per_floor":[75,75,75,75,72,66,66,61,61,58,58,55,55,55,55,49,75,73,73,73,73,71,61,61,54,54,54,42,42,40,52,52,53,81,83,79,79,66,51,80,89,61,61,61,61,61,106,81,110,0,0],"gold":48,"neow_bonus":"","is_prod":false,"is_daily":true,"chose_seed":false,"campfire_upgraded":8,"win_rate":0,"timestamp":1607475484,"path_taken":["M","$","M","?","M","E","R","E","T","E","R","E","R","E","R","BOSS","M","$","?","?","?","E","R","E","T","?","E","?","E","M","R","BOSS","M","?","$","M","M","R","M","E","T","R","?","R","$","E","R","BOSS"],"build_version":"2020-11-30","purchased_purges":0,"victory":false,"max_hp_per_floor":[75,75,75,75,75,75,75,75,75,75,75,75,75,75,75,75,75,75,75,75,75,75,75,75,75,75,75,75,75,77,79,79,81,81,83,89,89,91,93,95,97,99,99,99,99,99,106,108,110,110,110],"relic_stats":{"Lee\u0027s Waffle":45,"Singing Bowl":28,"counters":[25,123],"Dead Branch":[42],"StoneCalendar":[52],"Ginger":[12],"Orichalcum":[36],"Boot":[44],"FrozenCore":[14],"Dream Catcher":2,"Centennial Puzzle":[45],"Nunchaku":[6],"Pantograph":25,"MealTicket":0,"obtain_stats":[{"Lee\u0027s Waffle":47,"Singing Bowl":30,"Dead Branch":25,"StoneCalendar":34,"Ginger":14,"Orichalcum":9,"Boot":42,"White Beast Statue":34,"FrozenCore":17,"Calling Bell":34,"Dream Catcher":8,"Bottled Flame":10,"Centennial Puzzle":12,"DataDisk":27,"Nunchaku":34,"DollysMirror":37,"Pantograph":28,"MealTicket":48,"WingedGreaves":6,"Cracked Core":0,"InkBottle":23,"Unceasing Top":43,"Meat on the Bone":26},{"Lee\u0027s Waffle":23,"Singing Bowl":16,"Dead Branch":14,"StoneCalendar":18,"Ginger":8,"Orichalcum":5,"Boot":23,"White Beast Statue":18,"FrozenCore":9,"Calling Bell":18,"Dream Catcher":5,"Bottled Flame":6,"Centennial Puzzle":7,"DataDisk":14,"Nunchaku":18,"DollysMirror":19,"Pantograph":15,"MealTicket":24,"WingedGreaves":4,"Cracked Core":0,"InkBottle":13,"Unceasing Top":23,"Meat on the Bone":14},{"Lee\u0027s Waffle":101,"Singing Bowl":67,"Dead Branch":58,"StoneCalendar":80,"Ginger":28,"Orichalcum":16,"Boot":101,"White Beast Statue":80,"FrozenCore":35,"Calling Bell":80,"Dream Catcher":16,"Bottled Flame":21,"Centennial Puzzle":24,"DataDisk":58,"Nunchaku":80,"DollysMirror":83,"Pantograph":62,"MealTicket":108,"WingedGreaves":13,"Cracked Core":0,"InkBottle":53,"Unceasing Top":101,"Meat on the Bone":58}],"InkBottle":[29],"Unceasing Top":[0],"Meat on the Bone":24},"card_choices":[{"not_picked":["ThirdEye","CrushJoints","Evaluate"],"picked":"SKIP","floor":1.0},{"not_picked":["Protect","FlurryOfBlows","Skim"],"picked":"SKIP","floor":3.0},{"not_picked":["Gash","Loop","Undo"],"picked":"SKIP","floor":5.0},{"not_picked":["Biased Cognition","ConjureBlade"],"picked":"Ragnarok","floor":6.0},{"not_picked":["Blasphemy","Echo Form"],"picked":"Electrodynamics","floor":8.0},{"not_picked":["Creative AI","Amplify","DevaForm"],"picked":"SKIP","floor":10.0},{"not_picked":["Omniscience","Blasphemy","DeusExMachina"],"picked":"SKIP","floor":12.0},{"not_picked":["SpiritShield","Hyperbeam"],"picked":"Seek","floor":14.0},{"not_picked":["BattleHymn","Turbo","Sanctity"],"picked":"SKIP","floor":18.0},{"not_picked":["Reprogram","Barrage+1","Vengeance"],"picked":"SKIP","floor":20.0},{"not_picked":["Steam","Hologram","ThirdEye"],"picked":"SKIP","floor":22.0},{"not_picked":["Rainbow","Meteor Strike","DeusExMachina"],"picked":"SKIP","floor":23.0},{"not_picked":["Brilliance","Thunder Strike","Meteor Strike"],"picked":"SKIP","floor":25.0},{"not_picked":["Wish","Electrodynamics"],"picked":"All For One","floor":28.0},{"not_picked":["Rainbow","Scrawl","DeusExMachina"],"picked":"Singing Bowl","floor":30.0},{"not_picked":["Reinforced Body","Protect","CutThroughFate+1"],"picked":"Singing Bowl","floor":31.0},{"not_picked":["DevaForm","ConjureBlade","MasterReality"],"picked":"Singing Bowl","floor":33.0},{"not_picked":["FollowUp+1","Stack","Streamline"],"picked":"Singing Bowl","floor":35.0},{"not_picked":["Swift Strike","Impatience","Madness"],"picked":"Singing Bowl","floor":36},{"not_picked":["Forethought","Apotheosis","Enlightenment"],"picked":"Singing Bowl","floor":36},{"not_picked":["Master of Strategy","Thinking Ahead","Secret Technique"],"picked":"Singing Bowl","floor":36},{"not_picked":["WheelKick+1","Turbo","ThirdEye+1"],"picked":"Singing Bowl","floor":38},{"not_picked":["SashWhip+1","Cold Snap","Study"],"picked":"Singing Bowl","floor":39},{"not_picked":["SignatureMove","Stack+1","Steam+1"],"picked":"Singing Bowl","floor":40},{"not_picked":["Ball Lightning","Storm+1","FTL+1"],"picked":"Singing Bowl","floor":41},{"not_picked":["Wish","Seek","Brilliance"],"picked":"Singing Bowl","floor":42},{"not_picked":["ConjureBlade","Rainbow","Amplify"],"picked":"Singing Bowl","floor":48},{"not_picked":["Steam Power+1","ClearTheMind","Protect"],"picked":"Singing Bowl","floor":49}],"player_experience":1588269,"relics_obtained":[{"floor":6.0,"key":"WingedGreaves"},{"floor":8.0,"key":"Dream Catcher"},{"floor":9.0,"key":"Orichalcum"},{"floor":10.0,"key":"Bottled Flame"},{"floor":12.0,"key":"Centennial Puzzle"},{"floor":14.0,"key":"Ginger"},{"floor":23.0,"key":"InkBottle"},{"floor":25.0,"key":"Dead Branch"},{"floor":26.0,"key":"Meat on the Bone"},{"floor":28.0,"key":"Pantograph"},{"floor":30.0,"key":"Singing Bowl"},{"floor":34.0,"key":"Nunchaku"},{"floor":34.0,"key":"White Beast Statue"},{"floor":34.0,"key":"StoneCalendar"},{"floor":42,"key":"Boot"},{"floor":43,"key":"Unceasing Top"},{"floor":48,"key":"MealTicket"}],"event_choices":[{"damage_healed":0.0,"max_hp_gain":0.0,"max_hp_loss":0.0,"gold_gain":0.0,"event_name":"Match and Keep!","player_choice":"1 cards matched","floor":4.0,"gold_loss":0.0,"damage_taken":0.0,"cards_obtained":["Zap"]},{"damage_healed":0.0,"max_hp_gain":0.0,"max_hp_loss":0.0,"gold_gain":0.0,"event_name":"Upgrade Shrine","player_choice":"Upgraded","floor":21.0,"gold_loss":0.0,"damage_taken":0.0,"cards_upgraded":["Panache"]},{"damage_healed":0.0,"max_hp_gain":0.0,"max_hp_loss":0.0,"gold_gain":0.0,"event_name":"Ghosts","player_choice":"Ignored","floor":29.0,"gold_loss":0.0,"damage_taken":0.0},{"damage_healed":0,"gold_gain":0,"player_choice":"Memory 3","damage_taken":10,"max_hp_gain":0,"max_hp_loss":0,"event_name":"SensoryStone","floor":36,"gold_loss":0},{"cards_removed":["Cold Snap"],"damage_healed":0,"gold_gain":0,"player_choice":"Removed Attack","damage_taken":0,"max_hp_gain":0,"max_hp_loss":0,"event_name":"Falling","floor":45,"gold_loss":0}],"is_beta":false,"boss_relics":[{"not_picked":["SlaversCollar","Empty Cage"],"picked":"FrozenCore"},{"not_picked":["Runic Dome","Coffee Dripper"],"picked":"Calling Bell"}],"items_purged_floors":[],"is_endless":false,"potions_floor_spawned":[1,6,10,14,16,18,23,30,31,33,35,38,39,41,42,48],"killed_by":"Awakened One","ascension_level":0}}