{"host":"q9718omregw4er46","time":1607523591,"event":{"gold_per_floor":[111,186,205,205,217,245,245,245,245],"floor_reached":8,"playtime":329,"items_purged":[],"score":106,"play_id":"e24c35c9-5547-4e1a-a5be-c75230661f1e","local_time":"20201209191951","is_ascension_mode":true,"campfire_choices":[{"floor":7,"key":"REST"}],"neow_cost":"NONE","seed_source_timestamp":38046141704601,"circlet_count":0,"master_deck":["AscendersBane","Strike_P","Strike_P","Strike_P","Strike_P","Defend_P","Defend_P","Defend_P","Defend_P","Eruption","Vigilance","CrushJoints","FollowUp","Adaptation"],"relics":["PureWater","Orichalcum","Vajra","Pantograph"],"potions_floor_usage":[8],"damage_taken":[{"damage":4,"enemies":"Jaw Worm","floor":1,"turns":4},{"damage":0,"enemies":"Small Slimes","floor":3,"turns":2},{"damage":0,"enemies":"Cultist","floor":5,"turns":2},{"damage":7,"enemies":"Lagavulin","floor":6,"turns":5},{"damage":35,"enemies":"3 Sentries","floor":8,"turns":10}],"seed_played":"980665191667618757","potions_obtained":[{"floor":3,"key":"Energy Potion"},{"floor":6,"key":"Block Potion"}],"is_trial":false,"path_per_floor":["M","?","M","?","M","E","R","E"],"character_chosen":"WATCHER","items_purchased":[],"campfire_rested":1,"item_purchase_floors":[],"current_hp_per_floor":[57,46,46,11,11,4,24,0,0],"gold":245,"neow_bonus":"RANDOM_COMMON_RELIC","is_prod":false,"is_daily":false,"chose_seed":false,"campfire_upgraded":0,"win_rate":0,"timestamp":1607523591,"path_taken":["M","?","M","?","M","E","R","E"],"build_version":"2020-11-30","purchased_purges":0,"victory":false,"max_hp_per_floor":[68,68,68,68,68,68,68,68,68],"relic_stats":{"counters":[5,23],"Pantograph":0,"Orichalcum":[54],"obtain_stats":[{"Pantograph":6,"Vajra":4,"PureWater":0,"Orichalcum":0},{"Pantograph":4,"Vajra":2,"PureWater":0,"Orichalcum":0},{"Pantograph":13,"Vajra":6,"PureWater":0,"Orichalcum":0}]},"card_choices":[{"not_picked":["FearNoEvil","Prostrate"],"picked":"CrushJoints","floor":1},{"not_picked":["ClearTheMind","BowlingBash"],"picked":"FollowUp","floor":3},{"not_picked":["Protect","CrushJoints","Swivel"],"picked":"SKIP","floor":5},{"not_picked":["Swivel","PathToVictory"],"picked":"Adaptation","floor":6}],"player_experience":973963,"relics_obtained":[{"floor":6,"key":"Pantograph"}],"event_choices":[{"damage_healed":0,"gold_gain":75,"player_choice":"Gather Gold","damage_taken":11,"max_hp_gain":0,"max_hp_loss":0,"event_name":"World of Goop","floor":2,"gold_loss":0},{"damage_healed":0,"gold_gain":0,"player_choice":"Success","damage_taken":35,"relics_obtained":["Vajra"],"max_hp_gain":0,"max_hp_loss":0,"event_name":"Scrap Ooze","floor":4,"gold_loss":0}],"is_beta":false,"boss_relics":[],"items_purged_floors":[],"is_endless":false,"potions_floor_spawned":[3,6],"killed_by":"3 Sentries","ascension_level":18}}