{"host":"zxd2l8an9de7z7b9","time":1607491133,"event":{"gold_per_floor":[119,131,142,158,176,176,195,215,215,231,231,258,258,278,278,381,381,395,414,324,342,352,352,331,132,132],"floor_reached":25,"playtime":3036,"items_purged":[],"score":288,"play_id":"4c5a51de-0dd2-4506-8396-a486d59bc0b0","local_time":"20201209141853","is_ascension_mode":false,"campfire_choices":[{"data":"Mimicry","floor":23.0,"key":"SMITH"}],"neow_cost":"NONE","seed_source_timestamp":2526608148000,"circlet_count":0,"master_deck":["SpecialBullet","SpecialBullet","SpecialBullet","SpecialBullet","SpecialBullet","SpecialBullet","SpecialBullet","SpecialBullet","InformationCode","SecurityCode","CentralCode","OldLady","Diffraction","MeatLantern","UniverseFragment","CherryBlossom+1","Scorched","Regret_ego","QueenBee","Galaxy","RedEyes","Regret_ego","DisciplinaryCode","OSAHOGD","Penitence","TrainingCode","ScreamingWedge","ControlCode","DreamingCurrent","Mimicry+1","BearPaw+1","WelfareCode","Freischutz","Reverberation+1","QueenOfHatred"],"special_seed":0,"relics":["CogitoBucket","Bag of Marbles","HellTrain","Blood Vial","Molten Egg 2","Runesmith:UraniumAnvil","SkinProphecy"],"potions_floor_usage":[25,25,25],"damage_taken":[{"damage":11.0,"enemies":"Jaw Worm","floor":1.0,"turns":2.0},{"damage":0.0,"enemies":"Cultist","floor":2.0,"turns":2.0},{"damage":0.0,"enemies":"Small Slimes","floor":3.0,"turns":2.0},{"damage":3.0,"enemies":"Gremlin Gang","floor":4.0,"turns":5.0},{"damage":10.0,"enemies":"Exordium Wildlife","floor":5.0,"turns":3.0},{"damage":20.0,"enemies":"Lots of Slimes","floor":7.0,"turns":13.0},{"damage":0.0,"enemies":"Blue Slaver","floor":8.0,"turns":2.0},{"damage":12.0,"enemies":"Exordium Thugs","floor":10.0,"turns":4.0},{"damage":5.0,"enemies":"3 Sentries","floor":12.0,"turns":3.0},{"damage":5.0,"enemies":"3 Louse","floor":14.0,"turns":2.0},{"damage":56.0,"enemies":"Slime Boss","floor":16.0,"turns":6.0},{"damage":97.0,"enemies":"2 Thieves","floor":18.0,"turns":17.0},{"damage":5.0,"enemies":"Spheric Guardian","floor":19.0,"turns":5.0},{"damage":15.0,"enemies":"Chosen and Byrds","floor":21.0,"turns":6.0},{"damage":72.0,"enemies":"Shelled Parasite and Fungi","floor":22.0,"turns":7.0},{"damage":13.0,"enemies":"3 Cultists","floor":24.0,"turns":5.0},{"damage":106,"enemies":"Centurion and Healer","floor":25,"turns":7}],"seed_played":"-1287745568100958701","potions_obtained":[{"floor":2.0,"key":"EssenceOfSteel"},{"floor":3.0,"key":"Regen Potion"},{"floor":4.0,"key":"SpeedPotion"},{"floor":16.0,"key":"DistilledChaos"},{"floor":19.0,"key":"AttackPotion"},{"floor":24.0,"key":"Swift Potion"}],"is_trial":false,"path_per_floor":["M","M","M","M","M","R","M","M","T","M","R","E","R","M","R","B",null,"M","M","?","M","M","R","M","M"],"character_chosen":"Angela","items_purchased":[],"campfire_rested":0,"item_purchase_floors":[],"current_hp_per_floor":[67,70,70,70,68,68,48,56,56,57,57,65,65,70,70,26,74,72,76,76,82,42,42,75,16,16],"gold":132,"neow_bonus":"RANDOM_COMMON_RELIC","is_prod":false,"is_daily":false,"chose_seed":false,"campfire_upgraded":1,"win_rate":0.0,"timestamp":1607491133,"path_taken":["M","M","M","M","M","R","M","M","T","M","R","E","R","M","R","BOSS","M","M","?","M","M","R","?","M"],"build_version":"2020-11-30","purchased_purges":0,"victory":false,"max_hp_per_floor":[70,70,70,70,70,70,70,70,70,70,70,70,70,70,70,74,74,74,76,76,82,88,88,90,94,94],"card_choices":[{"not_picked":["WallGazer","MHz"],"picked":"OldLady","floor":1.0},{"not_picked":["BloodyDesire"],"picked":"Diffraction","floor":1.0},{"not_picked":["DespairKnight","MHz"],"picked":"MeatLantern","floor":2.0},{"not_picked":["Beak","Heaven"],"picked":"SKIP","floor":2.0},{"not_picked":["CherryBlossom","Horn"],"picked":"SKIP","floor":3.0},{"not_picked":["Bloodbath","HeroicMonk"],"picked":"UniverseFragment","floor":3.0},{"not_picked":["Horn"],"picked":"CherryBlossom","floor":3.0},{"not_picked":["Discord","Beak"],"picked":"SKIP","floor":4.0},{"not_picked":["CherryBlossoms","Scarecrow"],"picked":"Scorched","floor":5.0},{"not_picked":["Penitence"],"picked":"Regret_ego","floor":5.0},{"not_picked":["LongBird","SpiderBud"],"picked":"QueenBee","floor":7.0},{"not_picked":["Beak"],"picked":"Galaxy","floor":7.0},{"not_picked":["MagicBullet"],"picked":"RedEyes","floor":8.0},{"not_picked":["PunishingBird","SpiderBud"],"picked":"Alriune","floor":10.0},{"not_picked":["Beak"],"picked":"Regret_ego","floor":10.0},{"not_picked":["DreamingCurrent","PunishingBird"],"picked":"OSAHOGD","floor":12.0},{"not_picked":["DaCapo"],"picked":"Penitence","floor":12.0},{"not_picked":["Lantern+1"],"picked":"ScreamingWedge","floor":14.0},{"not_picked":["Bloodbath","FairyFestival"],"picked":"DreamingCurrent","floor":16.0},{"not_picked":["CENSORED_ego"],"picked":"Mimicry","floor":16.0},{"not_picked":["SomewhereSpear+1"],"picked":"BearPaw+1","floor":18.0},{"not_picked":["Wingbeat","CUTE+1"],"picked":"SKIP","floor":19.0},{"not_picked":["CrumblingArmor","Mercenary"],"picked":"Freischutz","floor":21.0},{"not_picked":["SwordSharpenedByTears+1"],"picked":"Reverberation+1","floor":21.0},{"not_picked":["Murderer","SnowQueen"],"picked":"QueenOfHatred","floor":22.0},{"not_picked":["Lantern+1","RedEyes"],"picked":"SKIP","floor":22.0},{"not_picked":["CUTE","InTheNameOfLoveAndHate"],"picked":"SKIP","floor":24.0}],"player_experience":379032,"relics_obtained":[{"floor":9.0,"key":"Blood Vial"},{"floor":12.0,"key":"Molten Egg 2"}],"event_choices":[{"cards_removed":["Alriune"],"damage_healed":0.0,"max_hp_gain":0.0,"max_hp_loss":0.0,"gold_gain":0.0,"event_name":"Designer","player_choice":"Upgrade and Remove","floor":20.0,"gold_loss":90.0,"damage_taken":0.0,"cards_upgraded":["CherryBlossom"]}],"is_beta":false,"boss_relics":[{"not_picked":["SacredBark","Snecko Eye"],"picked":"Runesmith:UraniumAnvil"}],"items_purged_floors":[],"is_endless":false,"potions_floor_spawned":[2,3,4,16,19,24],"killed_by":"Centurion and Healer","ascension_level":0}}