{"host":"12piqfhmdln9x2la","time":1607472009,"event":{"gold_per_floor":[109,122,122,122,47,47,80,80,153,153,22,48,66,66,66,169,169,189,204,224,139,139,139,169,169,196,228,247,262,273,290,290,385,385,401,415,427,427,427,427],"floor_reached":39,"playtime":1103,"items_purged":["Defend_G"],"score":421,"play_id":"3e4d32e9-8815-4116-9602-cec5bc16d860","local_time":"20201209090009","is_ascension_mode":false,"campfire_choices":[{"data":"Blade Dance","floor":6.0,"key":"SMITH"},{"data":"Blur","floor":8.0,"key":"SMITH"},{"floor":15.0,"key":"REST"},{"data":"Envenom","floor":23,"key":"SMITH"},{"data":"Calculated Gamble","floor":25,"key":"SMITH"},{"floor":32,"key":"REST"}],"neow_cost":"PERCENT_DAMAGE","seed_source_timestamp":248819307477200,"circlet_count":0,"master_deck":["Strike_G","Strike_G","Strike_G","Defend_G","Defend_G","Defend_G","Defend_G","Survivor","Neutralize","Apotheosis+1","Blade Dance+1","Blur+1","Finisher","Cloak And Dagger","Footwork","Footwork","Crippling Poison","Envenom+1","Escape Plan+1","Deflect+1","Calculated Gamble+1","Flying Knee","Terror","PiercingWail","Escape Plan","Expertise","After Image","CurseOfTheBell","Prepared+1","Blade Dance+1","Deflect","Prepared","Endless Agony+1","After Image"],"special_seed":0,"relics":["Ring of the Snake","Matryoshka","Pen Nib","Sundial","Nunchaku","Vajra","Bag of Marbles","SlaversCollar","Ninja Scroll","Bottled Lightning","Boot","Happy Flower","Bronze Scales","Calling Bell","Prayer Wheel","Ornamental Fan","Snake Skull"],"potions_floor_usage":[27,27,33,33,39,39,39],"damage_taken":[{"damage":8.0,"enemies":"Small Slimes","floor":1.0,"turns":3.0},{"damage":3.0,"enemies":"2 Louse","floor":2.0,"turns":3.0},{"damage":17.0,"enemies":"3 Sentries","floor":7.0,"turns":8.0},{"damage":0.0,"enemies":"Jaw Worm","floor":13.0,"turns":2.0},{"damage":18.0,"enemies":"Hexaghost","floor":16.0,"turns":7.0},{"damage":28.0,"enemies":"Spheric Guardian","floor":18.0,"turns":6.0},{"damage":10.0,"enemies":"Chosen","floor":19.0,"turns":2.0},{"damage":0.0,"enemies":"3 Cultists","floor":20.0,"turns":6.0},{"damage":5,"enemies":"Book of Stabbing","floor":24,"turns":4},{"damage":13,"enemies":"Gremlin Leader","floor":27,"turns":3},{"damage":0,"enemies":"Snecko","floor":28,"turns":4},{"damage":8,"enemies":"Centurion and Healer","floor":29,"turns":4},{"damage":0,"enemies":"Shelled Parasite and Fungi","floor":30,"turns":4},{"damage":0,"enemies":"3 Cultists","floor":31,"turns":5},{"damage":3,"enemies":"Champ","floor":33,"turns":5},{"damage":5,"enemies":"3 Darklings","floor":35,"turns":5},{"damage":0,"enemies":"Orb Walker","floor":36,"turns":3},{"damage":12,"enemies":"Transient","floor":37,"turns":5},{"damage":58,"enemies":"Awakened One","floor":39,"turns":3}],"seed_played":"8975585707324457423","potions_obtained":[{"floor":2.0,"key":"Regen Potion"},{"floor":7.0,"key":"Fire Potion"},{"floor":16.0,"key":"GamblersBrew"},{"floor":24,"key":"CunningPotion"},{"floor":28,"key":"GamblersBrew"},{"floor":29,"key":"ColorlessPotion"},{"floor":30,"key":"Block Potion"},{"floor":33,"key":"Ancient Potion"},{"floor":36,"key":"Explosive Potion"}],"is_trial":false,"path_per_floor":["M","M","?","?","$","R","E","R","T","?","$","T","M","?","R","B",null,"M","M","M","?","T","R","E","R","T","E","M","M","M","M","R","B",null,"M","M","M","?","B"],"character_chosen":"THE_SILENT","items_purchased":["Cloak And Dagger","Footwork"],"campfire_rested":2,"item_purchase_floors":[11,11],"current_hp_per_floor":[41,38,38,31,31,31,29,29,29,17,17,17,17,17,38,20,70,42,32,32,32,32,32,27,27,27,14,14,6,6,6,27,24,70,65,65,53,53,0,0],"gold":427,"neow_bonus":"RANDOM_COLORLESS_2","is_prod":false,"is_daily":false,"chose_seed":false,"campfire_upgraded":4,"win_rate":0.0,"timestamp":1607472009,"path_taken":["M","M","?","?","$","R","E","R","T","?","?","?","?","?","R","BOSS","M","M","?","?","?","R","E","R","T","E","M","M","M","M","R","BOSS","M","M","M","?","BOSS"],"build_version":"2020-11-30","purchased_purges":1,"victory":false,"max_hp_per_floor":[70,70,70,70,70,70,70,70,70,70,70,70,70,70,70,70,70,70,70,70,70,70,70,70,70,70,70,70,70,70,70,70,70,70,70,70,70,70,70,70],"card_choices":[{"not_picked":["Panache","Magnetism"],"picked":"Apotheosis","floor":0.0},{"not_picked":["Outmaneuver","Dagger Throw"],"picked":"Blade Dance","floor":1.0},{"not_picked":["Dash","Caltrops"],"picked":"Blur","floor":2.0},{"not_picked":["Underhanded Strike","Eviscerate"],"picked":"Finisher","floor":7.0},{"not_picked":["Backflip","All Out Attack"],"picked":"Footwork","floor":13.0},{"not_picked":["Bullet Time","Burst"],"picked":"Envenom","floor":16.0},{"not_picked":["Deadly Poison","Flying Knee+1"],"picked":"Escape Plan+1","floor":18.0},{"not_picked":["Dodge and Roll","Well Laid Plans+1"],"picked":"Deflect+1","floor":19.0},{"not_picked":["Dagger Throw","Wraith Form v2"],"picked":"Calculated Gamble","floor":20.0},{"not_picked":["Sucker Punch","Choke"],"picked":"Flying Knee","floor":24},{"not_picked":["Calculated Gamble","Skewer"],"picked":"Terror","floor":27},{"not_picked":["Leg Sweep+1","Sucker Punch+1","Dodge and Roll"],"picked":"SKIP","floor":28},{"not_picked":["Underhanded Strike","Bouncing Flask"],"picked":"PiercingWail","floor":29},{"not_picked":["All Out Attack+1","Cloak And Dagger"],"picked":"Escape Plan","floor":30},{"not_picked":["Outmaneuver","Catalyst"],"picked":"Expertise","floor":31},{"not_picked":["Adrenaline","Night Terror"],"picked":"After Image","floor":33},{"not_picked":["Blade Dance","Dodge and Roll"],"picked":"Prepared+1","floor":35},{"not_picked":["Skewer","Cloak And Dagger"],"picked":"Blade Dance+1","floor":35},{"not_picked":["Riddle With Holes","Catalyst+1"],"picked":"Deflect","floor":36},{"not_picked":["Flying Knee","Bane"],"picked":"Prepared","floor":36},{"not_picked":["Terror+1","Dodge and Roll+1"],"picked":"Endless Agony+1","floor":37},{"not_picked":["Bane+1","Outmaneuver+1"],"picked":"After Image","floor":37}],"player_experience":91553,"relics_obtained":[{"floor":7.0,"key":"Matryoshka"},{"floor":9.0,"key":"Pen Nib"},{"floor":9.0,"key":"Sundial"},{"floor":12.0,"key":"Vajra"},{"floor":12.0,"key":"Bag of Marbles"},{"floor":22,"key":"Bottled Lightning"},{"floor":24,"key":"Boot"},{"floor":26,"key":"Happy Flower"},{"floor":27,"key":"Bronze Scales"},{"floor":34,"key":"Prayer Wheel"},{"floor":34,"key":"Ornamental Fan"},{"floor":34,"key":"Snake Skull"}],"event_choices":[{"damage_healed":0.0,"max_hp_gain":0.0,"max_hp_loss":0.0,"gold_gain":0.0,"event_name":"Living Wall","player_choice":"Grow","floor":3.0,"gold_loss":0.0,"damage_taken":0.0,"cards_upgraded":["Apotheosis"]},{"cards_removed":["Strike_G"],"damage_healed":0.0,"max_hp_gain":0.0,"max_hp_loss":0.0,"gold_gain":0.0,"event_name":"Golden Wing","player_choice":"Card Removal","floor":4.0,"gold_loss":0.0,"damage_taken":7.0},{"damage_healed":0.0,"max_hp_gain":0.0,"max_hp_loss":0.0,"gold_gain":0.0,"event_name":"Scrap Ooze","player_choice":"Success","floor":10.0,"gold_loss":0.0,"damage_taken":12.0,"relics_obtained":["Nunchaku"]},{"damage_healed":0.0,"max_hp_gain":0.0,"max_hp_loss":0.0,"gold_gain":0.0,"cards_transformed":["Strike_G"],"event_name":"Transmorgrifier","player_choice":"Transformed","floor":14.0,"gold_loss":0.0,"damage_taken":0.0,"cards_obtained":["Crippling Poison"]},{"damage_healed":0.0,"max_hp_gain":0.0,"max_hp_loss":0.0,"gold_gain":0.0,"event_name":"Addict","player_choice":"Obtained Relic","floor":21.0,"gold_loss":85.0,"damage_taken":0.0,"relics_obtained":["Ninja Scroll"]},{"damage_healed":0,"gold_gain":0,"player_choice":"Took Portal","damage_taken":0,"max_hp_gain":0,"max_hp_loss":0,"event_name":"SecretPortal","floor":38,"gold_loss":0}],"is_beta":false,"boss_relics":[{"not_picked":["Ectoplasm","Velvet Choker"],"picked":"SlaversCollar"},{"not_picked":["Runic Pyramid","Philosopher\u0027s Stone"],"picked":"Calling Bell"}],"items_purged_floors":[5],"is_endless":false,"potions_floor_spawned":[2,7,16,24,28,29,30,33,36,37],"killed_by":"Awakened One","ascension_level":0}}