{"host":"ih7ofq2zpufcoifs","time":1607486810,"event":{"gold_per_floor":[216,233,251,271,15,15,48,48,73,100,124,49,81,81,81,184,184,203,218,317,7,7,37,48,48,48,48,63,93,120,120,120,120,120],"floor_reached":33,"playtime":2546,"items_purged":["Zap","Dualcast"],"score":452,"play_id":"96616549-faf3-4cde-8ab5-86dbd6232bdb","local_time":"20201209140650","is_ascension_mode":true,"campfire_choices":[{"data":"Reprogram","floor":6.0,"key":"SMITH"},{"floor":8.0,"key":"REST"},{"data":"Rebound","floor":15.0,"key":"SMITH"},{"floor":25.0,"key":"REST"},{"floor":32,"key":"REST"}],"neow_cost":"NONE","seed_source_timestamp":578231356115200,"circlet_count":0,"master_deck":["AscendersBane","Strike_B","Strike_B","Defend_B","Defend_B","Defend_B","Defend_B","Reprogram+1","Cold Snap","Sweeping Beam","Compile Driver","Rebound+1","Hologram","Genetic Algorithm","Core Surge","Auto Shields","Compile Driver","Core Surge","Rip and Tear","Reinforced Body","Undo","Consume"],"special_seed":0,"relics":["Cracked Core","HornCleat","Omamori","Vajra","Bronze Scales","Odd Mushroom","Kunai","Snecko Eye","Matryoshka","Nloth\u0027s Gift","Red Mask","Sundial"],"potions_floor_usage":[30],"damage_taken":[{"damage":2.0,"enemies":"Jaw Worm","floor":1.0,"turns":3.0},{"damage":0.0,"enemies":"Cultist","floor":2.0,"turns":3.0},{"damage":7.0,"enemies":"Small Slimes","floor":3.0,"turns":4.0},{"damage":14.0,"enemies":"Exordium Thugs","floor":4.0,"turns":5.0},{"damage":10.0,"enemies":"Lagavulin","floor":7.0,"turns":8.0},{"damage":14.0,"enemies":"3 Sentries","floor":10.0,"turns":7.0},{"damage":6.0,"enemies":"The Mushroom Lair","floor":11.0,"turns":3.0},{"damage":3.0,"enemies":"Lagavulin","floor":13.0,"turns":6.0},{"damage":30.0,"enemies":"Hexaghost","floor":16.0,"turns":10.0},{"damage":7.0,"enemies":"Shell Parasite","floor":18.0,"turns":3.0},{"damage":4.0,"enemies":"Chosen","floor":19.0,"turns":4.0},{"damage":47.0,"enemies":"Gremlin Leader","floor":23.0,"turns":10.0},{"damage":19.0,"enemies":"Shelled Parasite and Fungi","floor":24.0,"turns":6.0},{"damage":10.0,"enemies":"Centurion and Healer","floor":28.0,"turns":8.0},{"damage":4.0,"enemies":"Masked Bandits","floor":29.0,"turns":5.0},{"damage":18,"enemies":"Book of Stabbing","floor":30,"turns":8},{"damage":54,"enemies":"Collector","floor":33,"turns":12}],"seed_played":"900271306767609281","potions_obtained":[{"floor":2.0,"key":"Strength Potion"},{"floor":3.0,"key":"SkillPotion"},{"floor":7.0,"key":"Regen Potion"},{"floor":11.0,"key":"Fire Potion"},{"floor":18.0,"key":"DistilledChaos"},{"floor":28.0,"key":"EssenceOfSteel"}],"is_trial":false,"path_per_floor":["M","M","M","M","$","R","E","R","T","E","?","$","E","T","R","B",null,"M","M","?","$","?","E","M","R","T","?","M","?","E","?","R","B"],"character_chosen":"DEFECT","items_purchased":["HornCleat","Auto Shields","AttackPotion","Regen Potion","Compile Driver"],"campfire_rested":3,"item_purchase_floors":[5,21,21,21,21],"current_hp_per_floor":[66,66,59,45,45,45,35,57,57,43,37,37,34,34,34,4,57,59,55,55,55,75,43,24,46,46,46,36,32,14,14,36,0,0],"gold":120,"neow_bonus":"HUNDRED_GOLD","is_prod":false,"is_daily":false,"chose_seed":false,"campfire_upgraded":2,"win_rate":0,"timestamp":1607486810,"path_taken":["M","M","M","M","$","R","E","R","T","E","?","$","E","?","R","BOSS","M","M","?","$","?","E","?","R","T","?","?","?","E","?","R","BOSS"],"build_version":"2020-11-30","purchased_purges":2,"victory":false,"max_hp_per_floor":[75,75,75,75,75,75,75,75,75,75,75,75,75,75,75,75,75,75,75,75,75,75,75,75,75,75,75,75,75,75,75,75,75,75],"card_choices":[{"not_picked":["Beam Cell","Ball Lightning"],"picked":"Reprogram","floor":1.0},{"not_picked":["Conserve Battery","Barrage"],"picked":"Cold Snap","floor":2.0},{"not_picked":["Barrage","Fusion"],"picked":"Sweeping Beam","floor":3.0},{"not_picked":["Conserve Battery","Go for the Eyes"],"picked":"Compile Driver","floor":4.0},{"not_picked":["Conserve Battery","Self Repair"],"picked":"Rebound","floor":7.0},{"not_picked":["Fusion","Beam Cell"],"picked":"Skim","floor":10.0},{"not_picked":["FTL","Doom and Gloom"],"picked":"Hologram","floor":11.0},{"not_picked":["Hologram","Coolheaded"],"picked":"Genetic Algorithm","floor":13.0},{"not_picked":["Biased Cognition","Thunder Strike"],"picked":"Core Surge","floor":16.0},{"not_picked":["Conserve Battery","Rebound","Consume"],"picked":"SKIP","floor":18.0},{"not_picked":["Hello World","Coolheaded+1","Conserve Battery"],"picked":"SKIP","floor":19.0},{"not_picked":["Darkness","Meteor Strike"],"picked":"Core Surge","floor":23.0},{"not_picked":["Rebound","Steam"],"picked":"Rip and Tear","floor":24.0},{"not_picked":["Beam Cell+1","BootSequence+1","Steam"],"picked":"SKIP","floor":28.0},{"not_picked":["Darkness","Blizzard"],"picked":"Reinforced Body","floor":29.0},{"not_picked":["Lockon","Leap","Amplify"],"picked":"SKIP","floor":30}],"player_experience":262982,"relics_obtained":[{"floor":7.0,"key":"Omamori"},{"floor":9.0,"key":"Vajra"},{"floor":10.0,"key":"Bronze Scales"},{"floor":11.0,"key":"Odd Mushroom"},{"floor":13.0,"key":"Kunai"},{"floor":23.0,"key":"Cables"},{"floor":26.0,"key":"Matryoshka"},{"floor":29.0,"key":"Red Mask"},{"floor":30,"key":"Sundial"}],"event_choices":[{"damage_healed":0.0,"max_hp_gain":0.0,"max_hp_loss":0.0,"gold_gain":0.0,"event_name":"Mushrooms","player_choice":"Fought Mushrooms","floor":11.0,"gold_loss":0.0,"damage_taken":0.0},{"damage_healed":0.0,"max_hp_gain":0.0,"max_hp_loss":0.0,"gold_gain":99.0,"event_name":"Nest","player_choice":"Stole From Cult","floor":20.0,"gold_loss":0.0,"damage_taken":0.0},{"cards_removed":["Skim"],"damage_healed":20.0,"max_hp_gain":0.0,"max_hp_loss":0.0,"gold_gain":0.0,"event_name":"Bonfire Elementals","player_choice":"Offered Uncommon","floor":22.0,"gold_loss":0.0,"damage_taken":0.0},{"damage_healed":0.0,"max_hp_gain":0.0,"max_hp_loss":0.0,"gold_gain":0.0,"event_name":"N\u0027loth","player_choice":"Traded Relic","floor":27.0,"relics_lost":["Cables"],"gold_loss":0.0,"damage_taken":0.0,"relics_obtained":["Nloth\u0027s Gift"]},{"damage_healed":0.0,"max_hp_gain":0.0,"max_hp_loss":0.0,"gold_gain":0.0,"event_name":"Masked Bandits","player_choice":"Fought Bandits","floor":29.0,"gold_loss":0.0,"damage_taken":0.0},{"damage_healed":0,"gold_gain":0,"cards_transformed":["Strike_B","Strike_B"],"player_choice":"Became Test Subject","damage_taken":0,"max_hp_gain":0,"max_hp_loss":0,"event_name":"Drug Dealer","floor":31,"gold_loss":0,"cards_obtained":["Undo","Consume"]}],"is_beta":false,"boss_relics":[{"not_picked":["Empty Cage","SacredBark"],"picked":"Snecko Eye"}],"items_purged_floors":[12,21],"is_endless":false,"potions_floor_spawned":[2,3,7,11,18,28],"killed_by":"Collector","ascension_level":10}}