{"host":"z9x5nldzhmx4jdfi","time":1607481504,"event":{"gold_per_floor":[130,150,179,19,0,0,26,26,53,53,53],"floor_reached":10,"playtime":944,"items_purged":["animator:Defend"],"score":132,"play_id":"b5dd6414-2b4b-43f0-baf7-b614ab942320","local_time":"20201208203824","is_ascension_mode":true,"campfire_choices":[{"floor":6,"key":"REST"},{"data":"animator:EmiyaShirou","floor":8,"key":"SMITH"}],"neow_cost":"PERCENT_DAMAGE","seed_source_timestamp":1055165040577000,"circlet_count":0,"master_deck":["AscendersBane","animator:Strike_Fate","animator:Defend_Fate","animator:Strike","animator:Defend","animator:Defend","animator:Alexander","animator:Rider","animator:PandorasActor","animator:Lancer","animator:Saitama","animator:EmiyaShirou+1"],"relics":["animator:LivingPicture","animator:TheMissingPiece","Sundial","Bronze Scales"],"potions_floor_usage":[7,7],"damage_taken":[{"damage":15,"enemies":"Jaw Worm","floor":1,"turns":7},{"damage":7,"enemies":"2 Louse","floor":2,"turns":8},{"damage":8,"enemies":"Small Slimes","floor":3,"turns":5},{"damage":24,"enemies":"3 Sentries","floor":7,"turns":14},{"damage":36,"enemies":"Gremlin Nob","floor":10,"turns":3}],"seed_played":"-7170384345398291193","potions_obtained":[{"floor":2,"key":"Weak Potion"},{"floor":3,"key":"Fire Potion"}],"is_trial":false,"path_per_floor":["M","M","M","$","?","R","E","R","T","E"],"character_chosen":"THE_ANIMATOR","items_purchased":["animator:Saitama"],"campfire_rested":1,"item_purchase_floors":[4],"current_hp_per_floor":[24,17,9,9,9,27,4,4,4,0,0],"gold":53,"neow_bonus":"REMOVE_TWO","is_prod":false,"is_daily":false,"chose_seed":false,"campfire_upgraded":1,"win_rate":0,"timestamp":1607481504,"path_taken":["M","M","M","$","?","R","E","R","T","E"],"build_version":"2020-11-30","purchased_purges":1,"victory":false,"max_hp_per_floor":[60,60,60,60,60,60,61,61,61,61,61],"card_choices":[{"not_picked":["animator:Rider","animator:NarberalGamma"],"picked":"animator:PandorasActor","floor":1},{"not_picked":["animator:Entoma","animator:TukaLunaMarceau","animator:RoryMercury"],"picked":"SKIP","floor":2},{"not_picked":["animator:CowGirl","animator:YaoHaDucy"],"picked":"animator:Lancer","floor":3},{"not_picked":["animator:ShinjiMatou","animator:Assassin"],"picked":"animator:EmiyaShirou","floor":7}],"player_experience":1460585,"relics_obtained":[{"floor":7,"key":"Sundial"},{"floor":9,"key":"Bronze Scales"}],"event_choices":[{"damage_healed":0,"gold_gain":0,"player_choice":"Left","damage_taken":0,"max_hp_gain":0,"max_hp_loss":0,"event_name":"betterThird:BetterGoop","floor":5,"gold_loss":19}],"is_beta":false,"boss_relics":[],"items_purged_floors":[4],"is_endless":false,"potions_floor_spawned":[2,3],"killed_by":"Gremlin Nob","ascension_level":20}}