{"host":"n2kcse4gu4kap8to","time":1607541085,"event":{"gold_per_floor":[114,129,144,144,144,174,174,174,174,204,22,52,0,15,15,115,115,313,412,412,427,6,35,35,64,64,163,92,106,135,149,149,248,248,262,311,311,354,53,53,82,96,170,68,97,70,99,113,113,127,142,56,56,70,70,99,99,173,87,87,116,0,14,14,14],"floor_reached":51,"playtime":3290,"items_purged":[],"score":1549,"play_id":"97a9284e-7e13-4903-9a37-92530a3af16c","local_time":"20201210031125","daily_mods":["SealedDeck","Purple Cards","Elite Swarm"],"is_ascension_mode":false,"campfire_choices":[{"data":"Double Energy","floor":8,"key":"SMITH"},{"data":"REME_CRH","floor":15,"key":"SMITH"},{"data":"REME_Flogging","floor":24,"key":"SMITH"},{"data":"Seek","floor":32,"key":"SMITH"},{"data":"ReplayRNGCard","floor":40,"key":"SMITH"},{"data":"TheCursedMod:ParallelWorld","floor":49,"key":"PURGE"},{"data":"Buffer","floor":40,"key":"SMITH"},{"data":"Turbo","floor":49,"key":"SMITH"}],"neow_cost":"","seed_source_timestamp":0,"circlet_count":0,"master_deck":["BowlingBash","Swivel","Conserve Battery","Sweeping Beam","Steam","CrushJoints","Brilliance","Crescendo+1","Ball Lightning","Beam Cell","DeceiveReality","Double Energy+1","Electrodynamics","REME_CRH+1","ReplaySort","Panic Button","ReplayRNGCard+1","REME_BattleFury","CarveReality","aspiration:Polymerization","Impatience","CutThroughFate","Reinforced Body+1","EmptyBody+1","REME_Flogging+1","ReplayTheSpireMod:IOU","DeusExMachina+1","Echo Form","Hologram+1","Ragnarok+1","Wish","Seek+1","REME_CRH","Creative AI","CutThroughFate","Protect+1","ReplayTheSpireMod:IOU","Immolate","Fan+1","ReplayTheSpireMod:IOU","SpiritShield+1","ReplayTheSpireMod:IOU","Buffer+1","Sword Boomerang+1","Pommel Strike+1","Machine Learning","Thunderclap","Panic Button+1","Corruption+1","ChaosCard","REME_ProfessionalPlagiarism","MasterReality","Turbo+1"],"special_seed":18605,"relics":["Cracked Core","REME_ComplimentaryCards","testmod-TestBox","HushsDoor","GuppysPaw","testmod-Fortitude","Blood Vial","Hallownest:DreamNailRelic","Nunchaku","Centennial Puzzle","conspire:IceCreamScoop","PillsDrop","Dota2Spire:DrumOfEndurance","vexMod:TanglingVine","GuppysHairball","HollowMod:PaleOreRelic","Replay:Wax Seal","Replay:Ringing Soul","Iron Hammer","Vajra","Cables","Prayer Wheel","testmod-Charity","Runic Capacitor","Orichalcum","testmod-IntensifyImprint","aspiration:EnhancedActuators","TheBean","Thread and Needle","Mercury Hourglass","Onion Ring","aspiration:IroncladSkillbook","GuppysTail","Strawberry","BookofShadows","Dota2Spire:AghanimScepter","Replay:Rubber Ducky","Carrot","Garlic","Emotion Chip","Oddly Smooth Stone","Chemical X","SteamSale","Toy Ornithopter","testmod-Acrobat","testmod-Hope","Bottled Flame","Red Mask"],"potions_floor_usage":[16,16,21,21,33,50],"damage_taken":[{"damage":1,"enemies":"Hallownest:monsterHuskWarrior","floor":1,"turns":2},{"damage":0,"enemies":"2_ Uuma","floor":2,"turns":2},{"damage":1,"enemies":"Hallownest:monsterHuskGuard","floor":3,"turns":2},{"damage":0,"enemies":"Hallownest:eliteVengeflyKing","floor":6,"turns":4},{"damage":1,"enemies":"Hallownest:eliteCrystalGuardian","floor":10,"turns":4},{"damage":3,"enemies":"Hallownest:eliteVengeflyKing","floor":12,"turns":2},{"damage":0,"enemies":"Hallownest:Wandering_and_Horned","floor":14,"turns":2},{"damage":0,"enemies":"Hallownest:BossFalseKnight","floor":16,"turns":6},{"damage":100000017,"enemies":"2 Thieves","floor":18,"turns":3},{"damage":6,"enemies":"Cultist and Chosen","floor":21,"turns":3},{"damage":0,"enemies":"conspire:Head Lice","floor":23,"turns":3},{"damage":10,"enemies":"Book of Stabbing","floor":25,"turns":3},{"damage":0,"enemies":"Colosseum Slavers","floor":27,"turns":1},{"damage":0,"enemies":"Colosseum Nobs","floor":27,"turns":1},{"damage":22,"enemies":"HollowMod:Nosk","floor":28,"turns":2},{"damage":2,"enemies":"Snake Plant","floor":29,"turns":2},{"damage":0,"enemies":"Book of Stabbing","floor":30,"turns":2},{"damage":0,"enemies":"Shelled Parasite and Fungi","floor":31,"turns":2},{"damage":0,"enemies":"Collector","floor":33,"turns":2},{"damage":0,"enemies":"Hallownest:3_Siblings","floor":35,"turns":2},{"damage":0,"enemies":"Hiden Room Battle","floor":36,"turns":1},{"damage":0,"enemies":"Hallownest:Shield_Heavy","floor":38,"turns":2},{"damage":0,"enemies":"Hallownest:eliteCollector","floor":41,"turns":1},{"damage":0,"enemies":"Hallownest:Slobbering_and_Violent","floor":42,"turns":2},{"damage":0,"enemies":"Hallownest:StalkingDevout","floor":45,"turns":1},{"damage":0,"enemies":"Hallownest:eliteCollector","floor":47,"turns":1},{"damage":0,"enemies":"Hallownest:2_Soldiers_and_1_Guardian","floor":48,"turns":1},{"damage":0,"enemies":"Orb Walker","floor":35,"turns":1},{"damage":0,"enemies":"conspire:MimicChest","floor":36,"turns":1},{"damage":0,"enemies":"3 Darklings","floor":37,"turns":1},{"damage":0,"enemies":"Transient","floor":39,"turns":3},{"damage":0,"enemies":"R_Hoarder","floor":41,"turns":2},{"damage":0,"enemies":"Sphere and 2 Shapes","floor":44,"turns":1},{"damage":0,"enemies":"Nemesis","floor":46,"turns":1},{"damage":0,"enemies":"Spire Growth","floor":48,"turns":1},{"damage":0,"enemies":"Donu and Deca","floor":50,"turns":1}],"seed_played":"4494449258677458329","potions_obtained":[{"floor":1,"key":"Adrenaline Potion"},{"floor":3,"key":"Dota2Spire:Clarity"},{"floor":14,"key":"EssenceOfSteel"},{"floor":18,"key":"Energy Potion"},{"floor":18,"key":"SkillPotion"},{"floor":23,"key":"LiquidBronze"},{"floor":28,"key":"Explosive Potion"},{"floor":30,"key":"FearPotion"},{"floor":33,"key":"AttackPotion"},{"floor":45,"key":"PowerPotion"},{"floor":41,"key":"PotionOfCapacity"}],"is_trial":false,"path_per_floor":["M","M","M","?","?","E","?","R","T","E","$","E","?","M","R","B",null,"M","?","?","M","$","E","R","E","T","?","E","M","E","M","R","B",null,"M","?","?","M","$","R","E","M","T","$","E","$","E","M","R","M","?","M","?","M","R","E","?","T","M","?","E","?","M","R","B",null],"character_chosen":"DEFECT","items_purchased":["ReplaySort","Panic Button","GuppysHairball","FairyPotion","REME_BattleFury","CarveReality","aspiration:Polymerization","Impatience","testmod-Charity","Runic Capacitor","REME_Flogging","Orichalcum","GuppysTail","Creative AI","Dota2Spire:AghanimScepter","Replay:Rubber Ducky","ForgetMeNow","Oddly Smooth Stone","Chemical X"],"campfire_rested":0,"item_purchase_floors":[11,11,17,17,17,17,17,17,22,22,22,22,34,34,39,39,44,46,46],"current_hp_per_floor":[74,74,73,58,58,60,60,60,60,61,61,60,60,62,62,64,48,5,5,22,18,23,29,29,25,25,33,17,21,33,36,36,42,75,82,84,84,92,96,96,106,110,111,116,120,125,129,133,133,137,141,145,145,146,146,150,150,151,162,155,166,166,174,174,185],"gold":14,"neow_bonus":"","is_prod":false,"is_daily":true,"chose_seed":false,"campfire_upgraded":7,"win_rate":0,"timestamp":1607541085,"path_taken":["M","M","M","?","?","E","?","R","T","E","$","E","?","M","R","BOSS","M","?","?","?","?","E","R","E","T","?","E","?","E","M","R","BOSS","M","?","?","?","$","R","E","M","T","?","E","?","E","M","R","M","?","?","?","M","R","E","?","T","?","?","E","?","M","R","BOSS"],"build_version":"2020-11-30","purchased_purges":0,"victory":true,"max_hp_per_floor":[75,75,75,75,75,75,75,75,75,75,75,75,75,75,75,75,48,51,51,51,51,56,55,55,59,59,63,67,71,81,82,82,86,75,82,93,93,95,99,99,106,110,111,116,120,125,129,133,133,137,141,145,145,146,146,150,150,151,162,165,170,170,174,174,185],"card_choices":[{"not_picked":[],"picked":"SuicideKing","floor":0},{"not_picked":["Rebound","CutThroughFate"],"picked":"DeceiveReality","floor":1},{"not_picked":["EmptyFist","Weave","Compile Driver"],"picked":"SKIP","floor":2},{"not_picked":["SashWhip","Pray"],"picked":"Double Energy","floor":3},{"not_picked":["Machine Learning","Wish"],"picked":"Electrodynamics","floor":6},{"not_picked":["Judgement","REME_ForAll"],"picked":"REME_CRH","floor":10},{"not_picked":["ReplayTheSpireMod:Omega Cannon","Scrawl"],"picked":"ReplayRNGCard","floor":12},{"not_picked":["Perseverance","Protect","EmptyMind"],"picked":"SKIP","floor":14},{"not_picked":["Alpha","Rainbow"],"picked":"ReplayTheSpireMod:Fabricate Wheel","floor":16},{"not_picked":["Stack+1","Halt"],"picked":"CutThroughFate","floor":18},{"not_picked":["FollowUp","Undo"],"picked":"Reinforced Body+1","floor":18},{"not_picked":["Hologram+1","Crescendo"],"picked":"EmptyBody+1","floor":18},{"not_picked":["ConjureBlade","Steam Power","Panic Button"],"picked":"SKIP","floor":21},{"not_picked":["Replay:BluntJabs","FlurryOfBlows","ReplaySort"],"picked":"SKIP","floor":21},{"not_picked":["REME_ForAll","All For One"],"picked":"DeusExMachina","floor":23},{"not_picked":["Omniscience","Hyperbeam"],"picked":"Echo Form","floor":25},{"not_picked":["Replay:Anticipation","LikeWater+1"],"picked":"Hologram+1","floor":27},{"not_picked":["REME_WorshipGod","Amplify"],"picked":"Ragnarok","floor":28},{"not_picked":["Halt","Replay:BluntJabs"],"picked":"Wish","floor":29},{"not_picked":["Cold Snap","Prostrate","Compile Driver"],"picked":"SKIP","floor":29},{"not_picked":["Amplify","Thunder Strike"],"picked":"Seek","floor":30},{"not_picked":["Go for the Eyes","FlyingSleeves","Auto Shields"],"picked":"SKIP","floor":31},{"not_picked":["Compile Driver+1","ReplayTheSpireMod:Dual Polarity","CarveReality"],"picked":"SKIP","floor":31},{"not_picked":["Alpha","Meteor Strike"],"picked":"REME_CRH","floor":33},{"not_picked":["Prostrate","CarveReality","Heavy Blade"],"picked":"CutThroughFate","floor":35},{"not_picked":["Swivel","Consecrate","Iron Wave","Aggregate"],"picked":"SKIP","floor":35},{"not_picked":["Meditate","Replay:AtTheReady+1","CarveReality"],"picked":"Protect+1","floor":36},{"not_picked":["Perseverance+1","ReplayTheSpireMod:GoodbyeWorld+1","FIFO Queue","Sanctity+1"],"picked":"SKIP","floor":38},{"not_picked":["Havoc","LessonLearned","DeceiveReality+1","Replay:AtTheReady+1"],"picked":"SKIP","floor":38},{"not_picked":["REME_Shoggoth","Juggernaut","Echo Form"],"picked":"Immolate","floor":41},{"not_picked":["Weave","Go for the Eyes","Ball Lightning"],"picked":"Fan+1","floor":42},{"not_picked":["REME_Repentance+1","Reinforced Body","Redo+1","Ball Lightning"],"picked":"SKIP","floor":42},{"not_picked":["ConjureBlade","ReplayTheSpireMod:Omega Cannon","Omniscience"],"picked":"SpiritShield","floor":45},{"not_picked":["Judgement","Barricade","Impervious"],"picked":"Buffer","floor":47},{"not_picked":["conspire:SharedLibrary","Replay:BluntJabs+1","True Grit"],"picked":"Sword Boomerang+1","floor":48},{"not_picked":["Replay:ManipulateFuture","Adaptation","Armaments+1"],"picked":"Pommel Strike","floor":48},{"not_picked":["Clash","FlyingSleeves","Compile Driver+1"],"picked":"Machine Learning","floor":35},{"not_picked":["Protect","BowlingBash","CrushJoints","Body Slam+1"],"picked":"SKIP","floor":35},{"not_picked":["Beam Cell","CutThroughFate","ThirdEye"],"picked":"Thunderclap","floor":36},{"not_picked":["Halt","Creative AI","Stack+1"],"picked":"Panic Button+1","floor":37},{"not_picked":["Massacre+1","WheelKick","Shrug It Off","Entrench"],"picked":"SKIP","floor":37},{"not_picked":["Rampage","Go for the Eyes","Headbutt+1","Fasting2+1"],"picked":"SKIP","floor":39},{"not_picked":["Sweeping Beam","Power Through","Pulse+1","Pommel Strike"],"picked":"SKIP","floor":39},{"not_picked":["DeusExMachina","REME_Fury","Fission"],"picked":"Corruption","floor":41},{"not_picked":["ReplaySort","Thunderclap+1","True Grit","Fusion"],"picked":"SKIP","floor":44},{"not_picked":["conspire:Rain+1","DeceiveReality+1","Fan+1","EmptyFist+1"],"picked":"SKIP","floor":44},{"not_picked":["Transmutation","REME_AllRoundStrike","testmod-WeaknessCounterattack"],"picked":"ChaosCard","floor":45},{"not_picked":["testmod-BackupPower","ReplayTheSpireMod:Trickstab","Chrysalis"],"picked":"REME_ProfessionalPlagiarism","floor":45},{"not_picked":["Echo Form","ReplayRNGCard","REME_WorshipGod"],"picked":"MasterReality","floor":46},{"not_picked":["ReplayTheSpireMod:Repulse+1","Run Through","Go for the Eyes"],"picked":"Turbo","floor":48},{"not_picked":["ReplayGash","Bloodletting+1","ReplayTheSpireMod:Strike From Hell+1","Dual Wield"],"picked":"SKIP","floor":48}],"player_experience":979279,"relics_obtained":[{"floor":6,"key":"Nunchaku"},{"floor":9,"key":"Centennial Puzzle"},{"floor":10,"key":"conspire:IceCreamScoop"},{"floor":12,"key":"PillsDrop"},{"floor":18,"key":"HollowMod:PaleOreRelic"},{"floor":18,"key":"Replay:Wax Seal"},{"floor":18,"key":"Replay:Ringing Soul"},{"floor":18,"key":"Iron Hammer"},{"floor":18,"key":"Vajra"},{"floor":18,"key":"Cables"},{"floor":23,"key":"testmod-IntensifyImprint"},{"floor":25,"key":"aspiration:EnhancedActuators"},{"floor":26,"key":"TheBean"},{"floor":27,"key":"Thread and Needle"},{"floor":27,"key":"Mercury Hourglass"},{"floor":28,"key":"Onion Ring"},{"floor":30,"key":"vexMod:BerryBomb"},{"floor":36,"key":"Strawberry"},{"floor":36,"key":"BookofShadows"},{"floor":41,"key":"Carrot"},{"floor":43,"key":"Garlic"},{"floor":45,"key":"Emotion Chip"},{"floor":47,"key":"SteamSale"},{"floor":36,"key":"Toy Ornithopter"},{"floor":41,"key":"testmod-Acrobat"},{"floor":43,"key":"testmod-Hope"},{"floor":46,"key":"Bottled Flame"}],"event_choices":[{"damage_healed":0,"gold_gain":99,"player_choice":"Stole From Cult","damage_taken":0,"max_hp_gain":0,"max_hp_loss":0,"event_name":"Nest","floor":19,"gold_loss":0},{"damage_healed":17,"gold_gain":0,"player_choice":"Heal","damage_taken":0,"max_hp_gain":0,"max_hp_loss":0,"event_name":"The Library","floor":20,"gold_loss":0},{"damage_healed":0,"gold_gain":0,"player_choice":"Fight","damage_taken":0,"max_hp_gain":0,"max_hp_loss":0,"event_name":"Colosseum","floor":27,"gold_loss":0},{"damage_healed":0,"gold_gain":0,"player_choice":"Fought Nobs","damage_taken":0,"max_hp_gain":0,"max_hp_loss":0,"event_name":"Colosseum","floor":27,"gold_loss":0},{"damage_healed":0,"gold_gain":0,"player_choice":"Fight","damage_taken":0,"max_hp_gain":0,"max_hp_loss":0,"event_name":"HidenRoomEvent","floor":36,"gold_loss":0},{"damage_healed":0,"gold_gain":0,"player_choice":"Leave","damage_taken":0,"max_hp_gain":0,"max_hp_loss":0,"event_name":"conspire:Investor","floor":37,"gold_loss":0},{"damage_healed":0,"gold_gain":0,"player_choice":"Upgraded","damage_taken":0,"max_hp_gain":0,"max_hp_loss":0,"event_name":"Upgrade Shrine","floor":38,"gold_loss":0,"cards_upgraded":["DeusExMachina"]},{"damage_healed":0,"gold_gain":0,"player_choice":"Swap Relic","damage_taken":0,"relics_obtained":["vexMod:ImprovementManual"],"max_hp_gain":0,"max_hp_loss":0,"event_name":"给自己的盒子","floor":42,"relics_lost":["vexMod:ImprovementManual"],"gold_loss":0},{"damage_healed":0,"gold_gain":0,"player_choice":"Memory 3","damage_taken":10,"max_hp_gain":0,"max_hp_loss":0,"event_name":"SensoryStone","floor":45,"gold_loss":0},{"damage_healed":0,"gold_gain":0,"player_choice":"Paid","damage_taken":0,"relics_obtained":["Red Mask"],"max_hp_gain":0,"max_hp_loss":0,"event_name":"Tomb of Lord Red Mask","floor":47,"gold_loss":116}],"is_beta":false,"boss_relics":[{"not_picked":["testmod-HarvestTotem","testmod-KeyOfTheVoid"],"picked":"vexMod:TanglingVine"},{"not_picked":[]},{"not_picked":["ReplayTheSpireMod:DimensionalGlitch","Snecko Eye"],"picked":"aspiration:IroncladSkillbook"},{"not_picked":[]}],"items_purged_floors":[],"is_endless":false,"potions_floor_spawned":[1,3,14,23,27,28,30,33,35,42,45,48,37,41,46],"ascension_level":0}}