{"host":"mi0eibewekhugwl1","time":1607509788,"event":{"gold_per_floor":[113,126,126,126,126,159,159,175,175,189,204,239,260,260,260,356,356,375,375],"floor_reached":18,"playtime":433,"items_purged":[],"score":398,"play_id":"f4250de5-a754-45f4-a67e-3a3e89f66ed5","local_time":"20201209192948","is_ascension_mode":true,"campfire_choices":[{"data":"Zap","floor":7,"key":"SMITH"},{"floor":15,"key":"REST"}],"neow_cost":"NONE","seed_source_timestamp":937541472860700,"circlet_count":0,"master_deck":["AscendersBane","Strike_B","Strike_B","Strike_B+1","Defend_B","Defend_B","Defend_B+1","Defend_B","Zap+1","Dualcast","Coolheaded","FTL","FTL","Coolheaded","Compile Driver","Echo Form","Undo","Buffer"],"relics":["Cracked Core","NeowsBlessing","Golden Idol","The Courier","Regal Pillow","Matryoshka","Anchor","SlaversCollar"],"potions_floor_usage":[12,16],"damage_taken":[{"damage":0,"enemies":"Jaw Worm","floor":1,"turns":1},{"damage":0,"enemies":"Small Slimes","floor":2,"turns":1},{"damage":0,"enemies":"3 Sentries","floor":6,"turns":1},{"damage":2,"enemies":"2 Louse","floor":8,"turns":2},{"damage":4,"enemies":"Exordium Thugs","floor":10,"turns":5},{"damage":12,"enemies":"Lots of Slimes","floor":11,"turns":4},{"damage":6,"enemies":"Lagavulin","floor":12,"turns":8},{"damage":8,"enemies":"Gremlin Gang","floor":13,"turns":5},{"damage":10,"enemies":"The Guardian","floor":16,"turns":14},{"damage":51,"enemies":"3 Byrds","floor":18,"turns":9}],"seed_played":"-6096773531635454715","potions_obtained":[{"floor":10,"key":"EssenceOfSteel"},{"floor":11,"key":"EssenceOfSteel"},{"floor":12,"key":"LiquidBronze"},{"floor":18,"key":"Ancient Potion"}],"is_trial":false,"path_per_floor":["M","M","?","?","?","E","R","M","T","M","M","E","M","?","R","B",null,"M"],"character_chosen":"DEFECT","items_purchased":[],"campfire_rested":1,"item_purchase_floors":[],"current_hp_per_floor":[64,64,43,43,43,43,43,41,41,37,25,19,11,11,45,35,57,6,6],"gold":375,"neow_bonus":"THREE_ENEMY_KILL","is_prod":false,"is_daily":false,"chose_seed":false,"campfire_upgraded":1,"win_rate":0,"timestamp":1607509788,"path_taken":["M","M","?","?","?","E","R","?","T","M","?","E","?","?","R","BOSS","M"],"build_version":"2020-11-30","purchased_purges":0,"victory":false,"max_hp_per_floor":[71,71,71,64,64,64,64,64,64,64,64,64,64,64,64,64,64,64,64],"relic_stats":{"Regal Pillow":15,"counters":[10,50],"Golden Idol":50,"obtain_stats":[{"SlaversCollar":17,"Regal Pillow":6,"Anchor":12,"Matryoshka":9,"NeowsBlessing":0,"Golden Idol":4,"The Courier":5,"Cracked Core":0},{"SlaversCollar":9,"Regal Pillow":3,"Anchor":7,"Matryoshka":4,"NeowsBlessing":0,"Golden Idol":2,"The Courier":2,"Cracked Core":0},{"SlaversCollar":41,"Regal Pillow":3,"Anchor":22,"Matryoshka":5,"NeowsBlessing":0,"Golden Idol":2,"The Courier":2,"Cracked Core":0}]},"card_choices":[{"not_picked":["Streamline","Barrage"],"picked":"Coolheaded","floor":1},{"not_picked":["Streamline","Hello World"],"picked":"FTL","floor":2},{"not_picked":["Rebound","Recycle"],"picked":"FTL","floor":6},{"not_picked":["Double Energy","Reinforced Body"],"picked":"Coolheaded","floor":8},{"not_picked":["Fusion","Storm"],"picked":"Compile Driver","floor":10},{"not_picked":["Hologram","Fusion","Compile Driver"],"picked":"SKIP","floor":11},{"not_picked":["White Noise","Static Discharge"],"picked":"Echo Form","floor":12},{"not_picked":["Hologram","Consume"],"picked":"Undo","floor":13},{"not_picked":["Hyperbeam","Echo Form"],"picked":"Buffer","floor":16}],"player_experience":1657135,"relics_obtained":[{"floor":5,"key":"The Courier"},{"floor":6,"key":"Regal Pillow"},{"floor":9,"key":"Matryoshka"},{"floor":12,"key":"Anchor"}],"event_choices":[{"damage_healed":0,"gold_gain":0,"player_choice":"Entered Light","damage_taken":21,"max_hp_gain":0,"max_hp_loss":0,"event_name":"Shining Light","floor":3,"gold_loss":0,"cards_upgraded":["Strike_B","Defend_B"]},{"damage_healed":0,"gold_gain":0,"player_choice":"Lose Max HP","damage_taken":0,"relics_obtained":["Golden Idol"],"max_hp_gain":0,"max_hp_loss":7,"event_name":"Golden Idol","floor":4,"gold_loss":0},{"damage_healed":0,"gold_gain":0,"player_choice":"Relic","damage_taken":0,"max_hp_gain":0,"max_hp_loss":0,"event_name":"Wheel of Change","floor":5,"gold_loss":0},{"cards_removed":["Strike_B"],"damage_healed":0,"gold_gain":0,"player_choice":"Purged","damage_taken":0,"max_hp_gain":0,"max_hp_loss":0,"event_name":"Purifier","floor":14,"gold_loss":0}],"is_beta":false,"boss_relics":[{"not_picked":["Runic Dome","Philosopher\u0027s Stone"],"picked":"SlaversCollar"}],"items_purged_floors":[],"is_endless":false,"potions_floor_spawned":[10,11,12,13,18],"killed_by":"3 Byrds","ascension_level":20}}