{"host":"b4asi0laiv85suj9","time":1607508614,"event":{"gold_per_floor":[110,110,60,81,156,156,190,190,190,190,229,252,296,296,296,417,417,441,381,397,413,431,464,138,169,169,207,207,207,248,131,131,255,255,269,669,669,683,696,730,743,774,842,842,881,881,915,936,936,936,936,936,586,627,627],"floor_reached":56,"playtime":1341,"items_purged":["Defend_G","Strike_G","Strike_G"],"score":2546,"play_id":"fefc9919-ff2d-4b49-889b-f74899451bb0","local_time":"20201209181014","is_ascension_mode":true,"campfire_choices":[{"data":"Neutralize","floor":6.0,"key":"SMITH"},{"data":"Acrobatics","floor":8.0,"key":"SMITH"},{"floor":15.0,"key":"RECALL"},{"data":"MostiFishMod:FourSeasons","floor":29,"key":"SMITH"},{"data":"CutThroughFate","floor":32,"key":"SMITH"},{"data":"Second Wind","floor":49,"key":"SMITH"},{"data":"Thinking Ahead","floor":52,"key":"SMITH"}],"neow_cost":"NONE","seed_source_timestamp":5556827535413286,"circlet_count":0,"master_deck":["Strike_G+1","Strike_G","Defend_G","Defend_G","Survivor","Neutralize+1","Acrobatics+1","MostiFishMod:ButterFly+1","MostiFishMod:FourSeasons+1","Purity+1","Second Wind+1","Dagger Throw","CutThroughFate+1","Thinking Ahead+1","Feel No Pain"],"special_seed":0,"relics":["Ring of the Snake","DaveBox","ice","NeowsBlessing","testmod-ObsoleteBoomerang","GreenFoldingFan","Question Card","PrismaticShard","Golden Idol","Centennial Puzzle","ArrowTower","Mercury Hourglass","Omamori","ImportantClient","BirthdayGift-Icosahedron","PreservedInsect","Incense Burner","testmod-LifeArmor","testmod-Justice","Bag of Preparation","Anchor","Medical Kit","Tingsha","Meat on the Bone","Bottled Flame","TungstenRod","testmod-IntensifyImprint","Vajra"],"potions_floor_usage":[],"damage_taken":[{"damage":2.0,"enemies":"Small Slimes","floor":1.0,"turns":1.0},{"damage":2.0,"enemies":"2 Louse","floor":4.0,"turns":1.0},{"damage":2.0,"enemies":"Lagavulin","floor":7.0,"turns":1.0},{"damage":18.0,"enemies":"3 Sentries","floor":11.0,"turns":4.0},{"damage":6.0,"enemies":"Jaw Worm","floor":12.0,"turns":2.0},{"damage":4.0,"enemies":"Gremlin Nob","floor":13.0,"turns":2.0},{"damage":2.0,"enemies":"Slime Boss","floor":16.0,"turns":1.0},{"damage":11,"enemies":"2 Thieves","floor":18,"turns":2},{"damage":2,"enemies":"Shell Parasite","floor":20,"turns":2},{"damage":2,"enemies":"3 Cultists","floor":21,"turns":2},{"damage":7,"enemies":"Shelled Parasite and Fungi","floor":22,"turns":2},{"damage":2,"enemies":"Gremlin Leader","floor":23,"turns":2},{"damage":0,"enemies":"Slavers","floor":25,"turns":1},{"damage":0,"enemies":"Gremlin Leader","floor":27,"turns":1},{"damage":0,"enemies":"Slavers","floor":30,"turns":1},{"damage":0,"enemies":"Collector","floor":33,"turns":1},{"damage":0,"enemies":"Orb Walker","floor":35,"turns":1},{"damage":2,"enemies":"3 Darklings","floor":38,"turns":2},{"damage":2,"enemies":"4 Shapes","floor":39,"turns":2},{"damage":0,"enemies":"Giant Head","floor":40,"turns":1},{"damage":0,"enemies":"Jaw Worm Horde","floor":41,"turns":1},{"damage":0,"enemies":"Reptomancer","floor":42,"turns":1},{"damage":0,"enemies":"Giant Head","floor":45,"turns":1},{"damage":0,"enemies":"Reptomancer","floor":47,"turns":1},{"damage":0,"enemies":"Writhing Mass","floor":48,"turns":1},{"damage":1,"enemies":"Donu and Deca","floor":50,"turns":2},{"damage":0,"enemies":"Shield and Spear","floor":54,"turns":1},{"damage":1,"enemies":"The Heart","floor":55,"turns":2}],"seed_played":"-917387395840681411","potions_obtained":[{"floor":7.0,"key":"Poison Potion"},{"floor":12.0,"key":"Swift Potion"},{"floor":22,"key":"testmod-TestPotion"},{"floor":25,"key":"Dexterity Potion"},{"floor":30,"key":"DistilledChaos"},{"floor":42,"key":"EntropicBrew"}],"is_trial":false,"path_per_floor":["M","?","?","M","?","R","E","R","T","?","E","M","E","?","R","B",null,"M","$","M","M","M","E","$","E","T","E","?","R","E","$","R","B",null,"M","?","?","M","M","E","M","E","T","?","E","?","E","M","R","B",null,"R","$","E","B",null],"character_chosen":"THE_SILENT","items_purchased":["Incense Burner","Medical Kit","testmod-IntensifyImprint"],"campfire_rested":0,"item_purchase_floors":[24,31,53],"current_hp_per_floor":[70,65,65,65,54,54,62,62,62,55,47,51,61,48,48,65,65,65,65,65,65,65,65,65,65,65,65,65,65,65,65,65,65,65,65,65,65,65,65,65,65,65,65,65,65,65,65,65,65,65,65,65,65,65,65],"gold":627,"neow_bonus":"THREE_ENEMY_KILL","is_prod":false,"is_daily":false,"chose_seed":false,"campfire_upgraded":6,"win_rate":0,"timestamp":1607508614,"path_taken":["M","?","?","M","?","R","E","R","T","?","E","M","E","?","R","BOSS","M","$","M","M","M","E","$","E","T","E","?","R","E","$","R","BOSS","M","?","?","M","M","E","M","E","T","?","E","?","E","M","R","BOSS","R","$","E","BOSS"],"build_version":"2020-11-30","purchased_purges":3,"victory":true,"max_hp_per_floor":[70,65,65,65,65,65,65,65,65,65,65,65,65,65,65,65,65,65,65,65,65,65,65,65,65,65,65,65,65,65,65,65,65,65,65,65,65,65,65,65,65,65,65,65,65,65,65,65,65,65,65,65,65,65,65],"relic_stats":{"counters":[28,42],"Golden Idol":230,"Tingsha":[20],"PreservedInsect":565,"Bag of Preparation":[28],"Question Card":25,"Medical Kit":[1],"Mercury Hourglass":[167],"Centennial Puzzle":[39],"obtain_stats":[{"DaveBox":0,"Vajra":54,"testmod-LifeArmor":25,"ice":0,"BirthdayGift-Icosahedron":17,"Incense Burner":24,"Bag of Preparation":27,"PrismaticShard":1,"GreenFoldingFan":0,"Centennial Puzzle":7,"testmod-ObsoleteBoomerang":0,"Ring of the Snake":0,"ImportantClient":16,"testmod-IntensifyImprint":53,"testmod-TestBox":0,"NeowsBlessing":0,"Golden Idol":2,"Tingsha":40,"PreservedInsect":23,"Omamori":13,"testmod-Justice":26,"Question Card":1,"Medical Kit":31,"Mercury Hourglass":11,"Anchor":30,"Bottled Flame":45,"ArrowTower":9,"TungstenRod":47,"Meat on the Bone":42},{"DaveBox":0,"Vajra":27,"testmod-LifeArmor":13,"ice":0,"BirthdayGift-Icosahedron":7,"Incense Burner":12,"Bag of Preparation":14,"PrismaticShard":1,"GreenFoldingFan":0,"Centennial Puzzle":3,"testmod-ObsoleteBoomerang":0,"Ring of the Snake":0,"ImportantClient":7,"testmod-IntensifyImprint":26,"testmod-TestBox":0,"NeowsBlessing":0,"Golden Idol":1,"Tingsha":20,"PreservedInsect":12,"Omamori":6,"testmod-Justice":13,"Question Card":1,"Medical Kit":15,"Mercury Hourglass":4,"Anchor":15,"Bottled Flame":23,"ArrowTower":3,"TungstenRod":24,"Meat on the Bone":22},{"DaveBox":0,"Vajra":40,"testmod-LifeArmor":23,"ice":0,"BirthdayGift-Icosahedron":12,"Incense Burner":22,"Bag of Preparation":24,"PrismaticShard":1,"GreenFoldingFan":0,"Centennial Puzzle":3,"testmod-ObsoleteBoomerang":0,"Ring of the Snake":0,"ImportantClient":12,"testmod-IntensifyImprint":39,"testmod-TestBox":0,"NeowsBlessing":0,"Golden Idol":1,"Tingsha":32,"PreservedInsect":22,"Omamori":11,"testmod-Justice":23,"Question Card":1,"Medical Kit":25,"Mercury Hourglass":7,"Anchor":25,"Bottled Flame":35,"ArrowTower":3,"TungstenRod":36,"Meat on the Bone":34}],"TungstenRod":2,"Ring of the Snake":[56],"Meat on the Bone":0},"card_choices":[{"not_picked":["Flying Knee","Dagger Spray","Blade Dance"],"picked":"SKIP","floor":1.0},{"not_picked":["Deadly Poison","Cold Snap","Headbutt"],"picked":"Acrobatics","floor":4.0},{"not_picked":["Steam Power","Stack","Leg Sweep","Gash"],"picked":"SKIP","floor":7.0},{"not_picked":["Ball Lightning","PathToVictory","FollowUp","Whirlwind"],"picked":"SKIP","floor":11.0},{"not_picked":["Bloodletting","MostiFishMod:KamiSmash","Jack Of All Trades"],"picked":"MostiFishMod:ButterFly","floor":12.0},{"not_picked":["Cold Snap","Riddle With Holes","Go for the Eyes","CutThroughFate"],"picked":"SKIP","floor":13.0},{"not_picked":["MostiFishMod:UniBlue","MostiFishMod:PerfectStrikeMKII","Master of Strategy"],"picked":"MostiFishMod:FourSeasons","floor":16.0},{"not_picked":["Flex","testmod-SubstituteBySubterfuge","Blizzard+1","Dagger Throw+1"],"picked":"SKIP","floor":18},{"not_picked":["Ball Lightning","Rampage+1","Accuracy"],"picked":"Purity+1","floor":20},{"not_picked":["Cleave","All Out Attack","Flying Knee"],"picked":"Second Wind","floor":21},{"not_picked":["LikeWater","Cold Snap","Backflip","Dagger Throw+1"],"picked":"SKIP","floor":22},{"not_picked":["Fusion","Pummel","Rebound","Setup+1"],"picked":"SKIP","floor":23},{"not_picked":["CutThroughFate","ClearTheMind","Finisher+1","Judgement"],"picked":"SKIP","floor":25},{"not_picked":["Dagger Spray","Dodge and Roll","Bloodletting","Fusion"],"picked":"SKIP","floor":27},{"not_picked":["Poisoned Stab","Cloak And Dagger","Underhanded Strike"],"picked":"CutThroughFate","floor":30},{"not_picked":["Blasphemy","SpiritShield","MostiFishMod:WingOfPhoenix"],"picked":"Thinking Ahead","floor":33},{"not_picked":["SashWhip+1","testmod-ConditionedReflex","Thunderclap+1"],"picked":"Feel No Pain","floor":35},{"not_picked":["Sweeping Beam+1","EmptyMind+1","Body Slam","Fusion+1"],"picked":"SKIP","floor":38},{"not_picked":["Barrage+1","Perfected Strike+1","MostiFishMod:Speedup","FTL"],"picked":"SKIP","floor":39},{"not_picked":["MostiFishMod:Speedup","Dodge and Roll","Eviscerate","Prepared"],"picked":"SKIP","floor":40},{"not_picked":["Thunder Strike","testmod-Provocation","BootSequence","Riddle With Holes+1"],"picked":"SKIP","floor":41},{"not_picked":["Perfected Strike+1","Shrug It Off","Tantrum+1","Discovery+1"],"picked":"SKIP","floor":42},{"not_picked":["Entrench+1","Thunderclap","testmod-Automaton+1","Havoc"],"picked":"SKIP","floor":45},{"not_picked":["WreathOfFlame","Perfected Strike","Turbo","MasterReality"],"picked":"SKIP","floor":47},{"not_picked":["Rage","PiercingWail","Armaments+1","MostiFishMod:Clarity+1"],"picked":"SKIP","floor":48},{"not_picked":["Hologram","Armaments+1","Mind Blast","CutThroughFate"],"picked":"SKIP","floor":54}],"player_experience":151148,"relics_obtained":[{"floor":1.0,"key":"Question Card"},{"floor":1.0,"key":"PrismaticShard"},{"floor":7.0,"key":"Centennial Puzzle"},{"floor":9.0,"key":"ArrowTower"},{"floor":11.0,"key":"Mercury Hourglass"},{"floor":13.0,"key":"Omamori"},{"floor":16.0,"key":"ImportantClient"},{"floor":23,"key":"PreservedInsect"},{"floor":25,"key":"testmod-LifeArmor"},{"floor":26,"key":"testmod-Justice"},{"floor":27,"key":"Bag of Preparation"},{"floor":30,"key":"Anchor"},{"floor":40,"key":"Tingsha"},{"floor":42,"key":"Meat on the Bone"},{"floor":45,"key":"Bottled Flame"},{"floor":47,"key":"TungstenRod"},{"floor":54,"key":"Vajra"}],"event_choices":[{"damage_healed":0.0,"max_hp_gain":0.0,"max_hp_loss":5.0,"gold_gain":0.0,"event_name":"Golden Idol","player_choice":"Lose Max HP","floor":2.0,"gold_loss":0.0,"damage_taken":0.0,"relics_obtained":["Golden Idol"]},{"cards_removed":["Strike_G"],"damage_healed":0.0,"max_hp_gain":0.0,"max_hp_loss":0.0,"gold_gain":0.0,"event_name":"The Cleric","player_choice":"Card Removal","floor":3.0,"gold_loss":50.0,"damage_taken":0.0},{"damage_healed":0.0,"max_hp_gain":0.0,"max_hp_loss":0.0,"gold_gain":75.0,"event_name":"World of Goop","player_choice":"Gather Gold","floor":5.0,"gold_loss":0.0,"damage_taken":11.0},{"cards_removed":["Defend_G"],"damage_healed":0.0,"max_hp_gain":0.0,"max_hp_loss":0.0,"gold_gain":0.0,"event_name":"Golden Wing","player_choice":"Card Removal","floor":10.0,"gold_loss":0.0,"damage_taken":7.0},{"damage_healed":0.0,"max_hp_gain":0.0,"max_hp_loss":0.0,"gold_gain":0.0,"event_name":"Shining Light","player_choice":"Entered Light","floor":14.0,"gold_loss":0.0,"damage_taken":13.0,"cards_upgraded":["MostiFishMod:ButterFly","Strike_G"]},{"damage_healed":0,"gold_gain":0,"player_choice":"Read","damage_taken":0,"max_hp_gain":0,"max_hp_loss":0,"event_name":"The Library","floor":28,"gold_loss":0,"cards_obtained":["Dagger Throw"]},{"damage_healed":0,"gold_gain":400,"player_choice":"Sell","damage_taken":0,"max_hp_gain":0,"max_hp_loss":0,"event_name":"恩洛斯的盘子","floor":36,"relics_lost":["testmod-TestBox"],"gold_loss":0},{"cards_removed":["Defend_G"],"damage_healed":0,"gold_gain":0,"player_choice":"Removed Skill","damage_taken":0,"max_hp_gain":0,"max_hp_loss":0,"event_name":"Falling","floor":37,"gold_loss":0},{"damage_healed":16,"gold_gain":0,"player_choice":"Writhe","damage_taken":0,"max_hp_gain":0,"max_hp_loss":0,"event_name":"Winding Halls","floor":44,"gold_loss":0,"cards_obtained":["Writhe"]},{"damage_healed":0,"gold_gain":0,"player_choice":"Ignored","damage_taken":0,"max_hp_gain":0,"max_hp_loss":0,"event_name":"给自己的盒子","floor":46,"gold_loss":0}],"is_beta":false,"boss_relics":[{"not_picked":["Pandora\u0027s Box","SynthV:MejaisSoulstealer"],"picked":"BirthdayGift-Icosahedron"},{"not_picked":["EE1DDrone","testmod-Fanaticism","Snecko Eye"]}],"items_purged_floors":[19,24,53],"is_endless":false,"potions_floor_spawned":[7,12,22,23,25,30,33,41,42,48,54],"ascension_level":7}}