{"host":"kyy1kus4tsuq869y","time":1607511090,"event":{"gold_per_floor":[111,111,131,143,194,194,194,194,194,213,228,228,257,269,269,343,343,360,376,376,376,376],"floor_reached":21,"playtime":549,"items_purged":[],"score":317,"play_id":"f20dda2e-d7de-4ddd-b4c4-cbca754caba9","local_time":"20201209185130","is_ascension_mode":true,"campfire_choices":[{"data":"Spot Weakness","floor":6,"key":"SMITH"},{"data":"Wild Strike","floor":8,"key":"SMITH"},{"data":"Fire Breathing","floor":15,"key":"SMITH"}],"neow_cost":"NONE","seed_source_timestamp":11313794379500,"circlet_count":0,"master_deck":["AscendersBane","Strike_R","Strike_R","Strike_R","Strike_R","Strike_R","Defend_R","Defend_R","Defend_R","Defend_R","Bash","Spot Weakness+1","Wild Strike+1","Offering+1","Power Through+1","Fire Breathing+1","Reaper","Lust_TH"],"special_seed":0,"relics":["Burning Blood","NeowsBlessing","Matryoshka","HollowMod:PaleOreRelic","Dead Branch","RedLine:ReiMu"],"potions_floor_usage":[11,16,18,19],"damage_taken":[{"damage":0,"enemies":"Cultist","floor":1,"turns":1},{"damage":0,"enemies":"2 Louse","floor":3,"turns":1},{"damage":0,"enemies":"Small Slimes","floor":4,"turns":1},{"damage":7,"enemies":"Looter","floor":10,"turns":3},{"damage":0,"enemies":"3 Louse","floor":11,"turns":1},{"damage":32,"enemies":"Gremlin Nob","floor":13,"turns":4},{"damage":24,"enemies":"Exordium Wildlife","floor":14,"turns":2},{"damage":31,"enemies":"Fading Forest","floor":16,"turns":11},{"damage":52,"enemies":"Shell Parasite","floor":18,"turns":6},{"damage":38,"enemies":"3 Byrds","floor":19,"turns":3},{"damage":19,"enemies":"Shelled Parasite and Fungi","floor":21,"turns":2}],"seed_played":"1969000194336732242","potions_obtained":[{"floor":1,"key":"GamblersBrew"},{"floor":10,"key":"Explosive Potion"},{"floor":11,"key":"Regen Potion"},{"floor":16,"key":"Swift Potion"}],"is_trial":false,"path_per_floor":["M","$","M","M","?","R","?","R","T","M","M","$","E","M","R","B",null,"M","M","?","M"],"character_chosen":"IRONCLAD","items_purchased":[],"campfire_rested":0,"item_purchase_floors":[],"current_hp_per_floor":[74,74,75,75,75,75,75,75,75,74,75,75,49,31,31,16,60,19,8,8,0,0],"gold":376,"neow_bonus":"THREE_ENEMY_KILL","is_prod":false,"is_daily":false,"chose_seed":false,"campfire_upgraded":3,"win_rate":0,"timestamp":1607511090,"path_taken":["M","?","M","?","?","R","?","R","T","M","M","$","E","M","R","BOSS","M","M","?","M"],"build_version":"2020-11-30","purchased_purges":0,"victory":false,"max_hp_per_floor":[75,75,75,75,75,75,75,75,75,75,75,75,75,75,75,75,75,75,75,75,75,75],"card_choices":[{"not_picked":["Perfected Strike","Cleave"],"picked":"Spot Weakness","floor":1},{"not_picked":["Sentinel","Anger","Body Slam"],"picked":"SKIP","floor":3},{"not_picked":["Armaments","Defy Death"],"picked":"Wild Strike","floor":4},{"not_picked":["Cleave","Run Through"],"picked":"Offering","floor":10},{"not_picked":["Anger","Pommel Strike"],"picked":"Power Through","floor":11},{"not_picked":["Clash","Defy Death","Cleave"],"picked":"SKIP","floor":13},{"not_picked":["Body Slam","True Grit"],"picked":"Fire Breathing","floor":14},{"not_picked":["Impervious","Juggernaut"],"picked":"Reaper","floor":16},{"not_picked":["Hemokinesis","ReplayTheSpireMod:Muscle Training","True Grit"],"picked":"SKIP","floor":18},{"not_picked":["Replay:Undeath\u0027s Touch","Warcry","Rampage"],"picked":"SKIP","floor":19}],"player_experience":428090,"relics_obtained":[{"floor":9,"key":"HollowMod:PaleOreRelic"},{"floor":13,"key":"Dead Branch"}],"event_choices":[{"damage_healed":0,"gold_gain":51,"player_choice":"Gained Gold","damage_taken":0,"max_hp_gain":0,"max_hp_loss":0,"event_name":"Golden Wing","floor":5,"gold_loss":0},{"damage_healed":0,"gold_gain":0,"player_choice":"Searched \u00271\u0027 times","damage_taken":0,"relics_obtained":["Matryoshka"],"max_hp_gain":0,"max_hp_loss":0,"event_name":"Dead Adventurer","floor":7,"gold_loss":0}],"is_beta":false,"boss_relics":[{"not_picked":["hubris:VirtuousBlindfold","Runic Cube"],"picked":"RedLine:ReiMu"}],"items_purged_floors":[],"is_endless":false,"potions_floor_spawned":[1,10,11,14,16],"killed_by":"Shelled Parasite and Fungi","ascension_level":15}}