{"host":"w4b7hmige5bnqipq","time":1607537128,"event":{"gold_per_floor":[116,41,41,52,127,156,156,172,172,200,200,218,229,61,61,135,135,151,151,76,87,100,126,126,136,136,136,36,66,66,66,66,137,137,151,151,26,26,26,58,58,88,142,174,194,204,54,109,109,109,109],"floor_reached":52,"playtime":3478,"items_purged":["Strike_G","Strike_G","Tactician","Parasite"],"score":2143,"play_id":"cee1a563-b592-4339-bf1e-183dacac5c13","local_time":"20201210030528","is_ascension_mode":true,"campfire_choices":[{"data":"Corpse Explosion","floor":7.0,"key":"SMITH"},{"data":"Tactician","floor":15.0,"key":"SMITH"},{"floor":24.0,"key":"REST"},{"floor":27.0,"key":"REST"},{"floor":30.0,"key":"REST"},{"floor":32.0,"key":"REST"},{"floor":41.0,"key":"REST"},{"floor":49.0,"key":"REST"}],"neow_cost":"NONE","seed_source_timestamp":2214434630283000,"circlet_count":0,"master_deck":["AscendersBane","Strike_G+1","Defend_G+1","Defend_G+1","Defend_G+1","Defend_G+1","Defend_G+1","Survivor","Neutralize+1","Tactician+1","Calculated Gamble","Corpse Explosion+1","Slice","Well Laid Plans","Malaise","Acrobatics","Eviscerate","Acrobatics","After Image","Backflip","Tools of the Trade","Footwork","Backflip"],"special_seed":0,"relics":["Ring of the Snake","NeowsBlessing","FossilizedHelix","Pantograph","Unceasing Top","Medical Kit","Fusion Hammer","Pen Nib","Sundial","Snake Skull","Cursed Key","Bronze Scales","Blue Candle","Prayer Wheel","Tough Bandages"],"potions_floor_usage":[],"damage_taken":[{"damage":0.0,"enemies":"Jaw Worm","floor":1.0,"turns":1.0},{"damage":0.0,"enemies":"2 Louse","floor":4.0,"turns":1.0},{"damage":0.0,"enemies":"Lagavulin","floor":6.0,"turns":1.0},{"damage":0.0,"enemies":"Cultist","floor":8.0,"turns":3.0},{"damage":3.0,"enemies":"3 Sentries","floor":10.0,"turns":3.0},{"damage":0.0,"enemies":"3 Louse","floor":12.0,"turns":2.0},{"damage":0.0,"enemies":"Blue Slaver","floor":13.0,"turns":3.0},{"damage":26.0,"enemies":"The Guardian","floor":16.0,"turns":11.0},{"damage":0.0,"enemies":"Spheric Guardian","floor":18.0,"turns":5.0},{"damage":0.0,"enemies":"2 Thieves","floor":21.0,"turns":2.0},{"damage":9.0,"enemies":"3 Cultists","floor":22.0,"turns":4.0},{"damage":20.0,"enemies":"Slavers","floor":23.0,"turns":4.0},{"damage":19.0,"enemies":"Chosen and Byrds","floor":25.0,"turns":7.0},{"damage":14.0,"enemies":"Book of Stabbing","floor":29.0,"turns":6.0},{"damage":65.0,"enemies":"Collector","floor":33.0,"turns":9.0},{"damage":0.0,"enemies":"3 Shapes","floor":35.0,"turns":6.0},{"damage":29.0,"enemies":"Reptomancer","floor":40.0,"turns":8.0},{"damage":0.0,"enemies":"Nemesis","floor":42.0,"turns":11.0},{"damage":2.0,"enemies":"Reptomancer","floor":44.0,"turns":6.0},{"damage":0.0,"enemies":"Orb Walker","floor":45.0,"turns":4.0},{"damage":0.0,"enemies":"Jaw Worm Horde","floor":46.0,"turns":4.0},{"damage":11.0,"enemies":"2 Orb Walkers","floor":48.0,"turns":4.0},{"damage":0.0,"enemies":"Donu and Deca","floor":50.0,"turns":8.0},{"damage":54,"enemies":"Awakened One","floor":51,"turns":16}],"seed_played":"509104505065581554","potions_obtained":[{"floor":1.0,"key":"Dexterity Potion"},{"floor":4.0,"key":"Block Potion"},{"floor":10.0,"key":"Block Potion"},{"floor":18.0,"key":"CunningPotion"},{"floor":33.0,"key":"EssenceOfSteel"},{"floor":40.0,"key":"Block Potion"},{"floor":45.0,"key":"FairyPotion"},{"floor":48.0,"key":"SteroidPotion"}],"is_trial":false,"path_per_floor":["M","?","?","M","?","E","R","M","T","E","?","M","M","$","R","B",null,"M","?","$","M","M","E","R","M","T","R","$","E","R","?","R","B",null,"M","?","$","?","$","E","R","E","T","E","M","M","$","?","R","B","B",null],"character_chosen":"THE_SILENT","items_purchased":["Medical Kit"],"campfire_rested":6,"item_purchase_floors":[14],"current_hp_per_floor":[59,59,59,59,48,48,48,48,48,45,38,38,38,38,38,37,59,59,54,54,54,45,25,44,25,25,44,44,30,49,49,66,1,50,50,50,50,50,50,21,40,40,40,38,38,38,38,27,45,63,9],"gold":109,"neow_bonus":"THREE_ENEMY_KILL","is_prod":false,"is_daily":false,"chose_seed":false,"campfire_upgraded":2,"win_rate":0,"timestamp":1607537128,"path_taken":["M","?","?","?","?","E","R","M","T","E","?","M","M","$","R","BOSS","M","?","$","M","M","E","R","M","T","R","?","E","R","?","R","BOSS","M","?","$","?","?","E","R","E","T","E","M","M","$","?","R","BOSS","BOSS"],"build_version":"2020-11-30","purchased_purges":4,"victory":true,"max_hp_per_floor":[66,66,66,66,66,66,66,66,66,66,66,66,66,66,66,66,66,66,66,66,66,66,66,66,66,66,66,66,66,66,66,66,66,66,66,66,66,66,66,66,66,66,66,66,66,66,63,63,63,63,63],"card_choices":[{"not_picked":["Calculated Gamble","Deadly Poison"],"picked":"Tactician","floor":1.0},{"not_picked":["Leg Sweep","Sucker Punch"],"picked":"Calculated Gamble","floor":4.0},{"not_picked":["Sucker Punch","Underhanded Strike"],"picked":"Corpse Explosion","floor":6.0},{"not_picked":["Cloak And Dagger","Flying Knee"],"picked":"Slice","floor":8.0},{"not_picked":["Deadly Poison","Outmaneuver"],"picked":"Underhanded Strike","floor":10.0},{"not_picked":["Endless Agony","Cloak And Dagger"],"picked":"Well Laid Plans","floor":12.0},{"not_picked":["Slice","Dagger Spray","PiercingWail"],"picked":"SKIP","floor":13.0},{"not_picked":["Slice","Dagger Spray","PiercingWail"],"picked":"SKIP","floor":13.0},{"not_picked":["Storm of Steel","Unload"],"picked":"Malaise","floor":16.0},{"not_picked":["Concentrate","Cloak And Dagger"],"picked":"Acrobatics","floor":18.0},{"not_picked":["Riddle With Holes","Blade Dance","Deadly Poison"],"picked":"SKIP","floor":21.0},{"not_picked":["Finisher","Underhanded Strike","Dagger Spray"],"picked":"SKIP","floor":22.0},{"not_picked":["A Thousand Cuts","Eviscerate","Sucker Punch"],"picked":"SKIP","floor":23.0},{"not_picked":["A Thousand Cuts","Sucker Punch"],"picked":"Eviscerate","floor":23.0},{"not_picked":["Flying Knee","Slice"],"picked":"Acrobatics","floor":25.0},{"not_picked":["Slice","Underhanded Strike","Setup"],"picked":"SKIP","floor":29.0},{"not_picked":["Storm of Steel","Wraith Form v2"],"picked":"After Image","floor":33.0},{"not_picked":["Quick Slash","Eviscerate"],"picked":"Tactician","floor":35.0},{"not_picked":["Accuracy","All Out Attack"],"picked":"Backflip","floor":40.0},{"not_picked":["Acrobatics","Poisoned Stab"],"picked":"Tools of the Trade","floor":42.0},{"not_picked":["Crippling Poison","Catalyst","Deflect"],"picked":"SKIP","floor":44.0},{"not_picked":["Crippling Poison","Catalyst","Deflect"],"picked":"SKIP","floor":44.0},{"not_picked":["Blade Dance","Dagger Spray"],"picked":"Footwork","floor":45.0},{"not_picked":["Noxious Fumes","Prepared","Dagger Spray"],"picked":"SKIP","floor":45.0},{"not_picked":["Dash","Skewer"],"picked":"Backflip","floor":46.0},{"not_picked":["Deadly Poison+1","Catalyst","Underhanded Strike"],"picked":"SKIP","floor":46.0}],"player_experience":353881,"relics_obtained":[{"floor":6.0,"key":"FossilizedHelix"},{"floor":9.0,"key":"Pantograph"},{"floor":10.0,"key":"Unceasing Top"},{"floor":23.0,"key":"Pen Nib"},{"floor":26.0,"key":"Sundial"},{"floor":29.0,"key":"Snake Skull"},{"floor":40.0,"key":"Bronze Scales"},{"floor":42.0,"key":"Blue Candle"},{"floor":44.0,"key":"Prayer Wheel"},{"floor":48.0,"key":"Tough Bandages"}],"event_choices":[{"cards_removed":["Strike_G"],"damage_healed":0.0,"max_hp_gain":0.0,"max_hp_loss":0.0,"gold_gain":0.0,"event_name":"The Cleric","player_choice":"Card Removal","floor":2.0,"gold_loss":75.0,"damage_taken":0.0},{"damage_healed":0.0,"max_hp_gain":0.0,"max_hp_loss":0.0,"gold_gain":0.0,"event_name":"Accursed Blacksmith","player_choice":"Forge","floor":3.0,"gold_loss":0.0,"damage_taken":0.0,"cards_upgraded":["Neutralize"]},{"damage_healed":0.0,"max_hp_gain":0.0,"max_hp_loss":0.0,"gold_gain":75.0,"event_name":"World of Goop","player_choice":"Gather Gold","floor":5.0,"gold_loss":0.0,"damage_taken":11.0},{"cards_removed":["Strike_G"],"damage_healed":0.0,"max_hp_gain":0.0,"max_hp_loss":0.0,"gold_gain":0.0,"event_name":"Golden Wing","player_choice":"Card Removal","floor":11.0,"gold_loss":0.0,"damage_taken":7.0},{"damage_healed":0.0,"max_hp_gain":0.0,"max_hp_loss":0.0,"gold_gain":0.0,"event_name":"Designer","player_choice":"Punched","floor":19.0,"gold_loss":0.0,"damage_taken":5.0},{"damage_healed":0.0,"max_hp_gain":0.0,"max_hp_loss":0.0,"gold_gain":0.0,"event_name":"Back to Basics","player_choice":"Simplicity","floor":31.0,"gold_loss":0.0,"damage_taken":0.0,"cards_upgraded":["Strike_G","Defend_G","Defend_G","Defend_G","Defend_G","Defend_G"]},{"damage_healed":0.0,"max_hp_gain":0.0,"max_hp_loss":0.0,"gold_gain":0.0,"event_name":"Tomb of Lord Red Mask","player_choice":"Ignored","floor":36.0,"gold_loss":0.0,"damage_taken":0.0},{"cards_removed":["Underhanded Strike"],"damage_healed":0.0,"max_hp_gain":0.0,"max_hp_loss":0.0,"gold_gain":0.0,"event_name":"Falling","player_choice":"Removed Attack","floor":38.0,"gold_loss":0.0,"damage_taken":0.0},{"damage_healed":0.0,"max_hp_gain":0.0,"max_hp_loss":0.0,"gold_gain":0.0,"event_name":"Mysterious Sphere","player_choice":"Fight","floor":48.0,"gold_loss":0.0,"damage_taken":0.0}],"is_beta":false,"boss_relics":[{"not_picked":["Pandora\u0027s Box","WristBlade"],"picked":"Fusion Hammer"},{"not_picked":["Coffee Dripper","SlaversCollar"],"picked":"Cursed Key"}],"items_purged_floors":[20,28,37,47],"is_endless":false,"potions_floor_spawned":[1,4,10,12,18,33,40,42,45,48],"ascension_level":20}}