{"host":"gk5m6v7zec9neb0j","time":1607481620,"event":{"gold_per_floor":[115,129,65,65,65,65,65,78,78,93,17,50,73,84,84,188,188,207,42,33,43,55,55,90,90,90,106,119,40,40,59,59,161,161,180,195,79,79,79,111,135,135,135,165,175,189,189,202,202,202,202,202,16,51,51],"floor_reached":56,"playtime":2384,"items_purged":["Strike_B","Strike_B"],"score":1506,"play_id":"a9e99de2-0820-4713-8049-32e8cbccc3c6","local_time":"20201208214020","is_ascension_mode":false,"campfire_choices":[{"floor":6.0,"key":"REST"},{"data":"Dualcast","floor":15.0,"key":"SMITH"},{"data":"Fission","floor":23.0,"key":"SMITH"},{"data":"Defragment","floor":25.0,"key":"SMITH"},{"floor":32.0,"key":"REST"},{"data":"Echo Form","floor":42.0,"key":"SMITH"},{"data":"Thunder Strike","floor":47.0,"key":"SMITH"},{"data":"Storm","floor":49.0,"key":"SMITH"},{"data":"Electrodynamics","floor":52.0,"key":"SMITH"}],"neow_cost":"","seed_source_timestamp":360521973133200,"circlet_count":0,"master_deck":["Strike_B","Defend_B+1","Defend_B","Defend_B","Zap+1","Dualcast+1","Core Surge","Leap","Cold Snap","Electrodynamics+1","Thunder Strike+1","Conserve Battery","Capacitor","Coolheaded","Conserve Battery","Coolheaded","Fission+1","Chill+1","Defragment+1","White Noise","White Noise","Buffer","Amplify","Storm+1","Echo Form+1","Ball Lightning","Capacitor","White Noise","Loop","BootSequence"],"special_seed":0,"relics":["Cracked Core","DataDisk","Orrery","Membership Card","Orichalcum","Anchor","Frozen Eye","Gambling Chip","Vajra","War Paint","Bronze Scales","Kunai","ClockworkSouvenir","CeramicFish","Pantograph","Incense Burner","Strange Spoon","Happy Flower","Oddly Smooth Stone"],"potions_floor_usage":[55,55,55],"damage_taken":[{"damage":0.0,"enemies":"Jaw Worm","floor":1.0,"turns":3.0},{"damage":0.0,"enemies":"2 Louse","floor":2.0,"turns":2.0},{"damage":0.0,"enemies":"Cultist","floor":8.0,"turns":2.0},{"damage":0.0,"enemies":"Exordium Wildlife","floor":10.0,"turns":3.0},{"damage":9.0,"enemies":"3 Sentries","floor":12.0,"turns":3.0},{"damage":0.0,"enemies":"Lots of Slimes","floor":14.0,"turns":1.0},{"damage":8.0,"enemies":"Slime Boss","floor":16.0,"turns":10.0},{"damage":0.0,"enemies":"3 Byrds","floor":18.0,"turns":3.0},{"damage":1.0,"enemies":"2 Thieves","floor":20.0,"turns":4.0},{"damage":1.0,"enemies":"Snake Plant","floor":21.0,"turns":4.0},{"damage":10.0,"enemies":"Chosen and Byrds","floor":22.0,"turns":9.0},{"damage":0.0,"enemies":"Book of Stabbing","floor":24.0,"turns":6.0},{"damage":0.0,"enemies":"Cultist and Chosen","floor":27.0,"turns":4.0},{"damage":6.0,"enemies":"Snake Plant","floor":28.0,"turns":3.0},{"damage":17.0,"enemies":"Centurion and Healer","floor":31.0,"turns":4.0},{"damage":14.0,"enemies":"Automaton","floor":33.0,"turns":6.0},{"damage":0.0,"enemies":"3 Darklings","floor":35.0,"turns":1.0},{"damage":0.0,"enemies":"3 Shapes","floor":36.0,"turns":1.0},{"damage":0.0,"enemies":"Giant Head","floor":40.0,"turns":7.0},{"damage":1.0,"enemies":"Spire Growth","floor":41.0,"turns":5.0},{"damage":17.0,"enemies":"Nemesis","floor":44.0,"turns":7.0},{"damage":0.0,"enemies":"Sphere and 2 Shapes","floor":45.0,"turns":4.0},{"damage":0.0,"enemies":"Jaw Worm Horde","floor":46.0,"turns":3.0},{"damage":19.0,"enemies":"Transient","floor":48.0,"turns":5.0},{"damage":32.0,"enemies":"Donu and Deca","floor":50.0,"turns":5.0},{"damage":36,"enemies":"Shield and Spear","floor":54,"turns":5},{"damage":98,"enemies":"The Heart","floor":55,"turns":7}],"seed_played":"-8256220293141953898","potions_obtained":[{"floor":1.0,"key":"CultistPotion"},{"floor":8.0,"key":"Energy Potion"},{"floor":10.0,"key":"SmokeBomb"},{"floor":20.0,"key":"EntropicBrew"},{"floor":40.0,"key":"FairyPotion"},{"floor":54,"key":"PowerPotion"}],"is_trial":false,"path_per_floor":["M","M","$","?","?","R","?","M","T","M","$","E","T","M","R","B",null,"M","$","M","M","M","R","E","R","T","M","M","$","?","M","R","B",null,"M","M","$","?","?","E","M","R","T","E","M","M","R","M","R","B",null,"R","$","E","B",null],"character_chosen":"DEFECT","items_purchased":["DataDisk","Orrery","Conserve Battery","Membership Card","Conserve Battery","Frozen Eye","Defragment","War Paint","Amplify","ClockworkSouvenir","Capacitor","Strange Spoon","Loop","Happy Flower"],"campfire_rested":2,"item_purchase_floors":[0,0,0,0,3,11,19,19,29,37,37,53,53,53],"current_hp_per_floor":[54,54,54,42,35,57,57,57,57,57,57,48,48,48,48,40,75,75,75,74,73,63,63,63,63,63,63,57,57,57,40,62,48,75,75,75,75,75,85,85,84,84,84,67,67,67,67,48,48,41,85,85,85,49,4],"gold":51,"neow_bonus":"","is_prod":false,"is_daily":false,"chose_seed":false,"campfire_upgraded":7,"win_rate":0,"timestamp":1607481620,"path_taken":["M","M","$","?","?","R","?","M","T","?","$","E","?","M","R","BOSS","M","$","M","M","M","R","E","R","T","M","M","$","?","M","R","BOSS","M","M","$","?","?","E","M","R","T","E","M","M","R","?","R","BOSS","R","$","E","BOSS"],"build_version":"2020-11-30","purchased_purges":2,"victory":true,"max_hp_per_floor":[75,75,75,75,75,75,75,75,75,75,75,75,75,75,75,75,75,75,75,75,75,75,75,75,75,75,75,75,75,75,75,75,75,75,75,75,75,75,85,85,85,85,85,85,85,85,85,85,85,85,85,85,85,85,85],"relic_stats":{"Strange Spoon":[25],"Happy Flower":[7],"counters":[414,2201],"Gambling Chip":[42],"Bronze Scales":[224],"CeramicFish":27,"Pantograph":112,"Kunai":[1],"Orichalcum":[150],"War Paint":["Defend_G","Survivor","Chill","Defend_B"],"obtain_stats":[{"Whetstone":46,"Ginger":28,"Bottled Tornado":37,"Boot":17,"FrozenCore":17,"Blood Vial":53,"Sundial":7,"Necronomicon":31,"Kunai":17,"Pear":55,"Akabeko":29,"Cables":43,"SlaversCollar":34,"Bird Faced Urn":0,"MutagenicStrength":29,"StrikeDummy":9,"Unceasing Top":44,"Lantern":30,"Regal Pillow":45,"Torii":17,"Singing Bowl":31,"Bag of Preparation":43,"Smiling Mask":9,"Cursed Key":17,"Ancient Tea Set":43,"Shovel":0,"Matryoshka":0,"WingedGreaves":30,"Chemical X":11,"InkBottle":17,"Potion Belt":26,"Inserter":34,"Golden Idol":3,"Thread and Needle":0,"PreservedInsect":43,"Frozen Egg 2":0,"MawBank":24,"Nuclear Battery":34,"Busted Crown":34,"Ornamental Fan":42,"Bloody Idol":21,"Orrery":0,"Turnip":41,"Art of War":41,"Bottled Lightning":11,"Ice Cream":27,"Mark of the Bloom":46,"Calipers":39,"Gremlin Horn":12,"Nilry\u0027s Codex":27,"CeramicFish":26,"Vajra":12,"Runic Capacitor":0,"Sozu":34,"Centennial Puzzle":9,"Lizard Tail":0,"HornCleat":43,"FaceOfCleric":20,"DollysMirror":53,"Strawberry":0,"Prayer Wheel":0,"Toxic Egg 2":0,"Girya":0,"Happy Flower":17,"Dead Branch":0,"Oddly Smooth Stone":10,"War Paint":25,"Question Card":43,"WarpedTongs":0,"Du-Vu Doll":10,"OrangePellets":0,"Bottled Flame":54,"Shuriken":3,"Bronze Scales":29,"Molten Egg 2":17,"Symbiotic Virus":9,"Pocketwatch":54,"Meat on the Bone":9,"SacredBark":34,"Mango":43,"Juzu Bracelet":20,"Incense Burner":43,"Empty Cage":17,"ClockworkSouvenir":20,"Frozen Eye":11,"Nunchaku":55,"Emotion Chip":6,"Dream Catcher":9,"Mummified Hand":26,"Pantograph":52,"Gambling Chip":0,"Tiny Chest":26,"Red Mask":38,"Cracked Core":0,"Runic Pyramid":17,"Orichalcum":9,"Calling Bell":17,"Peace Pipe":17,"Strange Spoon":21,"DataDisk":23,"Anchor":9,"Bag of Marbles":9,"Membership Card":22,"TungstenRod":8,"FossilizedHelix":0},{"Whetstone":86,"Ginger":148,"Bottled Tornado":83,"Boot":73,"FrozenCore":144,"Blood Vial":254,"Sundial":261,"Necronomicon":105,"Kunai":73,"Pear":184,"Akabeko":79,"Cables":179,"SlaversCollar":150,"Bird Faced Urn":91,"MutagenicStrength":104,"StrikeDummy":237,"Unceasing Top":132,"Lantern":149,"Regal Pillow":252,"Torii":99,"Singing Bowl":175,"Bag of Preparation":291,"Smiling Mask":187,"Cursed Key":190,"Ancient Tea Set":360,"Shovel":91,"Matryoshka":214,"WingedGreaves":105,"Chemical X":69,"InkBottle":99,"Potion Belt":124,"Inserter":128,"Golden Idol":186,"Thread and Needle":91,"PreservedInsect":85,"Frozen Egg 2":63,"MawBank":77,"Nuclear Battery":106,"Busted Crown":287,"Ornamental Fan":108,"Bloody Idol":348,"Orrery":63,"Turnip":108,"Art of War":179,"Bottled Lightning":262,"Ice Cream":103,"Mark of the Bloom":110,"Calipers":84,"Gremlin Horn":96,"Nilry\u0027s Codex":124,"CeramicFish":172,"Vajra":188,"Runic Capacitor":160,"Sozu":81,"Centennial Puzzle":95,"Lizard Tail":114,"HornCleat":131,"FaceOfCleric":211,"DollysMirror":135,"Strawberry":185,"Prayer Wheel":63,"Toxic Egg 2":137,"Girya":185,"Happy Flower":347,"Dead Branch":91,"Oddly Smooth Stone":207,"War Paint":103,"Question Card":155,"WarpedTongs":185,"Du-Vu Doll":96,"OrangePellets":91,"Bottled Flame":318,"Shuriken":115,"Bronze Scales":173,"Molten Egg 2":347,"Symbiotic Virus":217,"Pocketwatch":113,"Meat on the Bone":343,"SacredBark":197,"Mango":337,"Juzu Bracelet":75,"Incense Burner":108,"Empty Cage":120,"ClockworkSouvenir":192,"Frozen Eye":391,"Nunchaku":90,"Emotion Chip":117,"Dream Catcher":164,"Mummified Hand":77,"Pantograph":112,"Gambling Chip":114,"Tiny Chest":194,"Red Mask":178,"Cracked Core":0,"Runic Pyramid":303,"Orichalcum":118,"Calling Bell":73,"Peace Pipe":73,"Strange Spoon":75,"DataDisk":102,"Anchor":390,"Bag of Marbles":68,"Membership Card":102,"TungstenRod":141,"FossilizedHelix":295},{"Whetstone":392,"Ginger":722,"Bottled Tornado":372,"Boot":315,"FrozenCore":705,"Blood Vial":1363,"Sundial":1401,"Necronomicon":486,"Kunai":315,"Pear":963,"Akabeko":350,"Cables":901,"SlaversCollar":736,"Bird Faced Urn":436,"MutagenicStrength":482,"StrikeDummy":1251,"Unceasing Top":642,"Lantern":727,"Regal Pillow":1350,"Torii":466,"Singing Bowl":874,"Bag of Preparation":1576,"Smiling Mask":978,"Cursed Key":993,"Ancient Tea Set":1954,"Shovel":436,"Matryoshka":1129,"WingedGreaves":486,"Chemical X":295,"InkBottle":466,"Potion Belt":572,"Inserter":623,"Golden Idol":976,"Thread and Needle":436,"PreservedInsect":383,"Frozen Egg 2":274,"MawBank":340,"Nuclear Battery":493,"Busted Crown":1558,"Ornamental Fan":500,"Bloody Idol":1884,"Orrery":274,"Turnip":500,"Art of War":901,"Bottled Lightning":1407,"Ice Cream":479,"Mark of the Bloom":508,"Calipers":375,"Gremlin Horn":455,"Nilry\u0027s Codex":572,"CeramicFish":855,"Vajra":981,"Runic Capacitor":787,"Sozu":365,"Centennial Puzzle":449,"Lizard Tail":530,"HornCleat":637,"FaceOfCleric":1108,"DollysMirror":658,"Strawberry":973,"Prayer Wheel":274,"Toxic Egg 2":675,"Girya":973,"Happy Flower":1880,"Dead Branch":436,"Oddly Smooth Stone":1077,"War Paint":479,"Question Card":753,"WarpedTongs":973,"Du-Vu Doll":455,"OrangePellets":436,"Bottled Flame":1748,"Shuriken":533,"Bronze Scales":863,"Molten Egg 2":1880,"Symbiotic Virus":1138,"Pocketwatch":517,"Meat on the Bone":1852,"SacredBark":1024,"Mango":1832,"Juzu Bracelet":323,"Incense Burner":500,"Empty Cage":556,"ClockworkSouvenir":999,"Frozen Eye":2094,"Nunchaku":433,"Emotion Chip":541,"Dream Catcher":800,"Mummified Hand":340,"Pantograph":515,"Gambling Chip":530,"Tiny Chest":1005,"Red Mask":896,"Cracked Core":0,"Runic Pyramid":1643,"Orichalcum":543,"Calling Bell":315,"Peace Pipe":315,"Strange Spoon":323,"DataDisk":476,"Anchor":2091,"Bag of Marbles":293,"Membership Card":476,"TungstenRod":690,"FossilizedHelix":1608}]},"card_choices":[{"not_picked":["Recycle","Coolheaded"],"picked":"Core Surge","floor":0.0},{"not_picked":["Turbo","Storm"],"picked":"Leap","floor":0.0},{"not_picked":["Stack","Ball Lightning"],"picked":"Cold Snap","floor":0.0},{"not_picked":["Steam","Leap"],"picked":"Electrodynamics","floor":0.0},{"not_picked":["Compile Driver","Skim"],"picked":"Thunder Strike","floor":0.0},{"not_picked":["Leap","Go for the Eyes"],"picked":"Capacitor","floor":1.0},{"not_picked":["Consume","Static Discharge"],"picked":"Coolheaded","floor":2.0},{"not_picked":["Doom and Gloom","Static Discharge","Go for the Eyes"],"picked":"SKIP","floor":8.0},{"not_picked":["Beam Cell","Steam Power","Go for the Eyes"],"picked":"SKIP","floor":10.0},{"not_picked":["Beam Cell","Steam Power","Go for the Eyes"],"picked":"SKIP","floor":10.0},{"not_picked":["Thunder Strike","Sweeping Beam"],"picked":"Coolheaded","floor":12.0},{"not_picked":["Melter","Beam Cell","Coolheaded"],"picked":"SKIP","floor":14.0},{"not_picked":["Rainbow","Core Surge"],"picked":"Fission","floor":16.0},{"not_picked":["Hologram","Ball Lightning"],"picked":"Chill","floor":18.0},{"not_picked":["Go for the Eyes+1","Steam"],"picked":"White Noise","floor":20.0},{"not_picked":["Conserve Battery+1","Undo+1"],"picked":"White Noise","floor":21.0},{"not_picked":["Steam","Coolheaded+1"],"picked":"Buffer","floor":22.0},{"not_picked":["Stack","Gash","Doom and Gloom"],"picked":"SKIP","floor":24.0},{"not_picked":["Conserve Battery","Hello World","Steam"],"picked":"SKIP","floor":27.0},{"not_picked":["Storm","Auto Shields","Redo+1"],"picked":"SKIP","floor":28.0},{"not_picked":["Compile Driver","Sunder","Storm"],"picked":"SKIP","floor":31.0},{"not_picked":["Compile Driver","Sunder","Storm"],"picked":"SKIP","floor":31.0},{"not_picked":["Compile Driver","Sunder"],"picked":"Storm","floor":31.0},{"not_picked":["Electrodynamics","Multi-Cast"],"picked":"Echo Form","floor":33.0},{"not_picked":["Leap+1","Cold Snap"],"picked":"Ball Lightning","floor":35.0},{"not_picked":["Turbo+1","Double Energy","Storm+1"],"picked":"SKIP","floor":36.0},{"not_picked":["Sweeping Beam+1","Go for the Eyes+1","Compile Driver+1"],"picked":"SKIP","floor":40.0},{"not_picked":["Chill+1","Conserve Battery"],"picked":"White Noise","floor":41.0},{"not_picked":["Tempest","Rebound","Darkness+1"],"picked":"SKIP","floor":44.0},{"not_picked":["Static Discharge+1","Redo","Rebound+1"],"picked":"SKIP","floor":45.0},{"not_picked":["Go for the Eyes","Steam+1","Hologram+1"],"picked":"SKIP","floor":46.0},{"not_picked":["Storm","Go for the Eyes","Genetic Algorithm"],"picked":"SKIP","floor":48.0},{"not_picked":["FTL+1","Glacier"],"picked":"BootSequence","floor":54}],"player_experience":651962,"relics_obtained":[{"floor":9.0,"key":"Anchor"},{"floor":12.0,"key":"Gambling Chip"},{"floor":13.0,"key":"Vajra"},{"floor":24.0,"key":"Bronze Scales"},{"floor":26.0,"key":"Kunai"},{"floor":40.0,"key":"CeramicFish"},{"floor":43.0,"key":"Pantograph"},{"floor":44.0,"key":"Incense Burner"},{"floor":54,"key":"Oddly Smooth Stone"}],"event_choices":[{"damage_healed":0.0,"max_hp_gain":0.0,"max_hp_loss":0.0,"gold_gain":0.0,"event_name":"Scrap Ooze","player_choice":"Success","floor":4.0,"gold_loss":0.0,"damage_taken":12.0,"relics_obtained":["Orichalcum"]},{"cards_removed":["Strike_B"],"damage_healed":0.0,"max_hp_gain":0.0,"max_hp_loss":0.0,"gold_gain":0.0,"event_name":"Golden Wing","player_choice":"Card Removal","floor":5.0,"gold_loss":0.0,"damage_taken":7.0},{"damage_healed":0.0,"max_hp_gain":0.0,"max_hp_loss":0.0,"gold_gain":0.0,"event_name":"Upgrade Shrine","player_choice":"Upgraded","floor":7.0,"gold_loss":0.0,"damage_taken":0.0,"cards_upgraded":["Zap"]},{"damage_healed":0.0,"max_hp_gain":0.0,"max_hp_loss":0.0,"gold_gain":0.0,"cards_transformed":["Defend_B"],"event_name":"Transmorgrifier","player_choice":"Transformed","floor":30.0,"gold_loss":0.0,"damage_taken":0.0,"cards_obtained":["Hyperbeam"]},{"damage_healed":0.0,"max_hp_gain":0.0,"max_hp_loss":0.0,"gold_gain":0.0,"event_name":"Mysterious Sphere","player_choice":"Ignored","floor":38.0,"gold_loss":0.0,"damage_taken":0.0},{"cards_removed":["Hyperbeam"],"damage_healed":0.0,"max_hp_gain":10.0,"max_hp_loss":0.0,"gold_gain":0.0,"event_name":"Bonfire Elementals","player_choice":"Offered Rare","floor":39.0,"gold_loss":0.0,"damage_taken":0.0}],"is_beta":false,"boss_relics":[{"not_picked":["Fusion Hammer","Pandora\u0027s Box","Coffee Dripper"]},{"not_picked":["Velvet Choker","Runic Pyramid","Runic Dome"]}],"items_purged_floors":[3,19],"is_endless":false,"potions_floor_spawned":[1,8,10,20,21,31,33,36,40,41,45,54],"ascension_level":0}}