{"host":"pvrgpaf3ayyxxis3","time":1607532186,"event":{"gold_per_floor":[110,157,60,92,134,184,224,271,271,271,318,375,375,21,21,146,146,177,92,92,92,130,130,159,210,233,233,284,284,314,289,289,305,305],"floor_reached":33,"playtime":4942,"items_purged":[],"score":267,"play_id":"a7410b53-8ac4-4e05-b1c0-88c250e34983","local_time":"20201209164306","is_ascension_mode":false,"campfire_choices":[{"floor":10,"key":"REST"},{"floor":15,"key":"REST"},{"floor":23,"key":"REST"},{"floor":27,"key":"REST"},{"floor":32,"key":"REST"}],"neow_cost":"NONE","seed_source_timestamp":25084220180300,"circlet_count":0,"master_deck":["RobotSpaceExplorer:Strike","RobotSpaceExplorer:Strike","RobotSpaceExplorer:Strike","RobotSpaceExplorer:Strike","RobotSpaceExplorer:Defend","RobotSpaceExplorer:Defend","RobotSpaceExplorer:Defend+1","RobotSpaceExplorer:Defend","RobotSpaceExplorer:Scan","RobotSpaceExplorer:MiniLasers+1","RobotSpaceExplorer:Probe","RobotSpaceExplorer:MiniDrones","RobotSpaceExplorer:ShockKick","RobotSpaceExplorer:GlueSpray+1","RobotSpaceExplorer:GlueSpray","RobotSpaceExplorer:MiniDrones","RobotSpaceExplorer:ImprovisedAttack","RobotSpaceExplorer:ShovelStrike","RobotSpaceExplorer:ScrapMissile","RobotSpaceExplorer:MetalStrike","RobotSpaceExplorer:StarLightning","RobotSpaceExplorer:SwiftStep","RobotSpaceExplorer:ShovelStrike","RobotSpaceExplorer:ShovelStrike","RobotSpaceExplorer:DualCore","RobotSpaceExplorer:Autoloader","RobotSpaceExplorer:LuckyStrike","hubris:Gluttony","RobotSpaceExplorer:ExhaustFan+1","RobotSpaceExplorer:SurgingStrike","RobotSpaceExplorer:MiniDrones","RobotSpaceExplorer:ScrapMissile+1","RobotSpaceExplorer:SurgingStrike+1"],"relics":["RobotSpaceExplorer:RoboCore","Replay:Bandana","Question Card","vexMod:Dragonfruit","hubris:Metronome","RobotSpaceExplorer:FoglandsKnife","MerchantsRug","conspire:SlowCooker","War Paint","ReplayTheSpireMod:Ring of Exchange","Ring of Misfortune","Red Mask","Orichalcum","vexMod:BerryBomb","halation:QuantumPhysicsTextbook"],"potions_floor_usage":[],"damage_taken":[{"damage":0,"enemies":"Hallownest:2_Baldur","floor":1,"turns":4},{"damage":1,"enemies":"Hallownest:monsterHuskGuard","floor":4,"turns":6},{"damage":6,"enemies":"Hallownest:2_Tiktiks_and_1_Crawlid","floor":5,"turns":3},{"damage":34,"enemies":"Hallownest:eliteCrystalGuardian","floor":6,"turns":9},{"damage":0,"enemies":"Hallownest:monsterFoolEater","floor":7,"turns":4},{"damage":7,"enemies":"Hallownest:Guard_and_Warrior","floor":8,"turns":5},{"damage":6,"enemies":"Hallownest:1_Ooma_and_2_Uuma","floor":11,"turns":6},{"damage":0,"enemies":"Hallownest:Wandering_and_Horned","floor":12,"turns":4},{"damage":32,"enemies":"Hallownest:BossBrokenVessel","floor":16,"turns":10},{"damage":17,"enemies":"Chosen","floor":18,"turns":5},{"damage":44,"enemies":"Shelled Parasite and Fungi","floor":22,"turns":5},{"damage":4,"enemies":"Snake Plant","floor":24,"turns":7},{"damage":16,"enemies":"Masked Bandits","floor":25,"turns":4},{"damage":31,"enemies":"Replay:Snechameleon","floor":28,"turns":6},{"damage":6,"enemies":"Centurion and Healer","floor":30,"turns":5},{"damage":43,"enemies":"hubris:MusketHawk","floor":33,"turns":8}],"seed_played":"7867470231004215255","potions_obtained":[{"floor":1,"key":"Reflective Coating"},{"floor":2,"key":"PowerPotion"},{"floor":2,"key":"Dexterity Potion"},{"floor":24,"key":"Block Potion"},{"floor":30,"key":"PowerPotion"}],"is_trial":false,"path_per_floor":["M","?","$","M","M","E","M","M","T","R","M","M","T","$","R","B",null,"M","?","?","?","M","R","M","?","T","R","E","AVR","M","?","R","B"],"character_chosen":"RobotSpaceExplorer","items_purchased":["RobotSpaceExplorer:ShockKick","RobotSpaceExplorer:GlueSpray","RobotSpaceExplorer:FoglandsKnife","RobotSpaceExplorer:ShovelStrike","MerchantsRug","RobotSpaceExplorer:DualCore"],"campfire_rested":5,"item_purchase_floors":[3,3,14,14,14,14],"current_hp_per_floor":[75,57,57,56,50,16,16,9,14,38,32,32,32,32,56,24,80,63,63,63,63,19,43,39,23,23,47,22,22,16,16,41,0,0],"gold":305,"neow_bonus":"UPGRADE_CARD","is_prod":false,"is_daily":false,"chose_seed":false,"campfire_upgraded":0,"win_rate":0,"timestamp":1607532186,"path_taken":["M","?","$","M","?","E","M","M","T","R","M","M","?","$","R","BOSS","M","?","?","?","M","R","M","?","T","R","E","AVR","M","?","R","BOSS"],"build_version":"2020-11-30","purchased_purges":0,"victory":false,"max_hp_per_floor":[75,75,75,75,75,75,75,75,80,80,80,80,80,80,80,80,80,80,80,80,80,80,80,80,80,80,80,86,86,86,86,86,86,86],"card_choices":[{"not_picked":["RobotSpaceExplorer:GlueShot","RobotSpaceExplorer:SwiftStep"],"picked":"RobotSpaceExplorer:Probe","floor":1},{"not_picked":["RobotSpaceExplorer:Discharger","RobotSpaceExplorer:GlueShot"],"picked":"RobotSpaceExplorer:MiniDrones","floor":2},{"not_picked":["RobotSpaceExplorer:GlueShot","RobotSpaceExplorer:JunkDive"],"picked":"RobotSpaceExplorer:MiniDrones","floor":4},{"not_picked":["RobotSpaceExplorer:MiniDrones","RobotSpaceExplorer:LuckyStrike"],"picked":"RobotSpaceExplorer:ImprovisedAttack","floor":5},{"not_picked":["RobotSpaceExplorer:HighVoltage","RobotSpaceExplorer:LaserBurst"],"picked":"RobotSpaceExplorer:ShovelStrike","floor":6},{"not_picked":["RobotSpaceExplorer:Counterblock","RobotSpaceExplorer:Ammunition","RobotSpaceExplorer:GlueSpray"],"picked":"RobotSpaceExplorer:ScrapMissile","floor":7},{"not_picked":["RobotSpaceExplorer:ScrapMissile","RobotSpaceExplorer:FranticSearch","RobotSpaceExplorer:Calculate"],"picked":"RobotSpaceExplorer:MetalStrike","floor":8},{"not_picked":["RobotSpaceExplorer:RigExplosive","RobotSpaceExplorer:SurgingStrike","RobotSpaceExplorer:SwiftStep"],"picked":"RobotSpaceExplorer:StarLightning","floor":11},{"not_picked":["RobotSpaceExplorer:DoubleBlock","RobotSpaceExplorer:ImprovisedAttack","RobotSpaceExplorer:FranticSearch"],"picked":"RobotSpaceExplorer:SwiftStep","floor":12},{"not_picked":["RobotSpaceExplorer:Exploration","RobotSpaceExplorer:ChargingLaser","RobotSpaceExplorer:Scanner"],"picked":"RobotSpaceExplorer:Autoloader","floor":16},{"not_picked":["RobotSpaceExplorer:StunGrenade+1","RobotSpaceExplorer:ScrapMissile","RobotSpaceExplorer:ImprovisedAttack"],"picked":"RobotSpaceExplorer:LuckyStrike","floor":18},{"not_picked":["RobotSpaceExplorer:ScrapToss","RobotSpaceExplorer:Blitz","RobotSpaceExplorer:MetalStrike+1"],"picked":"RobotSpaceExplorer:ExhaustFan+1","floor":22},{"not_picked":["RobotSpaceExplorer:ShockMissile","RobotSpaceExplorer:ExhaustFan","RobotSpaceExplorer:SlimeMissile"],"picked":"RobotSpaceExplorer:SurgingStrike","floor":24},{"not_picked":["RobotSpaceExplorer:FranticSearch","RobotSpaceExplorer:SwiftStep","RobotSpaceExplorer:ExhaustFan"],"picked":"RobotSpaceExplorer:MiniDrones","floor":25},{"not_picked":["RobotSpaceExplorer:Wormhole","RobotSpaceExplorer:MakeshiftVolley","RobotSpaceExplorer:LuckyStrike"],"picked":"RobotSpaceExplorer:ScrapMissile+1","floor":28},{"not_picked":["RobotSpaceExplorer:StarDust","RobotSpaceExplorer:FranticSearch","RobotSpaceExplorer:Ammunition"],"picked":"RobotSpaceExplorer:SurgingStrike+1","floor":30}],"player_experience":1608,"relics_obtained":[{"floor":2,"key":"Replay:Bandana"},{"floor":6,"key":"Question Card"},{"floor":9,"key":"vexMod:Dragonfruit"},{"floor":13,"key":"hubris:Metronome"},{"floor":21,"key":"ReplayTheSpireMod:Ring of Exchange"},{"floor":21,"key":"Ring of Misfortune"},{"floor":25,"key":"Red Mask"},{"floor":26,"key":"Orichalcum"},{"floor":28,"key":"vexMod:BerryBomb"}],"event_choices":[{"damage_healed":0,"gold_gain":0,"player_choice":"Obtained Relic","damage_taken":0,"relics_obtained":["War Paint"],"max_hp_gain":0,"max_hp_loss":0,"event_name":"Addict","floor":19,"gold_loss":85},{"damage_healed":0,"gold_gain":0,"player_choice":"Fought Bandits","damage_taken":0,"max_hp_gain":0,"max_hp_loss":0,"event_name":"Masked Bandits","floor":25,"gold_loss":0}],"is_beta":false,"boss_relics":[{"not_picked":["Honey Jar","halation:PlatinumPhoenix"],"picked":"conspire:SlowCooker"}],"items_purged_floors":[],"is_endless":false,"potions_floor_spawned":[1,5,12,16,24,30],"killed_by":"hubris:MusketHawk","ascension_level":0}}