{"host":"0xoib765171ofkym","time":1607526596,"event":{"gold_per_floor":[117,136,136,9,28,28,44,44,44,44,44,44,72,100,100,200,200,216,216,73,86,86,86,99,128,128,158,58,73,73,73,73,170,170,187,32,32,42,42,42,69,80,80,105,117,162,194,235,247,259],"floor_reached":51,"playtime":1573,"items_purged":["Strike_B","Strike_B"],"score":1105,"play_id":"8da663f8-c736-4d21-97cf-44b7af7be42b","local_time":"20201210000956","is_ascension_mode":true,"campfire_choices":[{"data":"Defragment","floor":6.0,"key":"SMITH"},{"data":"Darkness","floor":10.0,"key":"SMITH"},{"data":"Dualcast","floor":15.0,"key":"SMITH"},{"data":"Electrodynamics","floor":23.0,"key":"SMITH"},{"floor":30,"key":"REST"},{"floor":32,"key":"REST"},{"data":"Steam Power","floor":40,"key":"SMITH"},{"data":"Echo Form","floor":45,"key":"SMITH"},{"floor":49,"key":"REST"}],"neow_cost":"NONE","seed_source_timestamp":0,"circlet_count":0,"master_deck":["Defend_B","Defend_B","Defend_B","Zap","Dualcast+1","Loop+1","Darkness+1","Cold Snap","Defragment+1","Tempest","Electrodynamics+1","Steam Power+1","Amplify+1","Auto Shields+1","Echo Form+1","Darkness+1","Double Energy+1"],"special_seed":0,"relics":["Cracked Core","Runic Capacitor","Inserter","Cables","Emotion Chip","Nuclear Battery","DataDisk","Symbiotic Virus","White Beast Statue","Dream Catcher","Pear","Odd Mushroom","Nuclear Battery","Sling","Akabeko","TungstenRod","Toxic Egg 2","Letter Opener","Black Star","Bag of Preparation","Kunai","Smiling Mask","MawBank","Bottled Flame","Art of War","Blood Vial","Blue Candle"],"potions_floor_usage":[38,47,50,50,50],"damage_taken":[{"damage":3.0,"enemies":"Small Slimes","floor":1.0,"turns":3.0},{"damage":6.0,"enemies":"Cultist","floor":2.0,"turns":3.0},{"damage":2.0,"enemies":"Jaw Worm","floor":5.0,"turns":3.0},{"damage":10.0,"enemies":"Exordium Wildlife","floor":7.0,"turns":3.0},{"damage":0.0,"enemies":"Gremlin Nob","floor":13.0,"turns":2.0},{"damage":13.0,"enemies":"The Mushroom Lair","floor":14.0,"turns":3.0},{"damage":11.0,"enemies":"The Guardian","floor":16.0,"turns":4.0},{"damage":7.0,"enemies":"Shell Parasite","floor":18.0,"turns":2.0},{"damage":28.0,"enemies":"2 Thieves","floor":21.0,"turns":3.0},{"damage":0,"enemies":"Snecko","floor":24,"turns":3},{"damage":27,"enemies":"Gremlin Leader","floor":25,"turns":3},{"damage":1,"enemies":"Slavers","floor":27,"turns":2},{"damage":6,"enemies":"Chosen and Byrds","floor":29,"turns":3},{"damage":17,"enemies":"Collector","floor":33,"turns":5},{"damage":7,"enemies":"3 Shapes","floor":35,"turns":2},{"damage":0,"enemies":"Orb Walker","floor":38,"turns":3},{"damage":2,"enemies":"Giant Head","floor":41,"turns":5},{"damage":7,"enemies":"Spire Growth","floor":42,"turns":3},{"damage":21,"enemies":"3 Darklings","floor":44,"turns":3},{"damage":18,"enemies":"Nemesis","floor":46,"turns":3},{"damage":21,"enemies":"Maw","floor":47,"turns":4},{"damage":0,"enemies":"Giant Head","floor":48,"turns":4},{"damage":26,"enemies":"Time Eater","floor":50,"turns":5}],"seed_played":"-4334061202827018639","potions_obtained":[{"floor":2.0,"key":"SpeedPotion"},{"floor":7.0,"key":"PowerPotion"},{"floor":13.0,"key":"SkillPotion"},{"floor":14.0,"key":"ColorlessPotion"},{"floor":16.0,"key":"CultistPotion"},{"floor":21.0,"key":"FocusPotion"},{"floor":27,"key":"PowerPotion"},{"floor":38,"key":"FocusPotion"},{"floor":47,"key":"Weak Potion"}],"is_trial":false,"path_per_floor":["M","M","?","$","M","R","M","$","T","R","?","T","E","?","R","B",null,"M","?","$","M","?","R","M","E","T","E","$","M","R","T","R","B",null,"M","$","?","M","?","R","E","M","T","M","R","E","M","E","R","B",null],"character_chosen":"DEFECT","items_purchased":["Cold Snap","Sling","Bag of Preparation"],"campfire_rested":3,"item_purchase_floors":[4,20,36],"current_hp_per_floor":[72,66,66,66,64,64,54,54,54,54,59,59,69,56,56,45,90,83,83,83,55,55,55,55,28,28,27,27,21,48,48,75,58,90,83,83,83,83,83,83,81,74,74,53,53,35,14,14,41,17],"gold":271,"neow_bonus":"THREE_CARDS","is_prod":false,"is_daily":false,"chose_seed":false,"campfire_upgraded":6,"win_rate":0,"timestamp":1607526596,"path_taken":["M","M","?","?","?","R","M","$","T","R","?","?","E","?","R","BOSS","M","?","?","?","?","R","M","E","T","E","$","M","R","?","R","BOSS","M","$","?","?","?","R","E","M","T","M","R","E","?","E","R","BOSS"],"build_version":"2020-11-30","purchased_purges":2,"victory":true,"max_hp_per_floor":[75,75,75,75,75,75,75,75,75,75,80,80,90,90,90,90,90,90,90,90,90,90,90,90,90,90,90,90,90,90,90,90,90,90,90,90,90,90,90,90,90,90,90,90,90,90,90,90,90,90],"card_choices":[{"not_picked":["Barrage","Glacier"],"picked":"Loop","floor":0.0},{"not_picked":["Streamline","Barrage"],"picked":"Darkness","floor":1.0},{"not_picked":["Barrage","Loop","Leap"],"picked":"SKIP","floor":2.0},{"not_picked":["Leap","Beam Cell"],"picked":"Defragment","floor":5.0},{"not_picked":["Storm","Lockon"],"picked":"Tempest","floor":7.0},{"not_picked":["Leap","Redo","Go for the Eyes"],"picked":"SKIP","floor":13.0},{"not_picked":["Machine Learning","Fission"],"picked":"Electrodynamics","floor":16.0},{"not_picked":["Ball Lightning+1","Conserve Battery","Coolheaded"],"picked":"SKIP","floor":18.0},{"not_picked":["Rebound+1","Hologram","Go for the Eyes"],"picked":"SKIP","floor":21.0},{"not_picked":["Fusion","Streamline","Static Discharge+1"],"picked":"SKIP","floor":24},{"not_picked":["Beam Cell","Leap"],"picked":"Auto Shields+1","floor":25},{"not_picked":["Scrape+1","Rebound+1","Machine Learning"],"picked":"SKIP","floor":27},{"not_picked":["Compile Driver+1","Streamline+1","Go for the Eyes"],"picked":"SKIP","floor":29},{"not_picked":["Fission+1","All For One"],"picked":"Echo Form","floor":33},{"not_picked":["Sweeping Beam","Leap+1","Steam+1"],"picked":"SKIP","floor":35},{"not_picked":["Go for the Eyes+1","Undo+1"],"picked":"Darkness+1","floor":38},{"not_picked":["Compile Driver","Auto Shields+1"],"picked":"Double Energy+1","floor":41},{"not_picked":["Turbo+1","Lockon+1","Doom and Gloom+1"],"picked":"SKIP","floor":42},{"not_picked":["Genetic Algorithm+1","Fusion+1","Lockon+1"],"picked":"SKIP","floor":44},{"not_picked":["Blizzard","Darkness+1","Beam Cell+1"],"picked":"SKIP","floor":46},{"not_picked":["Chaos+1","Go for the Eyes+1","Hello World+1"],"picked":"SKIP","floor":47},{"not_picked":["Conserve Battery+1","Rebound+1","White Noise+1"],"picked":"SKIP","floor":48}],"player_experience":255044,"relics_obtained":[{"floor":9.0,"key":"White Beast Statue"},{"floor":12.0,"key":"Dream Catcher"},{"floor":13.0,"key":"Pear"},{"floor":14.0,"key":"Odd Mushroom"},{"floor":25,"key":"Akabeko"},{"floor":26,"key":"TungstenRod"},{"floor":27,"key":"Toxic Egg 2"},{"floor":31,"key":"Letter Opener"},{"floor":41,"key":"Kunai"},{"floor":41,"key":"Smiling Mask"},{"floor":43,"key":"MawBank"},{"floor":46,"key":"Bottled Flame"},{"floor":46,"key":"Art of War"},{"floor":48,"key":"Blood Vial"},{"floor":48,"key":"Blue Candle"}],"event_choices":[{"damage_healed":0.0,"max_hp_gain":0.0,"max_hp_loss":0.0,"gold_gain":0.0,"event_name":"Upgrade Shrine","player_choice":"Upgraded","floor":3.0,"gold_loss":0.0,"damage_taken":0.0,"cards_upgraded":["Loop"]},{"damage_healed":0.0,"max_hp_gain":5.0,"max_hp_loss":0.0,"gold_gain":0.0,"event_name":"Big Fish","player_choice":"Donut","floor":11.0,"gold_loss":0.0,"damage_taken":0.0},{"damage_healed":0.0,"max_hp_gain":0.0,"max_hp_loss":0.0,"gold_gain":0.0,"event_name":"Mushrooms","player_choice":"Fought Mushrooms","floor":14.0,"gold_loss":0.0,"damage_taken":0.0},{"cards_removed":["Strike_B"],"damage_healed":0.0,"max_hp_gain":0.0,"max_hp_loss":0.0,"gold_gain":0.0,"event_name":"Back to Basics","player_choice":"Elegance","floor":19.0,"gold_loss":0.0,"damage_taken":0.0},{"damage_healed":0.0,"max_hp_gain":0.0,"max_hp_loss":0.0,"gold_gain":0.0,"cards_transformed":["Strike_B","Defend_B"],"event_name":"Drug Dealer","player_choice":"Became Test Subject","floor":22.0,"gold_loss":0.0,"damage_taken":0.0,"cards_obtained":["Steam Power","Amplify"]},{"damage_healed":0,"gold_gain":0,"player_choice":"0 cards matched","damage_taken":0,"max_hp_gain":0,"max_hp_loss":0,"event_name":"Match and Keep!","floor":37,"gold_loss":0,"cards_obtained":[]},{"damage_healed":0,"gold_gain":0,"player_choice":"Forge","damage_taken":0,"max_hp_gain":0,"max_hp_loss":0,"event_name":"Accursed Blacksmith","floor":39,"gold_loss":0,"cards_upgraded":["Amplify"]}],"is_beta":false,"boss_relics":[{"not_picked":["Pandora\u0027s Box","Runic Dome"],"picked":"Nuclear Battery"},{"not_picked":["Runic Pyramid","Coffee Dripper"],"picked":"Black Star"}],"items_purged_floors":[4,28],"is_endless":false,"potions_floor_spawned":[2,7,13,14,16,18,21,24,25,27,29,33,35,38,41,42,44,46,47,48],"ascension_level":4}}