{"host":"87fdiiwflhrwsj8a","time":1607548041,"event":{"gold_per_floor":[111,44,44,319,331,331,256,256,256,271,305,305,305,339,404,479,479,489,489,501,163,163,163,197,197,197,197,29,44,44,44],"floor_reached":30,"playtime":912,"items_purged":["Regret"],"score":629,"play_id":"99eebd73-6213-4137-9bbd-6ad2d603848a","local_time":"20201209160721","is_ascension_mode":true,"campfire_choices":[{"data":"Apotheosis","floor":6,"key":"SMITH"},{"data":"StuffTheSpire:Synthwave","floor":8,"key":"SMITH"},{"floor":13,"key":"REST"},{"data":"StuffTheSpire:Synthwave","floor":23,"key":"SMITH"},{"floor":25,"key":"REST"},{"data":"Consume","floor":25,"key":"SMITH"},{"data":"Amplify","floor":27,"key":"SMITH"}],"neow_cost":"NONE","seed_source_timestamp":102135999189300,"circlet_count":0,"master_deck":["AscendersBane","Strike_B","Strike_B","Strike_B","Strike_B","Defend_B","Defend_B","Defend_B","Defend_B","Zap","Dualcast","StuffTheSpire:Synthwave+1","Lockon+1","Apotheosis+1","Barrage","Fusion","StuffTheSpire:ForEach","Hologram","StuffTheSpire:Synthwave+1","Amplify+1","FIFO Queue","Heatsinks+1","Consume+1","BasicCrystalCard"],"relics":["Cracked Core","NeowsBlessing","ReplayTheSpireMod:Shallot","StuffTheSpire:SapphireSignet","Replay:Rubber Ducky","infinitespire:Magic Flask","Ring of Chaos","Pear","Replay:PocketPolymizer","Counterbalance","Chemical X"],"potions_floor_usage":[16,16],"damage_taken":[{"damage":0,"enemies":"2 Louse","floor":1,"turns":1},{"damage":0,"enemies":"Small Slimes","floor":5,"turns":1},{"damage":0,"enemies":"Cultist","floor":10,"turns":1},{"damage":7,"enemies":"3 Sentries","floor":11,"turns":5},{"damage":5,"enemies":"Gremlin Nob","floor":14,"turns":3},{"damage":30,"enemies":"Lagavulin Event","floor":15,"turns":5},{"damage":0,"enemies":"Hexaghost","floor":16,"turns":7},{"damage":20,"enemies":"Spheric Guardian","floor":18,"turns":5},{"damage":32,"enemies":"3 Byrds","floor":20,"turns":5},{"damage":48,"enemies":"Nightmare","floor":24,"turns":9},{"damage":33,"enemies":"Snecko","floor":29,"turns":6},{"damage":44,"enemies":"3 Cultists","floor":30,"turns":4}],"seed_played":"-609245381292165343","potions_obtained":[{"floor":5,"key":"Reflective Coating"},{"floor":11,"key":"SpeedPotion"},{"floor":20,"key":"SteroidPotion"}],"is_trial":false,"path_per_floor":["M","$","?","?","M","R","$","R","T","M","E","?","R","E","R_BF","B",null,"M","?","M","$","?","R","NM","R","T","R","$","M","M"],"character_chosen":"DEFECT","items_purchased":["Lockon+1","Heatsinks+1","Pear","Chemical X"],"campfire_rested":2,"item_purchase_floors":[2,21,21,28],"current_hp_per_floor":[64,64,64,64,64,64,64,64,64,64,57,57,71,66,36,36,62,44,44,12,22,91,91,43,70,70,70,70,37,0,0],"gold":44,"neow_bonus":"THREE_ENEMY_KILL","is_prod":false,"is_daily":false,"chose_seed":false,"campfire_upgraded":5,"win_rate":0,"timestamp":1607548041,"path_taken":["M","$","?","?","?","R","$","R","T","M","E","?","R","E","R_BF","BOSS","M","?","M","$","?","R","NM","R","T","R","$","?","M"],"build_version":"2020-11-30","purchased_purges":1,"victory":false,"max_hp_per_floor":[71,71,71,71,71,71,71,71,71,71,71,71,71,71,71,71,71,71,71,71,81,91,91,91,91,91,91,91,91,91,91],"card_choices":[{"not_picked":["Cold Snap","StuffTheSpire:LoadUp"],"picked":"StuffTheSpire:Synthwave","floor":1},{"not_picked":["Gash","StuffTheSpire:GlassShard"],"picked":"Barrage","floor":5},{"not_picked":["Hologram","StuffTheSpire:GlassShard"],"picked":"Fusion","floor":10},{"not_picked":["Defragment","Machine Learning"],"picked":"StuffTheSpire:ForEach","floor":11},{"not_picked":["Panic Button","Compile Driver"],"picked":"Hologram","floor":14},{"not_picked":["ReplayTheSpireMod:Omega Cannon","Barrage"],"picked":"StuffTheSpire:Synthwave","floor":15},{"not_picked":["StuffTheSpire:LaunchingStrike","Hyperbeam"],"picked":"All For One","floor":16},{"not_picked":["ReplayTheSpireMod:Repulse","Streamline","Compile Driver"],"picked":"SKIP","floor":18},{"not_picked":["Turbo","Stack"],"picked":"FIFO Queue","floor":20},{"not_picked":["Coolheaded","StuffTheSpire:CleanHardDrive"],"picked":"Consume","floor":24},{"not_picked":["Barrage","StuffTheSpire:Rend+1"],"picked":"BasicCrystalCard","floor":29}],"player_experience":2509193,"relics_obtained":[{"floor":9,"key":"ReplayTheSpireMod:Shallot"},{"floor":11,"key":"StuffTheSpire:SapphireSignet"},{"floor":14,"key":"Replay:Rubber Ducky"},{"floor":15,"key":"infinitespire:Magic Flask"},{"floor":24,"key":"Replay:PocketPolymizer"},{"floor":26,"key":"Counterbalance"}],"event_choices":[{"damage_healed":64,"gold_gain":0,"player_choice":"Embrace","damage_taken":0,"max_hp_gain":0,"max_hp_loss":71,"event_name":"betterThird:BetterShining","floor":3,"gold_loss":0},{"damage_healed":0,"gold_gain":275,"player_choice":"Desecrate","damage_taken":0,"max_hp_gain":0,"max_hp_loss":0,"event_name":"Golden Shrine","floor":4,"gold_loss":0,"cards_obtained":["Regret"]},{"damage_healed":0,"gold_gain":0,"player_choice":"Leave","damage_taken":0,"max_hp_gain":0,"max_hp_loss":0,"event_name":"The Cleric","floor":12,"gold_loss":0},{"damage_healed":0,"gold_gain":30,"player_choice":"Searched \u00273\u0027 times","damage_taken":0,"max_hp_gain":0,"max_hp_loss":0,"event_name":"Dead Adventurer","floor":15,"gold_loss":0},{"damage_healed":0,"gold_gain":0,"player_choice":"Take","damage_taken":0,"max_hp_gain":0,"max_hp_loss":0,"event_name":"betterNote:BetterNote","floor":19,"gold_loss":0,"cards_obtained":["Amplify"]},{"cards_removed":["All For One"],"damage_healed":59,"gold_gain":0,"player_choice":"Offered Rare","damage_taken":0,"max_hp_gain":10,"max_hp_loss":0,"event_name":"Bonfire Elementals","floor":22,"gold_loss":0}],"is_beta":false,"boss_relics":[{"not_picked":["ReplayTheSpireMod:DimensionalGlitch","Replay:Wanted Poster"],"picked":"Ring of Chaos"}],"items_purged_floors":[7],"is_endless":true,"potions_floor_spawned":[5,11,14,15,20],"killed_by":"3 Cultists","ascension_level":20}}