{"host":"jm9833yuloeli2yd","time":1607545924,"event":{"gold_per_floor":[110,122,38,52,202,202,231,231,231,245,275,150,150,227,227,327,327,344,361,361,361,361],"floor_reached":21,"playtime":500,"items_purged":[],"score":494,"play_id":"0cece40a-ca14-4be8-8bb3-e72c438690f5","local_time":"20201209153204","is_ascension_mode":true,"campfire_choices":[{"data":"Defragment","floor":6.0,"key":"SMITH"},{"floor":13.0,"key":"REST"},{"data":"Zap","floor":15.0,"key":"SMITH"}],"neow_cost":"NONE","seed_source_timestamp":771894597844000,"circlet_count":0,"master_deck":["AscendersBane","Strike_B","Strike_B","Strike_B","Strike_B","Defend_B","Defend_B","Defend_B","Defend_B","Zap+1","Dualcast","Ball Lightning","Ball Lightning","Compile Driver","FTL","Defragment+1","Doubt","Coolheaded","Go for the Eyes","Coolheaded","HandOfGreed+1","Conserve Battery","Core Surge","Conserve Battery","Turbo+1","Writhe"],"special_seed":0,"relics":["Cracked Core","Darkstone Periapt","Art of War","TungstenRod","StoneCalendar","Philosopher\u0027s Stone","Omamori"],"potions_floor_usage":[21],"damage_taken":[{"damage":3.0,"enemies":"2 Louse","floor":1.0,"turns":3.0},{"damage":0.0,"enemies":"Cultist","floor":2.0,"turns":2.0},{"damage":9.0,"enemies":"Small Slimes","floor":4.0,"turns":3.0},{"damage":20.0,"enemies":"Lagavulin","floor":7.0,"turns":6.0},{"damage":7.0,"enemies":"Looter","floor":10.0,"turns":3.0},{"damage":21.0,"enemies":"Gremlin Nob","floor":11.0,"turns":4.0},{"damage":2.0,"enemies":"3 Sentries","floor":14.0,"turns":6.0},{"damage":0.0,"enemies":"The Guardian","floor":16.0,"turns":8.0},{"damage":15.0,"enemies":"Spheric Guardian","floor":18.0,"turns":4.0},{"damage":14.0,"enemies":"Shell Parasite","floor":19.0,"turns":4.0},{"damage":37,"enemies":"Cultist and Chosen","floor":21,"turns":3}],"seed_played":"4446707755523409820","potions_obtained":[{"floor":1.0,"key":"Fire Potion"},{"floor":4.0,"key":"Explosive Potion"}],"is_trial":false,"path_per_floor":["M","M","$","M","?","R","E","?","T","M","E","?","R","E","R","B",null,"M","M","?","M"],"character_chosen":"DEFECT","items_purchased":["FTL"],"campfire_rested":1,"item_purchase_floors":[3],"current_hp_per_floor":[61,61,61,52,52,52,32,32,32,25,4,4,25,23,23,23,59,44,30,36,0,0],"gold":361,"neow_bonus":"THREE_CARDS","is_prod":false,"is_daily":false,"chose_seed":false,"campfire_upgraded":2,"win_rate":0,"timestamp":1607545924,"path_taken":["M","M","$","M","?","R","E","?","T","M","E","?","R","E","R","BOSS","M","M","?","M"],"build_version":"2020-11-30","purchased_purges":0,"victory":false,"max_hp_per_floor":[71,71,71,71,71,71,71,71,71,71,71,71,71,71,71,71,71,71,71,77,77,77],"card_choices":[{"not_picked":["Chill","Compile Driver"],"picked":"Ball Lightning","floor":0.0},{"not_picked":["Auto Shields","Steam"],"picked":"Ball Lightning","floor":1.0},{"not_picked":["Melter","Conserve Battery"],"picked":"Compile Driver","floor":2.0},{"not_picked":["Beam Cell","Go for the Eyes"],"picked":"Defragment","floor":4.0},{"not_picked":["Beam Cell","Hologram"],"picked":"Coolheaded","floor":7.0},{"not_picked":["Compile Driver","Double Energy"],"picked":"Go for the Eyes","floor":10.0},{"not_picked":["Go for the Eyes","Sweeping Beam"],"picked":"Coolheaded","floor":11.0},{"not_picked":["Chrysalis+1","Transmutation+1"],"picked":"HandOfGreed+1","floor":12.0},{"not_picked":["Meteor Strike","Beam Cell"],"picked":"Conserve Battery","floor":14.0},{"not_picked":["Buffer","Meteor Strike"],"picked":"Core Surge","floor":16.0},{"not_picked":["Lockon","Beam Cell"],"picked":"Conserve Battery","floor":18.0},{"not_picked":["Chill+1","Beam Cell"],"picked":"Turbo+1","floor":19.0}],"player_experience":982883,"relics_obtained":[{"floor":7.0,"key":"Darkstone Periapt"},{"floor":9.0,"key":"Art of War"},{"floor":11.0,"key":"TungstenRod"},{"floor":14.0,"key":"StoneCalendar"}],"event_choices":[{"damage_healed":0.0,"max_hp_gain":0.0,"max_hp_loss":0.0,"gold_gain":150.0,"event_name":"Liars Game","player_choice":"AGREE","floor":5.0,"gold_loss":0.0,"damage_taken":0.0,"cards_obtained":["Doubt"]},{"damage_healed":0.0,"max_hp_gain":0.0,"max_hp_loss":0.0,"gold_gain":0.0,"event_name":"Golden Wing","player_choice":"Ignored","floor":8.0,"gold_loss":0.0,"damage_taken":0.0},{"damage_healed":0.0,"max_hp_gain":0.0,"max_hp_loss":0.0,"gold_gain":0.0,"event_name":"betterMatch:BetterMatch","player_choice":"2","floor":12.0,"gold_loss":0.0,"damage_taken":0.0,"cards_obtained":["betterMatch:ColorlessRareCard"]},{"damage_healed":0.0,"max_hp_gain":0.0,"max_hp_loss":0.0,"gold_gain":0.0,"event_name":"The Mausoleum","player_choice":"Opened","floor":20.0,"gold_loss":0.0,"damage_taken":0.0,"relics_obtained":["Omamori"],"cards_obtained":["Writhe"]}],"is_beta":false,"boss_relics":[{"not_picked":["Snecko Eye","Calling Bell"],"picked":"Philosopher\u0027s Stone"}],"items_purged_floors":[],"is_endless":false,"potions_floor_spawned":[1,4],"killed_by":"Cultist and Chosen","ascension_level":20}}