{"host":"ci7ivtocgfxh0ueo","time":1607502229,"event":{"gold_per_floor":[114,114,39,57,93,145,145,199,199,199,219,219],"floor_reached":11,"playtime":275,"items_purged":["Pain"],"score":146,"play_id":"cc8a8143-7835-4acc-9fcf-3626d8098257","local_time":"20201209162349","is_ascension_mode":true,"campfire_choices":[{"data":"Uppercut","floor":7,"key":"SMITH"}],"neow_cost":"CURSE","seed_source_timestamp":78022362288100,"circlet_count":0,"master_deck":["AscendersBane","Strike_R","Strike_R","Strike_R","Strike_R","Strike_R","Defend_R","Defend_R","Defend_R","Defend_R","Bash","Decay","HandOfGreed","Dropkick","Power Through","Cleave","Ghostly Armor","Uppercut+1","Juggernaut","Heavy Blade"],"relics":["Burning Blood","Bag of Preparation","Mango","Kunai","Shuriken"],"potions_floor_usage":[6,8,11,11],"damage_taken":[{"damage":11,"enemies":"Jaw Worm","floor":1,"turns":3},{"damage":3,"enemies":"Cultist","floor":4,"turns":3},{"damage":8,"enemies":"Small Slimes","floor":5,"turns":3},{"damage":17,"enemies":"3 Sentries","floor":6,"turns":8},{"damage":24,"enemies":"Gremlin Nob","floor":8,"turns":4},{"damage":32,"enemies":"3 Sentries","floor":11,"turns":5}],"seed_played":"3655008096281124579","potions_obtained":[{"floor":4,"key":"FearPotion"},{"floor":5,"key":"PowerPotion"},{"floor":8,"key":"EntropicBrew"}],"is_trial":false,"path_per_floor":["M","?","$","M","M","E","R","E","T","?","E"],"character_chosen":"IRONCLAD","items_purchased":[],"campfire_rested":0,"item_purchase_floors":[],"current_hp_per_floor":[63,63,63,66,64,53,53,49,49,23,0,0],"gold":219,"neow_bonus":"RANDOM_COLORLESS_2","is_prod":false,"is_daily":false,"chose_seed":false,"campfire_upgraded":1,"win_rate":0,"timestamp":1607502229,"path_taken":["M","?","$","?","M","E","R","E","T","?","E"],"build_version":"2020-11-30","purchased_purges":1,"victory":false,"max_hp_per_floor":[75,75,75,75,75,75,75,89,89,89,89,89],"card_choices":[{"not_picked":["Magnetism","Apotheosis"],"picked":"HandOfGreed","floor":0},{"not_picked":["Pommel Strike","Iron Wave"],"picked":"Dropkick","floor":1},{"not_picked":["True Grit","Havoc"],"picked":"Ghostly Armor","floor":4},{"not_picked":["Iron Wave","Clothesline"],"picked":"Uppercut","floor":5},{"not_picked":["Brutality","Twin Strike"],"picked":"Juggernaut","floor":6},{"not_picked":["Clothesline","Fiend Fire"],"picked":"Heavy Blade","floor":8}],"player_experience":1233535,"relics_obtained":[{"floor":6,"key":"Bag of Preparation"},{"floor":8,"key":"Mango"},{"floor":9,"key":"Kunai"}],"event_choices":[{"damage_healed":0,"gold_gain":0,"player_choice":"3 cards matched","damage_taken":0,"max_hp_gain":0,"max_hp_loss":0,"event_name":"Match and Keep!","floor":2,"gold_loss":0,"cards_obtained":["Power Through","Pain","Cleave"]},{"damage_healed":0,"gold_gain":0,"player_choice":"Success","damage_taken":26,"relics_obtained":["Shuriken"],"max_hp_gain":0,"max_hp_loss":0,"event_name":"Scrap Ooze","floor":10,"gold_loss":0}],"is_beta":false,"boss_relics":[],"items_purged_floors":[3],"is_endless":false,"potions_floor_spawned":[4,5,8],"killed_by":"3 Sentries","ascension_level":16}}