{"host":"n23juj4d9qam5hh1","time":1607472463,"event":{"gold_per_floor":[111,5,105,123,134,134,154,169,194,205,232,232,249,249,249,373,373,392,392,412,425,425,425,438,438,438,473,251,251,251],"floor_reached":29,"playtime":1356,"items_purged":["Injury"],"score":261,"play_id":"d0ee1d22-1e9d-4363-aa31-74b49e0792f1","local_time":"20201208190743","is_ascension_mode":true,"campfire_choices":[{"data":"Bash","floor":6.0,"key":"SMITH"},{"data":"Flame Barrier","floor":12.0,"key":"SMITH"},{"data":"ReplayReversal","floor":15.0,"key":"SMITH"},{"floor":23.0,"key":"REST"},{"floor":25.0,"key":"REST"}],"neow_cost":"NONE","seed_source_timestamp":0,"circlet_count":0,"master_deck":["Strike_R+1","Strike_R+1","Strike_R+1","Strike_R+1","Strike_R+1","Defend_R+1","Defend_R+1","Defend_R+1","Defend_R+1","Bash+1","Sword Boomerang","Battle Trance","Flame Barrier+1","Shrug It Off+1","Power Through","Fire Breathing","ReplayReversal+1","Impervious","Heavy Blade+1","Cleave+1","Whirlwind","Wild Strike+1"],"special_seed":0,"relics":["Burning Blood","Nunchaku","Gremlin Food","Golden Idol","SacredBark","Quantum Egg","Bag of Preparation","Oddly Smooth Stone"],"potions_floor_usage":[],"damage_taken":[{"damage":2.0,"enemies":"Small Slimes","floor":1.0,"turns":4.0},{"damage":1.0,"enemies":"Cultist","floor":4.0,"turns":3.0},{"damage":2.0,"enemies":"Jaw Worm","floor":5.0,"turns":5.0},{"damage":3.0,"enemies":"3 Louse","floor":7.0,"turns":4.0},{"damage":5.0,"enemies":"2 Fungi Beasts","floor":8.0,"turns":5.0},{"damage":8.0,"enemies":"Exordium Wildlife","floor":10.0,"turns":6.0},{"damage":8.0,"enemies":"Blue Slaver","floor":13.0,"turns":3.0},{"damage":70.0,"enemies":"Fading Forest","floor":16.0,"turns":11.0},{"damage":10.0,"enemies":"Shell Parasite","floor":18.0,"turns":7.0},{"damage":11.0,"enemies":"Spheric Guardian","floor":20.0,"turns":4.0},{"damage":44.0,"enemies":"Centurion and Healer","floor":21.0,"turns":11.0},{"damage":45.0,"enemies":"Chosen and Byrds","floor":24.0,"turns":9.0},{"damage":29.0,"enemies":"Book of Stabbing","floor":27.0,"turns":7.0},{"damage":1,"enemies":"3 Cultists","floor":29,"turns":3}],"seed_played":"-8451713810596267598","potions_obtained":[{"floor":0.0,"key":"SteroidPotion"},{"floor":0.0,"key":"Reflective Coating"},{"floor":0.0,"key":"Regen Potion"},{"floor":8.0,"key":"Fire Potion"},{"floor":18.0,"key":"ColorlessPotion"}],"is_trial":false,"path_per_floor":["M","$","?","M","M","R","M","M","T","M","T","R","M","?","R","B",null,"M","?","M","M","?","R","M","R","T","E","$","M"],"character_chosen":"IRONCLAD","items_purchased":["Battle Trance","Flame Barrier","Oddly Smooth Stone"],"campfire_rested":2,"item_purchase_floors":[2,2,28],"current_hp_per_floor":[80,80,80,80,80,80,80,80,80,78,78,78,76,76,76,37,80,76,76,71,33,33,57,18,42,42,19,19,18,18],"gold":251,"neow_bonus":"THREE_SMALL_POTIONS","is_prod":false,"is_daily":false,"chose_seed":false,"campfire_upgraded":3,"win_rate":0,"timestamp":1607472463,"path_taken":["M","$","?","M","M","R","M","?","T","M","?","R","M","?","R","BOSS","M","?","M","M","?","R","M","R","T","E","$","M"],"build_version":"2020-11-30","purchased_purges":1,"victory":false,"max_hp_per_floor":[80,80,80,80,80,80,80,80,80,80,80,80,80,80,80,80,80,80,80,80,80,80,80,80,80,80,80,80,80,80],"relic_stats":{"Nunchaku":[7],"counters":[14,82],"Golden Idol":46,"Bag of Preparation":[2],"obtain_stats":[{"Gremlin Food":11,"Nunchaku":9,"Golden Idol":14,"SacredBark":17,"Quantum Egg":26,"Oddly Smooth Stone":28,"Bag of Preparation":27,"Burning Blood":0},{"Gremlin Food":6,"Nunchaku":5,"Golden Idol":7,"SacredBark":8,"Quantum Egg":12,"Oddly Smooth Stone":13,"Bag of Preparation":13,"Burning Blood":0},{"Gremlin Food":27,"Nunchaku":21,"Golden Idol":30,"SacredBark":41,"Quantum Egg":72,"Oddly Smooth Stone":79,"Bag of Preparation":79,"Burning Blood":0}],"Burning Blood":61},"card_choices":[{"not_picked":["Flex","Life Link"],"picked":"Sword Boomerang","floor":1.0},{"not_picked":["Perfected Strike","Bloodletting","Offering"],"picked":"SKIP","floor":4.0},{"not_picked":["Evolve","Flex"],"picked":"Shrug It Off","floor":5.0},{"not_picked":["Havoc","Hemokinesis"],"picked":"Power Through","floor":7.0},{"not_picked":["Heavy Blade","Body Slam"],"picked":"Fire Breathing","floor":8.0},{"not_picked":["Dual Wield","Thunderclap","Sword Boomerang"],"picked":"SKIP","floor":10.0},{"not_picked":["Headbutt","Sentinel"],"picked":"ReplayReversal","floor":13.0},{"not_picked":["Hemogenesis","Eclipse"],"picked":"Impervious","floor":16.0},{"not_picked":["Warcry","Twin Strike"],"picked":"Heavy Blade","floor":18.0},{"not_picked":["ReplayTheSpireMod:Strike From Hell+1","Dark Embrace+1"],"picked":"Cleave+1","floor":20.0},{"not_picked":["Replay:Undeath\u0027s Touch+1","Pommel Strike"],"picked":"Whirlwind","floor":21.0},{"not_picked":["Body Slam","Clothesline"],"picked":"Wild Strike+1","floor":24.0},{"not_picked":["Power Through","ReplayTheSpireMod:Muscle Training","Clothesline"],"picked":"SKIP","floor":27.0}],"player_experience":156892,"relics_obtained":[{"floor":9.0,"key":"Nunchaku"},{"floor":11.0,"key":"Gremlin Food"},{"floor":26.0,"key":"Quantum Egg"},{"floor":27.0,"key":"Bag of Preparation"}],"event_choices":[{"damage_healed":0.0,"max_hp_gain":0.0,"max_hp_loss":0.0,"gold_gain":100.0,"event_name":"Golden Shrine","player_choice":"Pray","floor":3.0,"gold_loss":0.0,"damage_taken":0.0},{"damage_healed":0.0,"max_hp_gain":0.0,"max_hp_loss":0.0,"gold_gain":0.0,"event_name":"Golden Idol","player_choice":"Take Wound","floor":14.0,"gold_loss":0.0,"damage_taken":0.0,"relics_obtained":["Golden Idol"],"cards_obtained":["Injury"]},{"damage_healed":0.0,"max_hp_gain":0.0,"max_hp_loss":0.0,"gold_gain":0.0,"event_name":"Ghosts","player_choice":"Ignored","floor":19.0,"gold_loss":0.0,"damage_taken":0.0},{"damage_healed":0.0,"max_hp_gain":0.0,"max_hp_loss":0.0,"gold_gain":0.0,"event_name":"Back to Basics","player_choice":"Simplicity","floor":22.0,"gold_loss":0.0,"damage_taken":0.0,"cards_upgraded":["Strike_R","Strike_R","Strike_R","Strike_R","Strike_R","Defend_R","Defend_R","Defend_R","Defend_R"]}],"is_beta":false,"boss_relics":[{"not_picked":["Replay:Drink Me","Coffee Dripper"],"picked":"SacredBark"}],"items_purged_floors":[28],"is_endless":false,"potions_floor_spawned":[1,7,8,10,13,18],"killed_by":"3 Cultists","ascension_level":2}}