{"host":"22v3gqhprfvenc0a","time":1607502760,"event":{"gold_per_floor":[112,126,149,149,165,192,204,215,215,232,249,249,262,277,277,277,277],"floor_reached":16,"playtime":697,"items_purged":[],"score":146,"play_id":"738cb008-190f-40de-8c3f-58e08be60809","local_time":"20201209113240","is_ascension_mode":true,"campfire_choices":[{"floor":12,"key":"REST"},{"data":"Chaos","floor":15,"key":"SMITH"}],"neow_cost":"NONE","seed_source_timestamp":41978158745300,"circlet_count":0,"master_deck":["Strike_B","Strike_B","Strike_B","Defend_B","Defend_B","Defend_B","Defend_B","Zap","Dualcast","ReplayRNGCard","Chaos+1","Hologram","Streamline","Conserve Battery","Steam","Coolheaded","Cold Snap","Melter","FIFO Queue"],"relics":["Cracked Core","MealTicket","ReplayTheSpireMod:Shallot","Strawberry"],"potions_floor_usage":[16,16],"damage_taken":[{"damage":7,"enemies":"Cultist","floor":1,"turns":5},{"damage":8,"enemies":"Small Slimes","floor":2,"turns":4},{"damage":16,"enemies":"Jaw Worm","floor":5,"turns":5},{"damage":28,"enemies":"Replay:BlueRogue","floor":6,"turns":6},{"damage":4,"enemies":"2 Fungi Beasts","floor":7,"turns":5},{"damage":0,"enemies":"Blue Slaver","floor":8,"turns":6},{"damage":9,"enemies":"Large Slime","floor":10,"turns":5},{"damage":0,"enemies":"2 Fungi Beasts","floor":11,"turns":6},{"damage":0,"enemies":"3 Louse","floor":13,"turns":3},{"damage":11,"enemies":"Exordium Thugs","floor":14,"turns":6},{"damage":38,"enemies":"Fading Forest","floor":16,"turns":5}],"seed_played":"-7798960390718434386","potions_obtained":[{"floor":1,"key":"Fire Potion"},{"floor":8,"key":"SmokeBomb"},{"floor":10,"key":"Energy Potion"},{"floor":11,"key":"Weak Potion"},{"floor":13,"key":"SkillPotion"}],"is_trial":false,"path_per_floor":["M","M","T","?","M","E","M","M","T","M","M","R","M","M","R","B"],"character_chosen":"DEFECT","items_purchased":[],"campfire_rested":1,"item_purchase_floors":[],"current_hp_per_floor":[61,53,53,53,37,9,5,5,12,3,3,27,27,16,16,0,0],"gold":277,"neow_bonus":"ONE_RANDOM_RARE_CARD","is_prod":false,"is_daily":false,"chose_seed":false,"campfire_upgraded":1,"win_rate":0,"timestamp":1607502760,"path_taken":["M","?","?","?","M","E","?","M","T","?","M","R","M","M","R","BOSS"],"build_version":"2020-11-30","purchased_purges":0,"victory":false,"max_hp_per_floor":[75,75,75,75,75,75,75,75,82,82,82,82,82,82,82,82,82],"relic_stats":{"counters":[63,300],"MealTicket":0,"obtain_stats":[{"Solar Panel":31,"Divine Protection":26,"Regal Pillow":29,"Lantern":32,"Gremlin Horn":25,"Blue Doll":11,"Bag of Preparation":38,"Runic Capacitor":2,"Juzu Bracelet":29,"Ginger":46,"Boot":9,"BranchBurnRelic":6,"Centennial Puzzle":6,"Mummified Hand":0,"Pantograph":29,"Strawberry":9,"Prayer Wheel":16,"Tiny Chest":29,"MealTicket":3,"Iron Hammer":0,"Cracked Core":0,"Gremlin Food":27,"Dead Branch":0,"Oddly Smooth Stone":34,"Eternal Feather":34,"The Courier":24,"Replay:WaspNest":46,"Pen Nib":23,"Replay:Ancient Bell":34,"Frozen Egg 2":27,"Orichalcum":54,"MawBank":15,"Cables":7,"OrangePellets":0,"Replay:Baseball":9,"Anchor":25,"ReplayTheSpireMod:Shallot":6,"Ornamental Fan":41,"Molten Egg 2":14,"Black Star":17,"Membership Card":0,"Toy Ornithopter":24,"FossilizedHelix":34,"TungstenRod":41,"Pocketwatch":54},{"Solar Panel":51,"Divine Protection":17,"Regal Pillow":49,"Lantern":51,"Gremlin Horn":17,"Blue Doll":7,"Bag of Preparation":23,"Runic Capacitor":34,"Juzu Bracelet":49,"Ginger":28,"Boot":6,"BranchBurnRelic":36,"Centennial Puzzle":6,"Mummified Hand":33,"Pantograph":19,"Strawberry":58,"Prayer Wheel":11,"Tiny Chest":19,"MealTicket":54,"Iron Hammer":33,"Cracked Core":0,"Gremlin Food":18,"Dead Branch":33,"Oddly Smooth Stone":22,"Eternal Feather":22,"The Courier":17,"Replay:WaspNest":28,"Pen Nib":45,"Replay:Ancient Bell":22,"Frozen Egg 2":18,"Orichalcum":32,"MawBank":41,"Cables":37,"OrangePellets":33,"Replay:Baseball":37,"Anchor":46,"ReplayTheSpireMod:Shallot":56,"Ornamental Fan":25,"Molten Egg 2":10,"Black Star":11,"Membership Card":33,"Toy Ornithopter":17,"FossilizedHelix":22,"TungstenRod":25,"Pocketwatch":32},{"Solar Panel":238,"Divine Protection":70,"Regal Pillow":230,"Lantern":238,"Gremlin Horn":70,"Blue Doll":24,"Bag of Preparation":100,"Runic Capacitor":164,"Juzu Bracelet":230,"Ginger":127,"Boot":20,"BranchBurnRelic":167,"Centennial Puzzle":20,"Mummified Hand":161,"Pantograph":78,"Strawberry":275,"Prayer Wheel":37,"Tiny Chest":78,"MealTicket":253,"Iron Hammer":161,"Cracked Core":0,"Gremlin Food":73,"Dead Branch":161,"Oddly Smooth Stone":94,"Eternal Feather":94,"The Courier":70,"Replay:WaspNest":127,"Pen Nib":208,"Replay:Ancient Bell":94,"Frozen Egg 2":73,"Orichalcum":153,"MawBank":187,"Cables":172,"OrangePellets":161,"Replay:Baseball":172,"Anchor":214,"ReplayTheSpireMod:Shallot":264,"Ornamental Fan":110,"Molten Egg 2":33,"Black Star":46,"Membership Card":161,"Toy Ornithopter":70,"FossilizedHelix":94,"TungstenRod":110,"Pocketwatch":153}]},"card_choices":[{"not_picked":["Gash","BasicCrystalCard"],"picked":"Chaos","floor":1},{"not_picked":["ReplayTheSpireMod:GoodbyeWorld","Gash"],"picked":"Hologram","floor":2},{"not_picked":["Beam Cell","ReplayTheSpireMod:Repulse"],"picked":"Streamline","floor":5},{"not_picked":["Chaos","Hello World"],"picked":"Conserve Battery","floor":6},{"not_picked":["Streamline","ReplayTheSpireMod:System Scan"],"picked":"Steam","floor":7},{"not_picked":["Seek","Rebound"],"picked":"Coolheaded","floor":8},{"not_picked":["Turbo","Steam Power"],"picked":"Cold Snap","floor":10},{"not_picked":["FTL","ReplayTheSpireMod:Omega Cannon"],"picked":"Melter","floor":11},{"not_picked":["Cold Snap","Beam Cell"],"picked":"FIFO Queue","floor":13},{"not_picked":["ReplaySort","Hologram","ReplayTheSpireMod:Repulse"],"picked":"SKIP","floor":14}],"player_experience":300706,"relics_obtained":[{"floor":3,"key":"MealTicket"},{"floor":6,"key":"ReplayTheSpireMod:Shallot"},{"floor":9,"key":"Strawberry"}],"event_choices":[{"cards_removed":["Strike_B"],"damage_healed":0,"gold_gain":0,"player_choice":"Purged","damage_taken":0,"max_hp_gain":0,"max_hp_loss":0,"event_name":"Purifier","floor":4,"gold_loss":0}],"is_beta":false,"boss_relics":[],"items_purged_floors":[],"is_endless":false,"potions_floor_spawned":[1,8,10,11,13],"killed_by":"Fading Forest","ascension_level":7}}