{"host":"e4wnmsyty9uvvtwf","time":1607517148,"event":{"gold_per_floor":[113,113,113,133,147,147,190,190,190,211,15,15,15,15,15,134,134,59,59,59,77,101,141,141,141],"floor_reached":24,"playtime":820,"items_purged":[],"score":212,"play_id":"d3c300e5-3a36-4267-8106-ec0e5f9ba3d1","local_time":"20201209203228","is_ascension_mode":false,"campfire_choices":[{"data":"Runesmith:CraftReservo","floor":6,"key":"SMITH"},{"data":"Runesmith:CraftIndustria","floor":8,"key":"SMITH"},{"data":"Runesmith:CraftFirestone","floor":12,"key":"SMITH"},{"floor":15,"key":"REST"}],"neow_cost":"NONE","seed_source_timestamp":939000925586200,"circlet_count":0,"master_deck":["Runesmith:Strike_RS","Runesmith:Strike_RS","Runesmith:Strike_RS","Runesmith:Defend_RS","Runesmith:Defend_RS","Runesmith:Defend_RS","Runesmith:Defend_RS+1","Runesmith:CraftFirestone+1","Runesmith:Fortify","Runesmith:GenerateForcefield","Runesmith:Reinforce+1","Runesmith:CraftReservo+1","Runesmith:CraftIndustria+1","Runesmith:EnergizedChisel","Runesmith:CraftMagma+1","Runesmith:Duplicate","Runesmith:LithiumIon","Runesmith:Refine","Runesmith:ChargedHammer"],"relics":["Runesmith:BrokenRuby","Golden Idol","Gremlin Horn","Omamori","Medical Kit","Calipers","Black Star","CeramicFish","Dead Branch"],"potions_floor_usage":[23],"damage_taken":[{"damage":0,"enemies":"Jaw Worm","floor":1,"turns":4},{"damage":1,"enemies":"2 Louse","floor":4,"turns":2},{"damage":0,"enemies":"Cultist","floor":5,"turns":4},{"damage":9,"enemies":"3 Sentries","floor":7,"turns":9},{"damage":5,"enemies":"Gremlin Gang","floor":10,"turns":4},{"damage":6,"enemies":"Slime Boss","floor":16,"turns":12},{"damage":10,"enemies":"2 Thieves","floor":18,"turns":5},{"damage":0,"enemies":"Chosen","floor":21,"turns":7},{"damage":23,"enemies":"Snake Plant","floor":22,"turns":5},{"damage":28,"enemies":"Book of Stabbing","floor":23,"turns":6},{"damage":19,"enemies":"Centurion and Healer","floor":24,"turns":3}],"seed_played":"1653683952996151394","potions_obtained":[{"floor":1,"key":"BlessingOfTheForge"},{"floor":4,"key":"Explosive Potion"},{"floor":22,"key":"Swift Potion"}],"is_trial":false,"path_per_floor":["M","?","?","M","M","R","E","R","T","M","$","R","?","T","R","B",null,"M","?","$","M","M","E","M"],"character_chosen":"RUNESMITH_CLASS","items_purchased":["Medical Kit","Runesmith:CraftMagma"],"campfire_rested":1,"item_purchase_floors":[11,11],"current_hp_per_floor":[70,70,53,52,52,52,43,43,43,38,38,38,24,24,45,39,70,60,60,60,60,37,9,0,0],"gold":141,"neow_bonus":"ONE_RANDOM_RARE_CARD","is_prod":false,"is_daily":false,"chose_seed":false,"campfire_upgraded":3,"win_rate":0.0,"timestamp":1607517148,"path_taken":["M","?","?","M","M","R","E","R","T","M","?","R","?","?","R","BOSS","M","?","$","?","M","E","M"],"build_version":"2020-11-30","purchased_purges":0,"victory":false,"max_hp_per_floor":[70,70,70,70,70,70,70,70,70,70,70,70,70,70,70,70,70,70,70,70,70,70,70,70,70],"card_choices":[{"not_picked":["Runesmith:CraftProtectio","Runesmith:CraftMagma"],"picked":"Runesmith:Reinforce","floor":1},{"not_picked":["Runesmith:Grindstone","Runesmith:HammerThrow"],"picked":"Runesmith:CraftReservo","floor":4},{"not_picked":["Runesmith:MakeshiftArmor","Runesmith:BackupBattery","Runesmith:StaticCage"],"picked":"SKIP","floor":5},{"not_picked":["Runesmith:Attraction","Runesmith:RuneHurl"],"picked":"Runesmith:CraftIndustria","floor":7},{"not_picked":["Runesmith:EarthShield","Runesmith:BackupBattery"],"picked":"Runesmith:EnergizedChisel","floor":10},{"not_picked":["Runesmith:CraftIndustria","Runesmith:CraftMedicinae"],"picked":"Runesmith:Duplicate","floor":16},{"not_picked":["Runesmith:CraftProtectio","Runesmith:EnergizedChisel"],"picked":"Runesmith:LithiumIon","floor":18},{"not_picked":["Runesmith:ElementalConversion+1","Runesmith:Overpower","Runesmith:HeatedChisel+1"],"picked":"SKIP","floor":21},{"not_picked":["Runesmith:ElementalConversion","Runesmith:EnergizedChisel"],"picked":"Runesmith:ChargedHammer","floor":22},{"not_picked":["Runesmith:HeatedChisel","Runesmith:Repurpose","Runesmith:CraftMagma"],"picked":"SKIP","floor":23}],"player_experience":477846,"relics_obtained":[{"floor":7,"key":"Gremlin Horn"},{"floor":9,"key":"Omamori"},{"floor":14,"key":"Calipers"},{"floor":23,"key":"CeramicFish"},{"floor":23,"key":"Dead Branch"}],"event_choices":[{"damage_healed":0,"gold_gain":0,"player_choice":"Grow","damage_taken":0,"max_hp_gain":0,"max_hp_loss":0,"event_name":"Living Wall","floor":2,"gold_loss":0,"cards_upgraded":["Runesmith:Reinforce"]},{"damage_healed":0,"gold_gain":0,"player_choice":"Take Damage","damage_taken":17,"relics_obtained":["Golden Idol"],"max_hp_gain":0,"max_hp_loss":0,"event_name":"Golden Idol","floor":3,"gold_loss":0},{"damage_healed":0,"gold_gain":0,"player_choice":"Entered Light","damage_taken":14,"max_hp_gain":0,"max_hp_loss":0,"event_name":"Shining Light","floor":13,"gold_loss":0,"cards_upgraded":["Runesmith:CraftMagma","Runesmith:Defend_RS"]},{"damage_healed":0,"gold_gain":0,"cards_transformed":["Runesmith:Strike_RS"],"player_choice":"Transformed","damage_taken":0,"max_hp_gain":0,"max_hp_loss":0,"event_name":"Transmorgrifier","floor":19,"gold_loss":0,"cards_obtained":["Runesmith:Refine"]}],"is_beta":false,"boss_relics":[{"not_picked":["Empty Cage","Velvet Choker"],"picked":"Black Star"}],"items_purged_floors":[],"is_endless":false,"potions_floor_spawned":[1,4,22],"killed_by":"Centurion and Healer","ascension_level":0}}