{"host":"iy58fyt9wsbv4cf1","time":1607539779,"event":{"gold_per_floor":[112,124,124,124,142,142,154,173,247,247,257,257,306,317,317,419,419,437,437,470,521,446,478,478,478,532,560,574,584,597,617,617,715,715,730,505,727,727,727,753,770,823,823,823,823,838,867,917,917,917],"floor_reached":51,"playtime":2563,"items_purged":["Strike_R","Strike_R","Strike_R"],"score":1085,"play_id":"aa586b14-5980-4713-b72b-f4096aaa89ac","local_time":"20201209134939","is_ascension_mode":false,"campfire_choices":[{"data":"Searing Blow","floor":6.0,"key":"SMITH"},{"data":"Searing Blow+1","floor":10.0,"key":"SMITH"},{"data":"Searing Blow+3","floor":15.0,"key":"SMITH"},{"data":"Searing Blow+4","floor":24.0,"key":"SMITH"},{"data":"Searing Blow+5","floor":32.0,"key":"SMITH"},{"data":"Searing Blow+6","floor":44,"key":"SMITH"},{"data":"Trip","floor":49,"key":"SMITH"}],"neow_cost":"","seed_source_timestamp":502957559965700,"circlet_count":0,"master_deck":["Strike_R+1","Defend_R","Defend_R","Defend_R","Defend_R","Bash","Thunderclap","Thunderclap+1","Shrug It Off","Searing Blow+7","Dropkick","Battle Trance","Offering","Master of Strategy","Trip+1","Master of Strategy"],"special_seed":0,"relics":["Burning Blood","Vajra","Mummified Hand","Ice Cream","Champion Belt","MealTicket","Coffee Dripper","Red Mask","Nunchaku","Bronze Scales","hubris:Icosahedron","PreservedInsect","Eternal Feather","conspire:SlowCooker","conspire:BottledYoYo","The Courier","Frozen Egg 2","Gambling Chip"],"potions_floor_usage":[50,50],"damage_taken":[{"damage":0.0,"enemies":"Small Slimes","floor":1.0,"turns":2.0},{"damage":0.0,"enemies":"conspire:RoseBush","floor":2.0,"turns":3.0},{"damage":0.0,"enemies":"Cultist","floor":5.0,"turns":3.0},{"damage":0.0,"enemies":"3 Louse","floor":7.0,"turns":2.0},{"damage":5.0,"enemies":"conspire:2 RoseBushes","floor":8.0,"turns":5.0},{"damage":0.0,"enemies":"2 Fungi Beasts","floor":11.0,"turns":2.0},{"damage":0.0,"enemies":"Looter","floor":14.0,"turns":2.0},{"damage":25.0,"enemies":"The Guardian","floor":16.0,"turns":8.0},{"damage":0.0,"enemies":"Chosen","floor":18.0,"turns":2.0},{"damage":5.0,"enemies":"Masked Bandits","floor":20.0,"turns":4.0},{"damage":0.0,"enemies":"conspire:Head Lice","floor":23.0,"turns":4.0},{"damage":10.0,"enemies":"Gremlin Leader","floor":27.0,"turns":3.0},{"damage":10.0,"enemies":"Spheric Guardian","floor":28.0,"turns":3.0},{"damage":6.0,"enemies":"Snake Plant","floor":29.0,"turns":3.0},{"damage":3.0,"enemies":"3 Cultists","floor":30.0,"turns":3.0},{"damage":3.0,"enemies":"conspire:HollyBat","floor":31.0,"turns":5.0},{"damage":12.0,"enemies":"hubris:MusketHawk","floor":33.0,"turns":6.0},{"damage":17.0,"enemies":"3 Darklings","floor":35.0,"turns":3.0},{"damage":29,"enemies":"Reptomancer","floor":40,"turns":3},{"damage":2,"enemies":"Orb Walker","floor":41,"turns":2},{"damage":12,"enemies":"2 Orb Walkers","floor":42,"turns":2},{"damage":18,"enemies":"3 Darklings","floor":46,"turns":3},{"damage":10,"enemies":"Giant Head","floor":47,"turns":3},{"damage":6,"enemies":"Mind Bloom Boss Battle","floor":48,"turns":2},{"damage":35,"enemies":"Awakened One","floor":50,"turns":5}],"seed_played":"-6116984029713247577","potions_obtained":[{"floor":2.0,"key":"EssenceOfSteel"},{"floor":16.0,"key":"SmokeBomb"},{"floor":20.0,"key":"EssenceOfSteel"}],"is_trial":false,"path_per_floor":["M","M","?","?","M","R","M","M","T","R","M","?","T","M","R","B",null,"M","?","?","T","$","E","R","?","T","E","M","M","M","M","R","B",null,"M","$","?","?","T","E","M","?","T","R","?","M","E","?","R","B",null],"character_chosen":"IRONCLAD","items_purchased":["Vajra","Mummified Hand","Thunderclap","Ice Cream","Champion Belt","Thunderclap","Shrug It Off"],"campfire_rested":0,"item_purchase_floors":[0,0,0,0,0,0,0],"current_hp_per_floor":[40,46,30,30,36,36,42,43,43,43,49,49,49,55,55,36,80,80,80,80,80,80,80,80,80,80,76,72,72,75,78,80,74,80,69,80,80,70,70,47,51,45,45,54,54,42,38,38,47,18],"gold":917,"neow_bonus":"","is_prod":false,"is_daily":false,"chose_seed":false,"campfire_upgraded":7,"win_rate":0,"timestamp":1607539779,"path_taken":["M","M","?","?","M","R","M","M","T","R","?","?","?","M","R","BOSS","M","?","?","?","$","E","R","?","T","E","M","?","M","M","R","BOSS","M","$","?","?","?","E","M","?","T","R","?","?","E","?","R","BOSS"],"build_version":"2020-11-30","purchased_purges":3,"victory":true,"max_hp_per_floor":[80,80,80,80,80,80,80,80,80,80,80,80,80,80,80,80,80,80,80,80,80,80,80,80,80,80,80,80,80,80,80,80,80,80,80,80,80,80,80,80,80,80,80,80,76,76,76,76,76,76],"card_choices":[{"not_picked":["Thunderclap","Heavy Blade"],"picked":"Searing Blow","floor":1.0},{"not_picked":["Spot Weakness","Sword Boomerang","Twin Strike"],"picked":"SKIP","floor":2.0},{"not_picked":["Iron Wave","Heavy Blade","Dark Embrace"],"picked":"SKIP","floor":5.0},{"not_picked":["True Grit","Headbutt","Bloodletting"],"picked":"SKIP","floor":7.0},{"not_picked":["Cleave","hubris:StunningStrike"],"picked":"Dropkick","floor":8.0},{"not_picked":["Anger","Warcry","Combust"],"picked":"SKIP","floor":11.0},{"not_picked":["Feel No Pain","conspire:Charge","Clothesline"],"picked":"SKIP","floor":14.0},{"not_picked":["Shrug It Off","Clash"],"picked":"Battle Trance","floor":18.0},{"not_picked":["hubris:CleavingFinish","Sever Soul","Headbutt"],"picked":"SKIP","floor":23.0},{"not_picked":["Twin Strike+1","Anger+1","Body Slam"],"picked":"SKIP","floor":27.0},{"not_picked":["Warcry","Blood for Blood","Body Slam"],"picked":"SKIP","floor":28.0},{"not_picked":["Pommel Strike","Battle Trance","hubris:ReadiedAction"],"picked":"SKIP","floor":29.0},{"not_picked":["conspire:ExplosiveBarrier","Seeing Red","Body Slam"],"picked":"SKIP","floor":30.0},{"not_picked":["Anger","Inflame","Flex"],"picked":"SKIP","floor":31.0},{"not_picked":["Berserk","Corruption"],"picked":"Offering","floor":33.0},{"not_picked":["Feel No Pain+1","Rampage+1","Headbutt"],"picked":"SKIP","floor":35.0},{"not_picked":["Metamorphosis","Deep Breath"],"picked":"Master of Strategy","floor":38.0},{"not_picked":["Flash of Steel","Discovery"],"picked":"Trip","floor":38.0},{"not_picked":["hubris:Insight","Good Instincts"],"picked":"Master of Strategy","floor":38.0},{"not_picked":["Heavy Blade+1","Feel No Pain","Anger"],"picked":"SKIP","floor":40},{"not_picked":["Battle Trance+1","Evolve","conspire:ExplosiveBarrier"],"picked":"SKIP","floor":41},{"not_picked":["Twin Strike+1","Sword Boomerang","True Grit+1"],"picked":"SKIP","floor":46},{"not_picked":["Disarm","Flame Barrier+1","Rupture+1"],"picked":"SKIP","floor":47}],"player_experience":59636,"relics_obtained":[{"floor":13.0,"key":"MealTicket"},{"floor":20.0,"key":"Red Mask"},{"floor":21.0,"key":"Nunchaku"},{"floor":23.0,"key":"Bronze Scales"},{"floor":26.0,"key":"PreservedInsect"},{"floor":27.0,"key":"Eternal Feather"},{"floor":39.0,"key":"conspire:BottledYoYo"},{"floor":40,"key":"The Courier"},{"floor":47,"key":"Frozen Egg 2"},{"floor":48,"key":"Gambling Chip"}],"event_choices":[{"damage_healed":46.0,"max_hp_gain":0.0,"max_hp_loss":80.0,"gold_gain":0.0,"event_name":"betterThird:BetterShining","player_choice":"Upgrade","floor":3.0,"gold_loss":0.0,"damage_taken":16.0,"cards_upgraded":["Strike_R","Thunderclap"]},{"cards_removed":["Strike_R"],"damage_healed":0.0,"max_hp_gain":0.0,"max_hp_loss":0.0,"gold_gain":0.0,"event_name":"Purifier","player_choice":"Purged","floor":4.0,"gold_loss":0.0,"damage_taken":0.0},{"damage_healed":0.0,"max_hp_gain":0.0,"max_hp_loss":0.0,"gold_gain":0.0,"event_name":"Masked Bandits","player_choice":"Fought Bandits","floor":20.0,"gold_loss":0.0,"damage_taken":0.0},{"damage_healed":0.0,"max_hp_gain":0.0,"max_hp_loss":0.0,"gold_gain":222.0,"event_name":"Tomb of Lord Red Mask","player_choice":"Wore Mask","floor":37.0,"gold_loss":0.0,"damage_taken":0.0},{"damage_healed":0.0,"max_hp_gain":0.0,"max_hp_loss":0.0,"gold_gain":0.0,"event_name":"SensoryStone","player_choice":"Memory 3","floor":38.0,"gold_loss":0.0,"damage_taken":10.0},{"damage_healed":0,"gold_gain":0,"player_choice":"Fight","damage_taken":0,"max_hp_gain":0,"max_hp_loss":0,"event_name":"Mysterious Sphere","floor":42,"gold_loss":0},{"damage_healed":0,"gold_gain":0,"player_choice":"Max HP","damage_taken":0,"max_hp_gain":0,"max_hp_loss":4,"event_name":"Winding Halls","floor":45,"gold_loss":0},{"damage_healed":0,"gold_gain":0,"player_choice":"Fight","damage_taken":0,"max_hp_gain":0,"max_hp_loss":0,"event_name":"MindBloom","floor":48,"gold_loss":0}],"is_beta":false,"boss_relics":[{"not_picked":["conspire:RunicOctahedron","Ectoplasm"],"picked":"Coffee Dripper"},{"not_picked":["conspire:RoyalGoblet","Calling Bell"],"picked":"conspire:SlowCooker"}],"items_purged_floors":[22,36,36],"is_endless":false,"potions_floor_spawned":[2,16,20,23,28,31,35,40,46,48],"ascension_level":0}}