{"host":"m7puq4mk16tgc6yn","time":1607492465,"event":{"gold_per_floor":[117,117,129,89,14,39,51,86,113,125,54,80,80,109,109,211,211,223,223,243,243,257,285,140,71,71,71,101,112,112,112,112],"floor_reached":31,"playtime":1332,"items_purged":["Strike_G"],"score":375,"play_id":"7119ef79-6591-419f-9b15-24b58d116665","local_time":"20201208214105","is_ascension_mode":true,"campfire_choices":[{"data":"Flechettes","floor":13,"key":"SMITH"},{"data":"Storm of Steel","floor":15,"key":"SMITH"},{"data":"Well Laid Plans","floor":27,"key":"SMITH"},{"data":"Reflex","floor":30,"key":"SMITH"}],"neow_cost":"NONE","seed_source_timestamp":5288818579500,"circlet_count":0,"master_deck":["Defend_G+1","Defend_G+1","Defend_G+1","Defend_G+1","Defend_G+1","Survivor","Neutralize","Underhanded Strike","Flechettes+1","Quick Slash","Reflex+1","Backflip","Caltrops","Acrobatics","Escape Plan","Storm of Steel+1","After Image","Bullet Time+1","Bullet Time+1","Skewer+1","Dagger Spray+1","Necronomicurse","Well Laid Plans+1","Crippling Poison+1","Reflex","Backflip","Endless Agony+1"],"relics":["Ring of the Snake","NeowsBlessing","Blood Vial","Potion Belt","Orichalcum","StoneCalendar","Bag of Marbles","Astrolabe","Necronomicon","Bottled Flame","Bag of Preparation","Ornamental Fan","Smiling Mask"],"potions_floor_usage":[8,8,10,10,10,12,12,16,22],"damage_taken":[{"damage":0,"enemies":"Small Slimes","floor":1,"turns":1},{"damage":0,"enemies":"Cultist","floor":3,"turns":1},{"damage":0,"enemies":"3 Sentries","floor":6,"turns":2},{"damage":0,"enemies":"2 Louse","floor":7,"turns":1},{"damage":30,"enemies":"Lagavulin","floor":8,"turns":7},{"damage":0,"enemies":"Large Slime","floor":10,"turns":8},{"damage":39,"enemies":"Gremlin Nob","floor":12,"turns":6},{"damage":10,"enemies":"3 Sentries","floor":14,"turns":7},{"damage":1,"enemies":"Hexaghost","floor":16,"turns":7},{"damage":6,"enemies":"Spheric Guardian","floor":18,"turns":5},{"damage":1,"enemies":"Shell Parasite","floor":20,"turns":3},{"damage":16,"enemies":"Snake Plant","floor":22,"turns":3},{"damage":1,"enemies":"Slavers","floor":23,"turns":2},{"damage":18,"enemies":"Book of Stabbing","floor":28,"turns":4},{"damage":0,"enemies":"Snecko","floor":29,"turns":1},{"damage":24,"enemies":"Gremlin Leader","floor":31,"turns":3}],"seed_played":"-5478606033881663312","potions_obtained":[{"floor":1,"key":"FearPotion"},{"floor":4,"key":"EntropicBrew"},{"floor":4,"key":"LiquidMemories"},{"floor":4,"key":"SkillPotion"},{"floor":8,"key":"SpeedPotion"},{"floor":14,"key":"ColorlessPotion"},{"floor":20,"key":"CunningPotion"},{"floor":29,"key":"Fire Potion"}],"is_trial":false,"path_per_floor":["M","?","M","?","$","E","M","E","T","M","$","E","R","E","R","B",null,"M","?","M","?","M","E","$","$","T","R","E","M","R","E"],"character_chosen":"THE_SILENT","items_purchased":["Escape Plan","Bag of Preparation","Reflex"],"campfire_rested":0,"item_purchase_floors":[11,24,25],"current_hp_per_floor":[70,70,70,70,70,70,70,40,40,42,42,5,5,19,19,20,70,64,64,65,49,35,36,36,36,36,36,20,22,22,0,0],"gold":112,"neow_bonus":"THREE_ENEMY_KILL","is_prod":false,"is_daily":false,"chose_seed":false,"campfire_upgraded":4,"win_rate":0,"timestamp":1607492465,"path_taken":["M","?","?","?","$","E","?","E","T","M","$","E","R","E","R","BOSS","M","?","M","?","M","E","?","$","T","R","E","M","R","E"],"build_version":"2020-11-30","purchased_purges":1,"victory":false,"max_hp_per_floor":[70,70,70,70,70,70,70,70,70,70,70,70,70,70,70,70,70,70,70,70,70,70,70,70,70,70,70,70,70,70,70,70],"relic_stats":{"Blood Vial":20,"counters":[16,61],"Ornamental Fan":[32],"Astrolabe":["Bullet Time","Bullet Time","Skewer"],"StoneCalendar":[58],"Necronomicon":[4],"Bag of Preparation":[6],"Orichalcum":[54],"Smiling Mask":0,"obtain_stats":[{"Potion Belt":8,"NeowsBlessing":0,"Astrolabe":17,"StoneCalendar":12,"Bag of Preparation":24,"Orichalcum":9,"Smiling Mask":28,"Blood Vial":6,"Bottled Flame":23,"Ornamental Fan":26,"Bag of Marbles":14,"Necronomicon":21,"Ring of the Snake":0},{"Potion Belt":5,"NeowsBlessing":0,"Astrolabe":9,"StoneCalendar":7,"Bag of Preparation":13,"Orichalcum":5,"Smiling Mask":14,"Blood Vial":3,"Bottled Flame":13,"Ornamental Fan":13,"Bag of Marbles":8,"Necronomicon":11,"Ring of the Snake":0},{"Potion Belt":12,"NeowsBlessing":0,"Astrolabe":40,"StoneCalendar":26,"Bag of Preparation":53,"Orichalcum":12,"Smiling Mask":57,"Blood Vial":4,"Bottled Flame":53,"Ornamental Fan":53,"Bag of Marbles":33,"Necronomicon":48,"Ring of the Snake":0}],"Ring of the Snake":[32]},"card_choices":[{"not_picked":["Deadly Poison","Reflex"],"picked":"Underhanded Strike","floor":1},{"not_picked":["Poisoned Stab","Well Laid Plans"],"picked":"Quick Slash","floor":3},{"not_picked":["PiercingWail","Calculated Gamble"],"picked":"Reflex","floor":6},{"not_picked":["Slice","Blur"],"picked":"Backflip","floor":7},{"not_picked":["Masterful Stab","Slice"],"picked":"Caltrops","floor":8},{"not_picked":["Backflip","Quick Slash"],"picked":"Acrobatics","floor":10},{"not_picked":["Bane","Outmaneuver","PiercingWail"],"picked":"SKIP","floor":12},{"not_picked":["Bane","Deflect"],"picked":"Storm of Steel","floor":14},{"not_picked":["Doppelganger","Envenom"],"picked":"After Image","floor":16},{"not_picked":["Outmaneuver","Sucker Punch+1","Slice+1"],"picked":"SKIP","floor":18},{"not_picked":["Backflip","Quick Slash"],"picked":"Dagger Spray+1","floor":20},{"not_picked":["Poisoned Stab","Slice+1"],"picked":"Well Laid Plans","floor":22},{"not_picked":["Slice","Backflip"],"picked":"Crippling Poison+1","floor":23},{"not_picked":["Quick Slash+1","Backstab"],"picked":"Backflip","floor":28},{"not_picked":["Deflect","Well Laid Plans"],"picked":"Endless Agony+1","floor":29}],"player_experience":36947,"relics_obtained":[{"floor":6,"key":"Blood Vial"},{"floor":8,"key":"Potion Belt"},{"floor":9,"key":"Orichalcum"},{"floor":12,"key":"StoneCalendar"},{"floor":14,"key":"Bag of Marbles"},{"floor":21,"key":"Necronomicon"},{"floor":23,"key":"Bottled Flame"},{"floor":26,"key":"Ornamental Fan"},{"floor":28,"key":"Smiling Mask"}],"event_choices":[{"damage_healed":0,"gold_gain":0,"cards_transformed":["Strike_G"],"player_choice":"Transformed","damage_taken":0,"max_hp_gain":0,"max_hp_loss":0,"event_name":"Transmorgrifier","floor":2,"gold_loss":0,"cards_obtained":["Flechettes"]},{"damage_healed":0,"gold_gain":0,"player_choice":"Bought 3 Potions","damage_taken":0,"max_hp_gain":0,"max_hp_loss":0,"event_name":"The Woman in Blue","floor":4,"gold_loss":0},{"damage_healed":0,"gold_gain":0,"player_choice":"Simplicity","damage_taken":0,"max_hp_gain":0,"max_hp_loss":0,"event_name":"Back to Basics","floor":19,"gold_loss":0,"cards_upgraded":["Defend_G","Defend_G","Defend_G","Defend_G","Defend_G"]},{"damage_healed":0,"gold_gain":0,"player_choice":"Obtained Book","damage_taken":16,"max_hp_gain":0,"max_hp_loss":0,"event_name":"Cursed Tome","floor":21,"gold_loss":0}],"is_beta":false,"boss_relics":[{"not_picked":["Pandora\u0027s Box","Snecko Eye"],"picked":"Astrolabe"}],"items_purged_floors":[5],"is_endless":false,"potions_floor_spawned":[1,7,8,14,20,29],"killed_by":"Gremlin Leader","ascension_level":3}}