{"host":"7k7fhzlbqzyu5ijh","time":1607542288,"event":{"gold_per_floor":[160,28,28,41,56,91,110,135,161,185,185,196,228,244,244,345,345,357,155,155,174,189,189,219,219,245,279,292,305,319,335,335,439,439,453,453,453],"floor_reached":36,"playtime":3563,"items_purged":["Bash"],"score":566,"play_id":"c9928be5-308d-4812-9b2c-721a09d6f71f","local_time":"20201209143128","is_ascension_mode":true,"campfire_choices":[{"data":"Whirlwind","floor":11,"key":"SMITH"},{"floor":15,"key":"REST"},{"data":"Seeing Red","floor":23,"key":"SMITH"},{"data":"Whirlwind","floor":25,"key":"SMITH"},{"floor":32,"key":"REST"}],"neow_cost":"NONE","seed_source_timestamp":1362389143231730190,"circlet_count":0,"master_deck":["Shrug It Off","Whirlwind+1","Swift Strike","Headbutt","Uppercut","Inflame","Shrug It Off","Double Tap","Rage","Seeing Red+1","Impervious","Disarm","Demon Form","Cleave","Clothesline","Warcry","Whirlwind+1","Thunderclap","Bloodletting","Corruption","Intimidate","Armaments+1","Body Slam+1","Exhume","Shrug It Off+1"],"relics":["Tiny House","TungstenRod","Smiling Mask","Odd Mushroom","Ice Cream","Pandora\u0027s Box","OrangePellets","Du-Vu Doll","Regal Pillow","Torii","Empty Cage"],"potions_floor_usage":[6,8,8,10,13,16,24,27,28,28,33],"damage_taken":[{"damage":5,"enemies":"Small Slimes","floor":1,"turns":5},{"damage":12,"enemies":"Jaw Worm","floor":4,"turns":2},{"damage":0,"enemies":"Cultist","floor":5,"turns":3},{"damage":0,"enemies":"Gremlin Nob","floor":6,"turns":2},{"damage":0,"enemies":"3 Louse","floor":7,"turns":3},{"damage":9,"enemies":"3 Sentries","floor":8,"turns":5},{"damage":1,"enemies":"The Mushroom Lair","floor":10,"turns":3},{"damage":2,"enemies":"Looter","floor":12,"turns":3},{"damage":19,"enemies":"Lagavulin","floor":13,"turns":7},{"damage":0,"enemies":"Exordium Wildlife","floor":14,"turns":2},{"damage":20,"enemies":"The Guardian","floor":16,"turns":13},{"damage":3,"enemies":"Chosen","floor":18,"turns":4},{"damage":16,"enemies":"2 Thieves","floor":21,"turns":4},{"damage":2,"enemies":"Snake Plant","floor":22,"turns":4},{"damage":20,"enemies":"Slavers","floor":24,"turns":3},{"damage":25,"enemies":"Book of Stabbing","floor":27,"turns":7},{"damage":5,"enemies":"Shelled Parasite and Fungi","floor":28,"turns":4},{"damage":0,"enemies":"Snecko","floor":29,"turns":3},{"damage":5,"enemies":"Snake Plant","floor":30,"turns":2},{"damage":0,"enemies":"3 Cultists","floor":31,"turns":2},{"damage":35,"enemies":"Champ","floor":33,"turns":11},{"damage":13,"enemies":"Orb Walker","floor":35,"turns":4}],"seed_played":"2929579230840020263","potions_obtained":[{"floor":0,"key":"AttackPotion"},{"floor":1,"key":"EssenceOfSteel"},{"floor":7,"key":"GamblersBrew"},{"floor":8,"key":"Dexterity Potion"},{"floor":12,"key":"BlessingOfTheForge"},{"floor":13,"key":"SkillPotion"},{"floor":16,"key":"Fruit Juice"},{"floor":18,"key":"SkillPotion"},{"floor":24,"key":"Weak Potion"},{"floor":27,"key":"EssenceOfSteel"},{"floor":28,"key":"ElixirPotion"},{"floor":30,"key":"LiquidBronze"},{"floor":35,"key":"Ancient Potion"}],"is_trial":false,"path_per_floor":["M","$","?","M","M","E","M","E","T","?","R","M","E","M","R","B",null,"M","$","?","M","M","R","E","R","T","E","M","M","M","M","R","B",null,"M","M"],"character_chosen":"IRONCLAD","items_purchased":["Swift Strike","Headbutt","OrangePellets"],"campfire_rested":2,"item_purchase_floors":[2,2,19],"current_hp_per_floor":[80,80,63,51,51,51,51,42,42,41,41,39,20,20,45,25,70,67,67,85,69,67,67,47,47,47,22,22,22,17,17,59,24,74,61,0,0],"gold":453,"neow_bonus":"BOSS_RELIC","is_prod":false,"is_daily":false,"chose_seed":false,"campfire_upgraded":3,"win_rate":0,"timestamp":1607542288,"path_taken":["M","$","?","M","M","E","M","E","T","?","R","M","E","M","R","BOSS","M","?","?","M","M","R","E","R","T","E","M","M","M","M","R","BOSS","M","M"],"build_version":"2020-11-30","purchased_purges":1,"victory":false,"max_hp_per_floor":[85,85,85,85,85,85,85,85,85,85,85,85,85,85,85,85,85,85,85,85,85,85,85,85,85,85,85,90,90,90,90,90,90,90,90,90,90],"relic_stats":{"OrangePellets":[1],"Regal Pillow":15,"Torii":5,"counters":[23,102],"Pandora\u0027s Box":["Disarm","Demon Form","Cleave","Metallicize","Juggernaut","Clothesline","Warcry","Whirlwind","Thunderclap"],"Smiling Mask":25,"obtain_stats":[{"Ice Cream":13,"Du-Vu Doll":24,"OrangePellets":19,"Regal Pillow":26,"Tiny House":0,"Torii":27,"Pandora\u0027s Box":17,"Odd Mushroom":10,"Smiling Mask":8,"Empty Cage":34,"Burning Blood":0,"TungstenRod":6},{"Ice Cream":9,"Du-Vu Doll":15,"OrangePellets":12,"Regal Pillow":15,"Tiny House":0,"Torii":16,"Pandora\u0027s Box":11,"Odd Mushroom":7,"Smiling Mask":6,"Empty Cage":21,"Burning Blood":0,"TungstenRod":4},{"Ice Cream":33,"Du-Vu Doll":63,"OrangePellets":52,"Regal Pillow":63,"Tiny House":0,"Torii":70,"Pandora\u0027s Box":48,"Odd Mushroom":23,"Smiling Mask":20,"Empty Cage":92,"Burning Blood":0,"TungstenRod":12}],"TungstenRod":52},"card_choices":[{"not_picked":["Flex","Heavy Blade"],"picked":"Shrug It Off","floor":0},{"not_picked":["Burning Pact","Wild Strike"],"picked":"Whirlwind","floor":1},{"not_picked":["Anger","Perfected Strike"],"picked":"Uppercut","floor":4},{"not_picked":["Carnage","Dual Wield","Headbutt"],"picked":"SKIP","floor":5},{"not_picked":["Headbutt","Cleave","Evolve"],"picked":"SKIP","floor":6},{"not_picked":["Pummel","Wild Strike"],"picked":"Inflame","floor":7},{"not_picked":["Reckless Charge","Sword Boomerang"],"picked":"Shrug It Off","floor":8},{"not_picked":["Havoc","Ghostly Armor"],"picked":"Double Tap","floor":10},{"not_picked":["Clothesline","Havoc"],"picked":"Rage","floor":12},{"not_picked":["Feel No Pain","Thunderclap"],"picked":"Seeing Red","floor":13},{"not_picked":["Rage","Warcry","Havoc"],"picked":"SKIP","floor":14},{"not_picked":["Fiend Fire","Exhume"],"picked":"Impervious","floor":16},{"not_picked":["Havoc","Pummel","Perfected Strike+1"],"picked":"SKIP","floor":18},{"not_picked":["Perfected Strike","Sword Boomerang"],"picked":"Bloodletting","floor":21},{"not_picked":["Dark Embrace+1","Clothesline","Iron Wave"],"picked":"SKIP","floor":22},{"not_picked":["Shockwave","Clothesline"],"picked":"Corruption","floor":24},{"not_picked":["Perfected Strike+1","Inflame","Anger"],"picked":"SKIP","floor":27},{"not_picked":["Havoc","Perfected Strike"],"picked":"Intimidate","floor":28},{"not_picked":["Whirlwind+1","Warcry+1"],"picked":"Armaments+1","floor":29},{"not_picked":["Clothesline+1","Headbutt","Heavy Blade+1"],"picked":"SKIP","floor":30},{"not_picked":["Sever Soul","Heavy Blade"],"picked":"Body Slam+1","floor":31},{"not_picked":["Fiend Fire","Juggernaut"],"picked":"Exhume","floor":33},{"not_picked":["Perfected Strike+1","Thunderclap"],"picked":"Shrug It Off+1","floor":35}],"player_experience":343840,"relics_obtained":[{"floor":6,"key":"TungstenRod"},{"floor":8,"key":"Smiling Mask"},{"floor":10,"key":"Odd Mushroom"},{"floor":13,"key":"Ice Cream"},{"floor":24,"key":"Du-Vu Doll"},{"floor":26,"key":"Regal Pillow"},{"floor":27,"key":"Torii"}],"event_choices":[{"damage_healed":0,"gold_gain":0,"player_choice":"Entered Light","damage_taken":17,"max_hp_gain":0,"max_hp_loss":0,"event_name":"Shining Light","floor":3,"gold_loss":0,"cards_upgraded":["Strike_R","Strike_R"]},{"damage_healed":0,"gold_gain":0,"player_choice":"Fought Mushrooms","damage_taken":0,"max_hp_gain":0,"max_hp_loss":0,"event_name":"Mushrooms","floor":10,"gold_loss":0},{"damage_healed":18,"gold_gain":0,"player_choice":"Full Heal","damage_taken":0,"max_hp_gain":0,"max_hp_loss":0,"event_name":"Wheel of Change","floor":20,"gold_loss":0}],"is_beta":false,"boss_relics":[{"not_picked":["Philosopher\u0027s Stone","Coffee Dripper"],"picked":"Pandora\u0027s Box"},{"not_picked":["Runic Dome","Velvet Choker"],"picked":"Empty Cage"}],"items_purged_floors":[19],"is_endless":false,"potions_floor_spawned":[1,7,8,12,13,16,18,24,27,28,30,35],"killed_by":"3 Shapes","ascension_level":5}}