{"host":"jx3f6ezc0g3s9edc","time":1607548817,"event":{"gold_per_floor":[110,127,127,18,37,37,47,47,47,47,73,93,93,118,118,218,218,218,218,218,2,2,2,2,2,2,2,2,2,2,2,2,2,2,2,2,2,2,2,2,2,2,2,2,2,2,2,2,2,2],"floor_reached":51,"playtime":4277,"items_purged":["Strike_G","Strike_G+1"],"score":909,"play_id":"aaed55c2-94b1-4e83-8ed7-f7eb3aa08cf3","local_time":"20201209162017","is_ascension_mode":true,"campfire_choices":[{"data":"Neutralize","floor":6,"key":"SMITH"},{"data":"Terror","floor":8,"key":"SMITH"},{"floor":10,"key":"REST"},{"floor":15,"key":"REST"},{"data":"Footwork","floor":23,"key":"SMITH"},{"floor":27,"key":"REST"},{"floor":32,"key":"REST"},{"data":"Cloak And Dagger","floor":40,"key":"SMITH"},{"data":"After Image","floor":42,"key":"SMITH"},{"data":"Blade Dance","floor":45,"key":"SMITH"},{"data":"Blade Dance","floor":49,"key":"SMITH"}],"neow_cost":"NONE","seed_source_timestamp":174181105332376,"circlet_count":0,"master_deck":["Strike_G+1","Strike_G+1","Defend_G+1","Defend_G+1","Defend_G+1","Defend_G+1","Defend_G+1","Survivor","Neutralize+1","Dash","Terror+1","Backstab","Blade Dance+1","Flying Knee","Tools of the Trade","Noxious Fumes","Blade Dance+1","Acrobatics","After Image+1","Footwork+1","Riddle With Holes","Accuracy+1","Finisher","Backflip+1","Cloak And Dagger+1","Cloak And Dagger+1","Envenom","PiercingWail","Blur+1","Cloak And Dagger+1","Prepared+1","Blur+1"],"relics":["SlaversCollar","Dream Catcher","Mummified Hand","Gremlin Horn","Ectoplasm","Tiny Chest","Boot","Sozu","Art of War","Turnip","Blood Vial"],"potions_floor_usage":[25,28,50],"damage_taken":[{"damage":16,"enemies":"Small Slimes","floor":1,"turns":6},{"damage":0,"enemies":"Cultist","floor":2,"turns":4},{"damage":0,"enemies":"Jaw Worm","floor":5,"turns":3},{"damage":19,"enemies":"Exordium Wildlife","floor":7,"turns":4},{"damage":15,"enemies":"3 Sentries","floor":11,"turns":8},{"damage":4,"enemies":"2 Fungi Beasts","floor":12,"turns":3},{"damage":7,"enemies":"Lagavulin","floor":14,"turns":6},{"damage":33,"enemies":"Slime Boss","floor":16,"turns":9},{"damage":17,"enemies":"Spheric Guardian","floor":18,"turns":6},{"damage":0,"enemies":"3 Byrds","floor":19,"turns":5},{"damage":5,"enemies":"Snake Plant","floor":22,"turns":6},{"damage":0,"enemies":"Centurion and Healer","floor":24,"turns":5},{"damage":6,"enemies":"Book of Stabbing","floor":25,"turns":4},{"damage":5,"enemies":"Snecko","floor":29,"turns":5},{"damage":2,"enemies":"Cultist and Chosen","floor":31,"turns":6},{"damage":43,"enemies":"Automaton","floor":33,"turns":8},{"damage":8,"enemies":"3 Darklings","floor":35,"turns":4},{"damage":7,"enemies":"2 Orb Walkers","floor":39,"turns":5},{"damage":0,"enemies":"Orb Walker","floor":41,"turns":3},{"damage":0,"enemies":"Transient","floor":44,"turns":5},{"damage":5,"enemies":"Spire Growth","floor":46,"turns":5},{"damage":0,"enemies":"4 Shapes","floor":48,"turns":4},{"damage":40,"enemies":"Time Eater","floor":50,"turns":12}],"seed_played":"8823947808192753379","potions_obtained":[{"floor":2,"key":"AttackPotion"},{"floor":3,"key":"LiquidBronze"},{"floor":3,"key":"Poison Potion"},{"floor":7,"key":"Dexterity Potion"},{"floor":18,"key":"Block Potion"},{"floor":25,"key":"Fruit Juice"},{"floor":31,"key":"EssenceOfSteel"}],"is_trial":false,"path_per_floor":["M","M","?","$","M","R","M","R","T","R","E","M","?","E","R","B",null,"M","M","?","$","M","R","M","E","T","R","$","M","?","M","R","B",null,"M","$","?","T","?","R","M","R","T","M","R","M","?","M","R","B",null],"character_chosen":"THE_SILENT","items_purchased":["Backstab","Footwork","Riddle With Holes"],"campfire_rested":4,"item_purchase_floors":[4,21,21],"current_hp_per_floor":[47,47,47,47,47,47,28,28,28,49,34,30,30,23,44,11,55,38,38,38,38,33,33,33,27,27,48,53,48,48,46,68,25,63,55,55,55,55,48,48,48,48,48,50,50,47,47,49,49,11],"gold":2,"neow_bonus":"BOSS_RELIC","is_prod":false,"is_daily":false,"chose_seed":false,"campfire_upgraded":7,"win_rate":0,"timestamp":1607548817,"path_taken":["M","M","?","$","M","R","?","R","T","R","E","M","?","E","R","BOSS","M","M","?","?","M","R","M","E","T","R","?","M","?","M","R","BOSS","M","$","?","?","?","R","M","R","T","M","R","M","?","M","R","BOSS"],"build_version":"2020-11-30","purchased_purges":2,"victory":true,"max_hp_per_floor":[70,70,70,70,70,70,70,70,70,70,70,70,70,70,70,70,70,70,70,70,70,70,70,70,70,70,70,75,75,75,75,75,75,75,75,75,75,75,75,75,75,75,75,75,75,75,71,71,71,71],"card_choices":[{"not_picked":["Acrobatics","Dagger Spray"],"picked":"Dash","floor":1},{"not_picked":["Underhanded Strike","Setup"],"picked":"Terror","floor":2},{"not_picked":["Die Die Die","Tactician"],"picked":"Blade Dance","floor":5},{"not_picked":["Quick Slash","Outmaneuver","All Out Attack"],"picked":"SKIP","floor":7},{"not_picked":["Bane","Prepared"],"picked":"Flying Knee","floor":10},{"not_picked":["Sucker Punch","Tactician"],"picked":"Tools of the Trade","floor":11},{"not_picked":["Poisoned Stab","Dagger Throw"],"picked":"Noxious Fumes","floor":12},{"not_picked":["Caltrops","Slice"],"picked":"Blade Dance","floor":14},{"not_picked":["Crippling Poison","Deflect"],"picked":"Acrobatics","floor":15},{"not_picked":["Phantasmal Killer","Tools of the Trade"],"picked":"After Image","floor":16},{"not_picked":["Escape Plan+1","Slice","Distraction"],"picked":"SKIP","floor":18},{"not_picked":["Deadly Poison","Dodge and Roll","Flying Knee"],"picked":"SKIP","floor":19},{"not_picked":["Deadly Poison","Cloak And Dagger"],"picked":"Accuracy","floor":22},{"not_picked":["Slice+1","Flying Knee"],"picked":"Finisher","floor":24},{"not_picked":["Corpse Explosion","Finisher"],"picked":"Backflip+1","floor":25},{"not_picked":["Crippling Poison","Catalyst+1"],"picked":"Cloak And Dagger+1","floor":27},{"not_picked":["Heel Hook","Deflect","Dodge and Roll"],"picked":"SKIP","floor":29},{"not_picked":["Dagger Throw","Prepared","Bane"],"picked":"SKIP","floor":31},{"not_picked":["Caltrops","Prepared"],"picked":"Cloak And Dagger","floor":32},{"not_picked":["Malaise","Burst"],"picked":"Envenom","floor":33},{"not_picked":["Dagger Spray","Deadly Poison"],"picked":"PiercingWail","floor":35},{"not_picked":["Accuracy","Infinite Blades+1"],"picked":"Blur+1","floor":39},{"not_picked":["Deflect+1","Flechettes"],"picked":"Cloak And Dagger+1","floor":41},{"not_picked":["Prepared","Dagger Spray","Dodge and Roll"],"picked":"SKIP","floor":44},{"not_picked":["All Out Attack+1","Dash"],"picked":"Prepared+1","floor":46},{"not_picked":["Blade Dance+1","Wraith Form v2"],"picked":"Blur+1","floor":48}],"player_experience":640643,"relics_obtained":[{"floor":9,"key":"Dream Catcher"},{"floor":11,"key":"Mummified Hand"},{"floor":14,"key":"Gremlin Horn"},{"floor":25,"key":"Tiny Chest"},{"floor":26,"key":"Boot"},{"floor":38,"key":"Art of War"},{"floor":39,"key":"Turnip"},{"floor":43,"key":"Blood Vial"}],"event_choices":[{"damage_healed":0,"gold_gain":0,"player_choice":"Got Potions","damage_taken":0,"max_hp_gain":0,"max_hp_loss":0,"event_name":"Lab","floor":3,"gold_loss":0},{"cards_removed":["Strike_G"],"damage_healed":0,"gold_gain":0,"player_choice":"Forget","damage_taken":0,"max_hp_gain":0,"max_hp_loss":0,"event_name":"Living Wall","floor":13,"gold_loss":0},{"damage_healed":0,"gold_gain":0,"player_choice":"Simplicity","damage_taken":0,"max_hp_gain":0,"max_hp_loss":0,"event_name":"Back to Basics","floor":20,"gold_loss":0,"cards_upgraded":["Strike_G","Strike_G","Strike_G","Defend_G","Defend_G","Defend_G","Defend_G","Defend_G"]},{"damage_healed":0,"gold_gain":0,"player_choice":"Upgraded","damage_taken":0,"max_hp_gain":0,"max_hp_loss":0,"event_name":"Upgrade Shrine","floor":37,"gold_loss":0,"cards_upgraded":["Accuracy"]},{"damage_healed":0,"gold_gain":0,"player_choice":"Fight","damage_taken":0,"max_hp_gain":0,"max_hp_loss":0,"event_name":"Mysterious Sphere","floor":39,"gold_loss":0},{"damage_healed":0,"gold_gain":0,"player_choice":"Max HP","damage_taken":0,"max_hp_gain":0,"max_hp_loss":4,"event_name":"Winding Halls","floor":47,"gold_loss":0}],"is_beta":false,"boss_relics":[{"not_picked":["Empty Cage","Black Star"],"picked":"Ectoplasm"},{"not_picked":["Runic Pyramid","Busted Crown"],"picked":"Sozu"}],"items_purged_floors":[4,21],"is_endless":false,"potions_floor_spawned":[2,7,11,16,18,25,31,41,48],"ascension_level":9}}