{"host":"g75gtovmj0ine2rf","time":1607506353,"event":{"gold_per_floor":[111,111,121,121,121,150,169,12,12,12,31,31,58,74,74,149,149,159,84,84,84,97,130,140,140,140],"floor_reached":24,"playtime":2182,"items_purged":["wariomod:f+1"],"score":416,"play_id":"fe6a3858-93c7-49f8-adf4-f2665d2f03e1","local_time":"20201209203233","is_ascension_mode":true,"campfire_choices":[{"floor":10,"key":"REST"},{"floor":12,"key":"REST"},{"data":"Uppercut","floor":15,"key":"SMITH"}],"neow_cost":"NONE","seed_source_timestamp":2159759531116800,"circlet_count":0,"master_deck":["AscendersBane","wariomod:Defend","wariomod:Defend","wariomod:Defend","wariomod:Defend+1","wariomod:Step+1","wariomod:ImFeelingLucky","wariomod:EmptyMind","Uppercut+1","wariomod:TreasureDig","wariomod:SilenceBombs","wariomod:EmptyMind","Ragnarok","wariomod:TrekTime+1","wariomod:Smackflip+1","wariomod:Bomblaster","wariomod:SilenceBombs"],"relics":["wariomod:TheHat","aspiration:Nostalgia","Replay:M_SmolderingBlood","jedi:matchstick","jedi:shrinkray","infinitespire:ShieldingShard","War Paint","Astrolabe","hubris:Icosahedron","Omamori"],"potions_floor_usage":[16,23,24],"damage_taken":[{"damage":0,"enemies":"2_ Uuma","floor":1,"turns":4},{"damage":12,"enemies":"Hallownest:2_Baldur","floor":3,"turns":3},{"damage":28,"enemies":"Hallownest:monsterMarmu","floor":4,"turns":8},{"damage":29,"enemies":"Hallownest:eliteCrystalGuardian","floor":6,"turns":8},{"damage":2,"enemies":"Hallownest:monsterHuskGuard","floor":7,"turns":4},{"damage":3,"enemies":"Hallownest:Guard_and_Warrior","floor":11,"turns":12},{"damage":18,"enemies":"Hallownest:eliteMossKnight","floor":13,"turns":9},{"damage":2,"enemies":"Hallownest:MossCreep_and_Mosskin","floor":14,"turns":7},{"damage":8,"enemies":"Hallownest:BossBrokenVessel","floor":16,"turns":13},{"damage":26,"enemies":"Hallownest:3_Youths","floor":18,"turns":8},{"damage":15,"enemies":"Hallownest:Guard_and_Sentry","floor":22,"turns":8},{"damage":0,"enemies":"Hallownest:Nosk","floor":23,"turns":11},{"damage":26,"enemies":"Hallownest:Glutton_and_Coward","floor":24,"turns":3}],"seed_played":"-5921887774181570593","potions_obtained":[{"floor":3,"key":"Elixir"},{"floor":11,"key":"ColorlessPotion"},{"floor":16,"key":"CultistPotion"},{"floor":23,"key":"SkillPotion"}],"is_trial":false,"path_per_floor":["M","?","M","?","?","E","M","$","T","R","M","R","E","M","R_BF","B",null,"M","$","$","?","M","E","M"],"character_chosen":"THE_BANDIT","items_purchased":["jedi:shrinkray"],"campfire_rested":2,"item_purchase_floors":[8],"current_hp_per_floor":[65,74,62,34,34,5,3,3,3,27,24,48,30,28,28,20,66,40,40,40,40,25,25,0,0,0],"gold":140,"neow_bonus":"NOSTALGIA","is_prod":false,"is_daily":false,"chose_seed":false,"campfire_upgraded":1,"win_rate":0,"timestamp":1607506353,"path_taken":["M","?","M","?","?","E","M","$","T","R","?","R","E","M","R_BF","BOSS","M","?","$","?","M","E","M"],"build_version":"2020-11-30","purchased_purges":1,"victory":false,"max_hp_per_floor":[72,81,81,81,81,81,81,81,81,81,81,81,81,81,81,81,81,81,81,81,81,81,81,81,81,81],"relic_stats":{"counters":[13,98],"Astrolabe":["wariomod:TrekTime","wariomod:f","wariomod:Smackflip"],"War Paint":["wariomod:Step","wariomod:Defend"],"obtain_stats":[{"infinitespire:ShieldingShard":9,"hubris:Icosahedron":21,"aspiration:Nostalgia":0,"Replay:M_SmolderingBlood":0,"wariomod:TheHat":0,"Astrolabe":17,"jedi:matchstick":6,"Omamori":23,"War Paint":13,"jedi:shrinkray":8},{"infinitespire:ShieldingShard":5,"hubris:Icosahedron":10,"aspiration:Nostalgia":0,"Replay:M_SmolderingBlood":0,"wariomod:TheHat":0,"Astrolabe":9,"jedi:matchstick":4,"Omamori":12,"War Paint":7,"jedi:shrinkray":5},{"infinitespire:ShieldingShard":27,"hubris:Icosahedron":76,"aspiration:Nostalgia":0,"Replay:M_SmolderingBlood":0,"wariomod:TheHat":0,"Astrolabe":68,"jedi:matchstick":23,"Omamori":95,"War Paint":48,"jedi:shrinkray":27}]},"card_choices":[{"not_picked":["wariomod:Smackflip","wariomod:ThatsNotAll","wariomod:SmackSlam"],"picked":"SKIP","floor":1},{"not_picked":["wariomod:EmptyMind","wariomod:f"],"picked":"wariomod:ImFeelingLucky","floor":3},{"not_picked":["wariomod:ThatsNotAll","wariomod:BlastDash"],"picked":"wariomod:EmptyMind","floor":6},{"not_picked":["wariomod:DonateDraw","wariomod:ThatsNotAll"],"picked":"Uppercut","floor":7},{"not_picked":["wariomod:DamnedStrength","EmptyFist"],"picked":"wariomod:TreasureDig","floor":11},{"not_picked":["wariomod:BodyBlock","wariomod:ThatsNotAll"],"picked":"wariomod:SilenceBombs","floor":13},{"not_picked":["Halt","wariomod:DisarmingMoves"],"picked":"wariomod:EmptyMind","floor":14},{"not_picked":["wariomod:ShipSmash","wariomod:FabulousPrizes"],"picked":"Ragnarok","floor":16},{"not_picked":["wariomod:BumRush","wariomod:ChargeForth"],"picked":"wariomod:Bomblaster","floor":18},{"not_picked":["wariomod:SimpleShield","wariomod:BoomBoom","wariomod:Boomsmack"],"picked":"SKIP","floor":22},{"not_picked":["wariomod:DamnedStrength","wariomod:Bombshield"],"picked":"wariomod:SilenceBombs","floor":23}],"player_experience":1303059,"relics_obtained":[{"floor":6,"key":"jedi:matchstick"},{"floor":9,"key":"infinitespire:ShieldingShard"},{"floor":13,"key":"War Paint"},{"floor":23,"key":"Omamori"}],"event_choices":[],"is_beta":false,"boss_relics":[{"not_picked":["conspire:SlowCooker","halation:PinkAlligatorPlush"],"picked":"Astrolabe"}],"items_purged_floors":[19],"is_endless":false,"potions_floor_spawned":[3,4,11,16,22,23],"killed_by":"Hallownest:Glutton_and_Coward","ascension_level":16}}