{"host":"22v3gqhprfvenc0a","time":1607507632,"event":{"gold_per_floor":[109,109,109,109,109,109,139,139,192,202,229,240,240,168,168,266,266,279,279,35,48,48,48],"floor_reached":22,"playtime":700,"items_purged":["Strike_B","Strike_B"],"score":392,"play_id":"0b76945b-5c58-44d7-a25a-21e8611aafff","local_time":"20201209125352","is_ascension_mode":true,"campfire_choices":[{"floor":6,"key":"REST"},{"floor":8,"key":"REST"},{"floor":13,"key":"REST"},{"data":"Defragment","floor":15,"key":"SMITH"}],"neow_cost":"","seed_source_timestamp":46847579945300,"circlet_count":0,"master_deck":["Strike_B","Strike_B","Defend_B","Defend_B","Defend_B","Defend_B","Zap","Dualcast","FIFO Queue","Conserve Battery+1","Steam","Electrodynamics","Ball Lightning","Doom and Gloom","Defragment+1","Capacitor","Force Field","Cold Snap+1","Storm+1"],"relics":["Cracked Core","OrangePellets","Du-Vu Doll","Gremlin Horn","Replay:Mystery Machine","Toy Ornithopter","Snecko Heart","Prayer Wheel","Molten Egg 2"],"potions_floor_usage":[16,22],"damage_taken":[{"damage":15,"enemies":"Small Slimes","floor":1,"turns":4},{"damage":35,"enemies":"3 Sentries","floor":7,"turns":9},{"damage":11,"enemies":"Jaw Worm","floor":10,"turns":4},{"damage":18,"enemies":"Lagavulin","floor":11,"turns":8},{"damage":0,"enemies":"2 Louse","floor":12,"turns":2},{"damage":7,"enemies":"Fading Forest","floor":16,"turns":11},{"damage":11,"enemies":"Chosen","floor":18,"turns":5},{"damage":39,"enemies":"3 Byrds","floor":21,"turns":4},{"damage":21,"enemies":"Snake Plant","floor":22,"turns":3}],"seed_played":"3002963631142574122","potions_obtained":[{"floor":10,"key":"PotionOfCapacity"},{"floor":16,"key":"Strength Potion"},{"floor":21,"key":"BlessingOfTheForge"}],"is_trial":false,"path_per_floor":["M","?","?","$","?","R","E","R","T","M","E","M","R","$","R","B",null,"M","?","$","M","M"],"character_chosen":"DEFECT","items_purchased":["OrangePellets","FIFO Queue","Defragment","Molten Egg 2"],"campfire_rested":3,"item_purchase_floors":[0,0,14,20],"current_hp_per_floor":[53,53,28,28,28,50,15,37,37,26,8,8,30,30,30,28,63,52,52,52,13,0,0],"gold":48,"neow_bonus":"","is_prod":false,"is_daily":false,"chose_seed":false,"campfire_upgraded":1,"win_rate":0,"timestamp":1607507632,"path_taken":["M","?","?","$","?","R","E","R","T","M","E","M","R","?","R","BOSS","M","?","$","M","M"],"build_version":"2020-11-30","purchased_purges":2,"victory":false,"max_hp_per_floor":[75,75,75,75,75,75,75,75,75,75,75,75,75,75,75,75,75,75,75,75,75,75,75],"relic_stats":{"OrangePellets":[5],"Gremlin Horn":[10,10],"counters":[39,204],"Prayer Wheel":2,"obtain_stats":[{"Golden Egg":30,"Snecko Heart":17,"Gremlin Horn":3,"Painkiller Herb":17,"Whetstone":40,"Replay:Mystery Machine":7,"Blood Vial":6,"Matryoshka":26,"Prayer Wheel":18,"Replay:Wax Seal":13,"Toxic Egg 2":25,"Cracked Core":0,"Potion Belt":23,"Gremlin Food":39,"Inserter":34,"Golden Idol":14,"ReplayTheSpireMod:CursedCoin":39,"Omamori":20,"MawBank":43,"Akabeko":8,"Du-Vu Doll":0,"OrangePellets":0,"DataDisk":10,"ReplayTheSpireMod:Shallot":48,"Shuriken":45,"Bronze Scales":9,"Molten Egg 2":20,"Grinning Jar":39,"Toy Ornithopter":11},{"Golden Egg":19,"Snecko Heart":36,"Gremlin Horn":31,"Painkiller Herb":11,"Whetstone":24,"Replay:Mystery Machine":32,"Blood Vial":6,"Matryoshka":17,"Prayer Wheel":37,"Replay:Wax Seal":10,"Toxic Egg 2":17,"Cracked Core":0,"Potion Belt":16,"Gremlin Food":23,"Inserter":21,"Golden Idol":10,"ReplayTheSpireMod:CursedCoin":23,"Omamori":13,"MawBank":25,"Akabeko":7,"Du-Vu Doll":30,"OrangePellets":30,"DataDisk":8,"ReplayTheSpireMod:Shallot":29,"Shuriken":27,"Bronze Scales":7,"Molten Egg 2":37,"Grinning Jar":23,"Toy Ornithopter":34},{"Golden Egg":96,"Snecko Heart":192,"Gremlin Horn":158,"Painkiller Herb":56,"Whetstone":122,"Replay:Mystery Machine":167,"Blood Vial":27,"Matryoshka":86,"Prayer Wheel":193,"Replay:Wax Seal":48,"Toxic Egg 2":86,"Cracked Core":0,"Potion Belt":81,"Gremlin Food":116,"Inserter":107,"Golden Idol":48,"ReplayTheSpireMod:CursedCoin":116,"Omamori":65,"MawBank":126,"Akabeko":34,"Du-Vu Doll":154,"OrangePellets":154,"DataDisk":44,"ReplayTheSpireMod:Shallot":148,"Shuriken":136,"Bronze Scales":34,"Molten Egg 2":197,"Grinning Jar":116,"Toy Ornithopter":179}],"Toy Ornithopter":10},"card_choices":[{"not_picked":["Lockon","Compile Driver"],"picked":"Conserve Battery","floor":1},{"not_picked":["Conserve Battery","Turbo"],"picked":"Steam","floor":7},{"not_picked":["Panic Button","Leap"],"picked":"Electrodynamics","floor":10},{"not_picked":["Hologram","Barrage"],"picked":"Ball Lightning","floor":11},{"not_picked":["Gash","Beam Cell"],"picked":"Doom and Gloom","floor":12},{"not_picked":["ReplayTheSpireMod:Omega Cannon","Machine Learning"],"picked":"ReplayTheSpireMod:Fabricate Wheel","floor":16},{"not_picked":["Reprogram","Recycle"],"picked":"Capacitor","floor":18},{"not_picked":["Redo","Turbo"],"picked":"Force Field","floor":18},{"not_picked":["Redo","Hologram"],"picked":"Cold Snap+1","floor":21},{"not_picked":["Stack","Static Discharge"],"picked":"Storm+1","floor":21}],"player_experience":303853,"relics_obtained":[{"floor":7,"key":"Replay:Mystery Machine"},{"floor":11,"key":"Toy Ornithopter"}],"event_choices":[{"damage_healed":0,"gold_gain":0,"player_choice":"Ignored","damage_taken":0,"max_hp_gain":0,"max_hp_loss":0,"event_name":"Golden Wing","floor":2,"gold_loss":0},{"damage_healed":0,"gold_gain":0,"player_choice":"Success","damage_taken":25,"relics_obtained":["Gremlin Horn"],"max_hp_gain":0,"max_hp_loss":0,"event_name":"Scrap Ooze","floor":3,"gold_loss":0},{"damage_healed":0,"gold_gain":0,"player_choice":"Ignored","damage_taken":0,"max_hp_gain":0,"max_hp_loss":0,"event_name":"The Mausoleum","floor":19,"gold_loss":0}],"is_beta":false,"boss_relics":[{"not_picked":["Ectoplasm","Velvet Choker"],"picked":"Snecko Heart"}],"items_purged_floors":[14,14],"is_endless":false,"potions_floor_spawned":[10,16,21],"killed_by":"Snake Plant","ascension_level":7}}