{"host":"1tl36azeqm6yhdgj","time":1607513601,"event":{"gold_per_floor":[109,59,8,27,27,59,76,90,90,108,183,214,225,290,290,290,290],"floor_reached":16,"playtime":508,"items_purged":[],"score":212,"play_id":"97634a7e-d1cb-46b1-879d-8662ed8d5c6b","local_time":"20201209063321","is_ascension_mode":true,"campfire_choices":[{"floor":15.0,"key":"REST"}],"neow_cost":"NONE","seed_source_timestamp":40165586169000,"circlet_count":0,"master_deck":["AscendersBane","Strike_R","Strike_R","Strike_R","Defend_R","Defend_R","Defend_R","Defend_R","Bash","Clash","Pummel","Reaper","Thunderclap","Uppercut","Cleave","Intimidate","Clash"],"special_seed":0,"relics":["Burning Blood","NeowsBlessing","Bronze Scales","Tiny Chest","InkBottle","Pen Nib"],"potions_floor_usage":[16],"damage_taken":[{"damage":0.0,"enemies":"Cultist","floor":1.0,"turns":1.0},{"damage":0.0,"enemies":"2 Louse","floor":4.0,"turns":1.0},{"damage":0.0,"enemies":"Gremlin Nob","floor":6.0,"turns":1.0},{"damage":0.0,"enemies":"Small Slimes","floor":7.0,"turns":3.0},{"damage":9.0,"enemies":"3 Louse","floor":8.0,"turns":3.0},{"damage":15.0,"enemies":"2 Fungi Beasts","floor":10.0,"turns":2.0},{"damage":29.0,"enemies":"3 Sentries","floor":12.0,"turns":11.0},{"damage":12.0,"enemies":"Looter","floor":13.0,"turns":3.0},{"damage":25.0,"enemies":"Lagavulin Event","floor":14.0,"turns":5.0},{"damage":44,"enemies":"The Guardian","floor":16,"turns":12}],"seed_played":"7409802128759406231","potions_obtained":[{"floor":1.0,"key":"Fire Potion"},{"floor":13.0,"key":"BlessingOfTheForge"},{"floor":14.0,"key":"Dexterity Potion"}],"is_trial":false,"path_per_floor":["M","?","$","M","?","E","M","M","T","M","?","E","M","?","R","B"],"character_chosen":"IRONCLAD","items_purchased":["AttackPotion"],"campfire_rested":1,"item_purchase_floors":[3],"current_hp_per_floor":[78,78,78,80,80,80,80,80,80,71,60,37,31,12,36,0,0],"gold":290,"neow_bonus":"THREE_ENEMY_KILL","is_prod":false,"is_daily":false,"chose_seed":false,"campfire_upgraded":0,"win_rate":0,"timestamp":1607513601,"path_taken":["M","?","$","M","?","E","M","M","T","?","?","E","M","?","R","BOSS"],"build_version":"2020-11-30","purchased_purges":0,"victory":false,"max_hp_per_floor":[80,80,80,80,80,80,80,80,80,80,80,80,80,80,80,80,80],"card_choices":[{"not_picked":["Wild Strike","Iron Wave"],"picked":"Clash","floor":1.0},{"not_picked":["Wild Strike","Pummel","Entrench"],"picked":"SKIP","floor":4.0},{"not_picked":["Wild Strike","Entrench"],"picked":"Pummel","floor":4.0},{"not_picked":["Pommel Strike","Berserk"],"picked":"Reaper","floor":6.0},{"not_picked":["Heavy Blade","True Grit"],"picked":"Thunderclap","floor":7.0},{"not_picked":["Sword Boomerang","Headbutt","Evolve"],"picked":"SKIP","floor":8.0},{"not_picked":["Pommel Strike","Iron Wave"],"picked":"Uppercut","floor":10.0},{"not_picked":["Flex","Body Slam"],"picked":"Cleave","floor":12.0},{"not_picked":["Cleave","Hemokinesis"],"picked":"Intimidate","floor":13.0},{"not_picked":["Twin Strike","Flex"],"picked":"Clash","floor":14.0}],"player_experience":1894620,"relics_obtained":[{"floor":6.0,"key":"Bronze Scales"},{"floor":9.0,"key":"Tiny Chest"},{"floor":12.0,"key":"InkBottle"},{"floor":14.0,"key":"Pen Nib"}],"event_choices":[{"cards_removed":["Strike_R"],"damage_healed":0.0,"max_hp_gain":0.0,"max_hp_loss":0.0,"gold_gain":0.0,"event_name":"The Cleric","player_choice":"Card Removal","floor":2.0,"gold_loss":50.0,"damage_taken":0.0},{"cards_removed":["Strike_R"],"damage_healed":0.0,"max_hp_gain":0.0,"max_hp_loss":0.0,"gold_gain":0.0,"event_name":"Bonfire Elementals","player_choice":"Offered Basic","floor":5.0,"gold_loss":0.0,"damage_taken":0.0},{"damage_healed":0.0,"max_hp_gain":0.0,"max_hp_loss":0.0,"gold_gain":75.0,"event_name":"World of Goop","player_choice":"Gather Gold","floor":11.0,"gold_loss":0.0,"damage_taken":11.0},{"damage_healed":0.0,"max_hp_gain":0.0,"max_hp_loss":0.0,"gold_gain":30.0,"event_name":"Dead Adventurer","player_choice":"Searched \u00273\u0027 times","floor":14.0,"gold_loss":0.0,"damage_taken":0.0}],"is_beta":false,"boss_relics":[],"items_purged_floors":[],"is_endless":false,"potions_floor_spawned":[1,4,7,13,14],"killed_by":"The Guardian","ascension_level":11}}