{"host":"a7iur02kkvpf5owd","time":1607481982,"event":{"gold_per_floor":[116,130,92,17,17,45,56,86,112,112,112,132,163,183,183,286,286,301,318,318,331,256,256,206,93,93,128,128,159,169,181,181,282,282,299,299,319,319,333,363,363,388,388,388,403,428,445,500,500,500,500,500,299,340,340],"floor_reached":56,"playtime":4353,"items_purged":["Strike_G","Defend_G","Strike_G","Strike_G","Defend_G","Defend_G","Defend_G"],"score":2106,"play_id":"8558849f-452d-4895-9c6c-d240164f8225","local_time":"20201208214622","is_ascension_mode":true,"campfire_choices":[{"data":"Prepared","floor":10.0,"key":"SMITH"},{"data":"Neutralize","floor":15.0,"key":"SMITH"},{"data":"Blur","floor":23,"key":"SMITH"},{"floor":28,"key":"RECALL"},{"data":"Survivor","floor":32,"key":"SMITH"},{"data":"Strike_G","floor":41,"key":"SMITH"},{"data":"After Image","floor":44,"key":"SMITH"},{"data":"After Image","floor":49,"key":"SMITH"}],"neow_cost":"","seed_source_timestamp":0,"circlet_count":0,"master_deck":["Neutralize+1","After Image+1","Reflex+1","Prepared+1","Blur+1","After Image+1","Deadly Poison+1","Tactician"],"special_seed":0,"relics":["Ring of the Serpent","Membership Card","Eternal Feather","Unceasing Top","PreservedInsect","Tiny Chest","Happy Flower","Orichalcum","Bag of Marbles","Omamori","White Beast Statue","Nunchaku","Dream Catcher","Boot","Coffee Dripper","Du-Vu Doll","Letter Opener","InkBottle","Strawberry","CeramicFish","Kunai","Snake Skull","Ice Cream","Bronze Scales"],"potions_floor_usage":[50],"damage_taken":[{"damage":0.0,"enemies":"2 Louse","floor":1.0,"turns":3.0},{"damage":0.0,"enemies":"Cultist","floor":2.0,"turns":6.0},{"damage":8.0,"enemies":"3 Sentries","floor":6.0,"turns":13.0},{"damage":0.0,"enemies":"Jaw Worm","floor":7.0,"turns":1.0},{"damage":0.0,"enemies":"Lagavulin","floor":8.0,"turns":1.0},{"damage":0.0,"enemies":"Blue Slaver","floor":12.0,"turns":1.0},{"damage":0.0,"enemies":"3 Sentries","floor":13.0,"turns":1.0},{"damage":0.0,"enemies":"Lots of Slimes","floor":14.0,"turns":1.0},{"damage":0.0,"enemies":"Slime Boss","floor":16.0,"turns":1.0},{"damage":0.0,"enemies":"Spheric Guardian","floor":18.0,"turns":1.0},{"damage":0.0,"enemies":"3 Byrds","floor":19.0,"turns":1.0},{"damage":0,"enemies":"Snake Plant","floor":21,"turns":2},{"damage":0,"enemies":"Book of Stabbing","floor":27,"turns":1},{"damage":0,"enemies":"Slavers","floor":29,"turns":1},{"damage":0,"enemies":"Shelled Parasite and Fungi","floor":30,"turns":1},{"damage":0,"enemies":"Centurion and Healer","floor":31,"turns":1},{"damage":0,"enemies":"Champ","floor":33,"turns":1},{"damage":0,"enemies":"3 Darklings","floor":35,"turns":1},{"damage":1,"enemies":"3 Shapes","floor":37,"turns":1},{"damage":0,"enemies":"Jaw Worm Horde","floor":39,"turns":1},{"damage":0,"enemies":"Nemesis","floor":40,"turns":1},{"damage":0,"enemies":"Giant Head","floor":42,"turns":1},{"damage":0,"enemies":"Sphere and 2 Shapes","floor":45,"turns":1},{"damage":0,"enemies":"Reptomancer","floor":46,"turns":1},{"damage":0,"enemies":"Spire Growth","floor":47,"turns":1},{"damage":8,"enemies":"Time Eater","floor":50,"turns":9},{"damage":0,"enemies":"Shield and Spear","floor":54,"turns":1},{"damage":1,"enemies":"The Heart","floor":55,"turns":2}],"seed_played":"9003685497153682819","potions_obtained":[{"floor":1.0,"key":"LiquidMemories"},{"floor":6.0,"key":"BlessingOfTheForge"},{"floor":7.0,"key":"DuplicationPotion"},{"floor":45,"key":"Poison Potion"},{"floor":54,"key":"Poison Potion"}],"is_trial":false,"path_per_floor":["M","M","$","?","?","E","M","E","T","R","?","M","E","M","R","B",null,"M","M","T","M","?","R","?","$","T","E","R","E","M","M","R","B",null,"M","$","M","$","M","E","R","E","T","R","M","E","M","T","R","B",null,"R","$","E","B",null],"character_chosen":"THE_SILENT","items_purchased":["Membership Card","After Image","Eternal Feather","Unceasing Top","PreservedInsect","Tiny Chest","Happy Flower","Kunai","Snake Skull","Ice Cream"],"campfire_rested":0,"item_purchase_floors":[0,0,0,0,0,0,3,53,53,53],"current_hp_per_floor":[70,70,70,70,63,55,55,55,55,58,58,58,58,58,61,61,70,70,70,70,70,70,70,70,70,70,70,70,70,70,70,70,70,70,70,70,69,69,69,69,70,70,70,70,70,77,77,77,77,69,77,77,77,77,76],"gold":340,"neow_bonus":"","is_prod":false,"is_daily":false,"chose_seed":false,"campfire_upgraded":7,"win_rate":0,"timestamp":1607481982,"path_taken":["M","M","$","?","?","E","M","E","T","R","?","M","E","M","R","BOSS","M","M","?","?","?","R","?","$","T","E","R","E","M","M","R","BOSS","M","$","M","$","M","E","R","E","T","R","M","E","M","?","R","BOSS","R","$","E","BOSS"],"build_version":"2020-11-30","purchased_purges":7,"victory":true,"max_hp_per_floor":[70,70,70,70,70,70,70,70,70,70,70,70,70,70,70,70,70,70,70,70,70,70,70,70,70,70,70,70,70,70,70,70,70,70,70,70,70,70,70,70,70,70,70,70,70,77,77,77,77,77,77,77,77,77,77],"card_choices":[{"not_picked":["Reflex","Slice","Dagger Spray"],"picked":"SKIP","floor":1.0},{"not_picked":["Outmaneuver","Dagger Spray","Cloak And Dagger"],"picked":"SKIP","floor":2.0},{"not_picked":["Finisher+1","Riddle With Holes+1"],"picked":"Reflex+1","floor":4.0},{"not_picked":["Underhanded Strike","Acrobatics"],"picked":"Prepared","floor":6.0},{"not_picked":["Accuracy","Slice","Poisoned Stab"],"picked":"SKIP","floor":7.0},{"not_picked":["Bane","Dash","Eviscerate"],"picked":"SKIP","floor":8.0},{"not_picked":["Concentrate","Poisoned Stab"],"picked":"Blur","floor":12.0},{"not_picked":["Blur","Prepared","Skewer"],"picked":"SKIP","floor":13.0},{"not_picked":["Deadly Poison","Dagger Throw","Escape Plan"],"picked":"SKIP","floor":14.0},{"not_picked":["Backflip+1","All Out Attack","Terror"],"picked":"SKIP","floor":18.0},{"not_picked":["Cloak And Dagger","Masterful Stab","Calculated Gamble"],"picked":"SKIP","floor":19.0},{"not_picked":["Quick Slash","Dagger Throw+1","Finisher"],"picked":"SKIP","floor":21},{"not_picked":["Dagger Spray","Deflect","Deadly Poison"],"picked":"SKIP","floor":27},{"not_picked":["Bouncing Flask","Expertise","Sucker Punch"],"picked":"SKIP","floor":29},{"not_picked":["Skewer","Sucker Punch","Noxious Fumes"],"picked":"SKIP","floor":30},{"not_picked":["Dagger Throw+1","Masterful Stab","Corpse Explosion"],"picked":"SKIP","floor":31},{"not_picked":["Underhanded Strike","Deflect","Backflip+1"],"picked":"SKIP","floor":35},{"not_picked":["Backflip","Concentrate","Calculated Gamble"],"picked":"SKIP","floor":37},{"not_picked":["Escape Plan","Outmaneuver","Acrobatics+1"],"picked":"SKIP","floor":39},{"not_picked":["Calculated Gamble+1","Footwork"],"picked":"After Image","floor":40},{"not_picked":["Predator","Backflip+1","Dodge and Roll"],"picked":"SKIP","floor":42},{"not_picked":["Leg Sweep","Poisoned Stab+1"],"picked":"Deadly Poison+1","floor":45},{"not_picked":["Backflip","Crippling Poison","Eviscerate+1"],"picked":"SKIP","floor":46},{"not_picked":["Backflip","Crippling Poison","Eviscerate+1"],"picked":"SKIP","floor":46},{"not_picked":["Backflip","Crippling Poison","Eviscerate+1"],"picked":"SKIP","floor":46},{"not_picked":["Backflip","Crippling Poison","Eviscerate+1"],"picked":"SKIP","floor":46},{"not_picked":["Acrobatics+1","Outmaneuver","Footwork"],"picked":"SKIP","floor":47},{"not_picked":["Dodge and Roll+1","Grand Finale"],"picked":"Tactician","floor":54}],"player_experience":316546,"relics_obtained":[{"floor":6.0,"key":"Orichalcum"},{"floor":8.0,"key":"Bag of Marbles"},{"floor":9.0,"key":"Omamori"},{"floor":13.0,"key":"White Beast Statue"},{"floor":20.0,"key":"Nunchaku"},{"floor":27,"key":"Dream Catcher"},{"floor":29,"key":"Boot"},{"floor":40,"key":"Du-Vu Doll"},{"floor":42,"key":"Letter Opener"},{"floor":43,"key":"InkBottle"},{"floor":46,"key":"Strawberry"},{"floor":48,"key":"CeramicFish"},{"floor":54,"key":"Bronze Scales"}],"event_choices":[{"damage_healed":0.0,"max_hp_gain":0.0,"max_hp_loss":0.0,"gold_gain":0.0,"event_name":"betterMatch:BetterMatch","player_choice":"2","floor":4.0,"gold_loss":0.0,"damage_taken":0.0,"cards_obtained":["betterMatch:UncommonCard"]},{"cards_removed":["Defend_G"],"damage_healed":0.0,"max_hp_gain":0.0,"max_hp_loss":0.0,"gold_gain":0.0,"event_name":"Golden Wing","player_choice":"Card Removal","floor":5.0,"gold_loss":0.0,"damage_taken":7.0},{"cards_removed":["Strike_G"],"damage_healed":0.0,"max_hp_gain":0.0,"max_hp_loss":0.0,"gold_gain":0.0,"event_name":"Bonfire Elementals","player_choice":"Offered Basic","floor":11.0,"gold_loss":0.0,"damage_taken":0.0},{"damage_healed":0,"gold_gain":0,"player_choice":"2","damage_taken":0,"max_hp_gain":0,"max_hp_loss":0,"event_name":"betterMatch:BetterMatch","floor":22,"gold_loss":0,"cards_obtained":["betterMatch:UncommonCard","betterMatch:ColorlessUncommonCard"]},{"damage_healed":0,"gold_gain":0,"player_choice":"Bet on Owner","damage_taken":0,"max_hp_gain":0,"max_hp_loss":0,"event_name":"The Joust","floor":24,"gold_loss":50}],"is_beta":false,"boss_relics":[{"not_picked":["Calling Bell","Ectoplasm"],"picked":"Ring of the Serpent"},{"not_picked":["Cursed Key","Astrolabe"],"picked":"Coffee Dripper"}],"items_purged_floors":[0,0,0,0,0,0,25],"is_endless":false,"potions_floor_spawned":[1,6,7,12,13,14,16,18,19,21,27,29,30,31,33,35,37,39,40,42,45,46,47,54],"ascension_level":3}}