{"host":"v0kr0xkqfgnh389p","time":1607537285,"event":{"gold_per_floor":[122,122,173,173,23,23,37,86,157,157,157,157,188,200,200,295,295,313,313,327,5,16,42,54,78,114,155,167,179,191,236,248,260,260],"floor_reached":33,"playtime":1556,"items_purged":["Regret"],"score":366,"play_id":"87e481c7-626a-439a-b3d5-26c61a37fae7","local_time":"20201209130805","is_ascension_mode":true,"campfire_choices":[{"floor":6,"key":"REST"},{"floor":12,"key":"RECALL"},{"data":"hubris:Fate","floor":15,"key":"SMITH"},{"data":"Fasting2","floor":24,"key":"SMITH"},{"floor":28,"key":"REST"},{"floor":30,"key":"REST"},{"floor":32,"key":"DIG"}],"neow_cost":"CURSE","seed_source_timestamp":11923498199000,"circlet_count":0,"master_deck":["Strike_P+1","Strike_P+1","Strike_P+1","Strike_P+1","Defend_P+1","Defend_P+1","Defend_P+1","Defend_P+1","Eruption","Vigilance","FollowUp","hubris:Fate+1","SpiritShield+1","Nirvana","DevaForm+1","Fasting2+1","Fasting2+1","Tantrum+1"],"relics":["PureWater","WingedGreaves","ReplayTheSpireMod:Ninjato","Pen Nib","Golden Egg","Gremlin Food","hubris:Icosahedron","Ornamental Fan","Black Star","MerchantsRug","hubris:HerbalPaste","MawBank","hubris:DisguiseKit","Replay:Baseball","Replay:Accelerometer","The Courier","Turnip","Bronze Scales","StrikeDummy"],"potions_floor_usage":[13,16,23,33,33,33],"damage_taken":[{"damage":0,"enemies":"2 Louse","floor":1,"turns":1},{"damage":0,"enemies":"Jaw Worm","floor":7,"turns":6},{"damage":4,"enemies":"Lagavulin","floor":13,"turns":3},{"damage":0,"enemies":"Cultist","floor":14,"turns":2},{"damage":56,"enemies":"The Guardian","floor":16,"turns":13},{"damage":0,"enemies":"Spheric Guardian","floor":18,"turns":1},{"damage":5,"enemies":"Chosen","floor":20,"turns":6},{"damage":7,"enemies":"Shelled Parasite and Fungi","floor":22,"turns":8},{"damage":17,"enemies":"Nightmare","floor":23,"turns":13},{"damage":3,"enemies":"Snake Plant","floor":25,"turns":5},{"damage":25,"enemies":"Book of Stabbing","floor":27,"turns":9},{"damage":66,"enemies":"Gremlin Leader","floor":31,"turns":9},{"damage":15,"enemies":"Collector","floor":33,"turns":5}],"seed_played":"-1582039620499965587","potions_obtained":[{"floor":1,"key":"Fire Potion"},{"floor":14,"key":"Regen Potion"},{"floor":20,"key":"Regen Potion"},{"floor":22,"key":"Languid Potion"},{"floor":25,"key":"SteroidPotion"},{"floor":31,"key":"SteroidPotion"}],"is_trial":false,"path_per_floor":["M","?","?","?","$","R","M","T","T","?","?","R","E","M","R","B",null,"M","?","M","$","M","NM","R","M","T","E","R","?","R","E","R_BF","B"],"character_chosen":"WATCHER","items_purchased":["Pen Nib","MerchantsRug","hubris:HerbalPaste"],"campfire_rested":3,"item_purchase_floors":[5,21,21],"current_hp_per_floor":[72,54,26,19,19,40,55,55,55,55,55,55,51,51,51,55,72,72,72,67,67,65,54,54,57,57,38,59,59,72,9,9,0,0],"gold":260,"neow_bonus":"ONE_RARE_RELIC","is_prod":false,"is_daily":false,"chose_seed":false,"campfire_upgraded":2,"win_rate":0,"timestamp":1607537285,"path_taken":["M","?","?","?","?","R","?","?","T","?","?","R","E","M","R","BOSS","M","?","M","$","M","NM","R","M","T","E","R","?","R","E","R_BF","BOSS"],"build_version":"2020-11-30","purchased_purges":1,"victory":false,"max_hp_per_floor":[72,72,72,72,72,72,72,72,72,72,72,72,72,72,72,72,72,72,72,72,72,72,72,72,72,72,72,72,72,72,72,72,72,72],"card_choices":[{"not_picked":["Replay:Anticipation","Replay:ManipulateFuture"],"picked":"FollowUp","floor":1},{"not_picked":["infinitespire:Collect","hubris:InfiniteBlow"],"picked":"hubris:Fate","floor":2},{"not_picked":["JustLucky","Replay:ManipulateFuture"],"picked":"SpiritShield","floor":3},{"not_picked":["Replay:Hum","ClearTheMind","Replay:ManipulateFuture"],"picked":"SKIP","floor":7},{"not_picked":["EmptyFist","PathToVictory","JustLucky"],"picked":"SKIP","floor":13},{"not_picked":["SashWhip","CarveReality"],"picked":"Nirvana","floor":14},{"not_picked":["ConjureBlade","MasterReality"],"picked":"DevaForm","floor":16},{"not_picked":["Replay:Vibes","BowlingBash","EmptyFist"],"picked":"SKIP","floor":18},{"not_picked":["Meditate+1","SashWhip","CrushJoints"],"picked":"SKIP","floor":20},{"not_picked":["EmptyMind","ClearTheMind+1","Replay:Vibes"],"picked":"SKIP","floor":22},{"not_picked":["Replay:Battleflow","CarveReality+1"],"picked":"Fasting2","floor":23},{"not_picked":["Replay:ManipulateFuture","CutThroughFate+1","DeceiveReality","Poisoned Stab"],"picked":"SKIP","floor":25},{"not_picked":["Crescendo","Replay:AtTheReady+1","CutThroughFate+1","Wraith Form v2"],"picked":"SKIP","floor":27},{"not_picked":["Replay:Battleflow+1","WheelKick+1","PiercingWail"],"picked":"Tantrum+1","floor":31}],"player_experience":676142,"relics_obtained":[{"floor":3,"key":"ReplayTheSpireMod:Ninjato"},{"floor":9,"key":"Golden Egg"},{"floor":13,"key":"Ornamental Fan"},{"floor":23,"key":"MawBank"},{"floor":23,"key":"hubris:DisguiseKit"},{"floor":26,"key":"Replay:Baseball"},{"floor":27,"key":"Replay:Accelerometer"},{"floor":27,"key":"The Courier"},{"floor":31,"key":"Turnip"},{"floor":31,"key":"Bronze Scales"},{"floor":32,"key":"StrikeDummy"}],"event_choices":[{"cards_removed":["hubris:Greed"],"damage_healed":0,"gold_gain":0,"player_choice":"Card Removal","damage_taken":7,"max_hp_gain":0,"max_hp_loss":0,"event_name":"Golden Wing","floor":4,"gold_loss":0},{"damage_healed":0,"gold_gain":0,"player_choice":"Box","damage_taken":0,"relics_obtained":["Gremlin Food"],"max_hp_gain":0,"max_hp_loss":0,"event_name":"Big Fish","floor":10,"gold_loss":0,"cards_obtained":["Regret"]},{"damage_healed":0,"gold_gain":0,"player_choice":"Simplicity","damage_taken":0,"max_hp_gain":0,"max_hp_loss":0,"event_name":"Back to Basics","floor":19,"gold_loss":0,"cards_upgraded":["Strike_P","Strike_P","Strike_P","Strike_P","Defend_P","Defend_P","Defend_P","Defend_P"]},{"damage_healed":0,"gold_gain":0,"player_choice":"Read","damage_taken":0,"max_hp_gain":0,"max_hp_loss":0,"event_name":"The Library","floor":29,"gold_loss":0,"cards_obtained":["Fasting2"]}],"is_beta":false,"boss_relics":[{"not_picked":["hubris:CrackedHourglass","Painkiller Herb"],"picked":"Black Star"}],"items_purged_floors":[21],"is_endless":true,"potions_floor_spawned":[1,14,20,22,25,31],"killed_by":"Collector","ascension_level":1}}