{"host":"6ko66ogg91i6g7xq","time":1607506332,"event":{"gold_per_floor":[116,116,130,130,130,171,171,190,190,190,226,239,253,269,269,392,392,417,417,165,219,233,258,293,293,365,404,404,437,437,460,460,588,588,613,501,526,544,544,585,585,585,585,620,620,653,214,252,252,252,252],"floor_reached":50,"playtime":2009,"items_purged":[],"score":764,"play_id":"e3894631-b08d-46db-a3e9-9fe8687465c8","local_time":"20201209043212","is_ascension_mode":true,"campfire_choices":[{"floor":7,"key":"RECALL"},{"data":"Poisoned Stab","floor":10,"key":"SMITH"},{"floor":15,"key":"REST"},{"floor":30,"key":"REST"},{"floor":32,"key":"REST"},{"floor":41,"key":"REST"},{"data":"Apotheosis","floor":45,"key":"SMITH"},{"floor":49,"key":"REST"}],"neow_cost":"NONE","seed_source_timestamp":133951222861099,"circlet_count":0,"master_deck":["Strike_G","Strike_G","Strike_G","Strike_G","Strike_G","Defend_G","Defend_G","Defend_G","Defend_G","Defend_G","Survivor","Neutralize","Caltrops+1","Sucker Punch+1","Poisoned Stab+1","Poisoned Stab","Catalyst","Venomology","Backflip","Poisoned Stab","Sucker Punch","Die Die Die","CurseOfTheBell","Blur","Apotheosis+1","Leg Sweep","Storm of Steel","Poisoned Stab","Noxious Fumes+1","Catalyst","Backflip","Corpse Explosion","Deadly Poison+1","Tools of the Trade+1","Dodge and Roll+1","Crippling Poison","Catalyst","Crippling Poison+1","Sucker Punch"],"relics":["Ring of the Snake","NeowsBlessing","Golden Idol","Prayer Wheel","Lizard Tail","InkBottle","Calling Bell","Bronze Scales","Meat on the Bone","Thread and Needle","Red Mask","Tiny Chest","Strawberry","Frozen Egg 2","WristBlade","Potion Belt","Bottled Tornado","Bag of Marbles","The Courier","TungstenRod","Orichalcum","Blue Candle"],"potions_floor_usage":[11,13,14,14,16,21,21,21,23,24,24,27,27,28,31,33,33,33,33,33,38,38,40,40,40,42,46,48,48,50],"damage_taken":[{"damage":0,"enemies":"Jaw Worm","floor":1,"turns":1},{"damage":0,"enemies":"Cultist","floor":3,"turns":1},{"damage":0,"enemies":"3 Sentries","floor":6,"turns":2},{"damage":0,"enemies":"Small Slimes","floor":8,"turns":3},{"damage":19,"enemies":"Gremlin Nob","floor":11,"turns":4},{"damage":4,"enemies":"Looter","floor":12,"turns":3},{"damage":2,"enemies":"2 Fungi Beasts","floor":13,"turns":3},{"damage":5,"enemies":"Large Slime","floor":14,"turns":5},{"damage":37,"enemies":"Slime Boss","floor":16,"turns":8},{"damage":0,"enemies":"3 Byrds","floor":18,"turns":3},{"damage":5,"enemies":"Masked Bandits","floor":21,"turns":3},{"damage":0,"enemies":"Chosen","floor":22,"turns":4},{"damage":0,"enemies":"Snecko","floor":23,"turns":3},{"damage":39,"enemies":"Slavers","floor":24,"turns":5},{"damage":14,"enemies":"Gremlin Leader","floor":27,"turns":5},{"damage":0,"enemies":"Snake Plant","floor":28,"turns":1},{"damage":33,"enemies":"Slavers","floor":29,"turns":5},{"damage":0,"enemies":"Chosen and Byrds","floor":31,"turns":6},{"damage":49,"enemies":"Collector","floor":33,"turns":8},{"damage":38,"enemies":"3 Darklings","floor":35,"turns":3},{"damage":1,"enemies":"3 Shapes","floor":37,"turns":5},{"damage":4,"enemies":"Sphere and 2 Shapes","floor":38,"turns":4},{"damage":74,"enemies":"Reptomancer","floor":40,"turns":8},{"damage":14,"enemies":"Spire Growth","floor":42,"turns":5},{"damage":8,"enemies":"Nemesis","floor":44,"turns":5},{"damage":6,"enemies":"Giant Head","floor":46,"turns":6},{"damage":51,"enemies":"Reptomancer","floor":48,"turns":6},{"damage":67,"enemies":"Donu and Deca","floor":50,"turns":8}],"seed_played":"3942759900102495463","potions_obtained":[{"floor":1,"key":"Swift Potion"},{"floor":3,"key":"GamblersBrew"},{"floor":8,"key":"ColorlessPotion"},{"floor":11,"key":"Guardian:BlockOnCardUsePotion"},{"floor":24,"key":"SmokeBomb"},{"floor":29,"key":"ColorlessPotion"},{"floor":31,"key":"EntropicBrew"},{"floor":38,"key":"Energy Potion"},{"floor":48,"key":"BlessingOfTheForge"}],"is_trial":false,"path_per_floor":["M","?","M","?","?","E","R","M","T","R","E","M","M","M","R","B",null,"M","?","$","?","M","M","E","?","T","E","M","E","R","M","R","B",null,"M","$","M","M","?","E","R","M","T","E","R","E","$","E","R","B"],"character_chosen":"THE_SILENT","items_purchased":["Apotheosis","Leg Sweep","Crippling Poison","Catalyst","SmokeBomb","TungstenRod","Orichalcum"],"campfire_rested":5,"item_purchase_floors":[20,20,36,36,47,47,47],"current_hp_per_floor":[70,70,70,70,53,53,53,53,53,53,34,30,28,23,44,7,70,70,70,70,65,65,65,38,38,38,43,43,22,45,45,68,31,77,39,39,50,46,46,33,56,42,42,46,46,40,40,40,63,0,0],"gold":252,"neow_bonus":"THREE_ENEMY_KILL","is_prod":false,"is_daily":false,"chose_seed":false,"campfire_upgraded":2,"win_rate":0,"timestamp":1607506332,"path_taken":["M","?","?","?","?","E","R","M","T","R","E","M","M","M","R","BOSS","M","?","$","?","?","M","E","?","T","E","M","E","R","M","R","BOSS","M","$","M","M","?","E","R","M","T","E","R","E","$","E","R","BOSS"],"build_version":"2020-11-30","purchased_purges":0,"victory":false,"max_hp_per_floor":[70,70,70,70,70,70,70,70,70,70,70,70,70,70,70,70,70,70,70,70,70,70,70,70,70,70,77,77,77,77,77,77,77,77,77,77,77,77,77,77,77,77,77,77,77,77,77,77,77,77,77],"relic_stats":{"counters":[28,123],"Golden Idol":178,"Blue Candle":[1],"Orichalcum":[54],"Lizard Tail":38,"Bronze Scales":[269],"Prayer Wheel":11,"Tiny Chest":0,"obtain_stats":[{"Potion Belt":40,"NeowsBlessing":0,"Golden Idol":5,"Blue Candle":48,"Thread and Needle":17,"The Courier":46,"Frozen Egg 2":29,"Bottled Tornado":43,"Orichalcum":47,"Calling Bell":17,"Lizard Tail":9,"WristBlade":34,"Bronze Scales":17,"Strawberry":27,"Prayer Wheel":6,"Tiny Chest":24,"Red Mask":21,"Bag of Marbles":44,"InkBottle":11,"TungstenRod":47,"Ring of the Snake":0,"Meat on the Bone":17},{"Potion Belt":23,"NeowsBlessing":0,"Golden Idol":2,"Blue Candle":27,"Thread and Needle":9,"The Courier":26,"Frozen Egg 2":17,"Bottled Tornado":24,"Orichalcum":26,"Calling Bell":9,"Lizard Tail":4,"WristBlade":19,"Bronze Scales":9,"Strawberry":15,"Prayer Wheel":3,"Tiny Chest":14,"Red Mask":11,"Bag of Marbles":25,"InkBottle":5,"TungstenRod":26,"Ring of the Snake":0,"Meat on the Bone":9},{"Potion Belt":93,"NeowsBlessing":0,"Golden Idol":2,"Blue Candle":115,"Thread and Needle":30,"The Courier":109,"Frozen Egg 2":59,"Bottled Tornado":98,"Orichalcum":109,"Calling Bell":30,"Lizard Tail":7,"WristBlade":73,"Bronze Scales":30,"Strawberry":53,"Prayer Wheel":4,"Tiny Chest":48,"Red Mask":36,"Bag of Marbles":103,"InkBottle":11,"TungstenRod":109,"Ring of the Snake":0,"Meat on the Bone":30}],"InkBottle":[34],"TungstenRod":17,"Ring of the Snake":[56],"Meat on the Bone":96},"card_choices":[{"not_picked":["Setup","PiercingWail"],"picked":"Caltrops","floor":1},{"not_picked":["Concentrate","Flying Knee"],"picked":"Sucker Punch","floor":3},{"not_picked":["Predator","Distraction","Slice"],"picked":"SKIP","floor":6},{"not_picked":["Dodge and Roll","Deflect"],"picked":"Poisoned Stab","floor":8},{"not_picked":["Dagger Throw","Cloak And Dagger"],"picked":"Poisoned Stab","floor":8},{"not_picked":["Distraction","Flying Knee"],"picked":"Catalyst","floor":11},{"not_picked":["Dagger Throw","Prepared"],"picked":"Venomology","floor":12},{"not_picked":["Cloak And Dagger","Slice"],"picked":"Backflip","floor":12},{"not_picked":["Sucker Punch","Predator"],"picked":"Poisoned Stab","floor":13},{"not_picked":["Bane","Slice"],"picked":"Sucker Punch","floor":13},{"not_picked":["PiercingWail","Tactician"],"picked":"Dagger Spray","floor":14},{"not_picked":["Dodge and Roll","Slice","Masterful Stab"],"picked":"SKIP","floor":14},{"not_picked":["Glass Knife","Night Terror"],"picked":"Die Die Die","floor":16},{"not_picked":["Dagger Throw","Deadly Poison"],"picked":"Blur","floor":18},{"not_picked":["Slice","Dagger Throw","Footwork"],"picked":"SKIP","floor":18},{"not_picked":["Riddle With Holes+1","Outmaneuver"],"picked":"Storm of Steel","floor":21},{"not_picked":["Flying Knee","Outmaneuver"],"picked":"Poisoned Stab","floor":22},{"not_picked":["Distraction","Slice","Dagger Throw"],"picked":"SKIP","floor":22},{"not_picked":["Well Laid Plans+1","Backstab"],"picked":"Noxious Fumes+1","floor":23},{"not_picked":["Backstab+1","Grand Finale"],"picked":"Catalyst","floor":23},{"not_picked":["Deflect","Poisoned Stab"],"picked":"Backflip","floor":24},{"not_picked":["Underhanded Strike","Blade Dance+1","Dagger Throw+1"],"picked":"SKIP","floor":27},{"not_picked":["Underhanded Strike+1","Quick Slash+1","Bouncing Flask"],"picked":"SKIP","floor":29},{"not_picked":["Prepared","Cloak And Dagger"],"picked":"Corpse Explosion","floor":31},{"not_picked":["Eviscerate","Slice"],"picked":"Deadly Poison+1","floor":31},{"not_picked":["Grand Finale","A Thousand Cuts+1"],"picked":"Tools of the Trade+1","floor":33},{"not_picked":["Cloak And Dagger+1","Dash"],"picked":"Dodge and Roll+1","floor":35},{"not_picked":["Deflect+1","Prepared+1","Outmaneuver"],"picked":"SKIP","floor":35},{"not_picked":["Dodge and Roll","Dagger Spray+1"],"picked":"Crippling Poison+1","floor":37},{"not_picked":["Flechettes","Reflex+1","Backflip+1"],"picked":"SKIP","floor":37},{"not_picked":["Eviscerate+1","Predator","Infinite Blades+1"],"picked":"SKIP","floor":38},{"not_picked":["PiercingWail+1","Deflect","Blade Dance+1"],"picked":"SKIP","floor":38},{"not_picked":["Setup","Deadly Poison"],"picked":"Sucker Punch","floor":40},{"not_picked":["Slice","Calculated Gamble+1","Flying Knee+1"],"picked":"SKIP","floor":44},{"not_picked":["Die Die Die","Bane+1","Dagger Throw+1"],"picked":"SKIP","floor":46},{"not_picked":["Acrobatics","Deflect","Outmaneuver+1"],"picked":"SKIP","floor":48}],"player_experience":245979,"relics_obtained":[{"floor":6,"key":"Prayer Wheel"},{"floor":9,"key":"Lizard Tail"},{"floor":11,"key":"InkBottle"},{"floor":17,"key":"Bronze Scales"},{"floor":17,"key":"Meat on the Bone"},{"floor":17,"key":"Thread and Needle"},{"floor":21,"key":"Red Mask"},{"floor":24,"key":"Tiny Chest"},{"floor":27,"key":"Strawberry"},{"floor":29,"key":"Frozen Egg 2"},{"floor":40,"key":"Potion Belt"},{"floor":43,"key":"Bottled Tornado"},{"floor":44,"key":"Bag of Marbles"},{"floor":46,"key":"The Courier"},{"floor":48,"key":"Blue Candle"}],"event_choices":[{"damage_healed":0,"gold_gain":0,"player_choice":"Upgraded","damage_taken":0,"max_hp_gain":0,"max_hp_loss":0,"event_name":"Upgrade Shrine","floor":2,"gold_loss":0,"cards_upgraded":["Caltrops"]},{"damage_healed":0,"gold_gain":0,"player_choice":"Grow","damage_taken":0,"max_hp_gain":0,"max_hp_loss":0,"event_name":"Living Wall","floor":4,"gold_loss":0,"cards_upgraded":["Sucker Punch"]},{"damage_healed":0,"gold_gain":0,"player_choice":"Take Damage","damage_taken":17,"relics_obtained":["Golden Idol"],"max_hp_gain":0,"max_hp_loss":0,"event_name":"Golden Idol","floor":5,"gold_loss":0},{"damage_healed":0,"gold_gain":0,"player_choice":"Ignored","damage_taken":0,"max_hp_gain":0,"max_hp_loss":0,"event_name":"Beggar","floor":19,"gold_loss":0},{"damage_healed":0,"gold_gain":0,"player_choice":"Fought Bandits","damage_taken":0,"max_hp_gain":0,"max_hp_loss":0,"event_name":"Masked Bandits","floor":21,"gold_loss":0},{"damage_healed":0,"gold_gain":0,"player_choice":"Ignored","damage_taken":0,"max_hp_gain":0,"max_hp_loss":0,"event_name":"Ghosts","floor":25,"gold_loss":0},{"cards_removed":["Dagger Spray"],"damage_healed":0,"gold_gain":0,"player_choice":"Removed Attack","damage_taken":0,"max_hp_gain":0,"max_hp_loss":0,"event_name":"Falling","floor":39,"gold_loss":0}],"is_beta":false,"boss_relics":[{"not_picked":["Runic Pyramid","Black Star"],"picked":"Calling Bell"},{"not_picked":["Busted Crown","Pandora\u0027s Box"],"picked":"WristBlade"}],"items_purged_floors":[],"is_endless":false,"potions_floor_spawned":[1,3,8,11,24,29,31,38,42,48],"killed_by":"Donu and Deca","ascension_level":1}}