{"host":"lpze9ywvzk5bsxql","time":1607513247,"event":{"gold_per_floor":[112,122,122,22,22,51,51,69,96,126,141,157,157,169,169,267,267,277,291,306,322,322,322],"floor_reached":22,"playtime":4436,"items_purged":[],"score":250,"play_id":"88f9d57d-b9f8-4b87-899b-1b545f4f80a9","local_time":"20201209122727","is_ascension_mode":false,"campfire_choices":[{"data":"LikeWater","floor":7,"key":"SMITH"},{"floor":15,"key":"REST"}],"neow_cost":"NONE","seed_source_timestamp":529252025510999,"circlet_count":0,"master_deck":["Eruption","Vigilance","ICR:DragonStrike","ICR:DragonStrike","ICR:DragonStrike","ICR:CraneWing","ICR:CraneWing","ICR:CraneWing","ICR:CraneWing","EmptyFist","Protect","LikeWater+1","Consecrate","Replay:Cycle","ReachHeaven","Establishment+1","SandsOfTime","ClearTheMind","Nirvana","EmptyBody","CutThroughFate","Replay:ManipulateFuture","Adaptation+1"],"relics":["HolyWater","Regal Pillow","Replay:Rubber Ducky","Lantern"],"potions_floor_usage":[6,10,14],"damage_taken":[{"damage":1,"enemies":"Jaw Worm","floor":1,"turns":2},{"damage":1,"enemies":"Cultist","floor":2,"turns":4},{"damage":9,"enemies":"Gremlin Nob","floor":6,"turns":5},{"damage":8,"enemies":"Small Slimes","floor":8,"turns":3},{"damage":20,"enemies":"Lagavulin","floor":10,"turns":4},{"damage":10,"enemies":"3 Louse","floor":11,"turns":2},{"damage":0,"enemies":"Looter","floor":12,"turns":4},{"damage":13,"enemies":"Exordium Wildlife","floor":14,"turns":5},{"damage":0,"enemies":"Fading Forest","floor":16,"turns":11},{"damage":11,"enemies":"2 Thieves","floor":18,"turns":4},{"damage":2,"enemies":"Shell Parasite","floor":19,"turns":5},{"damage":15,"enemies":"3 Cultists","floor":20,"turns":6},{"damage":41,"enemies":"Chosen and Byrds","floor":21,"turns":7}],"seed_played":"-7268215794574638202","potions_obtained":[{"floor":2,"key":"Block Potion"},{"floor":6,"key":"ColorlessPotion"},{"floor":8,"key":"Regen Potion"},{"floor":19,"key":"SmokeBomb"}],"is_trial":false,"path_per_floor":["M","M","?","$","?","E","R","M","T","E","M","M","?","M","R","B",null,"M","M","M","M","?"],"character_chosen":"WATCHER","items_purchased":["LikeWater","Consecrate"],"campfire_rested":1,"item_purchase_floors":[4,4],"current_hp_per_floor":[71,70,70,70,70,61,61,53,53,33,23,23,23,24,60,70,72,61,59,44,3,0,0],"gold":322,"neow_bonus":"WATCHER_MONK","is_prod":false,"is_daily":false,"chose_seed":false,"campfire_upgraded":1,"win_rate":0.0,"timestamp":1607513247,"path_taken":["M","M","?","$","?","E","R","M","T","E","M","?","?","M","R","BOSS","M","M","M","M","?"],"build_version":"2020-11-30","purchased_purges":0,"victory":false,"max_hp_per_floor":[72,72,72,72,72,72,72,72,72,72,72,72,72,72,72,72,72,72,72,72,72,72,72],"card_choices":[{"not_picked":["WheelKick","Worship"],"picked":"EmptyFist","floor":1},{"not_picked":["CarveReality","Replay:AtTheReady"],"picked":"Protect","floor":2},{"not_picked":["EmptyFist","EmptyBody"],"picked":"Replay:Cycle","floor":6},{"not_picked":["JustLucky","Halt"],"picked":"ReachHeaven","floor":8},{"not_picked":["Vengeance","Consecrate"],"picked":"Establishment","floor":10},{"not_picked":["Halt","Evaluate"],"picked":"SandsOfTime","floor":11},{"not_picked":["Conclude","EmptyBody"],"picked":"ClearTheMind","floor":12},{"not_picked":["Consecrate","Replay:DivineShield"],"picked":"Nirvana","floor":14},{"not_picked":["SignatureMove+1","FollowUp"],"picked":"EmptyBody","floor":18},{"not_picked":["FollowUp","ReachHeaven"],"picked":"CutThroughFate","floor":19},{"not_picked":["FlurryOfBlows","Swivel"],"picked":"Replay:ManipulateFuture","floor":20},{"not_picked":["WaveOfTheHand","Pray"],"picked":"Adaptation+1","floor":21}],"player_experience":206385,"relics_obtained":[{"floor":6,"key":"Regal Pillow"},{"floor":9,"key":"Replay:Rubber Ducky"},{"floor":10,"key":"Lantern"}],"event_choices":[{"damage_healed":0,"gold_gain":0,"player_choice":"Leave","damage_taken":0,"max_hp_gain":0,"max_hp_loss":0,"event_name":"The Cleric","floor":3,"gold_loss":0},{"cards_removed":["ICR:DragonStrike"],"damage_healed":0,"gold_gain":0,"player_choice":"Purged","damage_taken":0,"max_hp_gain":0,"max_hp_loss":0,"event_name":"Purifier","floor":5,"gold_loss":0},{"damage_healed":0,"gold_gain":0,"player_choice":"Grow","damage_taken":0,"max_hp_gain":0,"max_hp_loss":0,"event_name":"Living Wall","floor":13,"gold_loss":0,"cards_upgraded":["Establishment"]}],"is_beta":false,"boss_relics":[{"not_picked":["SacredBark","Pandora\u0027s Box"],"picked":"HolyWater"}],"items_purged_floors":[],"is_endless":false,"potions_floor_spawned":[2,6,8,19],"ascension_level":0}}