{"host":"qt8x914uo63shk13","time":1607547856,"event":{"gold_per_floor":[112,112,112,62,38,71,91,91,142,161,184,222,235,235,235,354,354,369,369,369],"floor_reached":19,"playtime":606,"items_purged":[],"score":227,"play_id":"d388ccb2-4edd-484c-bc9d-ca8918e5b72d","local_time":"20201209160416","is_ascension_mode":false,"campfire_choices":[{"data":"SignatureMove","floor":8,"key":"SMITH"},{"floor":15,"key":"REST"}],"neow_cost":"NONE","seed_source_timestamp":4363299098100,"circlet_count":0,"master_deck":["Strike_P","Strike_P","Strike_P+1","Strike_P","Defend_P","Defend_P","Defend_P","Defend_P","Eruption+1","ThirdEye","Crescendo","Halt","SignatureMove+1","Prostrate","WindmillStrike+1"],"relics":["PureWater","NeowsBlessing","Golden Idol","Art of War","Whetstone","Eternal Feather","SlaversCollar"],"potions_floor_usage":[11,18],"damage_taken":[{"damage":0,"enemies":"Small Slimes","floor":1,"turns":1},{"damage":0,"enemies":"Lagavulin","floor":6,"turns":1},{"damage":0,"enemies":"Jaw Worm","floor":7,"turns":1},{"damage":0,"enemies":"2 Louse","floor":10,"turns":1},{"damage":15,"enemies":"Looter","floor":11,"turns":2},{"damage":0,"enemies":"Gremlin Nob","floor":12,"turns":2},{"damage":27,"enemies":"2 Fungi Beasts","floor":13,"turns":3},{"damage":37,"enemies":"The Guardian","floor":16,"turns":8},{"damage":20,"enemies":"3 Byrds","floor":18,"turns":5},{"damage":5,"enemies":"Shell Parasite","floor":19,"turns":2}],"seed_played":"8170764772546283172","potions_obtained":[{"floor":10,"key":"Regen Potion"},{"floor":11,"key":"Ancient Potion"},{"floor":13,"key":"BlessingOfTheForge"},{"floor":16,"key":"PowerPotion"}],"is_trial":false,"path_per_floor":["M","?","?","?","$","E","M","R","T","M","M","E","M","?","R","B",null,"M","M"],"character_chosen":"WATCHER","items_purchased":["Crescendo"],"campfire_rested":1,"item_purchase_floors":[5],"current_hp_per_floor":[72,54,54,54,54,54,54,54,54,54,44,44,17,17,44,7,72,52,47,47],"gold":369,"neow_bonus":"THREE_ENEMY_KILL","is_prod":false,"is_daily":false,"chose_seed":false,"campfire_upgraded":1,"win_rate":0.0,"timestamp":1607547856,"path_taken":["M","?","?","?","$","E","?","R","T","M","M","E","M","?","R","BOSS","M","M"],"build_version":"2020-11-30","purchased_purges":0,"victory":false,"max_hp_per_floor":[72,72,72,72,72,72,72,72,72,72,72,72,72,72,72,72,72,72,72,72],"card_choices":[{"not_picked":["FollowUp","FearNoEvil"],"picked":"ThirdEye","floor":1},{"not_picked":["CrushJoints","LikeWater"],"picked":"Halt","floor":6},{"not_picked":["ThirdEye","Blasphemy"],"picked":"SignatureMove","floor":7},{"not_picked":["EmptyBody","FearNoEvil","Evaluate"],"picked":"SKIP","floor":10},{"not_picked":["ForeignInfluence","FlurryOfBlows"],"picked":"Prostrate","floor":11},{"not_picked":["Fasting2","FollowUp","CrushJoints"],"picked":"SKIP","floor":12},{"not_picked":["ForeignInfluence","Study","SignatureMove"],"picked":"SKIP","floor":13},{"not_picked":["BowlingBash+1","SandsOfTime"],"picked":"WindmillStrike+1","floor":18}],"player_experience":119623,"relics_obtained":[{"floor":6,"key":"Art of War"},{"floor":9,"key":"Whetstone"},{"floor":12,"key":"Eternal Feather"}],"event_choices":[{"damage_healed":0,"gold_gain":0,"player_choice":"Take Damage","damage_taken":18,"relics_obtained":["Golden Idol"],"max_hp_gain":0,"max_hp_loss":0,"event_name":"Golden Idol","floor":2,"gold_loss":0},{"damage_healed":0,"gold_gain":0,"player_choice":"Ignored","damage_taken":0,"max_hp_gain":0,"max_hp_loss":0,"event_name":"Liars Game","floor":3,"gold_loss":0},{"cards_removed":["Vigilance"],"damage_healed":0,"gold_gain":0,"player_choice":"Card Removal","damage_taken":0,"max_hp_gain":0,"max_hp_loss":0,"event_name":"The Cleric","floor":4,"gold_loss":50},{"damage_healed":0,"gold_gain":0,"player_choice":"Ignored","damage_taken":0,"max_hp_gain":0,"max_hp_loss":0,"event_name":"Shining Light","floor":14,"gold_loss":0}],"is_beta":false,"boss_relics":[{"not_picked":["Tiny House","Snecko Eye"],"picked":"SlaversCollar"}],"items_purged_floors":[],"is_endless":false,"potions_floor_spawned":[10,11,13,16],"killed_by":"Shell Parasite","ascension_level":0}}