{"host":"mhzgc0zma59jtmoj","time":1607484495,"event":{"gold_per_floor":[112,287,287,287,287,316,330,348,374,386,386,397,397,397],"floor_reached":13,"playtime":1271,"items_purged":[],"score":109,"play_id":"8b7cd4f6-a245-4991-9717-d1ac563d41b5","local_time":"20201208222815","is_ascension_mode":false,"campfire_choices":[{"floor":11,"key":"RECALL"}],"neow_cost":"NONE","seed_source_timestamp":1664373581378800,"circlet_count":0,"master_deck":["hermit:Strike_Hermit","hermit:Strike_Hermit","hermit:Strike_Hermit","hermit:Strike_Hermit","hermit:Defend_Hermit","hermit:Defend_Hermit","hermit:Defend_Hermit","hermit:Defend_Hermit","hermit:Snapshot","hermit:Covet","hermit:CalledShot","TH:ElvenBoots","TH:TreasureMap","hermit:Maintenance","hermit:Midnight","hermit:Vantage","TH:ElvenBoots","hermit:CalledShot","hermit:Combo"],"relics":["hermit:Momento","NeowsBlessing","FossilizedHelix","Spirit Poop","Omamori"],"potions_floor_usage":[],"damage_taken":[{"damage":0,"enemies":"Small Slimes","floor":1,"turns":1},{"damage":0,"enemies":"Lagavulin","floor":6,"turns":1},{"damage":0,"enemies":"Jaw Worm","floor":7,"turns":1},{"damage":0,"enemies":"2 Louse","floor":8,"turns":2},{"damage":31,"enemies":"Exordium Thugs","floor":10,"turns":7},{"damage":14,"enemies":"Lots of Slimes","floor":12,"turns":4},{"damage":33,"enemies":"Gremlin Gang","floor":13,"turns":7}],"seed_played":"5900359853763939115","potions_obtained":[{"floor":6,"key":"hermit:Tonic"},{"floor":7,"key":"Swift Potion"},{"floor":8,"key":"Swift Potion"}],"is_trial":false,"path_per_floor":["M","?","T","?","$","E","M","M","T","M","R","M","M"],"character_chosen":"HERMIT","items_purchased":[],"campfire_rested":0,"item_purchase_floors":[],"current_hp_per_floor":[75,75,75,75,75,75,75,75,75,44,44,30,0,0],"gold":397,"neow_bonus":"THREE_ENEMY_KILL","is_prod":false,"is_daily":false,"chose_seed":false,"campfire_upgraded":0,"win_rate":0.0,"timestamp":1607484495,"path_taken":["M","?","?","?","$","E","M","M","T","?","R","M","M"],"build_version":"2020-11-30","purchased_purges":0,"victory":false,"max_hp_per_floor":[75,75,75,75,75,75,75,75,75,75,75,75,75,75],"card_choices":[{"not_picked":["hermit:Quickdraw","hermit:Snipe"],"picked":"hermit:CalledShot","floor":1},{"not_picked":["TH:CursedSword"],"picked":"TH:ElvenBoots","floor":3},{"not_picked":["TH:ElvenBoots"],"picked":"TH:TreasureMap","floor":6},{"not_picked":["hermit:Coalescence","hermit:Vantage"],"picked":"hermit:Maintenance","floor":6},{"not_picked":["hermit:LowProfile","hermit:HoleUp"],"picked":"hermit:Midnight","floor":7},{"not_picked":["hermit:Headshot","hermit:TakeCover"],"picked":"hermit:Vantage","floor":8},{"not_picked":["TH:ArmorSpikes"],"picked":"TH:ElvenBoots","floor":9},{"not_picked":["hermit:Dive","hermit:Determination"],"picked":"hermit:CalledShot","floor":10},{"not_picked":["hermit:LuckOfTheDraw","hermit:Dive"],"picked":"hermit:Combo","floor":12}],"player_experience":248796,"relics_obtained":[{"floor":3,"key":"FossilizedHelix"},{"floor":6,"key":"Omamori"}],"event_choices":[{"damage_healed":0,"gold_gain":175,"player_choice":"AGREE","damage_taken":0,"max_hp_gain":0,"max_hp_loss":0,"event_name":"Liars Game","floor":2,"gold_loss":0,"cards_obtained":["Doubt"]},{"cards_removed":["Doubt"],"damage_healed":0,"gold_gain":0,"player_choice":"Offered Curse","damage_taken":0,"relics_obtained":["Spirit Poop"],"max_hp_gain":0,"max_hp_loss":0,"event_name":"Bonfire Elementals","floor":4,"gold_loss":0}],"is_beta":false,"boss_relics":[],"items_purged_floors":[],"is_endless":false,"potions_floor_spawned":[6,7,8,10],"killed_by":"Gremlin Gang","ascension_level":0}}