{"host":"5omx9roetly7rokb","time":1607501559,"event":{"gold_per_floor":[115,134,59,59,79,79,93,112,112,112,112],"floor_reached":10,"playtime":174,"items_purged":["Strike_R"],"score":72,"play_id":"3dff2275-d8d2-4f18-b4ed-d6df3a77973c","local_time":"20201209171239","is_ascension_mode":true,"campfire_choices":[{"data":"Body Slam","floor":6,"key":"SMITH"}],"neow_cost":"PERCENT_DAMAGE","seed_source_timestamp":12877220198300,"circlet_count":0,"master_deck":["Strike_R","Strike_R","Strike_R","Defend_R","Defend_R","Bash","Feel No Pain","Body Slam+1","Shockwave","Pommel Strike"],"special_seed":0,"relics":["Burning Blood","Champion Belt"],"potions_floor_usage":[],"damage_taken":[{"damage":11,"enemies":"Jaw Worm","floor":1,"turns":4},{"damage":1,"enemies":"Cultist","floor":2,"turns":3},{"damage":5,"enemies":"Small Slimes","floor":5,"turns":3},{"damage":17,"enemies":"Exordium Wildlife","floor":7,"turns":5},{"damage":11,"enemies":"Looter","floor":8,"turns":3},{"damage":0,"enemies":"Exordium Thugs","floor":10,"turns":1}],"seed_played":"-6972420539521539953","potions_obtained":[{"floor":2,"key":"Dexterity Potion"}],"is_trial":false,"path_per_floor":["M","M","$","?","M","R","M","M","T","M"],"character_chosen":"IRONCLAD","items_purchased":[],"campfire_rested":0,"item_purchase_floors":[],"current_hp_per_floor":[51,56,56,56,57,57,46,41,41,41,41],"gold":112,"neow_bonus":"REMOVE_TWO","is_prod":false,"is_daily":false,"chose_seed":false,"campfire_upgraded":1,"win_rate":0,"timestamp":1607501559,"path_taken":["M","M","$","?","M","R","M","?","T","?"],"build_version":"2020-11-30","purchased_purges":1,"victory":false,"max_hp_per_floor":[80,80,80,80,80,80,80,80,80,80,80],"relic_stats":{"counters":[6,19],"Champion Belt":[0],"obtain_stats":[{"Champion Belt":9,"Burning Blood":0},{"Champion Belt":5,"Burning Blood":0},{"Champion Belt":18,"Burning Blood":0}],"Burning Blood":30},"card_choices":[{"not_picked":["Havoc","Clothesline"],"picked":"Feel No Pain","floor":1},{"not_picked":["Headbutt","Feel No Pain"],"picked":"Body Slam","floor":2},{"not_picked":["Perfected Strike","Warcry"],"picked":"Shockwave","floor":5},{"not_picked":["Warcry","Rampage"],"picked":"Pommel Strike","floor":7},{"not_picked":["Bloodletting","Flex","Heavy Blade"],"picked":"SKIP","floor":8}],"player_experience":178528,"relics_obtained":[{"floor":9,"key":"Champion Belt"}],"event_choices":[{"cards_removed":["Defend_R"],"damage_healed":0,"gold_gain":0,"player_choice":"Purged","damage_taken":0,"max_hp_gain":0,"max_hp_loss":0,"event_name":"Purifier","floor":4,"gold_loss":0}],"is_beta":false,"boss_relics":[],"items_purged_floors":[3],"is_endless":false,"potions_floor_spawned":[2],"killed_by":"Exordium Thugs","ascension_level":4}}