{"host":"9h1qbmp5h1ch7u4r","time":1607533067,"event":{"gold_per_floor":[216,235,310,326,326,366,366,410,437,437,437,437,437],"floor_reached":12,"playtime":629,"items_purged":[],"score":112,"play_id":"e1fdd932-ffe5-429d-bbf3-6527abf00b34","local_time":"20201209115747","is_ascension_mode":true,"campfire_choices":[{"data":"animator:GuildGirl","floor":7,"key":"SMITH"},{"floor":10,"key":"REST"}],"neow_cost":"NONE","seed_source_timestamp":90006075073500,"circlet_count":0,"master_deck":["animator:Strike_GoblinSlayer","animator:Defend_GoblinSlayer","animator:Strike","animator:Strike","animator:Strike","animator:Defend","animator:Defend","animator:Defend","animator:LizardPriest","animator:DwarfShaman+1","animator:ZankiKiguchi+1","animator:GuildGirl+1","animator:YuiTsuruno"],"relics":["animator:LivingPicture","animator:TheMissingPiece","Akabeko","Shuriken"],"potions_floor_usage":[6,8],"damage_taken":[{"damage":0,"enemies":"Cultist","floor":1,"turns":4},{"damage":2,"enemies":"2 Louse","floor":2,"turns":3},{"damage":1,"enemies":"Jaw Worm","floor":4,"turns":5},{"damage":22,"enemies":"Gremlin Nob","floor":6,"turns":4},{"damage":22,"enemies":"3 Sentries","floor":8,"turns":8},{"damage":15,"enemies":"Lagavulin","floor":12,"turns":3}],"seed_played":"5968656994058605267","potions_obtained":[{"floor":2,"key":"Block Potion"},{"floor":4,"key":"BlessingOfTheForge"}],"is_trial":false,"path_per_floor":["M","M","?","M","?","E","R","E","T","R","?","E"],"character_chosen":"THE_ANIMATOR","items_purchased":[],"campfire_rested":1,"item_purchase_floors":[],"current_hp_per_floor":[59,57,46,45,50,28,28,6,6,27,13,0,0],"gold":437,"neow_bonus":"HUNDRED_GOLD","is_prod":false,"is_daily":false,"chose_seed":false,"campfire_upgraded":1,"win_rate":0,"timestamp":1607533067,"path_taken":["M","M","?","M","?","E","R","E","T","R","?","E"],"build_version":"2020-11-30","purchased_purges":0,"victory":false,"max_hp_per_floor":[66,66,66,66,71,71,71,71,71,71,71,71,71],"card_choices":[{"not_picked":["animator:Berserker","animator:Hakurou"],"picked":"animator:ZankiKiguchi","floor":1},{"not_picked":["animator:ZankiKiguchi","animator:EmiyaShirou","animator:Azekura"],"picked":"SKIP","floor":2},{"not_picked":["animator:KyokoSakura","animator:LizardPriest","animator:DolaSchwi"],"picked":"SKIP","floor":4},{"not_picked":["animator:DwarfShaman","animator:Spearman"],"picked":"animator:GuildGirl","floor":6},{"not_picked":["animator:Lancer","animator:Assassin"],"picked":"animator:YuiTsuruno","floor":8}],"player_experience":921414,"relics_obtained":[{"floor":6,"key":"Akabeko"},{"floor":8,"key":"Shuriken"}],"event_choices":[{"damage_healed":0,"gold_gain":75,"player_choice":"Gather Gold","damage_taken":11,"max_hp_gain":0,"max_hp_loss":0,"event_name":"World of Goop","floor":3,"gold_loss":0},{"damage_healed":0,"gold_gain":0,"player_choice":"Donut","damage_taken":0,"max_hp_gain":5,"max_hp_loss":0,"event_name":"Big Fish","floor":5,"gold_loss":0},{"damage_healed":0,"gold_gain":0,"player_choice":"Entered Light","damage_taken":14,"max_hp_gain":0,"max_hp_loss":0,"event_name":"Shining Light","floor":11,"gold_loss":0,"cards_upgraded":["animator:DwarfShaman","animator:ZankiKiguchi"]}],"is_beta":false,"boss_relics":[],"items_purged_floors":[],"is_endless":false,"potions_floor_spawned":[2,4],"killed_by":"Lagavulin","ascension_level":6}}