{"host":"fhq3k2nq5elnbks3","time":1607472435,"event":{"gold_per_floor":[116,129,129,140,152,152,152],"floor_reached":6,"playtime":1214,"items_purged":[],"score":38,"play_id":"de21f73e-c68c-42ff-8713-9cd33d91e3a0","local_time":"20201208180715","is_ascension_mode":false,"campfire_choices":[],"neow_cost":"NONE","seed_source_timestamp":47615257655100,"circlet_count":0,"master_deck":["somnambulantmod: SomnambulantStrike","somnambulantmod: SomnambulantStrike","somnambulantmod: SomnambulantStrike","somnambulantmod: SomnambulantStrike","somnambulantmod: SomnambulantStrike","somnambulantmod: Defend_Somnambulant","somnambulantmod: Defend_Somnambulant","somnambulantmod: Defend_Somnambulant","somnambulantmod: Defend_Somnambulant","somnambulantmod: Defend_Somnambulant","somnambulantmod: QuickNap","somnambulantmod: PrimingPunch","somnambulantmod: HeadSmack"],"relics":["somnambulantmod: DreamJournal","Winged Necklace"],"potions_floor_usage":[],"damage_taken":[{"damage":2,"enemies":"Hallownest:monsterHuskGuard","floor":1,"turns":4},{"damage":7,"enemies":"Hallownest:monsterHuskWarrior","floor":2,"turns":6},{"damage":3,"enemies":"2_ Uuma","floor":4,"turns":3},{"damage":20,"enemies":"Hallownest:2_Tiktiks_1_Baldur_1_Crawlid","floor":5,"turns":8},{"damage":43,"enemies":"Hallownest:eliteVengeflyKing","floor":6,"turns":7}],"seed_played":"7737449280583618944","potions_obtained":[{"floor":2,"key":"Strength Potion"}],"is_trial":false,"path_per_floor":["M","M","?","M","M","E"],"character_chosen":"THE_SOMNAMBULANT","items_purchased":[],"campfire_rested":0,"item_purchase_floors":[],"current_hp_per_floor":[68,61,61,58,38,0,0],"gold":152,"neow_bonus":"RANDOM_COMMON_RELIC","is_prod":false,"is_daily":false,"chose_seed":false,"campfire_upgraded":0,"win_rate":0.0,"timestamp":1607472435,"path_taken":["M","?","?","M","M","E"],"build_version":"2020-11-30","purchased_purges":0,"victory":false,"max_hp_per_floor":[70,70,70,70,70,70,70],"card_choices":[{"not_picked":["somnambulantmod: MindWave","somnambulantmod: Trauma","somnambulantmod: LeechFears"],"picked":"SKIP","floor":1},{"not_picked":["somnambulantmod: PourItOut","somnambulantmod: Remember","somnambulantmod: DreamBig"],"picked":"SKIP","floor":2},{"not_picked":["somnambulantmod: HappyThoughts","somnambulantmod: Pinch"],"picked":"somnambulantmod: HeadSmack","floor":4},{"not_picked":["somnambulantmod: RecurringDream","somnambulantmod: Harden","somnambulantmod: Nosebleed"],"picked":"SKIP","floor":5}],"player_experience":476355,"relics_obtained":[],"event_choices":[],"is_beta":false,"boss_relics":[],"items_purged_floors":[],"is_endless":false,"potions_floor_spawned":[2],"killed_by":"Hallownest:eliteVengeflyKing","ascension_level":0}}