{"host":"spdo1rkrnctwf3z7","time":1607503788,"event":{"gold_per_floor":[110,121,86,86,103,103,120,120,120,133,133,147,167,242,242,346,346,357,373,473,490,46,46,63,63,89,106,120,120,46,46,46,46,46],"floor_reached":33,"playtime":852,"items_purged":["Backstab"],"score":241,"play_id":"5e4d3d49-6948-4ca0-801c-8c18111b2ace","local_time":"20201209174948","is_ascension_mode":false,"campfire_choices":[{"data":"Footwork","floor":6,"key":"SMITH"},{"data":"Defend_G","floor":8,"key":"SMITH"},{"data":"Deadly Poison","floor":11,"key":"SMITH"},{"floor":15,"key":"REST"},{"floor":23,"key":"REST"},{"floor":25,"key":"REST"},{"floor":29,"key":"REST"},{"data":"Burst","floor":32,"key":"SMITH"}],"neow_cost":"NONE","seed_source_timestamp":72266436987200,"circlet_count":0,"master_deck":["Strike_G","Strike_G","Strike_G","Strike_G","Strike_G","Defend_G+1","Defend_G","Defend_G","Defend_G","Defend_G","Survivor","Neutralize","Footwork+1","Footwork+1","Deadly Poison","Deadly Poison+1","Burst+1","Blur"],"relics":["SlaversCollar","Gremlin Horn","Philosopher\u0027s Stone","Membership Card","Toxic Egg 2","Bag of Marbles","Omamori","ClockworkSouvenir"],"potions_floor_usage":[10,19,19,24,28,33],"damage_taken":[{"damage":3,"enemies":"Jaw Worm","floor":1,"turns":5},{"damage":2,"enemies":"2 Louse","floor":2,"turns":5},{"damage":1,"enemies":"Cultist","floor":5,"turns":6},{"damage":0,"enemies":"Exordium Wildlife","floor":7,"turns":7},{"damage":7,"enemies":"Gremlin Gang","floor":10,"turns":7},{"damage":9,"enemies":"Blue Slaver","floor":12,"turns":4},{"damage":0,"enemies":"Exordium Thugs","floor":13,"turns":5},{"damage":48,"enemies":"Hexaghost","floor":16,"turns":12},{"damage":10,"enemies":"Shell Parasite","floor":18,"turns":6},{"damage":13,"enemies":"2 Thieves","floor":19,"turns":5},{"damage":25,"enemies":"3 Cultists","floor":21,"turns":8},{"damage":12,"enemies":"Snecko","floor":24,"turns":7},{"damage":8,"enemies":"Shelled Parasite and Fungi","floor":27,"turns":6},{"damage":18,"enemies":"Cultist and Chosen","floor":28,"turns":6},{"damage":49,"enemies":"Automaton","floor":33,"turns":6}],"seed_played":"1282441972811955422","potions_obtained":[{"floor":5,"key":"Swift Potion"},{"floor":10,"key":"GamblersBrew"},{"floor":13,"key":"Block Potion"},{"floor":18,"key":"Fire Potion"},{"floor":19,"key":"Ancient Potion"}],"is_trial":false,"path_per_floor":["M","M","?","?","M","R","M","R","T","M","R","M","M","?","R","B",null,"M","M","?","M","$","R","M","R","T","M","M","R","$","?","R","B"],"character_chosen":"THE_SILENT","items_purchased":["Membership Card","Toxic Egg 2","Bag of Marbles","Explosive Potion","ClockworkSouvenir"],"campfire_rested":4,"item_purchase_floors":[22,22,22,22,30],"current_hp_per_floor":[67,65,70,70,69,69,69,69,69,62,62,53,53,46,67,19,70,60,47,47,22,22,43,31,52,52,44,26,47,47,47,47,0,0],"gold":46,"neow_bonus":"BOSS_RELIC","is_prod":false,"is_daily":false,"chose_seed":false,"campfire_upgraded":4,"win_rate":0,"timestamp":1607503788,"path_taken":["M","M","?","?","?","R","M","R","T","M","R","M","M","?","R","BOSS","M","?","?","M","?","R","M","R","T","M","M","R","$","?","R","BOSS"],"build_version":"2020-11-30","purchased_purges":1,"victory":false,"max_hp_per_floor":[70,70,70,70,70,70,70,70,70,70,70,70,70,70,70,70,70,70,70,70,70,70,70,70,70,70,70,70,70,70,70,70,70,70],"card_choices":[{"not_picked":["Prepared","PiercingWail"],"picked":"Footwork","floor":1},{"not_picked":["Underhanded Strike","Escape Plan"],"picked":"Footwork","floor":2},{"not_picked":["Dash","Deflect","Tactician"],"picked":"SKIP","floor":5},{"not_picked":["Poisoned Stab","Prepared"],"picked":"Deadly Poison","floor":7},{"not_picked":["Sucker Punch","Underhanded Strike"],"picked":"Deadly Poison","floor":10},{"not_picked":["Masterful Stab","Bane","Concentrate"],"picked":"SKIP","floor":12},{"not_picked":["Acrobatics","Prepared"],"picked":"Backstab","floor":13},{"not_picked":["Unload","Doppelganger"],"picked":"Burst","floor":16},{"not_picked":["Acrobatics","Quick Slash","Backflip"],"picked":"SKIP","floor":18},{"not_picked":["Bane","Acrobatics"],"picked":"Blur","floor":19},{"not_picked":["Reflex","Caltrops"],"picked":"Dagger Spray","floor":21},{"not_picked":["Predator","Dagger Throw","Outmaneuver+1"],"picked":"SKIP","floor":24},{"not_picked":["Masterful Stab","All Out Attack","Storm of Steel+1"],"picked":"SKIP","floor":27},{"not_picked":["Well Laid Plans","All Out Attack+1","Reflex+1"],"picked":"SKIP","floor":28}],"player_experience":101803,"relics_obtained":[{"floor":9,"key":"Gremlin Horn"},{"floor":26,"key":"Omamori"}],"event_choices":[{"damage_healed":17,"gold_gain":0,"player_choice":"Healed","damage_taken":0,"max_hp_gain":0,"max_hp_loss":0,"event_name":"The Cleric","floor":3,"gold_loss":35},{"damage_healed":0,"gold_gain":0,"player_choice":"Forge","damage_taken":0,"max_hp_gain":0,"max_hp_loss":0,"event_name":"Accursed Blacksmith","floor":4,"gold_loss":0,"cards_upgraded":["Footwork"]},{"damage_healed":0,"gold_gain":75,"player_choice":"Touch","damage_taken":7,"max_hp_gain":0,"max_hp_loss":0,"event_name":"FaceTrader","floor":14,"gold_loss":0},{"damage_healed":0,"gold_gain":100,"player_choice":"Pray","damage_taken":0,"max_hp_gain":0,"max_hp_loss":0,"event_name":"Golden Shrine","floor":20,"gold_loss":0},{"cards_removed":["Dagger Spray"],"damage_healed":0,"gold_gain":0,"player_choice":"Purged","damage_taken":0,"max_hp_gain":0,"max_hp_loss":0,"event_name":"Purifier","floor":31,"gold_loss":0}],"is_beta":false,"boss_relics":[{"not_picked":["Calling Bell","Runic Pyramid"],"picked":"Philosopher\u0027s Stone"}],"items_purged_floors":[22],"is_endless":false,"potions_floor_spawned":[5,10,13,18,19],"killed_by":"Automaton","ascension_level":0}}