{"host":"tkinv8gv6hgcc58b","time":1607505023,"event":{"gold_per_floor":[118,118,293,309,328,328,355,355,355,355,383,398,428,441,441,540,540,556,556,537,537,537],"floor_reached":21,"playtime":982,"items_purged":[],"score":219,"play_id":"be84e33e-2439-44b8-ab62-ad9b52f79845","local_time":"20201209041023","is_ascension_mode":true,"campfire_choices":[{"data":"hermit:Brawl","floor":6,"key":"SMITH"},{"floor":10,"key":"REST"},{"floor":15,"key":"REST"}],"neow_cost":"NONE","seed_source_timestamp":308196459352700,"circlet_count":0,"master_deck":["hermit:Strike_Hermit","hermit:Strike_Hermit","hermit:Strike_Hermit","hermit:Strike_Hermit","hermit:Defend_Hermit","hermit:Defend_Hermit","hermit:Defend_Hermit","hermit:Defend_Hermit","hermit:Snapshot","hermit:Covet","hermit:FullyLoaded","hermit:HighCaliber+1","hermit:Brawl+1","hermit:Ricochet","hermit:FinalCanter","hermit:EyeOfTheStorm","hermit:LoneWolf","hermit:Grudge","hermit:DeadMansHand","hermit:EternalForm","hermit:Ricochet","hermit:Vantage"],"relics":["hermit:ClaspedLocket","Blue Candle","Pantograph","Smiling Mask","CaptainsWheel"],"potions_floor_usage":[13,14,16],"damage_taken":[{"damage":6,"enemies":"2 Louse","floor":1,"turns":3},{"damage":2,"enemies":"Jaw Worm","floor":4,"turns":3},{"damage":1,"enemies":"Cultist","floor":5,"turns":3},{"damage":39,"enemies":"3 Sentries","floor":7,"turns":7},{"damage":8,"enemies":"Lagavulin","floor":11,"turns":5},{"damage":11,"enemies":"Looter","floor":12,"turns":3},{"damage":22,"enemies":"3 Sentries","floor":13,"turns":6},{"damage":0,"enemies":"Lots of Slimes","floor":14,"turns":1},{"damage":51,"enemies":"Slime Boss","floor":16,"turns":9},{"damage":37,"enemies":"Chosen","floor":18,"turns":5},{"damage":23,"enemies":"2 Thieves","floor":20,"turns":4},{"damage":19,"enemies":"Snake Plant","floor":21,"turns":2}],"seed_played":"7354739194185704848","potions_obtained":[{"floor":12,"key":"Dexterity Potion"},{"floor":13,"key":"ColorlessPotion"},{"floor":14,"key":"DistilledChaos"},{"floor":16,"key":"Guardian:BlockOnCardUsePotion"}],"is_trial":false,"path_per_floor":["M","$","?","M","M","R","E","?","T","R","E","M","E","M","R","B",null,"M","?","M","M"],"character_chosen":"HERMIT","items_purchased":[],"campfire_rested":2,"item_purchase_floors":[],"current_hp_per_floor":[69,69,69,67,66,66,27,27,27,49,41,30,8,8,30,4,75,38,38,15,0,0],"gold":537,"neow_bonus":"THREE_CARDS","is_prod":false,"is_daily":false,"chose_seed":false,"campfire_upgraded":1,"win_rate":0,"timestamp":1607505023,"path_taken":["M","$","?","M","M","R","E","?","T","R","E","M","E","?","R","BOSS","M","?","M","M"],"build_version":"2020-11-30","purchased_purges":0,"victory":false,"max_hp_per_floor":[75,75,75,75,75,75,75,75,75,75,75,75,75,75,75,75,75,75,75,75,75,75],"card_choices":[{"not_picked":["hermit:Roulette","hermit:TrackingShot"],"picked":"hermit:FullyLoaded","floor":0},{"not_picked":["hermit:TrackingShot","hermit:BodyArmor"],"picked":"hermit:HighCaliber","floor":1},{"not_picked":["hermit:Glare","hermit:Quickdraw"],"picked":"hermit:Brawl","floor":4},{"not_picked":["hermit:Manifest","hermit:Headshot"],"picked":"hermit:Ricochet","floor":5},{"not_picked":["hermit:WideOpen","hermit:Manifest"],"picked":"hermit:FinalCanter","floor":7},{"not_picked":["hermit:Feint","hermit:DeadMansHand"],"picked":"hermit:EyeOfTheStorm","floor":11},{"not_picked":["hermit:Quickdraw","hermit:Misfire"],"picked":"hermit:LoneWolf","floor":12},{"not_picked":["hermit:Coalescence","hermit:Feint"],"picked":"hermit:Grudge","floor":13},{"not_picked":["hermit:HighCaliber","hermit:Glare"],"picked":"hermit:DeadMansHand","floor":14},{"not_picked":["hermit:RoundhouseKick","hermit:Magnum"],"picked":"hermit:EternalForm","floor":16},{"not_picked":["hermit:CursedWeapon+1","hermit:Misfire"],"picked":"hermit:Ricochet","floor":18},{"not_picked":["hermit:TakeCover","hermit:Glare"],"picked":"hermit:Vantage","floor":20}],"player_experience":964102,"relics_obtained":[{"floor":7,"key":"Blue Candle"},{"floor":9,"key":"Pantograph"},{"floor":11,"key":"Smiling Mask"},{"floor":13,"key":"CaptainsWheel"}],"event_choices":[{"damage_healed":0,"gold_gain":175,"player_choice":"AGREE","damage_taken":0,"max_hp_gain":0,"max_hp_loss":0,"event_name":"Liars Game","floor":3,"gold_loss":0,"cards_obtained":["Doubt"]},{"damage_healed":0,"gold_gain":0,"player_choice":"Upgraded","damage_taken":0,"max_hp_gain":0,"max_hp_loss":0,"event_name":"Upgrade Shrine","floor":8,"gold_loss":0,"cards_upgraded":["hermit:HighCaliber"]},{"cards_removed":["Doubt"],"damage_healed":0,"gold_gain":0,"player_choice":"Removed Curses","damage_taken":0,"max_hp_gain":0,"max_hp_loss":0,"event_name":"Fountain of Cleansing","floor":19,"gold_loss":0}],"is_beta":false,"boss_relics":[{"not_picked":["Coffee Dripper","Empty Cage"],"picked":"hermit:ClaspedLocket"}],"items_purged_floors":[],"is_endless":false,"potions_floor_spawned":[12,13,14,16],"killed_by":"Snake Plant","ascension_level":2}}