{"host":"wl5kcyk3ocgwii71","time":1607499428,"event":{"gold_per_floor":[113,1,13,188,188,228,228,253,324,14,14,34,68,68,68,194,194,218,145,163,163,182,182,213,229,299,47,83,83,101,125,125,255,255,279,74,99,123,70,70,106,106,106,106,142,158,172,172,172,172],"floor_reached":51,"playtime":1907,"items_purged":["Doubt","Strike_G","Strike_G","Strike_G","Decay"],"score":831,"play_id":"eed4855c-21c8-43a8-862b-4789fee35def","local_time":"20201208233708","is_ascension_mode":true,"campfire_choices":[{"data":"Accuracy","floor":15,"key":"SMITH"},{"floor":23,"key":"REST"},{"data":"Accuracy","floor":29,"key":"SMITH"},{"floor":32,"key":"DIG"},{"floor":40,"key":"RECALL"},{"floor":42,"key":"REST"},{"floor":44,"key":"DIG"}],"neow_cost":"NONE","seed_source_timestamp":393308503671800,"circlet_count":0,"master_deck":["Strike_G","Strike_G","Defend_G","Defend_G","Defend_G","Defend_G","Defend_G","Survivor","Neutralize","Underhanded Strike","Infinite Blades","ReplayTheSpireMod:Tripwire","Outmaneuver","Concentrate","Blade Dance","Accuracy+1","Backstab","PiercingWail","Hidden Blade","Backflip","Accuracy+1","Night Terror","Blade Dance","Cloak And Dagger","Terror+1","Prepared+1","Accuracy","Night Terror+1","Infinite Blades","Deflect+1","Cloak And Dagger+1","Phantasmal Killer+1","Pain"],"relics":["Ring of the Snake","NeowsBlessing","Golden Idol","Smiling Mask","Oddly Smooth Stone","Chameleon Ring","Membership Card","Ninja Scroll","Replay:Wax Seal","Replay:Bronze Core","Bird Faced Urn","Toxic Egg 2","BargainBundle","Shovel","Ice Cream","ReplayTheSpireMod:Lightbulb","Cursed Key","Replay:Ringing Soul","ReplayTheSpireMod:CursedCoin","Bronze Scales","Tough Bandages","Quantum Egg","Nunchaku","Boot"],"potions_floor_usage":[24,35,38,50,50,50],"damage_taken":[{"damage":0,"enemies":"2 Louse","floor":1,"turns":1},{"damage":0,"enemies":"Jaw Worm","floor":3,"turns":1},{"damage":0,"enemies":"3 Sentries","floor":6,"turns":2},{"damage":4,"enemies":"Small Slimes","floor":8,"turns":5},{"damage":0,"enemies":"Exordium Thugs","floor":12,"turns":4},{"damage":17,"enemies":"Lagavulin","floor":13,"turns":4},{"damage":27,"enemies":"Slime Boss","floor":16,"turns":7},{"damage":22,"enemies":"Shell Parasite","floor":18,"turns":6},{"damage":0,"enemies":"Spheric Guardian","floor":20,"turns":2},{"damage":0,"enemies":"Snake Plant","floor":22,"turns":3},{"damage":9,"enemies":"Slavers","floor":24,"turns":6},{"damage":10,"enemies":"Shelled Parasite and Fungi","floor":25,"turns":4},{"damage":9,"enemies":"Gremlin Leader","floor":28,"turns":5},{"damage":0,"enemies":"Chosen and Byrds","floor":30,"turns":4},{"damage":1,"enemies":"Centurion and Healer","floor":31,"turns":6},{"damage":17,"enemies":"Collector","floor":33,"turns":5},{"damage":24,"enemies":"Orb Walker","floor":35,"turns":3},{"damage":0,"enemies":"3 Shapes","floor":37,"turns":5},{"damage":11,"enemies":"Spire Growth","floor":38,"turns":3},{"damage":28,"enemies":"Reptomancer","floor":41,"turns":4},{"damage":11,"enemies":"Giant Head","floor":45,"turns":4},{"damage":0,"enemies":"Sphere and 2 Shapes","floor":46,"turns":3},{"damage":29,"enemies":"3 Darklings","floor":47,"turns":5},{"damage":16,"enemies":"3 Darklings","floor":49,"turns":3},{"damage":51,"enemies":"Replay:Hell Engine","floor":50,"turns":5}],"seed_played":"-2345783011347878519","potions_obtained":[{"floor":3,"key":"Venom Potion"},{"floor":13,"key":"Adrenaline Potion"},{"floor":25,"key":"sneckomod:MuddlingPotion"},{"floor":37,"key":"AttackPotion"},{"floor":45,"key":"GamblersBrew"}],"is_trial":false,"path_per_floor":["M","$","M","?","?","E","?","M","T","$","T","M","E","?","R","B",null,"M","$","M","?","M","R","E","M","T","$","E","R","M","M","R","B",null,"M","$","M","M","$","R","E","R","T","R","E","M","M","?","R","B",null],"character_chosen":"THE_SILENT","items_purchased":["Infinite Blades","ReplayTheSpireMod:Tripwire","Membership Card","Accuracy","Backstab","PiercingWail","Hidden Blade","Cloak And Dagger","BargainBundle","Accuracy","Shovel","Toxic Potion","SkillPotion","Explosive Potion","Cloak And Dagger+1","Replay:Ringing Soul","ReplayTheSpireMod:CursedCoin","Phantasmal Killer+1","Bronze Scales"],"campfire_rested":2,"item_purchase_floors":[2,2,10,10,10,10,10,19,27,27,27,27,27,27,36,36,39,39,39],"current_hp_per_floor":[70,70,70,70,53,53,50,46,46,46,46,46,29,34,34,7,58,36,36,36,36,36,58,49,43,43,43,42,42,48,61,61,52,69,59,59,75,70,73,73,52,75,78,78,77,81,68,68,56,15],"gold":172,"neow_bonus":"THREE_ENEMY_KILL","is_prod":false,"is_daily":false,"chose_seed":false,"campfire_upgraded":2,"win_rate":0,"timestamp":1607499428,"path_taken":["M","$","M","?","?","E","?","M","T","?","?","M","E","?","R","BOSS","M","$","M","?","M","R","E","M","T","$","E","R","M","M","R","BOSS","M","$","M","M","$","R","E","R","T","R","E","M","M","?","R","BOSS"],"build_version":"2020-11-30","purchased_purges":5,"victory":true,"max_hp_per_floor":[70,70,70,70,70,70,70,70,70,70,70,70,70,75,75,75,75,75,75,75,75,75,75,75,75,75,75,75,75,75,75,75,75,75,75,75,75,75,78,78,78,78,81,81,81,81,81,77,77,77],"card_choices":[{"not_picked":["Slice","Prepared"],"picked":"Underhanded Strike","floor":1},{"not_picked":["Bane","Calculated Gamble"],"picked":"Outmaneuver","floor":3},{"not_picked":["ReplayTheSpireMod:Tripwire","ReplayTheSpireMod:Speed Training"],"picked":"Concentrate","floor":6},{"not_picked":["Flying Knee","Hidden Blade"],"picked":"Blade Dance","floor":8},{"not_picked":["Deadly Poison","ReplayTheSpireMod:The Works"],"picked":"Backflip","floor":12},{"not_picked":["Dash","Cloak And Dagger"],"picked":"Accuracy","floor":13},{"not_picked":["Grand Finale","Malaise"],"picked":"Night Terror","floor":16},{"not_picked":["Expertise","Dagger Throw"],"picked":"Blade Dance","floor":18},{"not_picked":["Quick Slash","Deadly Poison"],"picked":"Terror+1","floor":20},{"not_picked":["Poisoned Stab","Hidden Blade"],"picked":"Prepared+1","floor":22},{"not_picked":["Expertise","Dagger Spray","Prepared"],"picked":"SKIP","floor":24},{"not_picked":["PiercingWail+1","Distraction","Bullet Time"],"picked":"SKIP","floor":25},{"not_picked":["Glass Knife","Underhanded Strike"],"picked":"Night Terror+1","floor":28},{"not_picked":["Sneak Up+1","ReplayTheSpireMod:Scrap Shanks+1","Hidden Blade+1"],"picked":"SKIP","floor":30},{"not_picked":["Sucker Punch","Dagger Throw"],"picked":"Infinite Blades","floor":31},{"not_picked":["Well Laid Plans+1","Catalyst+1"],"picked":"Deflect+1","floor":35},{"not_picked":["Prepared+1","Dagger Throw","Poisoned Stab"],"picked":"SKIP","floor":37},{"not_picked":["Dagger Spray+1","PiercingWail+1","Quick Slash"],"picked":"SKIP","floor":38},{"not_picked":["Backstab+1","Backflip+1","Terror+1"],"picked":"SKIP","floor":41},{"not_picked":["Toxin Wave+1","Deadly Poison+1","Flying Knee"],"picked":"SKIP","floor":45},{"not_picked":["Flechettes+1","Draining Mist+1","Slice+1"],"picked":"SKIP","floor":46},{"not_picked":["Backstab","Poisoned Stab+1","Endless Agony+1"],"picked":"SKIP","floor":47}],"player_experience":338014,"relics_obtained":[{"floor":6,"key":"Smiling Mask"},{"floor":9,"key":"Chameleon Ring"},{"floor":11,"key":"Ninja Scroll"},{"floor":13,"key":"Replay:Wax Seal"},{"floor":24,"key":"Bird Faced Urn"},{"floor":26,"key":"Toxic Egg 2"},{"floor":28,"key":"Ice Cream"},{"floor":32,"key":"ReplayTheSpireMod:Lightbulb"},{"floor":41,"key":"Tough Bandages"},{"floor":43,"key":"Quantum Egg"},{"floor":44,"key":"Nunchaku"},{"floor":45,"key":"Boot"}],"event_choices":[{"damage_healed":0,"gold_gain":175,"player_choice":"AGREE","damage_taken":13,"max_hp_gain":0,"max_hp_loss":0,"event_name":"betterThird:BetterSerpent","floor":4,"gold_loss":0},{"damage_healed":0,"gold_gain":0,"player_choice":"Take Damage","damage_taken":17,"relics_obtained":["Golden Idol"],"max_hp_gain":0,"max_hp_loss":0,"event_name":"Golden Idol","floor":5,"gold_loss":0},{"damage_healed":0,"gold_gain":0,"player_choice":"Relic ","damage_taken":3,"max_hp_gain":0,"max_hp_loss":0,"event_name":"betterThird:BetterScrap","floor":7,"gold_loss":0,"cards_obtained":["ReplaySort"]},{"damage_healed":0,"gold_gain":0,"player_choice":"Donut","damage_taken":0,"max_hp_gain":5,"max_hp_loss":0,"event_name":"Big Fish","floor":14,"gold_loss":0},{"damage_healed":0,"gold_gain":0,"player_choice":"Ignored","damage_taken":0,"max_hp_gain":0,"max_hp_loss":0,"event_name":"Cursed Tome","floor":21,"gold_loss":0},{"damage_healed":0,"gold_gain":0,"player_choice":"Max HP","damage_taken":0,"max_hp_gain":0,"max_hp_loss":4,"event_name":"Winding Halls","floor":48,"gold_loss":0}],"is_beta":false,"boss_relics":[{"not_picked":["Ring of the Serpent","Coffee Dripper"],"picked":"Replay:Bronze Core"},{"not_picked":["Tiny House","Honey Jar"],"picked":"Cursed Key"}],"items_purged_floors":[10,19,27,36,39],"is_endless":false,"potions_floor_spawned":[3,13,25,30,31,33,37,45,47],"ascension_level":5}}