{"host":"2hea6pl5vmah38iy","time":1607519925,"event":{"gold_per_floor":[368,368,378,453,471,471,261,261,261,279,279,304,133,133,133,133,133],"floor_reached":16,"playtime":501,"items_purged":["Defend_G","Strike_G"],"score":144,"play_id":"d48b1c8c-c37b-4b49-9d20-f00e26985ed2","local_time":"20201209221845","is_ascension_mode":true,"campfire_choices":[{"data":"Footwork","floor":6.0,"key":"SMITH"},{"data":"Cloak And Dagger","floor":8.0,"key":"SMITH"},{"floor":15.0,"key":"REST"}],"neow_cost":"TEN_PERCENT_HP_LOSS","seed_source_timestamp":1156937952735000,"circlet_count":0,"master_deck":["AscendersBane","Strike_G","Strike_G","Strike_G+1","Strike_G","Defend_G+1","Defend_G","Defend_G","Defend_G","Survivor","Neutralize","Crippling Poison","Dagger Spray","Footwork+1","Cloak And Dagger+1","Blade Dance"],"special_seed":0,"relics":["Ring of the Snake","Strawberry","Membership Card","Eternal Feather","Golden Idol","Sundial"],"potions_floor_usage":[],"damage_taken":[{"damage":0.0,"enemies":"Jaw Worm","floor":1.0,"turns":4.0},{"damage":5.0,"enemies":"Small Slimes","floor":3.0,"turns":5.0},{"damage":0.0,"enemies":"Cultist","floor":5.0,"turns":4.0},{"damage":5.0,"enemies":"Blue Slaver","floor":10.0,"turns":3.0},{"damage":0.0,"enemies":"Gremlin Gang","floor":12.0,"turns":2.0},{"damage":32,"enemies":"Hexaghost","floor":16,"turns":16}],"seed_played":"-5413814237451659729","potions_obtained":[{"floor":1.0,"key":"Regen Potion"},{"floor":3.0,"key":"DuplicationPotion"}],"is_trial":false,"path_per_floor":["M","?","M","?","M","R","$","R","T","M","?","M","$","?","R","B"],"character_chosen":"THE_SILENT","items_purchased":["Membership Card","Cloak And Dagger","Sundial"],"campfire_rested":1,"item_purchase_floors":[7,7,13],"current_hp_per_floor":[63,63,58,47,47,47,47,47,47,42,25,25,25,11,41,9,9],"gold":133,"neow_bonus":"TWO_FIFTY_GOLD","is_prod":false,"is_daily":false,"chose_seed":false,"campfire_upgraded":2,"win_rate":0,"timestamp":1607519925,"path_taken":["M","?","M","?","M","R","?","R","T","M","?","M","$","?","R","BOSS"],"build_version":"2020-11-30","purchased_purges":2,"victory":false,"max_hp_per_floor":[63,70,70,70,70,70,70,70,70,70,70,70,70,70,70,70,70],"card_choices":[{"not_picked":["Bane","Prepared"],"picked":"Crippling Poison","floor":1.0},{"not_picked":["Slice","Quick Slash"],"picked":"Dagger Spray","floor":3.0},{"not_picked":["Blur","Flechettes"],"picked":"Footwork","floor":5.0},{"not_picked":["Flechettes","Crippling Poison","Underhanded Strike"],"picked":"SKIP","floor":10.0},{"not_picked":["Deadly Poison","Bouncing Flask"],"picked":"Blade Dance","floor":12.0}],"player_experience":381743,"relics_obtained":[{"floor":9.0,"key":"Eternal Feather"}],"event_choices":[{"damage_healed":0.0,"max_hp_gain":0.0,"max_hp_loss":0.0,"gold_gain":0.0,"event_name":"Scrap Ooze","player_choice":"Success","floor":2.0,"gold_loss":0.0,"damage_taken":7.0,"relics_obtained":["Strawberry"]},{"damage_healed":0.0,"max_hp_gain":0.0,"max_hp_loss":0.0,"gold_gain":75.0,"event_name":"World of Goop","player_choice":"Gather Gold","floor":4.0,"gold_loss":0.0,"damage_taken":11.0},{"damage_healed":0.0,"max_hp_gain":0.0,"max_hp_loss":0.0,"gold_gain":0.0,"event_name":"Golden Idol","player_choice":"Take Damage","floor":11.0,"gold_loss":0.0,"damage_taken":17.0,"relics_obtained":["Golden Idol"]},{"damage_healed":0.0,"max_hp_gain":0.0,"max_hp_loss":0.0,"gold_gain":0.0,"event_name":"Shining Light","player_choice":"Entered Light","floor":14.0,"gold_loss":0.0,"damage_taken":14.0,"cards_upgraded":["Defend_G","Strike_G"]}],"is_beta":false,"boss_relics":[],"items_purged_floors":[7,13],"is_endless":false,"potions_floor_spawned":[1,3,10],"killed_by":"Hexaghost","ascension_level":12}}