{"host":"qt939hhvrbc28rjp","time":1607542295,"event":{"gold_per_floor":[109,109,122,136,136,61,61,61,61,61,72,102,115,131,131,208,208,219,246,262,273,23,23,23,23],"floor_reached":24,"playtime":656,"items_purged":["Defend_B","Defend_B"],"score":366,"play_id":"12e9aedc-5cd8-49bf-b425-4e4ac71c874e","local_time":"20201210043135","is_ascension_mode":true,"campfire_choices":[{"data":"Zap","floor":7.0,"key":"SMITH"},{"data":"Dualcast","floor":10.0,"key":"SMITH"},{"floor":15.0,"key":"REST"},{"floor":23.0,"key":"REST"}],"neow_cost":"NONE","seed_source_timestamp":138209624224600,"circlet_count":0,"master_deck":["AscendersBane","Strike_B+1","Strike_B","Defend_B","Defend_B","Zap+1","Dualcast+1","All For One","Coolheaded","Leap","Static Discharge+1","Reinforced Body","Force Field","Amplify","Conserve Battery","Capacitor"],"special_seed":0,"relics":["Cracked Core","Mummified Hand","Nuclear Battery","MealTicket","Membership Card"],"potions_floor_usage":[24],"damage_taken":[{"damage":3.0,"enemies":"2 Louse","floor":1.0,"turns":2.0},{"damage":4.0,"enemies":"Cultist","floor":3.0,"turns":4.0},{"damage":6.0,"enemies":"Jaw Worm","floor":4.0,"turns":3.0},{"damage":13.0,"enemies":"Exordium Wildlife","floor":11.0,"turns":3.0},{"damage":8.0,"enemies":"3 Sentries","floor":12.0,"turns":8.0},{"damage":2.0,"enemies":"Looter","floor":13.0,"turns":4.0},{"damage":0.0,"enemies":"Red Slaver","floor":14.0,"turns":3.0},{"damage":27.0,"enemies":"Slime Boss","floor":16.0,"turns":9.0},{"damage":15.0,"enemies":"Spheric Guardian","floor":18.0,"turns":3.0},{"damage":8.0,"enemies":"Shell Parasite","floor":20.0,"turns":3.0},{"damage":14.0,"enemies":"Chosen and Byrds","floor":21.0,"turns":7.0},{"damage":54,"enemies":"Slavers","floor":24,"turns":6}],"seed_played":"-4590128267666970782","potions_obtained":[{"floor":1.0,"key":"Dexterity Potion"},{"floor":11.0,"key":"EssenceOfDarkness"},{"floor":12.0,"key":"FocusPotion"},{"floor":20.0,"key":"Weak Potion"}],"is_trial":false,"path_per_floor":["M","?","M","M","?","$","R","?","T","R","M","E","M","M","R","B",null,"M","T","M","M","$","R","E"],"character_chosen":"DEFECT","items_purchased":["Membership Card","Capacitor"],"campfire_rested":2,"item_purchase_floors":[22,22],"current_hp_per_floor":[61,61,57,51,30,30,30,30,30,30,17,9,7,7,28,1,54,39,39,31,17,32,53,0,0],"gold":23,"neow_bonus":"ONE_RANDOM_RARE_CARD","is_prod":false,"is_daily":false,"chose_seed":false,"campfire_upgraded":2,"win_rate":0,"timestamp":1607542295,"path_taken":["M","?","?","M","?","?","R","?","T","R","M","E","M","M","R","BOSS","M","?","M","M","$","R","E"],"build_version":"2020-11-30","purchased_purges":2,"victory":false,"max_hp_per_floor":[71,71,71,71,71,71,71,71,71,71,71,71,71,71,71,71,71,71,71,71,71,71,71,71,71],"card_choices":[{"not_picked":["Turbo","Hologram"],"picked":"Coolheaded","floor":1.0},{"not_picked":["Coolheaded","Rebound"],"picked":"Leap","floor":3.0},{"not_picked":["Streamline","Hello World"],"picked":"Static Discharge","floor":4.0},{"not_picked":["Tempest","Beam Cell"],"picked":"Reinforced Body","floor":11.0},{"not_picked":["Redo","Compile Driver"],"picked":"Force Field","floor":12.0},{"not_picked":["Stack","Compile Driver","Hologram"],"picked":"SKIP","floor":13.0},{"not_picked":["All For One","Coolheaded","Go for the Eyes"],"picked":"SKIP","floor":14.0},{"not_picked":["Meteor Strike","All For One"],"picked":"Amplify","floor":16.0},{"not_picked":["Coolheaded","Redo"],"picked":"Conserve Battery","floor":18.0},{"not_picked":["Steam+1","Go for the Eyes","Barrage"],"picked":"SKIP","floor":20.0},{"not_picked":["Streamline+1","Consume","Doom and Gloom"],"picked":"SKIP","floor":21.0}],"player_experience":1341526,"relics_obtained":[{"floor":9.0,"key":"Mummified Hand"},{"floor":19.0,"key":"MealTicket"}],"event_choices":[{"cards_removed":["Strike_B"],"damage_healed":0.0,"max_hp_gain":0.0,"max_hp_loss":0.0,"gold_gain":0.0,"event_name":"Bonfire Elementals","player_choice":"Offered Basic","floor":2.0,"gold_loss":0.0,"damage_taken":0.0},{"damage_healed":0.0,"max_hp_gain":0.0,"max_hp_loss":0.0,"gold_gain":0.0,"event_name":"Shining Light","player_choice":"Entered Light","floor":5.0,"gold_loss":0.0,"damage_taken":21.0,"cards_upgraded":["Strike_B","Static Discharge"]},{"cards_removed":["Strike_B"],"damage_healed":0.0,"max_hp_gain":0.0,"max_hp_loss":0.0,"gold_gain":0.0,"event_name":"Wheel of Change","player_choice":"Card Removal","floor":8.0,"gold_loss":0.0,"damage_taken":0.0}],"is_beta":false,"boss_relics":[{"not_picked":["Runic Pyramid","Black Star"],"picked":"Nuclear Battery"}],"items_purged_floors":[6,22],"is_endless":false,"potions_floor_spawned":[1,11,12,20],"killed_by":"Slavers","ascension_level":17}}