{"host":"agela5aetnmltfvm","time":1607535014,"event":{"gold_per_floor":[118,131,146,146,164,164,192,192,192,209,13,13,45,54,54,152,152,147,147,147,167,167,167,201,201,201,401,401,427,427,427],"floor_reached":30,"playtime":930,"items_purged":["hierophant:Strike_Hierophant"],"score":325,"play_id":"31179128-e5bd-4637-8196-6a15786765de","local_time":"20201210013014","is_ascension_mode":false,"campfire_choices":[{"data":"hierophant:Chorus","floor":6,"key":"SMITH"},{"data":"hierophant:ChurchCoffers","floor":12,"key":"SMITH"},{"data":"hierophant:Upheaval","floor":15,"key":"SMITH"},{"data":"hierophant:Kindle","floor":23,"key":"SMITH"},{"floor":25,"key":"DIG"},{"floor":28,"key":"DIG"}],"neow_cost":"NONE","seed_source_timestamp":11408122999800,"circlet_count":0,"master_deck":["hierophant:Strike_Hierophant","hierophant:Strike_Hierophant","hierophant:Defend_Hierophant","hierophant:Defend_Hierophant","hierophant:Defend_Hierophant","hierophant:ChurchCoffers+1","hierophant:Chorus+1","hierophant:FieryStrike","hierophant:Sermon","hierophant:Upheaval+1","hierophant:ThreeLashes","hierophant:Shelter","hierophant:Kindle+1","hierophant:Purify+1","hierophant:Racketeering+1","hierophant:Doubloon","hierophant:Refuge","ForeignInfluence+1","Shame","hierophant:Shelter","Normality","hierophant:ArchangelShield+1"],"relics":["hierophant:PropheticMaskRelic","NeowsBlessing","Centennial Puzzle","Bottled Flame","StoneCalendar","Astrolabe","Ring of Fangs","theJungle:SneckoAutograph","Shovel","Mummified Hand","Snack Pack","FossilizedHelix"],"potions_floor_usage":[7,7,16],"damage_taken":[{"damage":0,"enemies":"Cultist","floor":1,"turns":1},{"damage":0,"enemies":"Jaw Worm","floor":2,"turns":1},{"damage":0,"enemies":"Small Slimes","floor":3,"turns":1},{"damage":0,"enemies":"Exordium Wildlife","floor":5,"turns":3},{"damage":6,"enemies":"Gremlin Nob","floor":7,"turns":3},{"damage":15,"enemies":"Gremlin Gang","floor":10,"turns":4},{"damage":10,"enemies":"3 Louse","floor":13,"turns":3},{"damage":7,"enemies":"2 Fungi Beasts","floor":14,"turns":3},{"damage":0,"enemies":"Slime Boss","floor":16,"turns":7},{"damage":22,"enemies":"theJungle:GiantWrat","floor":18,"turns":4},{"damage":2,"enemies":"Shell Parasite","floor":21,"turns":2},{"damage":14,"enemies":"theJungle:Cassacara","floor":24,"turns":3},{"damage":33,"enemies":"theJungle:Lyon","floor":29,"turns":5},{"damage":17,"enemies":"theJungle:2_Snecko_Cultists","floor":30,"turns":2}],"seed_played":"-6391826462968621121","potions_obtained":[{"floor":1,"key":"Explosive Potion"},{"floor":2,"key":"AttackPotion"},{"floor":13,"key":"Adrenaline Potion"},{"floor":21,"key":"PowerPotion"}],"is_trial":false,"path_per_floor":["M","M","M","?","M","R","E","T","T","M","$","R","M","M","R","B",null,"M","?","?","M","?","R","E","R","T","?","R","M","M"],"character_chosen":"HIEROPHANT","items_purchased":["hierophant:Sermon","hierophant:Upheaval"],"campfire_rested":0,"item_purchase_floors":[11,11],"current_hp_per_floor":[75,75,75,75,75,75,69,69,69,54,54,54,44,37,37,37,75,53,53,53,51,51,51,37,37,37,37,37,6,0,0],"gold":427,"neow_bonus":"THREE_ENEMY_KILL","is_prod":false,"is_daily":false,"chose_seed":false,"campfire_upgraded":4,"win_rate":0.0,"timestamp":1607535014,"path_taken":["M","?","M","?","M","R","E","?","T","?","$","R","M","M","R","BOSS","M","?","?","?","?","R","E","R","T","?","R","M","M"],"build_version":"2020-11-30","purchased_purges":1,"victory":false,"max_hp_per_floor":[75,75,75,75,75,75,75,75,75,75,75,75,75,75,75,75,75,75,75,75,75,75,75,75,75,75,75,75,75,75,75],"card_choices":[{"not_picked":["hierophant:Flagellation","hierophant:ThreeLashes"],"picked":"hierophant:Chorus","floor":1},{"not_picked":["hierophant:Encroach","hierophant:Repentance"],"picked":"hierophant:FieryStrike","floor":2},{"not_picked":["hierophant:RustyCrate","hierophant:Smite","hierophant:AuricShield"],"picked":"SKIP","floor":3},{"not_picked":["hierophant:DisplayOfPower","hierophant:Purify"],"picked":"hierophant:SecretStash","floor":5},{"not_picked":["hierophant:Encroach","hierophant:Smite","hierophant:DisplayOfPower"],"picked":"SKIP","floor":7},{"not_picked":["hierophant:Remorse","hierophant:Chorus","hierophant:EyeForCoin"],"picked":"SKIP","floor":10},{"not_picked":["hierophant:RecallFunds","hierophant:Encroach"],"picked":"hierophant:ThreeLashes","floor":13},{"not_picked":["hierophant:CursedGold","hierophant:DivineIntervention"],"picked":"hierophant:Shelter","floor":14},{"not_picked":["hierophant:Determination","hierophant:Cornucopia"],"picked":"hierophant:Kindle","floor":16},{"not_picked":["hierophant:Upheaval","hierophant:OrnateBuckler"],"picked":"hierophant:Refuge","floor":18},{"not_picked":["hierophant:Purify+1","hierophant:Smite+1","hierophant:Repentance"],"picked":"SKIP","floor":21},{"not_picked":["hierophant:FieryStrike","hierophant:OrnateJavelin"],"picked":"hierophant:Shelter","floor":24},{"not_picked":["hierophant:SecretStash","hierophant:RepressedViolence"],"picked":"hierophant:ArchangelShield+1","floor":29}],"player_experience":491326,"relics_obtained":[{"floor":7,"key":"Centennial Puzzle"},{"floor":8,"key":"Bottled Flame"},{"floor":9,"key":"StoneCalendar"},{"floor":19,"key":"Ring of Fangs"},{"floor":24,"key":"Shovel"},{"floor":25,"key":"Mummified Hand"},{"floor":26,"key":"Snack Pack"},{"floor":28,"key":"FossilizedHelix"}],"event_choices":[{"cards_removed":["hierophant:LocustPlague"],"damage_healed":0,"gold_gain":0,"player_choice":"Took Card","damage_taken":0,"max_hp_gain":0,"max_hp_loss":0,"event_name":"NoteForYourself","floor":20,"gold_loss":0,"cards_obtained":["ForeignInfluence"]}],"is_beta":false,"boss_relics":[{"not_picked":["Sozu","SlaversCollar"],"picked":"Astrolabe"}],"items_purged_floors":[11],"is_endless":false,"potions_floor_spawned":[1,2,13,21],"killed_by":"theJungle:2_Snecko_Cultists","ascension_level":0}}