{"host":"ul103bh19qas5vs8","time":1607510687,"event":{"gold_per_floor":[113,113,93,109,34,59,59,79,103,125,154,154,184,184,184,308,308,327,367,367,367],"floor_reached":20,"playtime":535,"items_purged":["Strike_B"],"score":234,"play_id":"d5d870a9-39dc-4cad-9476-bcf4d7c02a97","local_time":"20201209184447","is_ascension_mode":true,"campfire_choices":[{"data":"Streamline","floor":7.0,"key":"SMITH"},{"data":"Dualcast","floor":12,"key":"SMITH"},{"data":"Zap","floor":15,"key":"SMITH"}],"neow_cost":"NONE","seed_source_timestamp":7845662302800,"circlet_count":0,"master_deck":["Strike_B","Strike_B","Strike_B","Defend_B","Defend_B","Defend_B","Defend_B","Zap+1","Dualcast+1","Streamline+1","Doom and Gloom","Core Surge","Capacitor","ReplayTheSpireMod:Fabricate Wheel","Storm+1"],"special_seed":0,"relics":["Cracked Core","NeowsBlessing","Dream Catcher","Geode","Odd Mushroom","Oddly Smooth Stone","Turnip","Golden Idol","Philosopher\u0027s Stone","Red Mask"],"potions_floor_usage":[19,19,19],"damage_taken":[{"damage":0.0,"enemies":"Jaw Worm","floor":1.0,"turns":1.0},{"damage":0.0,"enemies":"2 Louse","floor":4.0,"turns":1.0},{"damage":0.0,"enemies":"3 Sentries","floor":6.0,"turns":1.0},{"damage":0.0,"enemies":"Cultist","floor":8.0,"turns":3.0},{"damage":19.0,"enemies":"The Mushroom Lair","floor":10.0,"turns":5.0},{"damage":16,"enemies":"Lagavulin","floor":11,"turns":4},{"damage":14,"enemies":"Gremlin Nob","floor":13,"turns":3},{"damage":12,"enemies":"Slime Boss","floor":16,"turns":8},{"damage":21,"enemies":"Shell Parasite","floor":18,"turns":4},{"damage":15,"enemies":"Masked Bandits","floor":19,"turns":3},{"damage":44,"enemies":"3 Byrds","floor":20,"turns":2}],"seed_played":"2814650792318262403","potions_obtained":[{"floor":3.0,"key":"SteroidPotion"},{"floor":6.0,"key":"Strength Potion"},{"floor":10.0,"key":"ColorlessPotion"},{"floor":18,"key":"Adrenaline Potion"}],"is_trial":false,"path_per_floor":["M","?","?","M","$","E","R","M","T","?","E","R","E","?","R","B",null,"M","?","M"],"character_chosen":"DEFECT","items_purchased":[],"campfire_rested":0,"item_purchase_floors":[],"current_hp_per_floor":[75,75,75,75,75,75,75,75,75,56,40,40,26,26,26,14,69,48,33,0,0],"gold":367,"neow_bonus":"THREE_ENEMY_KILL","is_prod":false,"is_daily":false,"chose_seed":false,"campfire_upgraded":3,"win_rate":0,"timestamp":1607510687,"path_taken":["M","?","?","M","$","E","R","?","T","?","E","R","E","?","R","BOSS","M","?","M"],"build_version":"2020-11-30","purchased_purges":1,"victory":false,"max_hp_per_floor":[75,75,75,75,75,75,75,75,75,75,75,75,75,69,69,69,69,69,69,69,69],"card_choices":[{"not_picked":["Ball Lightning","BootSequence"],"picked":"Streamline","floor":1.0},{"not_picked":["Fusion","Reprogram","Blizzard"],"picked":"SKIP","floor":4.0},{"not_picked":["Static Discharge","Chill","Go for the Eyes"],"picked":"SKIP","floor":6.0},{"not_picked":["Stack","Capacitor"],"picked":"Doom and Gloom","floor":8.0},{"not_picked":["Hello World","Streamline"],"picked":"Core Surge","floor":11},{"not_picked":["Steam","Gash"],"picked":"Capacitor","floor":13},{"not_picked":["ReplayTheSpireMod:Omega Cannon","All For One"],"picked":"ReplayTheSpireMod:Fabricate Wheel","floor":16},{"not_picked":["Storm+1","Streamline","Cold Snap"],"picked":"SKIP","floor":18},{"not_picked":["Streamline","Cold Snap"],"picked":"Storm+1","floor":18}],"player_experience":77442,"relics_obtained":[{"floor":6.0,"key":"Dream Catcher"},{"floor":9.0,"key":"Geode"},{"floor":10.0,"key":"Odd Mushroom"},{"floor":11,"key":"Oddly Smooth Stone"},{"floor":13,"key":"Turnip"},{"floor":19,"key":"Red Mask"}],"event_choices":[{"damage_healed":0.0,"max_hp_gain":0.0,"max_hp_loss":0.0,"gold_gain":0.0,"event_name":"The Woman in Blue","player_choice":"Bought 1 Potion","floor":3.0,"gold_loss":0.0,"damage_taken":0.0},{"damage_healed":0.0,"max_hp_gain":0.0,"max_hp_loss":0.0,"gold_gain":0.0,"event_name":"Mushrooms","player_choice":"Fought Mushrooms","floor":10.0,"gold_loss":0.0,"damage_taken":0.0},{"damage_healed":0,"gold_gain":0,"player_choice":"Lose Max HP","damage_taken":0,"relics_obtained":["Golden Idol"],"max_hp_gain":0,"max_hp_loss":6,"event_name":"Golden Idol","floor":14,"gold_loss":0},{"damage_healed":0,"gold_gain":0,"player_choice":"Fought Bandits","damage_taken":0,"max_hp_gain":0,"max_hp_loss":0,"event_name":"Masked Bandits","floor":19,"gold_loss":0}],"is_beta":false,"boss_relics":[{"not_picked":["ReplayTheSpireMod:DimensionalGlitch","Ectoplasm"],"picked":"Philosopher\u0027s Stone"}],"items_purged_floors":[5],"is_endless":false,"potions_floor_spawned":[6,10,11,16,18],"killed_by":"3 Byrds","ascension_level":2}}