{"host":"2pgz2fctomabfk86","time":1607489487,"event":{"gold_per_floor":[116,116,116,41,41,41,116,152,224,244,244,263,282,300,300,300,300],"floor_reached":16,"playtime":370,"items_purged":["Strike_P"],"score":219,"play_id":"bd710a41-03f1-4fb3-95c5-faf54fbc6089","local_time":"20201209135127","is_ascension_mode":true,"campfire_choices":[{"data":"Eruption","floor":6.0,"key":"SMITH"},{"floor":11.0,"key":"REST"},{"data":"TalkToTheHand","floor":15,"key":"SMITH"}],"neow_cost":"NONE","seed_source_timestamp":450331518952900,"circlet_count":0,"master_deck":["AscendersBane","Strike_P","Strike_P","Strike_P","Defend_P","Defend_P","Defend_P","Defend_P","Eruption+1","Vigilance","BowlingBash","InnerPeace","TalkToTheHand+1","Wallop","EmptyMind"],"special_seed":0,"relics":["PureWater","NeowsBlessing","Golden Idol","Letter Opener","Mercury Hourglass","The Courier"],"potions_floor_usage":[14,16],"damage_taken":[{"damage":0.0,"enemies":"Cultist","floor":1.0,"turns":1.0},{"damage":0.0,"enemies":"Gremlin Nob","floor":8.0,"turns":1.0},{"damage":0.0,"enemies":"2 Louse","floor":10.0,"turns":1.0},{"damage":2.0,"enemies":"Jaw Worm","floor":12.0,"turns":2.0},{"damage":6.0,"enemies":"2 Fungi Beasts","floor":13.0,"turns":3.0},{"damage":4,"enemies":"Exordium Wildlife","floor":14,"turns":4},{"damage":17,"enemies":"Hexaghost","floor":16,"turns":10}],"seed_played":"126840974445851424","potions_obtained":[{"floor":8.0,"key":"SpeedPotion"},{"floor":12.0,"key":"EssenceOfSteel"},{"floor":13.0,"key":"Dexterity Potion"}],"is_trial":false,"path_per_floor":["M","?","?","$","?","R","?","E","T","M","R","M","M","M","R","B"],"character_chosen":"WATCHER","items_purchased":[],"campfire_rested":1,"item_purchase_floors":[],"current_hp_per_floor":[61,38,38,38,20,20,9,9,9,9,29,27,21,17,17,0,0],"gold":300,"neow_bonus":"THREE_ENEMY_KILL","is_prod":false,"is_daily":false,"chose_seed":false,"campfire_upgraded":2,"win_rate":0,"timestamp":1607489487,"path_taken":["M","?","?","$","?","R","?","E","T","M","R","M","M","M","R","BOSS"],"build_version":"2020-11-30","purchased_purges":1,"victory":false,"max_hp_per_floor":[68,68,68,68,68,68,68,68,68,68,68,68,68,68,68,68,68],"card_choices":[{"not_picked":["FlyingSleeves","Indignation"],"picked":"BowlingBash","floor":1.0},{"not_picked":["Evaluate","FlyingSleeves","Fasting2"],"picked":"SKIP","floor":8.0},{"not_picked":["ReachHeaven","Consecrate"],"picked":"InnerPeace","floor":10.0},{"not_picked":["Pray","EmptyFist"],"picked":"TalkToTheHand","floor":12.0},{"not_picked":["SashWhip","ForeignInfluence"],"picked":"Wallop","floor":13.0},{"not_picked":["ForeignInfluence","Tantrum"],"picked":"EmptyMind","floor":14}],"player_experience":851766,"relics_obtained":[{"floor":8.0,"key":"Mercury Hourglass"},{"floor":9.0,"key":"The Courier"}],"event_choices":[{"damage_healed":0.0,"max_hp_gain":0.0,"max_hp_loss":0.0,"gold_gain":0.0,"event_name":"Golden Idol","player_choice":"Take Damage","floor":2.0,"gold_loss":0.0,"damage_taken":23.0,"relics_obtained":["Golden Idol"]},{"damage_healed":0.0,"max_hp_gain":0.0,"max_hp_loss":0.0,"gold_gain":0.0,"event_name":"Shining Light","player_choice":"Ignored","floor":3.0,"gold_loss":0.0,"damage_taken":0.0},{"damage_healed":0.0,"max_hp_gain":0.0,"max_hp_loss":0.0,"gold_gain":0.0,"event_name":"Scrap Ooze","player_choice":"Success","floor":5.0,"gold_loss":0.0,"damage_taken":18.0,"relics_obtained":["Letter Opener"]},{"damage_healed":0.0,"max_hp_gain":0.0,"max_hp_loss":0.0,"gold_gain":75.0,"event_name":"World of Goop","player_choice":"Gather Gold","floor":7.0,"gold_loss":0.0,"damage_taken":11.0}],"is_beta":false,"boss_relics":[],"items_purged_floors":[4],"is_endless":false,"potions_floor_spawned":[8,12,13],"killed_by":"Hexaghost","ascension_level":15}}