{"host":"vc9y6l13pl00cmhf","time":1607554322,"event":{"gold_per_floor":[122,134,162,36,54,54,86,98,166,91,119,119,119,49,49,163,163,191,202,29,29,29,29,55,67,79,117,129,141,188,200,212,346,358,384,415,427,146,146,172,172,208,208,208,262,281,301,374,374,477,477,472,355,355,355,409,409,387,387,387,386,415,352,335,335,335,335,315,65,65,55,55,101,101,89,58,107,66,66,37,37,23,48,1,19,19,10,27,27,101,101,108,140,171,218,293,362,362,362,362,361,536,541,557,602,602,644,644,680,680,359,409,468,522,522,527,603,598,656,248,288,291,291,403,403,421,452,452,452,452,512,512,553,553,553,570,697,697,744,744,853,853,853,853,582,646,747],"floor_reached":148,"playtime":24279,"items_purged":["animator:Kuribayashi","animator:Millim","animator:Illya","animator:Defend","animator:HigakiRinne","Overencumbered","Doubt"],"score":4319,"play_id":"3f114f1d-106f-4c38-a979-2826f79a8283","local_time":"20201209155202","is_ascension_mode":false,"campfire_choices":[{"floor":6.0,"key":"RECALL"},{"floor":12.0,"key":"REST"},{"floor":15.0,"key":"REST"},{"data":"animator:Demiurge","floor":23.0,"key":"SMITH"},{"data":"animator:GazelDwargon","floor":25.0,"key":"SMITH"},{"data":"animator:Demiurge","floor":29.0,"key":"SMITH"},{"data":"animator:PinaCoLada","floor":32.0,"key":"SMITH"},{"data":"RitualDagger","floor":41.0,"key":"SMITH"},{"floor":49.0,"key":"REST"},{"data":"Pot Of Greed","floor":49.0,"key":"SMITH"},{"floor":65.0,"key":"REST"},{"data":"Pot Of Greed","floor":65.0,"key":"SMITH"},{"floor":72.0,"key":"REST"},{"data":"animator:Kaijin","floor":72.0,"key":"SMITH"},{"floor":86.0,"key":"REST"},{"data":"infinitespire:NeuralNetwork","floor":86.0,"key":"SMITH"},{"floor":89.0,"key":"REST"},{"data":"animator:GazelDwargon","floor":89.0,"key":"SMITH"},{"data":"animator:Chris","floor":106.0,"key":"SMITH"},{"data":"animator:Darkness","floor":123.0,"key":"SMITH"},{"data":"animator:Darkness","floor":138.0,"key":"SMITH"},{"data":"animator:Mitsurugi","floor":140.0,"key":"PURGE"},{"data":"animator:Ainz","floor":143.0,"key":"SMITH"}],"neow_cost":"NONE","seed_source_timestamp":0,"circlet_count":1,"master_deck":["animator:Defend_GATE+1","animator:Defend+1","animator:TukaLunaMarceau+1","animator:Demiurge+1","animator:Alexander","animator:GazelDwargon+1","animator:Shuna","animator:Cocytus","Hallownest:skillGreenpathMap+1","animator:Rimuru","animator:PinaCoLada+1","animator:Demiurge+1","animator:Darkness","RitualDagger+1","Bite","Bite","Bite","Bite","Bite","animator:EmiyaShirou+1","animator:PandorasActor","animator:Ainz+1","animator:GuildGirl","Pot Of Greed+1","Pot Of Greed+1","Pot Of Greed+1","animator:Lancer","animator:Berserker","animator:Kazuma+1","animator:Kaijin+1","animator:Saber","animator:DolaRiku","Pot Of Greed+1","infinitespire:Oblivion","animator:YaoHaDucy","animator:Megumin+21","animator:Add+1","animator:Darkness+1","animator:Verdia+1","animator:Verdia+1","infinitespire:NeuralNetwork+1","Pot Of Greed+1","animator:GazelDwargon+1","Replay:Fractal Strike","animator:TukaLunaMarceau+1","animator:Chris+1","animator:Sebas+1","animator:Rimuru","CurseOfTheBell","animator:Chris+1","animator:ChlammyZell+1","animator:SwordMaiden+1","animator:Shuna+1","Pot Of Greed+1","animator:Berserker","animator:Darkness+1","animator:Illya+1","animator:Rimuru","animator:Sora+1","infinitespire:FutureSight+1","animator:HououinKyouma+1","animator:Aqua+1","animator:Archer","animator:Hans+1"],"special_seed":0,"relics":["animator:VividPicture","animator:TheMissingPiece","animator:PurgingStone","LagranYue:RandomDrawCardRelic","NeowsBlessing","PreservedInsect","ReplayTheSpireMod:Ninjato","Hallownest:DreamNailRelic","Hallownest:StagBellRelic1","Busted Crown","infinitespire:Cupcake","hubris:HollowSoul","Black Star","TungstenRod","ReplayFunnel","Nunchaku","animator:Buoy","Juzu Bracelet","LagranYue:SoulBurningRelic","Circlet","Thread and Needle","Gremlin Food","HollowMod:PaleOreRelic","Grinning Jar","infinitespire:ShieldingShard","infinitespire:Magic Flask","Ice Cream","Chemical X","MerchantsRug","Hallownest:SheosBrushRelic","Counterbalance","infinitespire:Lucky Rock","Toxic Egg 2","energizedSpire:OgreHead","hubris:ToyBattleship","Hallownest:UnbreakableCardRelic","hubris:Icosahedron","Silver_Glasses","Replay:Bottled Steam","Ring of Hypnosis","ReplayTheSpireMod:Ring of Challenge","Ancient Tea Set","Bag of Preparation","hubris:FunFungus","Mummified Hand","Replay:Baseball","Golden Idol","hubris:BundleOfHerbs","animator:BattleDrones","Bronze Scales","Torii","Philosopher\u0027s Stone","Nilry\u0027s Codex","Lantern","hubris:64BitClover","hubris:PeanutButter","Letter Opener","infinitespire:EvilPickle","Bottled Flame","Lizard Tail","ReplayTheSpireMod:Shallot","Vajra","Bottled Tornado","Golden Egg","Garlic","Replay:Mystery Machine","energizedSpire:NeverEndingSparkler","Anchor","animator:CerealBox","hubris:Teleporter","hubris:TenFootPole"],"potions_floor_usage":[],"damage_taken":[{"damage":0.0,"enemies":"Hallownest:2_Tiktiks_and_1_Crawlid","floor":1.0,"turns":2.0},{"damage":0.0,"enemies":"Hallownest:2_MossCreeps","floor":2.0,"turns":1.0},{"damage":0.0,"enemies":"Hallownest:monsterHuskGuard","floor":3.0,"turns":1.0},{"damage":12.0,"enemies":"Hallownest:Wandering_and_Horned","floor":5.0,"turns":6.0},{"damage":18.0,"enemies":"Hallownest:eliteMossKnight","floor":7.0,"turns":18.0},{"damage":16.0,"enemies":"Hallownest:1_Baldur_1_Crawlid_1_Warrior","floor":8.0,"turns":7.0},{"damage":26.0,"enemies":"Hallownest:eliteCrystalGuardian","floor":11.0,"turns":11.0},{"damage":37.0,"enemies":"Hallownest:BossFalseKnight","floor":16.0,"turns":10.0},{"damage":8.0,"enemies":"Shell Parasite","floor":18.0,"turns":7.0},{"damage":13.0,"enemies":"3 Byrds","floor":19.0,"turns":5.0},{"damage":8.0,"enemies":"Nightmare","floor":24.0,"turns":7.0},{"damage":4.0,"enemies":"Snake Plant","floor":27.0,"turns":8.0},{"damage":0.0,"enemies":"HollowMod:Nosk","floor":30.0,"turns":14.0},{"damage":27.0,"enemies":"Collector","floor":33.0,"turns":17.0},{"damage":8.0,"enemies":"Orb Walker","floor":35.0,"turns":8.0},{"damage":0.0,"enemies":"3 Shapes","floor":36.0,"turns":7.0},{"damage":0.0,"enemies":"Nightmare","floor":40.0,"turns":12.0},{"damage":19.0,"enemies":"HollowMod:StalkingDevout","floor":42.0,"turns":12.0},{"damage":0.0,"enemies":"Mind Bloom Boss Battle","floor":45.0,"turns":9.0},{"damage":14.0,"enemies":"Maw","floor":46.0,"turns":10.0},{"damage":22.0,"enemies":"Transient","floor":47.0,"turns":5.0},{"damage":0.0,"enemies":"4 Shapes","floor":48.0,"turns":9.0},{"damage":0.0,"enemies":"Replay:Hell Engine","floor":50.0,"turns":12.0},{"damage":0.0,"enemies":"2_ Uuma","floor":52.0,"turns":4.0},{"damage":0.0,"enemies":"Hallownest:BossHornet","floor":56.0,"turns":7.0},{"damage":0.0,"enemies":"Hallownest:3_Youths","floor":58.0,"turns":7.0},{"damage":21.0,"enemies":"Hallownest:Flukemon_and_Top","floor":61.0,"turns":4.0},{"damage":0.0,"enemies":"Hallownest:Glutton_and_Coward","floor":62.0,"turns":4.0},{"damage":25.0,"enemies":"Nightmare","floor":63.0,"turns":12.0},{"damage":0.0,"enemies":"Hallownest:monsterMisterMushroom","floor":64.0,"turns":7.0},{"damage":0.0,"enemies":"Hallownest:eliteSoulWarrior","floor":68.0,"turns":9.0},{"damage":24.0,"enemies":"Hallownest:2_Flukemon","floor":71.0,"turns":7.0},{"damage":24.0,"enemies":"Hallownest:BossMantisLord","floor":73.0,"turns":8.0},{"damage":0.0,"enemies":"Hallownest:Shield_Heavy","floor":75.0,"turns":5.0},{"damage":0.0,"enemies":"Hallownest:3_Siblings","floor":76.0,"turns":7.0},{"damage":2.0,"enemies":"Nightmare_Alpha","floor":80.0,"turns":12.0},{"damage":22.0,"enemies":"Hallownest:Shield_Sturdy","floor":82.0,"turns":5.0},{"damage":0.0,"enemies":"Hallownest:2_Soldiers_and_1_Guardian","floor":85.0,"turns":1.0},{"damage":0.0,"enemies":"Hallownest:monsterPrimalAspid","floor":87.0,"turns":2.0},{"damage":8.0,"enemies":"Hallownest:2_Wandering_and_1_Horned","floor":88.0,"turns":9.0},{"damage":4.0,"enemies":"Hallownest:BossHollowKnight","floor":90.0,"turns":6.0},{"damage":0.0,"enemies":"Jaw Worm","floor":92.0,"turns":2.0},{"damage":0.0,"enemies":"Small Slimes","floor":94.0,"turns":3.0},{"damage":0.0,"enemies":"infinitespire:Voidling","floor":95.0,"turns":1.0},{"damage":0.0,"enemies":"Lagavulin","floor":97.0,"turns":3.0},{"damage":0.0,"enemies":"2 Fungi Beasts","floor":101.0,"turns":2.0},{"damage":0.0,"enemies":"Large Slime","floor":103.0,"turns":4.0},{"damage":0.0,"enemies":"Gremlin Nob","floor":104.0,"turns":3.0},{"damage":0.0,"enemies":"3 Louse","floor":105.0,"turns":4.0},{"damage":8.0,"enemies":"Fading Forest","floor":107.0,"turns":11.0},{"damage":0.0,"enemies":"Shell Parasite","floor":109.0,"turns":5.0},{"damage":0.0,"enemies":"Centurion and Healer","floor":113.0,"turns":1.0},{"damage":0.0,"enemies":"Cultist and Chosen","floor":114.0,"turns":2.0},{"damage":0.0,"enemies":"3 Cultists","floor":116.0,"turns":3.0},{"damage":0.0,"enemies":"Shelled Parasite and Fungi","floor":118.0,"turns":4.0},{"damage":0.0,"enemies":"Centurion and Healer","floor":119.0,"turns":1.0},{"damage":0.0,"enemies":"Sentry and Sphere","floor":121.0,"turns":4.0},{"damage":0.0,"enemies":"Cultist and Chosen","floor":122.0,"turns":2.0},{"damage":0.0,"enemies":"Pondfish","floor":124.0,"turns":3.0},{"damage":0.0,"enemies":"Orb Walker","floor":126.0,"turns":4.0},{"damage":0.0,"enemies":"Mind Bloom Boss Battle","floor":127.0,"turns":6.0},{"damage":0.0,"enemies":"Reptomancer","floor":131.0,"turns":2.0},{"damage":0.0,"enemies":"R_Hoarder","floor":133.0,"turns":5.0},{"damage":0.0,"enemies":"3 Darklings","floor":136.0,"turns":5.0},{"damage":0.0,"enemies":"Maw","floor":139.0,"turns":6.0},{"damage":0.0,"enemies":"Awakened One","floor":141.0,"turns":7.0},{"damage":0.0,"enemies":"Shield and Spear","floor":146.0,"turns":1.0},{"damage":84,"enemies":"The Heart","floor":147,"turns":10}],"seed_played":"-1069777663595646470","potions_obtained":[{"floor":2.0,"key":"Regen Potion"},{"floor":5.0,"key":"Doom Potion"},{"floor":8.0,"key":"LiquidBronze"},{"floor":27.0,"key":"ColorlessPotion"},{"floor":33.0,"key":"AttackPotion"},{"floor":35.0,"key":"LifebloodPotion"},{"floor":47.0,"key":"Fire Potion"},{"floor":48.0,"key":"SkillPotion"},{"floor":62.0,"key":"Fire Potion"},{"floor":64.0,"key":"AttackPotion"},{"floor":73.0,"key":"Dexterity Potion"},{"floor":82.0,"key":"DuplicationPotion"},{"floor":85.0,"key":"GamblersBrew"},{"floor":87.0,"key":"AttackPotion"},{"floor":88.0,"key":"Elixir"},{"floor":101.0,"key":"Adrenaline Potion"}],"is_trial":false,"path_per_floor":["M","M","M","$","M","R","E","M","T","?","E","R","?","?","R","B",null,"M","M","$","?","?","R","NM","R","T","M","?","R","E","AVR","R_BF","B",null,"M","M","?","$","?","NM","R","E","T","?","?","M","M","M","R","B",null,"M","$","?","?","B",null,"M","?","$","M","M","NM","M","R","T","AVR","E","?","?","M","R","B",null,"M","M","?","$","?","NM","?","M","T","$","M","R","M","M","R","B",null,"M","$","M","M","?","E","?","?","T","M","?","M","E","M","R","B",null,"M","?","$","?","M","M","?","M","T","M","M","$","M","M","R","B",null,"M","?","AVR","?","?","E","?","E","T","?","M","$","R","M","R_BF","B",null,"R","??","$","E","B",null],"character_chosen":"THE_ANIMATOR","items_purchased":["animator:Millim","animator:Darkness","Thread and Needle","Chemical X","animator:Kaijin","MerchantsRug","Lantern","Letter Opener","animator:Rimuru","Anchor","animator:CerealBox"],"campfire_rested":7,"item_purchase_floors":[4,20,38,53,53,53,111,120,120,145,145],"current_hp_per_floor":[66,66,66,66,54,54,36,21,21,21,10,30,30,30,50,13,67,59,46,46,40,40,40,45,45,45,47,47,47,48,48,48,48,48,40,47,47,47,42,48,48,46,46,46,48,42,26,23,36,49,49,49,49,49,49,50,51,51,48,48,32,36,21,26,40,40,40,51,51,51,34,48,27,52,52,52,40,40,40,44,32,11,11,11,11,25,26,26,41,45,54,54,54,54,54,50,54,54,42,42,46,46,54,54,54,54,54,54,54,42,42,42,42,44,44,48,48,53,53,53,54,54,54,54,54,54,54,54,54,54,54,54,54,54,54,54,54,54,54,54,54,54,54,54,54,54,54],"gold":747,"neow_bonus":"THREE_ENEMY_KILL","is_prod":false,"is_daily":false,"chose_seed":false,"campfire_upgraded":14,"win_rate":0,"timestamp":1607554322,"path_taken":["M","M","M","$","M","R","E","?","T","?","E","R","?","?","R","BOSS","M","M","$","?","?","R","NM","R","T","M","?","R","E","AVR","R_BF","BOSS","M","M","?","$","?","NM","R","E","T","?","?","M","M","M","R","BOSS","M","$","?","?","BOSS","M","?","$","M","M","NM","M","R","T","AVR","E","?","?","M","R","BOSS","M","M","?","$","?","NM","?","M","T","$","M","R","M","M","R","BOSS","M","$","M","M","?","E","?","?","T","M","?","M","E","M","R","BOSS","M","?","$","?","M","M","?","M","T","M","M","?","M","M","R","BOSS","M","?","AVR","?","?","E","?","E","T","?","M","$","R","M","R_BF","BOSS","R","??","$","E","BOSS"],"build_version":"2020-11-30","purchased_purges":7,"victory":true,"max_hp_per_floor":[66,66,66,66,66,66,66,67,67,67,67,67,67,67,67,67,67,67,67,67,67,46,46,47,47,47,47,47,47,48,48,48,48,48,48,48,48,48,48,48,48,48,48,48,49,49,49,49,49,49,49,49,49,49,49,51,51,51,51,51,51,51,52,52,52,52,52,52,52,52,52,52,52,52,52,52,52,52,52,52,52,52,52,52,52,52,52,54,54,54,54,54,54,54,54,54,54,54,54,54,54,54,54,54,54,54,54,54,54,54,54,54,54,54,54,54,54,54,54,54,54,54,54,54,54,54,54,54,54,54,54,54,54,54,54,54,54,54,54,54,54,54,54,54,54,54,54],"card_choices":[{"not_picked":["animator:Vanir","animator:Aqua"],"picked":"animator:Demiurge","floor":1.0},{"not_picked":["animator:Elsword","animator:ShinjiMatou"],"picked":"animator:Mitsurugi","floor":2.0},{"not_picked":["animator:LizardPriest","animator:Aqua"],"picked":"animator:Alexander","floor":3.0},{"not_picked":["animator:Shion","animator:Millim"],"picked":"animator:GazelDwargon","floor":5.0},{"not_picked":["animator:Benimaru","animator:Ain"],"picked":"animator:Shuna","floor":7.0},{"not_picked":["animator:Shuna","animator:Chris"],"picked":"animator:Cocytus","floor":8.0},{"not_picked":["animator:Lancer","animator:Berserker"],"picked":"animator:Rimuru","floor":11.0},{"not_picked":["animator:GoblinSlayer","animator:ItamiYouji"],"picked":"animator:PinaCoLada","floor":16.0},{"not_picked":[],"picked":"animator:NarberalGamma","floor":18.0},{"not_picked":[],"picked":"animator:Demiurge","floor":19.0},{"not_picked":[],"picked":"animator:Illya","floor":24.0},{"not_picked":[],"picked":"animator:EmiyaShirou+1","floor":27.0},{"not_picked":[],"picked":"animator:PandorasActor","floor":30.0},{"not_picked":[],"picked":"animator:Ainz","floor":33.0},{"not_picked":["animator:Souei"],"picked":"SKIP","floor":35.0},{"not_picked":["animator:MaesHughes"],"picked":"SKIP","floor":36.0},{"not_picked":[],"picked":"animator:GuildGirl","floor":40.0},{"not_picked":[],"picked":"animator:Lancer","floor":45.0},{"not_picked":["animator:RoyMustang"],"picked":"SKIP","floor":46.0},{"not_picked":["animator:Lu"],"picked":"SKIP","floor":47.0},{"not_picked":[],"picked":"animator:Berserker","floor":48.0},{"not_picked":[],"picked":"animator:Kazuma","floor":52.0},{"not_picked":[],"picked":"animator:Saber","floor":56.0},{"not_picked":[],"picked":"animator:DolaRiku","floor":58.0},{"not_picked":["ReplayTheSpireMod:Chaos Vortex","ReplayTheSpireMod:Echoes of Time"],"picked":"infinitespire:Oblivion","floor":61.0},{"not_picked":[],"picked":"animator:ElricEdward","floor":61.0},{"not_picked":["animator:Benimaru"],"picked":"SKIP","floor":62.0},{"not_picked":[],"picked":"animator:YaoHaDucy","floor":63.0},{"not_picked":[],"picked":"animator:Megumin","floor":64.0},{"not_picked":[],"picked":"animator:CowGirl+1","floor":68.0},{"not_picked":[],"picked":"animator:Add+1","floor":71.0},{"not_picked":[],"picked":"animator:Darkness","floor":76.0},{"not_picked":[],"picked":"animator:Verdia+1","floor":77.0},{"not_picked":[],"picked":"animator:Verdia+1","floor":77.0},{"not_picked":["infinitespire:Menacing","infinitespire:Fortify"],"picked":"infinitespire:NeuralNetwork","floor":80.0},{"not_picked":[],"picked":"animator:GazelDwargon","floor":80.0},{"not_picked":["infinitespire:FinalStrike","infinitespire:Gouge"],"picked":"Replay:Fractal Strike","floor":81.0},{"not_picked":[],"picked":"animator:TukaLunaMarceau+1","floor":82.0},{"not_picked":[],"picked":"animator:Chris+1","floor":87.0},{"not_picked":[],"picked":"animator:Sebas+1","floor":88.0},{"not_picked":[],"picked":"animator:Rimuru","floor":90.0},{"not_picked":["animator:Add+1"],"picked":"SKIP","floor":92.0},{"not_picked":["animator:Verdia+1"],"picked":"SKIP","floor":95.0},{"not_picked":["animator:Jibril"],"picked":"SKIP","floor":97.0},{"not_picked":["animator:Rider+1"],"picked":"SKIP","floor":101.0},{"not_picked":[],"picked":"animator:Chris","floor":103.0},{"not_picked":[],"picked":"animator:ChlammyZell+1","floor":104.0},{"not_picked":["animator:NarberalGamma+1"],"picked":"SKIP","floor":105.0},{"not_picked":[],"picked":"animator:SwordMaiden+1","floor":107.0},{"not_picked":["animator:ElricEdward"],"picked":"SKIP","floor":109.0},{"not_picked":[],"picked":"animator:Shuna+1","floor":113.0},{"not_picked":[],"picked":"animator:Berserker","floor":114.0},{"not_picked":[],"picked":"animator:Illya+1","floor":116.0},{"not_picked":["animator:ElricEdward"],"picked":"SKIP","floor":118.0},{"not_picked":["animator:Illya+1"],"picked":"SKIP","floor":121.0},{"not_picked":["animator:DolaCouronne+1"],"picked":"SKIP","floor":122.0},{"not_picked":[],"picked":"animator:Sora+1","floor":124.0},{"not_picked":["animator:Lu"],"picked":"SKIP","floor":126.0},{"not_picked":[],"picked":"animator:HououinKyouma+1","floor":132.0},{"not_picked":["animator:ElricEdward"],"picked":"SKIP","floor":133.0},{"not_picked":["animator:Illya+1"],"picked":"SKIP","floor":136.0},{"not_picked":[],"picked":"animator:Aqua+1","floor":139.0},{"not_picked":[],"picked":"animator:Archer","floor":146.0},{"not_picked":[],"picked":"animator:Hans","floor":147}],"player_experience":15877,"relics_obtained":[{"floor":7.0,"key":"PreservedInsect"},{"floor":11.0,"key":"ReplayTheSpireMod:Ninjato"},{"floor":24.0,"key":"MawBank"},{"floor":24.0,"key":"TungstenRod"},{"floor":26.0,"key":"ReplayFunnel"},{"floor":30.0,"key":"Nunchaku"},{"floor":30.0,"key":"animator:Buoy"},{"floor":40.0,"key":"Gremlin Food"},{"floor":42.0,"key":"HollowMod:PaleOreRelic"},{"floor":42.0,"key":"Grinning Jar"},{"floor":43.0,"key":"infinitespire:ShieldingShard"},{"floor":45.0,"key":"infinitespire:Magic Flask"},{"floor":63.0,"key":"Counterbalance"},{"floor":63.0,"key":"infinitespire:Lucky Rock"},{"floor":66.0,"key":"Toxic Egg 2"},{"floor":68.0,"key":"War Paint"},{"floor":68.0,"key":"hubris:ToyBattleship"},{"floor":77.0,"key":"Replay:Bottled Steam"},{"floor":79.0,"key":"Ring of Hypnosis"},{"floor":79.0,"key":"ReplayTheSpireMod:Ring of Challenge"},{"floor":80.0,"key":"LagranYue:GuidanceLightRelic"},{"floor":80.0,"key":"Orichalcum"},{"floor":83.0,"key":"Ancient Tea Set"},{"floor":91.0,"key":"Bag of Preparation"},{"floor":91.0,"key":"hubris:FunFungus"},{"floor":91.0,"key":"Mummified Hand"},{"floor":97.0,"key":"Replay:Baseball"},{"floor":97.0,"key":"War Paint"},{"floor":100.0,"key":"hubris:BundleOfHerbs"},{"floor":104.0,"key":"animator:BattleDrones"},{"floor":104.0,"key":"Bronze Scales"},{"floor":105.0,"key":"Torii"},{"floor":110.0,"key":"Nilry\u0027s Codex"},{"floor":114.0,"key":"hubris:64BitClover"},{"floor":117.0,"key":"hubris:PeanutButter"},{"floor":126.0,"key":"Bottled Flame"},{"floor":127.0,"key":"Lizard Tail"},{"floor":131.0,"key":"ReplayTheSpireMod:Shallot"},{"floor":131.0,"key":"Vajra"},{"floor":133.0,"key":"Bottled Tornado"},{"floor":133.0,"key":"Golden Egg"},{"floor":134.0,"key":"Garlic"},{"floor":139.0,"key":"Replay:Mystery Machine"},{"floor":146.0,"key":"hubris:Teleporter"},{"floor":146.0,"key":"hubris:TenFootPole"}],"event_choices":[{"damage_healed":0.0,"max_hp_gain":0.0,"max_hp_loss":0.0,"gold_gain":0.0,"event_name":"Nest","player_choice":"Joined the Cult","floor":21.0,"gold_loss":0.0,"damage_taken":6.0,"cards_obtained":["RitualDagger"]},{"damage_healed":0.0,"max_hp_gain":0.0,"max_hp_loss":21.0,"gold_gain":0.0,"event_name":"Vampires","player_choice":"Became a vampire","floor":22.0,"gold_loss":0.0,"damage_taken":0.0,"cards_obtained":["Bite","Bite","Bite","Bite","Bite"]},{"damage_healed":0.0,"max_hp_gain":0.0,"max_hp_loss":0.0,"gold_gain":0.0,"event_name":"Cursed Tome","player_choice":"Ignored","floor":28.0,"gold_loss":0.0,"damage_taken":0.0},{"damage_healed":0.0,"max_hp_gain":0.0,"max_hp_loss":0.0,"gold_gain":0.0,"event_name":"Winding Halls","player_choice":"Embrace Madness","floor":39.0,"gold_loss":0.0,"damage_taken":6.0,"cards_obtained":["animator:HigakiRinne"]},{"damage_healed":0.0,"max_hp_gain":0.0,"max_hp_loss":0.0,"gold_gain":0.0,"event_name":"MindBloom","player_choice":"Fight","floor":45.0,"gold_loss":0.0,"damage_taken":0.0},{"damage_healed":0.0,"max_hp_gain":0.0,"max_hp_loss":0.0,"gold_gain":75.0,"event_name":"FaceTrader","player_choice":"Touch","floor":96.0,"gold_loss":0.0,"damage_taken":5.0},{"cards_removed":["animator:ElricEdward"],"damage_healed":0.0,"max_hp_gain":0.0,"max_hp_loss":0.0,"gold_gain":0.0,"event_name":"Living Wall","player_choice":"Forget","floor":98.0,"gold_loss":0.0,"damage_taken":0.0},{"damage_healed":0.0,"max_hp_gain":0.0,"max_hp_loss":0.0,"gold_gain":0.0,"event_name":"Golden Idol","player_choice":"Take Damage","floor":99.0,"gold_loss":0.0,"damage_taken":13.0,"relics_obtained":["Golden Idol"]},{"damage_healed":0.0,"max_hp_gain":0.0,"max_hp_loss":0.0,"gold_gain":175.0,"event_name":"Liars Game","player_choice":"AGREE","floor":102.0,"gold_loss":0.0,"damage_taken":0.0,"cards_obtained":["Doubt"]},{"damage_healed":0.0,"max_hp_gain":0.0,"max_hp_loss":0.0,"gold_gain":0.0,"event_name":"Cursed Tome","player_choice":"Obtained Book","floor":110.0,"gold_loss":0.0,"damage_taken":16.0},{"damage_healed":0.0,"max_hp_gain":0.0,"max_hp_loss":0.0,"gold_gain":100.0,"event_name":"The Joust","player_choice":"Bet on Murderer","floor":112.0,"gold_loss":50.0,"damage_taken":0.0},{"damage_healed":0.0,"max_hp_gain":0.0,"max_hp_loss":0.0,"gold_gain":0.0,"cards_transformed":["animator:Defend"],"event_name":"Transmorgrifier","player_choice":"Transformed","floor":115.0,"gold_loss":0.0,"damage_taken":0.0,"cards_obtained":["animator:Darkness"]},{"damage_healed":0.0,"max_hp_gain":0.0,"max_hp_loss":0.0,"gold_gain":0.0,"event_name":"MindBloom","player_choice":"Fight","floor":127.0,"gold_loss":0.0,"damage_taken":0.0},{"damage_healed":0.0,"max_hp_gain":0.0,"max_hp_loss":0.0,"gold_gain":0.0,"event_name":"Tomb of Lord Red Mask","player_choice":"Ignored","floor":129.0,"gold_loss":0.0,"damage_taken":0.0},{"damage_healed":0.0,"max_hp_gain":0.0,"max_hp_loss":0.0,"gold_gain":0.0,"event_name":"Transmorgrifier","player_choice":"Ignored","floor":130.0,"gold_loss":0.0,"damage_taken":0.0},{"damage_healed":0.0,"max_hp_gain":0.0,"max_hp_loss":0.0,"gold_gain":0.0,"event_name":"SensoryStone","player_choice":"Memory 1","floor":132.0,"gold_loss":0.0,"damage_taken":0.0},{"cards_removed":["animator:NarberalGamma"],"damage_healed":0.0,"max_hp_gain":0.0,"max_hp_loss":0.0,"gold_gain":0.0,"event_name":"Falling","player_choice":"Removed Skill","floor":135.0,"gold_loss":0.0,"damage_taken":0.0}],"is_beta":false,"boss_relics":[{"not_picked":["Replay:Drink Me","energizedSpire:StickyHand"],"picked":"Replay:Grab Bag"},{"not_picked":["hubris:RunicObelisk","Mark of Pain"],"picked":"Busted Crown"},{"not_picked":["energizedSpire:CursedPentagram","energizedSpire:MagnifyingGlass"],"picked":"infinitespire:Cupcake"},{"not_picked":["Empty Cage","hubris:ScarierMask"],"picked":"hubris:HollowSoul"},{"not_picked":["ReplayTheSpireMod:SealedPack","Ring of Chaos"],"picked":"Black Star"},{"not_picked":["Sozu","energizedSpire:EnergizedDie"],"picked":"LagranYue:SoulBurningRelic"},{"not_picked":["ChewingGum","hubris:CrackedHourglass"],"picked":"hubris:Backtick"},{"not_picked":["energizedSpire:HugeHouse","Fusion Hammer"],"picked":"animator:VividPicture"},{"not_picked":["Philosopher\u0027s Stone","hubris:BlackHole"],"picked":"Silver_Glasses"},{"not_picked":["LagranYue:ContractPerformanceRelic","SacredBark"],"picked":"Calling Bell"},{"not_picked":["energizedSpire:EnergizedDie","hubris:BlackHole"],"picked":"Philosopher\u0027s Stone"},{"not_picked":["hubris:CrackedHourglass","Cursed Key"],"picked":"energizedSpire:SpiderWeb"},{"not_picked":["energizedSpire:RedRose","hubris:VirtuousBlindfold"],"picked":"energizedSpire:NeverEndingSparkler"}],"items_purged_floors":[4,20,31,67,78,84,111],"is_endless":true,"potions_floor_spawned":[2,5,8,27,33,35,47,48,62,64,73,82,85,87,88,94,101,103,107,114,116,118,121,127,136,139,147],"ascension_level":0}}