{"host":"ktoxvvst1mwxww91","time":1607513811,"event":{"gold_per_floor":[112,125,300,300,300,300,300,300,300,1,26,39,4,24,24,148,148,166,166,166,180,130,130,130],"floor_reached":23,"playtime":989,"items_purged":["Doubt","Shedinja:Substitute"],"score":277,"play_id":"59a336da-de23-4698-b8da-0d6bf9d84f62","local_time":"20201209123651","is_ascension_mode":true,"campfire_choices":[{"data":"Shedinja:FocusSash","floor":6.0,"key":"SMITH"},{"data":"Shedinja:FocusSash","floor":8.0,"key":"SMITH"},{"data":"Shedinja:Round","floor":15.0,"key":"SMITH"}],"neow_cost":"TEN_PERCENT_HP_LOSS","seed_source_timestamp":506821891293200,"circlet_count":0,"master_deck":["Shedinja:Scratch","Shedinja:Scratch","Shedinja:Scratch","Shedinja:Endure","Shedinja:Endure","Shedinja:Endure","Shedinja:Endure","Shedinja:Endure","Shedinja:FocusSash+1","Shedinja:FocusSash+1","Shedinja:Absorb","Shedinja:PowerBracer","Decay","Shedinja:Protect","Shedinja:Round+1","Shedinja:Substitute","Shedinja:Trick","Shedinja:Absorb","Shedinja:CoughCurse","Shedinja:CoughCurse","Ghostly","Ghostly","Ghostly","Ghostly","Ghostly","Shedinja:MetalClaw","Shedinja:HYPERBEAM","Shedinja:MindReader+1"],"special_seed":0,"relics":["Shedinja:WonderGuard","Gambling Chip","StrikeDummy","Golden Idol","Letter Opener","Membership Card","Cursed Key"],"potions_floor_usage":[23],"damage_taken":[{"damage":0.0,"enemies":"2 Louse","floor":1.0,"turns":5.0},{"damage":0.0,"enemies":"Jaw Worm","floor":2.0,"turns":8.0},{"damage":0.0,"enemies":"Cultist","floor":11.0,"turns":4.0},{"damage":0.0,"enemies":"Large Slime","floor":12.0,"turns":7.0},{"damage":0.0,"enemies":"2 Fungi Beasts","floor":14.0,"turns":4.0},{"damage":0.0,"enemies":"The Guardian","floor":16.0,"turns":14.0},{"damage":0.0,"enemies":"Shell Parasite","floor":18.0,"turns":10.0},{"damage":0.0,"enemies":"3 Byrds","floor":21.0,"turns":11.0},{"damage":15,"enemies":"Gremlin Leader","floor":23,"turns":8}],"seed_played":"-2740711627692665699","potions_obtained":[{"floor":12.0,"key":"Fire Potion"},{"floor":14.0,"key":"LiquidBronze"},{"floor":21.0,"key":"ColorlessPotion"}],"is_trial":false,"path_per_floor":["M","M","?","?","?","R","?","R","T","$","M","M","?","M","R","B",null,"M","?","?","M","$","E"],"character_chosen":"THE_DEFAULT","items_purchased":["Membership Card","Shedinja:Protect"],"campfire_rested":0,"item_purchase_floors":[10,10],"current_hp_per_floor":[1,1,1,1,1,1,1,1,1,1,1,1,1,1,1,1,1,1,1,1,1,1,0,0],"gold":130,"neow_bonus":"ONE_RARE_RELIC","is_prod":false,"is_daily":false,"chose_seed":false,"campfire_upgraded":3,"win_rate":0,"timestamp":1607513811,"path_taken":["M","M","?","?","?","R","?","R","T","$","?","M","?","M","R","BOSS","M","?","?","M","$","E"],"build_version":"2020-11-30","purchased_purges":2,"victory":false,"max_hp_per_floor":[1,1,1,1,1,1,1,1,1,1,1,1,1,1,1,1,1,1,1,1,1,1,1,1],"card_choices":[{"not_picked":["Shedinja:SuckerPunch","Shedinja:RockyHelmet"],"picked":"Shedinja:Absorb","floor":1.0},{"not_picked":["Shedinja:Ether","Shedinja:ConfuseRay"],"picked":"Shedinja:PowerBracer","floor":2.0},{"not_picked":["Shedinja:Facade","Shedinja:WillOWisp"],"picked":"Shedinja:Round","floor":11.0},{"not_picked":["Shedinja:FurySwipes","Shedinja:PowerBracer"],"picked":"Shedinja:Substitute","floor":12.0},{"not_picked":["Shedinja:MetalClaw","Shedinja:StruggleBug"],"picked":"Shedinja:Trick","floor":14.0},{"not_picked":["Shedinja:MetalClaw","Shedinja:NightSlash"],"picked":"Shedinja:Absorb","floor":18.0},{"not_picked":["Shedinja:Ether","Shedinja:NightSlash+1"],"picked":"Shedinja:MindReader+1","floor":21.0}],"player_experience":617742,"relics_obtained":[{"floor":9.0,"key":"Letter Opener"}],"event_choices":[{"damage_healed":0.0,"max_hp_gain":0.0,"max_hp_loss":0.0,"gold_gain":175.0,"event_name":"Liars Game","player_choice":"AGREE","floor":3.0,"gold_loss":0.0,"damage_taken":0.0,"cards_obtained":["Doubt"]},{"damage_healed":0.0,"max_hp_gain":0.0,"max_hp_loss":0.0,"gold_gain":0.0,"event_name":"Golden Idol","player_choice":"Take Damage","floor":5.0,"gold_loss":0.0,"damage_taken":0.0,"relics_obtained":["Golden Idol"]},{"damage_healed":0.0,"max_hp_gain":0.0,"max_hp_loss":0.0,"gold_gain":0.0,"event_name":"Wheel of Change","player_choice":"Cursed","floor":7.0,"gold_loss":0.0,"damage_taken":0.0,"cards_obtained":["Decay"]},{"damage_healed":0.0,"max_hp_gain":0.0,"max_hp_loss":0.0,"gold_gain":0.0,"cards_transformed":["Shedinja:Scratch","Shedinja:Scratch"],"event_name":"Drug Dealer","player_choice":"Became Test Subject","floor":20.0,"gold_loss":0.0,"damage_taken":0.0,"cards_obtained":["Shedinja:MetalClaw","Shedinja:HYPERBEAM"]}],"is_beta":false,"boss_relics":[{"not_picked":["Coffee Dripper","SlaversCollar"],"picked":"Cursed Key"}],"items_purged_floors":[10,22],"is_endless":false,"potions_floor_spawned":[12,14,21],"killed_by":"Gremlin Leader","ascension_level":2}}