{"host":"dekhxjxhillho72f","time":1607540681,"event":{"gold_per_floor":[13,38,38,52,76,106,106,155,182,214,286,298,328,374,386,518,530,573,297,297,340,347,347],"floor_reached":22,"playtime":1737,"items_purged":[],"score":321,"play_id":"2f02aff9-cdf2-49f0-b949-ac05214da616","local_time":"20201209200441","is_ascension_mode":false,"campfire_choices":[{"data":"ReplayTheSpireMod:Brewmster","floor":7,"key":"SMITH"},{"data":"hermit:Scavenge","floor":12,"key":"SMITH"},{"data":"hermit:Scavenge","floor":15,"key":"SMITH"}],"neow_cost":"NO_GOLD","seed_source_timestamp":16019873795691,"circlet_count":0,"master_deck":["hermit:Strike_Hermit","hermit:Strike_Hermit","hermit:Strike_Hermit","hermit:Strike_Hermit","hermit:Defend_Hermit","hermit:Defend_Hermit","hermit:Defend_Hermit","hermit:Defend_Hermit","hermit:Snapshot","hermit:Covet","ReplayTheSpireMod:Brewmster+1","hermit:Scavenge+1","hermit:Scavenge","hermit:Scavenge","hermit:Scavenge+1"],"relics":["hermit:Momento","Ice Cream","Simple Rune","Omamori","Pet Ghost","MawBank","Black Star","Durian","Nilry\u0027s Codex"],"potions_floor_usage":[4,4,4,4,4,4,4,4,4,4,4,4,5,6,6,6,8,8,8,8,8,8,8,8,8,8,8,8,8,8,8,8,8,8,10,11,11,11,11,13,13,13,13,14,16,16,16,16,16,16,16,16,18,18,21,22,22],"damage_taken":[{"damage":4,"enemies":"Cultist","floor":1,"turns":4},{"damage":4,"enemies":"Jaw Worm","floor":4,"turns":16},{"damage":0,"enemies":"2 Louse","floor":5,"turns":4},{"damage":0,"enemies":"Lagavulin","floor":6,"turns":8},{"damage":0,"enemies":"3 Sentries","floor":8,"turns":21},{"damage":0,"enemies":"Looter","floor":10,"turns":4},{"damage":3,"enemies":"3 Sentries","floor":11,"turns":9},{"damage":6,"enemies":"3 Louse","floor":13,"turns":8},{"damage":0,"enemies":"Blue Slaver","floor":14,"turns":4},{"damage":0,"enemies":"Fading Forest","floor":16,"turns":11},{"damage":0,"enemies":"Spheric Guardian","floor":18,"turns":7},{"damage":0,"enemies":"Chosen","floor":21,"turns":5},{"damage":7,"enemies":"Shelled Parasite and Fungi","floor":22,"turns":2}],"seed_played":"-4451178785780866460","potions_obtained":[],"is_trial":false,"path_per_floor":["M","?","?","M","M","E","R","E","T","M","?","R","M","M","R","B",null,"M","$","?","M","M"],"character_chosen":"HERMIT","items_purchased":["Durian"],"campfire_rested":0,"item_purchase_floors":[19],"current_hp_per_floor":[71,53,38,34,34,34,34,34,34,34,31,31,25,25,25,35,75,75,80,64,64,57,57],"gold":347,"neow_bonus":"RANDOM_COLORLESS_2","is_prod":false,"is_daily":false,"chose_seed":false,"campfire_upgraded":3,"win_rate":0.0,"timestamp":1607540681,"path_taken":["M","?","?","M","M","E","R","E","T","M","?","R","M","M","R","BOSS","M","$","?","M","M"],"build_version":"2020-11-30","purchased_purges":0,"victory":false,"max_hp_per_floor":[75,75,75,75,75,75,75,75,75,75,75,75,75,75,75,75,75,75,80,80,80,80,80],"relic_stats":{"counters":[13,103],"Black Star":0,"MawBank":96,"obtain_stats":[{"Ice Cream":2,"Nilry\u0027s Codex":20,"Simple Rune":6,"Omamori":8,"Black Star":17,"Durian":19,"MawBank":11,"hermit:Momento":0,"Pet Ghost":9},{"Ice Cream":1,"Nilry\u0027s Codex":11,"Simple Rune":4,"Omamori":5,"Black Star":10,"Durian":11,"MawBank":7,"hermit:Momento":0,"Pet Ghost":5},{"Ice Cream":4,"Nilry\u0027s Codex":96,"Simple Rune":32,"Omamori":53,"Black Star":89,"Durian":96,"MawBank":66,"hermit:Momento":0,"Pet Ghost":53}]},"card_choices":[{"not_picked":["ReplayTheSpireMod:Necrogeddon","Master of Strategy"],"picked":"ReplayTheSpireMod:Brewmster","floor":0},{"not_picked":["hermit:TrackingShot","hermit:CalledShot"],"picked":"hermit:Scavenge","floor":1},{"not_picked":["hermit:Coalescence","hermit:Brawl","hermit:Enervate"],"picked":"SKIP","floor":4},{"not_picked":["hermit:Showdown","hermit:Dive"],"picked":"hermit:Scavenge","floor":5},{"not_picked":["hermit:GhostlyPresence","hermit:ShadowCloak"],"picked":"hermit:Scavenge","floor":6},{"not_picked":["hermit:PistolWhip","hermit:SprayPray","hermit:BodyArmor"],"picked":"SKIP","floor":8},{"not_picked":["hermit:Roulette","hermit:Dive"],"picked":"hermit:Scavenge","floor":10},{"not_picked":["hermit:ItchyTrigger","hermit:FullyLoaded","hermit:Dissolve"],"picked":"SKIP","floor":13},{"not_picked":["hermit:ItchyTrigger","hermit:BigShot","hermit:Spite"],"picked":"SKIP","floor":14},{"not_picked":["hermit:WideOpen","hermit:NoHoldsBarred","hermit:LowProfile"],"picked":"SKIP","floor":18},{"not_picked":["hermit:Enervate","hermit:LowProfile","hermit:CalledShot+1"],"picked":"SKIP","floor":21}],"player_experience":243101,"relics_obtained":[{"floor":2,"key":"Ice Cream"},{"floor":6,"key":"Simple Rune"},{"floor":8,"key":"Omamori"},{"floor":9,"key":"Pet Ghost"},{"floor":11,"key":"MawBank"},{"floor":20,"key":"Nilry\u0027s Codex"}],"event_choices":[{"damage_healed":53,"gold_gain":0,"player_choice":"Upgrade","damage_taken":15,"max_hp_gain":0,"max_hp_loss":75,"event_name":"betterThird:BetterShining","floor":3,"gold_loss":0,"cards_upgraded":["hermit:Defend_Hermit","hermit:Strike_Hermit"]},{"damage_healed":0,"gold_gain":0,"player_choice":"Searched \u00271\u0027 times","damage_taken":0,"max_hp_gain":0,"max_hp_loss":0,"event_name":"Dead Adventurer","floor":11,"gold_loss":0},{"damage_healed":0,"gold_gain":0,"player_choice":"Obtained Book","damage_taken":16,"max_hp_gain":0,"max_hp_loss":0,"event_name":"Cursed Tome","floor":20,"gold_loss":0}],"is_beta":false,"boss_relics":[{"not_picked":["Busted Crown","Snecko Eye"],"picked":"Black Star"}],"items_purged_floors":[],"is_endless":false,"potions_floor_spawned":[6,10,11,13],"killed_by":"Shelled Parasite and Fungi","ascension_level":0}}