{"host":"51f0ad793vly1w6u","time":1607505383,"event":{"gold_per_floor":[111,128,141,168,93,127,127,162,162,175,201,201,212,226,226,327,327,341,341,356,371,371,371,382,395,422,440,440,468,468,216,216,316,316,329,348,363,49,61,61,96,115,115,125,95,115,115,115,115,115,115],"floor_reached":50,"playtime":967,"items_purged":["Strike_R","Strike_R"],"score":570,"play_id":"14307acd-bab4-4b87-bc51-244710730ab3","local_time":"20201209181623","is_ascension_mode":true,"campfire_choices":[{"data":"Bash","floor":7.0,"key":"SMITH"},{"data":"Evolve","floor":12.0,"key":"SMITH"},{"data":"Wild Strike","floor":15.0,"key":"SMITH"},{"data":"Demon Form","floor":23.0,"key":"SMITH"},{"floor":28.0,"key":"REST"},{"data":"Fire Breathing","floor":30.0,"key":"SMITH"},{"floor":32.0,"key":"REST"},{"data":"Limit Break","floor":40.0,"key":"SMITH"},{"data":"Offering","floor":47,"key":"SMITH"},{"floor":49,"key":"RECALL"}],"neow_cost":"NONE","seed_source_timestamp":964876671544000,"circlet_count":0,"master_deck":["Strike_R+1","Strike_R","Defend_R","Defend_R","Defend_R","Defend_R","Bash+1","Twin Strike","Sword Boomerang+1","Cleave","Shrug It Off","Evolve+1","Wild Strike+1","Demon Form+1","Fire Breathing+1","Parasite","Offering+1","Limit Break+1","Power Through","Battle Trance","True Grit+1","Inflame+1","Sword Boomerang+1","Decay","Shrug It Off"],"special_seed":0,"relics":["Burning Blood","Kunai","Sundial","Pen Nib","Peace Pipe","Cursed Key","Bag of Preparation","Whetstone","Regal Pillow","SacredBark","Mummified Hand","The Courier","Charon\u0027s Ashes"],"potions_floor_usage":[42,50],"damage_taken":[{"damage":6.0,"enemies":"Cultist","floor":1.0,"turns":3.0},{"damage":0.0,"enemies":"Small Slimes","floor":2.0,"turns":2.0},{"damage":11.0,"enemies":"Jaw Worm","floor":3.0,"turns":2.0},{"damage":39.0,"enemies":"Lagavulin","floor":6.0,"turns":8.0},{"damage":14.0,"enemies":"3 Sentries","floor":8.0,"turns":6.0},{"damage":5.0,"enemies":"2 Fungi Beasts","floor":10.0,"turns":3.0},{"damage":18.0,"enemies":"Lagavulin","floor":11.0,"turns":5.0},{"damage":1.0,"enemies":"Exordium Thugs","floor":13.0,"turns":3.0},{"damage":6.0,"enemies":"3 Louse","floor":14.0,"turns":3.0},{"damage":28.0,"enemies":"Hexaghost","floor":16.0,"turns":9.0},{"damage":10.0,"enemies":"Spheric Guardian","floor":18.0,"turns":4.0},{"damage":2.0,"enemies":"Chosen","floor":20.0,"turns":4.0},{"damage":24.0,"enemies":"Snake Plant","floor":21.0,"turns":4.0},{"damage":11.0,"enemies":"Cultist and Chosen","floor":24.0,"turns":4.0},{"damage":36.0,"enemies":"3 Cultists","floor":25.0,"turns":5.0},{"damage":12.0,"enemies":"Snake Plant","floor":27.0,"turns":4.0},{"damage":36.0,"enemies":"Gremlin Leader","floor":29.0,"turns":5.0},{"damage":39.0,"enemies":"Champ","floor":33.0,"turns":5.0},{"damage":3.0,"enemies":"3 Shapes","floor":35.0,"turns":4.0},{"damage":12.0,"enemies":"3 Darklings","floor":36.0,"turns":3.0},{"damage":9.0,"enemies":"4 Shapes","floor":37.0,"turns":7.0},{"damage":25.0,"enemies":"Maw","floor":39.0,"turns":5.0},{"damage":52.0,"enemies":"Nemesis","floor":41.0,"turns":7.0},{"damage":45,"enemies":"Jaw Worm Horde","floor":42,"turns":4},{"damage":21,"enemies":"4 Shapes","floor":44,"turns":4},{"damage":6,"enemies":"Sphere and 2 Shapes","floor":46,"turns":2},{"damage":40,"enemies":"Time Eater","floor":50,"turns":3}],"seed_played":"3515104574296684822","potions_obtained":[{"floor":2.0,"key":"Weak Potion"},{"floor":6.0,"key":"Fire Potion"},{"floor":8.0,"key":"Energy Potion"},{"floor":10.0,"key":"LiquidMemories"},{"floor":13.0,"key":"FairyPotion"},{"floor":24.0,"key":"CultistPotion"},{"floor":33.0,"key":"ColorlessPotion"},{"floor":35.0,"key":"LiquidMemories"},{"floor":37.0,"key":"Regen Potion"},{"floor":44,"key":"Weak Potion"},{"floor":45,"key":"Fire Potion"},{"floor":45,"key":"SteroidPotion"}],"is_trial":false,"path_per_floor":["M","M","M","T","$","E","R","E","T","M","E","R","M","M","R","B",null,"M","?","M","M","?","R","M","M","T","M","R","E","R","$","R","B",null,"M","M","M","$","M","R","E","M","T","M","?","M","R","$","R","B"],"character_chosen":"IRONCLAD","items_purchased":["Regal Pillow","Battle Trance","Mummified Hand"],"campfire_rested":2,"item_purchase_floors":[31,38,38],"current_hp_per_floor":[88,88,83,83,83,50,50,42,42,43,31,31,36,36,36,14,88,84,84,88,70,70,70,65,35,35,29,55,25,25,25,66,33,88,88,82,79,79,60,60,14,55,55,40,40,40,40,40,40,0,0],"gold":115,"neow_bonus":"TEN_PERCENT_HP_BONUS","is_prod":false,"is_daily":false,"chose_seed":false,"campfire_upgraded":7,"win_rate":0,"timestamp":1607505383,"path_taken":["M","M","?","?","$","E","R","E","T","M","E","R","M","M","R","BOSS","M","?","?","M","?","R","M","M","T","M","R","E","R","$","R","BOSS","M","M","M","$","M","R","E","M","T","M","?","M","R","?","R","BOSS"],"build_version":"2020-11-30","purchased_purges":2,"victory":false,"max_hp_per_floor":[88,88,88,88,88,88,88,88,88,88,88,88,88,88,88,88,88,88,88,88,88,88,88,88,88,88,88,88,88,88,88,88,88,88,88,88,88,88,88,88,88,88,88,88,88,88,88,88,88,88,88],"card_choices":[{"not_picked":["Clothesline","Heavy Blade"],"picked":"Twin Strike","floor":1.0},{"not_picked":["Twin Strike","Wild Strike"],"picked":"Sword Boomerang","floor":2.0},{"not_picked":["Dropkick","Uppercut"],"picked":"Cleave","floor":3.0},{"not_picked":["Uppercut","Wild Strike"],"picked":"Shrug It Off","floor":6.0},{"not_picked":["Berserk","Sword Boomerang"],"picked":"Evolve","floor":8.0},{"not_picked":["Bloodletting","Clothesline","Perfected Strike"],"picked":"SKIP","floor":10.0},{"not_picked":["Clash","Armaments","Carnage"],"picked":"SKIP","floor":11.0},{"not_picked":["Iron Wave","Heavy Blade"],"picked":"Wild Strike","floor":13.0},{"not_picked":["Cleave","Perfected Strike","Ghostly Armor"],"picked":"SKIP","floor":14.0},{"not_picked":["Exhume","Limit Break"],"picked":"Demon Form","floor":16.0},{"not_picked":["True Grit","Twin Strike","Havoc+1"],"picked":"SKIP","floor":18.0},{"not_picked":["Iron Wave","Rupture+1","Carnage"],"picked":"SKIP","floor":20.0},{"not_picked":["Rampage","Dark Embrace","Warcry"],"picked":"SKIP","floor":21.0},{"not_picked":["Combust","Armaments","Heavy Blade"],"picked":"SKIP","floor":24.0},{"not_picked":["Thunderclap+1","Havoc"],"picked":"Fire Breathing","floor":25.0},{"not_picked":["Rupture+1","True Grit"],"picked":"Offering","floor":27.0},{"not_picked":["Carnage+1","Barricade","Perfected Strike"],"picked":"SKIP","floor":29.0},{"not_picked":["Immolate","Brutality"],"picked":"Limit Break","floor":33.0},{"not_picked":["Wild Strike+1","Cleave+1","Flex"],"picked":"SKIP","floor":35.0},{"not_picked":["Metallicize","Uppercut","Blood for Blood"],"picked":"SKIP","floor":36.0},{"not_picked":["Seeing Red+1","Warcry+1"],"picked":"Power Through","floor":37.0},{"not_picked":["Clothesline","Seeing Red+1"],"picked":"True Grit+1","floor":39.0},{"not_picked":["Spot Weakness","Combust"],"picked":"Inflame+1","floor":41.0},{"not_picked":["Thunderclap","Flex+1"],"picked":"Sword Boomerang+1","floor":42},{"not_picked":["Thunderclap","Dropkick+1","Twin Strike+1"],"picked":"SKIP","floor":44},{"not_picked":["Immolate","Havoc"],"picked":"Shrug It Off","floor":46}],"player_experience":1358112,"relics_obtained":[{"floor":6.0,"key":"Kunai"},{"floor":8.0,"key":"Sundial"},{"floor":9.0,"key":"Pen Nib"},{"floor":11.0,"key":"Peace Pipe"},{"floor":26.0,"key":"Bag of Preparation"},{"floor":29.0,"key":"Whetstone"},{"floor":41.0,"key":"The Courier"},{"floor":43,"key":"Charon\u0027s Ashes"}],"event_choices":[{"cards_removed":["Strike_R"],"damage_healed":0.0,"max_hp_gain":0.0,"max_hp_loss":0.0,"gold_gain":0.0,"event_name":"Purifier","player_choice":"Purged","floor":19.0,"gold_loss":0.0,"damage_taken":0.0},{"damage_healed":0.0,"max_hp_gain":0.0,"max_hp_loss":0.0,"gold_gain":0.0,"event_name":"Vampires","player_choice":"Ignored","floor":22.0,"gold_loss":0.0,"damage_taken":0.0},{"damage_healed":0,"gold_gain":0,"player_choice":"Bought 2 Potions","damage_taken":0,"max_hp_gain":0,"max_hp_loss":0,"event_name":"The Woman in Blue","floor":45,"gold_loss":0}],"is_beta":false,"boss_relics":[{"not_picked":["Velvet Choker","Philosopher\u0027s Stone"],"picked":"Cursed Key"},{"not_picked":["Busted Crown","Snecko Eye"],"picked":"SacredBark"}],"items_purged_floors":[5,31],"is_endless":false,"potions_floor_spawned":[2,6,8,10,13,24,33,35,37,44],"killed_by":"Time Eater","ascension_level":1}}