{"host":"6z6y4ky8uzsz1dpj","time":1607519630,"event":{"gold_per_floor":[664,553,671,783,903,903,545,265,385,497,613,613,63,63,181,181,181],"floor_reached":16,"playtime":925,"items_purged":["Strike_W","Strike_W","Strike_W","Strike_W"],"score":1244,"play_id":"3812fc4c-0743-446e-baec-0632cb85fefe","local_time":"20201209081350","daily_mods":["challengethespire:Bronze Difficulty","challengethespire:Boss Rush","Uncertain Future"],"is_ascension_mode":false,"campfire_choices":[{"floor":14,"key":"REST"}],"neow_cost":"","seed_source_timestamp":254571825860300,"circlet_count":0,"master_deck":["Defend_W","Defend_W","Defend_W","Defend_W","Negative_Energy_Arrows","Bone_Wall","Siphon_Strength+1","Shade_Step+1","Cloudkill+1","Toxic_Smoke_Screen+1","Summon_Undead_Army+1","Uncharnel+1","Acid_Javelin+1","Siphon_Strength+1","Pandemic+1","Cloudkill+1","Violent_Necrosis+1","Siphon_Strength+1","Summon_Undead_Army+1","Pandemic+1","Uncharnel+1","Epidemic+1","CurseOfTheBell","Cloudkill+1","Violent_Necrosis+1","Cloudkill+1","Violent_Necrosis+1"],"relics":["Vampire_Amulet","The Courier","Molten Egg 2","Toxic Egg 2","Frozen Egg 2","Incense Burner","Gambling Chip","ReplayTheSpireMod:Lightbulb","SlaversCollar","BargainBundle","War Paint","hubris:SphereOfDissonance","Simple Rune","Garlic","Calling Bell","ReplayTheSpireMod:TigerMarble","Iron Hammer","Peace Pipe","Art of War","Replay:Rubber Ducky"],"potions_floor_usage":[9,9,16,16,16],"damage_taken":[{"damage":0,"enemies":"Slime Boss","floor":3,"turns":5},{"damage":0,"enemies":"The Guardian","floor":4,"turns":8},{"damage":7,"enemies":"Hexaghost","floor":5,"turns":7},{"damage":15,"enemies":"Collector","floor":9,"turns":6},{"damage":28,"enemies":"Automaton","floor":10,"turns":7},{"damage":8,"enemies":"Champ","floor":11,"turns":5},{"damage":46,"enemies":"Donu and Deca","floor":15,"turns":6},{"damage":30,"enemies":"Awakened One","floor":16,"turns":6}],"seed_played":"-7921084888474708225","potions_obtained":[{"floor":4,"key":"Fruit Juice"},{"floor":5,"key":"Swift Potion"},{"floor":9,"key":"Fruit Juice"},{"floor":11,"key":"Swift Potion"}],"is_trial":true,"path_per_floor":["$","$","M","M","M","T","$","$","M","M","M","T","$","R","M","M"],"character_chosen":"NECROMANCER","items_purchased":["Siphon_Strength+1","Shade_Step+1","Cloudkill+1","Toxic_Smoke_Screen+1","Summon_Undead_Army+1","Uncharnel+1","Cloudkill+1","Violent_Necrosis+1","Siphon_Strength+1","Summon_Undead_Army+1","BargainBundle","Block Potion","War Paint","Cloudkill+1","Violent_Necrosis+1","Cloudkill+1","Art of War"],"campfire_rested":1,"item_purchase_floors":[1,1,1,1,2,2,7,7,7,7,8,8,8,13,13,13,13],"current_hp_per_floor":[75,75,75,75,70,70,70,70,71,49,43,43,43,68,26,0,0],"gold":181,"neow_bonus":"","is_prod":false,"is_daily":false,"chose_seed":false,"campfire_upgraded":0,"win_rate":0,"timestamp":1607519630,"path_taken":["$","$","M","M","M","T","$","$","M","M","M","T","$","R","M","M"],"build_version":"2020-11-30","purchased_purges":4,"victory":false,"max_hp_per_floor":[75,75,75,75,75,75,75,75,85,85,85,85,85,85,85,85,85],"card_choices":[],"player_experience":151806,"relics_obtained":[{"floor":3,"key":"Incense Burner"},{"floor":4,"key":"Gambling Chip"},{"floor":5,"key":"ReplayTheSpireMod:Lightbulb"},{"floor":9,"key":"hubris:SphereOfDissonance"},{"floor":10,"key":"Simple Rune"},{"floor":11,"key":"Garlic"},{"floor":12,"key":"ReplayTheSpireMod:TigerMarble"},{"floor":12,"key":"Iron Hammer"},{"floor":12,"key":"Peace Pipe"},{"floor":15,"key":"Replay:Rubber Ducky"}],"event_choices":[],"is_beta":false,"boss_relics":[{"not_picked":["Pantograph","Astrolabe"],"picked":"SlaversCollar"},{"not_picked":["Kintsugi","Velvet Choker"],"picked":"Calling Bell"}],"items_purged_floors":[1,7,8,13],"is_endless":false,"potions_floor_spawned":[4,5,9,11,15],"killed_by":"Awakened One","ascension_level":0}}