{"host":"l4zsyynf3knc4g5z","time":1607544054,"event":{"gold_per_floor":[112,112,112,127,137,170,170,180,203,217,217,235,235,251,251,354,354,371,383,162,102,102,128,128,144,197,224,236,236,236,255,255,358,358,377,389,349,70,85,102,135,135,135,150,182,192,192,221,221,221,221,221,171,204,204,204],"floor_reached":55,"playtime":1917,"items_purged":["dioMod:LaserVision","dioMod:RoadRoller+1"],"score":851,"play_id":"0b8f8e14-2165-4a9c-aa74-d24315d12ea0","local_time":"20201209120054","is_ascension_mode":false,"campfire_choices":[{"data":"dioMod:DaggerToss","floor":7.0,"key":"SMITH"},{"data":"dioMod:DoubleTime","floor":11.0,"key":"SMITH"},{"data":"dioMod:DoubleTime","floor":15.0,"key":"SMITH"},{"data":"dioMod:RoadRoller","floor":24.0,"key":"SMITH"},{"data":"dioMod:Muda","floor":29.0,"key":"SMITH"},{"data":"dioMod:ZaWarudo","floor":32.0,"key":"SMITH"},{"data":"dioMod:Muda","floor":42.0,"key":"SMITH"},{"data":"dioMod:Muda","floor":47.0,"key":"SMITH"},{"floor":49.0,"key":"REST"},{"data":"1","floor":52.0,"key":"LIFT"}],"neow_cost":"NONE","seed_source_timestamp":1586897524878600,"circlet_count":0,"master_deck":["dioMod:Strike","dioMod:Strike","dioMod:Strike+1","dioMod:Strike","Bite","dioMod:Defend","dioMod:Defend","dioMod:Defend","dioMod:Defend","dioMod:BloodSuck","dioMod:DoubleTime+1","dioMod:DaggerToss+1","dioMod:Muda+1","dioMod:DoubleTime+1","dioMod:LaserVision+1","dioMod:Hiss","dioMod:ZaWarudo+1","dioMod:FlyAway+1","dioMod:Muda+1","hubris:NaturalOne","dioMod:MudaMudaMuda+1","CurseOfTheBell","dioMod:ComboFever+1","dioMod:Muda+1","dioMod:StreetSign+1","dioMod:GoodbyeJojo+1","dioMod:Muda+1","dioMod:Muda+1","dioMod:DoubleTime+1"],"special_seed":0,"relics":["dioMod:VampireBlood","hubris:Towel","hubris:TenFootPole","Replay:Baseball","Sandwich","Happy Flower","Nilry\u0027s Codex","Whetstone","SnailShell","HollowMod:StagPassRelic","hubris:Icosahedron","Calling Bell","Lantern","hubris:DeckOfHolding","Girya","Bottled Flame","Smiling Mask","RoseTintedShades","SpikesRelics:DaevaFist","Garlic","Boot"],"potions_floor_usage":[],"damage_taken":[{"damage":0.0,"enemies":"Small Slimes","floor":1.0,"turns":5.0},{"damage":14.0,"enemies":"2 Louse","floor":4.0,"turns":3.0},{"damage":6.0,"enemies":"Cultist","floor":5.0,"turns":3.0},{"damage":40.0,"enemies":"3 Sentries","floor":6.0,"turns":6.0},{"damage":10.0,"enemies":"Looter","floor":8.0,"turns":2.0},{"damage":19.0,"enemies":"Blue Slaver","floor":10.0,"turns":3.0},{"damage":13.0,"enemies":"Gremlin Gang","floor":12.0,"turns":4.0},{"damage":9.0,"enemies":"2 Fungi Beasts","floor":14.0,"turns":2.0},{"damage":49.0,"enemies":"Slime Boss","floor":16.0,"turns":12.0},{"damage":0.0,"enemies":"Spheric Guardian","floor":18.0,"turns":4.0},{"damage":0.0,"enemies":"3 Byrds","floor":19.0,"turns":3.0},{"damage":28.0,"enemies":"Book of Stabbing","floor":23.0,"turns":5.0},{"damage":20.0,"enemies":"Shelled Parasite and Fungi","floor":25.0,"turns":4.0},{"damage":29.0,"enemies":"Gremlin Leader","floor":27.0,"turns":5.0},{"damage":5.0,"enemies":"Cultist and Chosen","floor":28.0,"turns":3.0},{"damage":5.0,"enemies":"Chosen and Byrds","floor":31.0,"turns":2.0},{"damage":68.0,"enemies":"hubris:MusketHawk","floor":33.0,"turns":10.0},{"damage":23.0,"enemies":"3 Shapes","floor":35.0,"turns":3.0},{"damage":1.0,"enemies":"Orb Walker","floor":36.0,"turns":2.0},{"damage":6.0,"enemies":"4 Shapes","floor":39.0,"turns":1.0},{"damage":6.0,"enemies":"Sphere and 2 Shapes","floor":40.0,"turns":2.0},{"damage":0.0,"enemies":"Giant Head","floor":41.0,"turns":4.0},{"damage":0.0,"enemies":"Spire Growth","floor":44.0,"turns":2.0},{"damage":52.0,"enemies":"Nemesis","floor":45.0,"turns":5.0},{"damage":11.0,"enemies":"3 Darklings","floor":46.0,"turns":3.0},{"damage":0.0,"enemies":"Giant Head","floor":48.0,"turns":3.0},{"damage":8.0,"enemies":"Jotaro","floor":50.0,"turns":3.0},{"damage":2.0,"enemies":"Shield and Spear","floor":54.0,"turns":4.0},{"damage":79,"enemies":"The Heart","floor":55,"turns":7}],"seed_played":"8171244608608904222","potions_obtained":[{"floor":4.0,"key":"Strength Potion"},{"floor":14.0,"key":"Weak Potion"},{"floor":16.0,"key":"SpeedPotion"},{"floor":19.0,"key":"Milkshake"},{"floor":27.0,"key":"LiquidMemories"},{"floor":28.0,"key":"AttackPotion"},{"floor":33.0,"key":"SkillPotion"},{"floor":35.0,"key":"PowerPotion"},{"floor":36.0,"key":"Elixir"},{"floor":37.0,"key":"Adrenaline Potion"},{"floor":37.0,"key":"SteroidPotion"},{"floor":37.0,"key":"CultistPotion"},{"floor":45.0,"key":"Weak Potion"}],"is_trial":false,"path_per_floor":["M","?","?","M","M","E","R","M","T","M","R","M","?","M","R","B",null,"M","M","$","?","?","E","R","M","T","E","M","R","?","M","R","B",null,"M","M","?","$","M","M","E","R","T","M","E","M","R","E","R","B",null,"R","$","E","B"],"character_chosen":"THE_DEFAULT","items_purchased":["Happy Flower","dioMod:StreetSign+1","Bottled Flame"],"campfire_rested":1,"item_purchase_floors":[20,38,38],"current_hp_per_floor":[75,75,75,67,72,56,56,58,58,52,52,53,75,73,73,42,75,75,75,75,75,68,54,54,54,54,49,59,59,59,60,60,63,75,62,66,66,66,72,75,75,75,75,75,29,49,49,52,74,69,75,75,75,75,0,0],"gold":204,"neow_bonus":"THREE_CARDS","is_prod":false,"is_daily":false,"chose_seed":false,"campfire_upgraded":8,"win_rate":0,"timestamp":1607544054,"path_taken":["M","?","?","M","M","E","R","M","T","M","R","M","?","M","R","BOSS","M","M","$","?","?","E","R","M","T","E","M","R","?","M","R","BOSS","M","M","?","$","M","M","E","R","T","M","E","?","R","E","R","BOSS","R","$","E","BOSS"],"build_version":"2020-11-30","purchased_purges":2,"victory":false,"max_hp_per_floor":[75,75,75,75,75,75,75,75,75,75,75,75,75,75,75,75,75,75,75,75,75,75,75,75,75,75,75,75,75,75,75,75,75,75,75,75,75,75,75,75,75,75,75,75,75,75,75,75,75,75,75,75,75,75,75,75],"card_choices":[{"not_picked":["dioMod:Hiss","dioMod:Diversion"],"picked":"dioMod:DaggerSpree","floor":1.0},{"not_picked":["dioMod:Roundabout","dioMod:HeavyLifting"],"picked":"dioMod:BloodSuck","floor":4.0},{"not_picked":["dioMod:BloodShield","dioMod:DaggerToss"],"picked":"dioMod:DoubleTime","floor":5.0},{"not_picked":["dioMod:DisarmingVoice","dioMod:Hiss"],"picked":"dioMod:DaggerToss","floor":6.0},{"not_picked":["dioMod:DaggerSpree","dioMod:BloodTransfusion"],"picked":"dioMod:Muda","floor":8.0},{"not_picked":["dioMod:Freeze","dioMod:HeavyLifting"],"picked":"dioMod:DoubleTime","floor":10.0},{"not_picked":["dioMod:TripleThreat","dioMod:CautiousMuda"],"picked":"dioMod:LaserVision","floor":12.0},{"not_picked":["dioMod:SadisticLaugh","dioMod:CoffinBath"],"picked":"dioMod:Hiss","floor":14.0},{"not_picked":["dioMod:RoadRoller","dioMod:GoldVial"],"picked":"dioMod:ZaWarudo","floor":16.0},{"not_picked":["dioMod:BloodShield+1","dioMod:ComposedMuda+1"],"picked":"dioMod:LaserVision","floor":18.0},{"not_picked":["dioMod:HeavyLifting","dioMod:DaggerSpree+1"],"picked":"dioMod:FlyAway+1","floor":19.0},{"not_picked":["dioMod:CoffinBath","dioMod:DaggerToss"],"picked":"dioMod:RoadRoller","floor":23.0},{"not_picked":["dioMod:WRYYY","dioMod:ComboFever","dioMod:LaserVision"],"picked":"SKIP","floor":25.0},{"not_picked":["dioMod:ComposedMuda+1","dioMod:Donut"],"picked":"dioMod:Muda+1","floor":27.0},{"not_picked":["dioMod:StreetSign+1","dioMod:ComposedMuda","dioMod:HeavyLifting"],"picked":"SKIP","floor":28.0},{"not_picked":["dioMod:HeavyLifting+1","dioMod:CautiousMuda+1"],"picked":"dioMod:MudaMudaMuda+1","floor":31.0},{"not_picked":["dioMod:StreetSign+1","dioMod:CutDeep"],"picked":"dioMod:ComboFever+1","floor":35.0},{"not_picked":["dioMod:BloodSuck","dioMod:SlashThroughTime+1"],"picked":"dioMod:Muda","floor":36.0},{"not_picked":["dioMod:StreetSign+1","dioMod:BloodSuck+1","dioMod:Roundabout"],"picked":"SKIP","floor":39.0},{"not_picked":["dioMod:TripleThreat+1","dioMod:HeavyLifting+1"],"picked":"dioMod:GoodbyeJojo+1","floor":40.0},{"not_picked":["dioMod:SecretPlan","dioMod:FlyAway+1","dioMod:Roundabout+1"],"picked":"SKIP","floor":41.0},{"not_picked":["dioMod:WRYYY","dioMod:BloodShield+1","dioMod:DisarmingVoice+1"],"picked":"SKIP","floor":44.0},{"not_picked":["dioMod:DisarmingVoice","dioMod:DaggerSpree"],"picked":"dioMod:Muda+1","floor":45.0},{"not_picked":["dioMod:HeavyLifting+1","dioMod:MudaMudaMuda"],"picked":"dioMod:Muda","floor":46.0},{"not_picked":["dioMod:Despair","dioMod:BloodSuck+1","dioMod:StreetSign"],"picked":"SKIP","floor":48.0},{"not_picked":["dioMod:DarkRebirth+1","dioMod:DaggerToss"],"picked":"dioMod:DoubleTime+1","floor":54.0}],"player_experience":87772,"relics_obtained":[{"floor":6.0,"key":"hubris:TenFootPole"},{"floor":9.0,"key":"Replay:Baseball"},{"floor":22.0,"key":"Nilry\u0027s Codex"},{"floor":23.0,"key":"Whetstone"},{"floor":26.0,"key":"SnailShell"},{"floor":27.0,"key":"HollowMod:StagPassRelic"},{"floor":34.0,"key":"Lantern"},{"floor":34.0,"key":"hubris:DeckOfHolding"},{"floor":34.0,"key":"Girya"},{"floor":41.0,"key":"Smiling Mask"},{"floor":43.0,"key":"RoseTintedShades"},{"floor":45.0,"key":"SpikesRelics:DaevaFist"},{"floor":48.0,"key":"Garlic"},{"floor":54.0,"key":"Boot"}],"event_choices":[{"damage_healed":0.0,"max_hp_gain":0.0,"max_hp_loss":0.0,"gold_gain":0.0,"event_name":"Liars Game","player_choice":"Ignored","floor":3.0,"gold_loss":0.0,"damage_taken":0.0},{"cards_removed":["dioMod:DaggerSpree"],"damage_healed":22.0,"max_hp_gain":0.0,"max_hp_loss":0.0,"gold_gain":0.0,"event_name":"Bonfire Elementals","player_choice":"Offered Uncommon","floor":13.0,"gold_loss":0.0,"damage_taken":0.0},{"damage_healed":0.0,"max_hp_gain":0.0,"max_hp_loss":0.0,"gold_gain":0.0,"event_name":"Cursed Tome","player_choice":"Obtained Book","floor":22.0,"gold_loss":0.0,"damage_taken":16.0},{"damage_healed":0.0,"max_hp_gain":0.0,"max_hp_loss":0.0,"gold_gain":0.0,"event_name":"The Woman in Blue","player_choice":"Bought 3 Potions","floor":37.0,"gold_loss":0.0,"damage_taken":0.0}],"is_beta":false,"boss_relics":[{"not_picked":["ReplayTheSpireMod:DimensionalGlitch","Ectoplasm"],"picked":"Sandwich"},{"not_picked":["hubris:ScarierMask","Runic Dome"],"picked":"Calling Bell"}],"items_purged_floors":[20,53],"is_endless":false,"potions_floor_spawned":[4,6,14,16,19,27,28,33,35,36,40,45],"killed_by":"The Heart","ascension_level":0}}