{"host":"l4zsyynf3knc4g5z","time":1607530826,"event":{"gold_per_floor":[117,131,131,150,165,200,11,11,11,11,11,11,29,39,39,138,138,158,177,177,137,157,185,185,195,221,221,221,256,311,12,12,42,42],"floor_reached":33,"playtime":1645,"items_purged":["Black Shadow"],"score":310,"play_id":"79da6e47-9905-4a92-ab6c-88937dd7038a","local_time":"20201209082026","is_ascension_mode":false,"campfire_choices":[{"data":"dioMod:DoubleTime","floor":8,"key":"SMITH"},{"floor":11,"key":"REST"},{"data":"dioMod:MudaMudaMuda","floor":15,"key":"SMITH"},{"data":"dioMod:SadisticLaugh","floor":24,"key":"SMITH"},{"floor":28,"key":"REST"},{"floor":32,"key":"REST"}],"neow_cost":"NONE","seed_source_timestamp":1574079954450900,"circlet_count":0,"master_deck":["dioMod:Strike","dioMod:Strike","dioMod:Strike","dioMod:Strike","Bite","dioMod:Defend","dioMod:Defend","dioMod:Defend","dioMod:Defend","dioMod:GoodbyeJojo","dioMod:Roundabout","dioMod:MudaMudaMuda+1","dioMod:VengefulMuda","dioMod:DoubleTime+1","dioMod:DaggerToss","dioMod:DaggerToss","dioMod:StreetSign","dioMod:Muda","dioMod:TheWalk","dioMod:DaggerToss","dioMod:SadisticLaugh+1","dioMod:DoubleTime+1","dioMod:HeavyLifting+1","dioMod:DaggerToss","dioMod:BloodSuck"],"relics":["dioMod:JoestarBlood","BrokenLever","Unceasing Top","OrangePellets","InkBottle","hubris:SlimyHat","Regal Pillow","hubris:Icosahedron","HollowMod:PaleOreRelic","Replay:Bandana","hubris:EmptyBottle"],"potions_floor_usage":[6,14,19,22,22,22,22,23,23,33,33],"damage_taken":[{"damage":0,"enemies":"Small Slimes","floor":1,"turns":2},{"damage":10,"enemies":"Cultist","floor":2,"turns":4},{"damage":6,"enemies":"Jaw Worm","floor":4,"turns":2},{"damage":21,"enemies":"Lots of Slimes","floor":5,"turns":5},{"damage":56,"enemies":"Lagavulin","floor":6,"turns":11},{"damage":8,"enemies":"Looter","floor":13,"turns":4},{"damage":0,"enemies":"Lots of Slimes","floor":14,"turns":2},{"damage":55,"enemies":"Slime Boss","floor":16,"turns":10},{"damage":10,"enemies":"3 Byrds","floor":18,"turns":2},{"damage":6,"enemies":"Chosen","floor":19,"turns":3},{"damage":6,"enemies":"Snake Plant","floor":22,"turns":3},{"damage":14,"enemies":"Book of Stabbing","floor":23,"turns":3},{"damage":25,"enemies":"Snecko","floor":25,"turns":4},{"damage":42,"enemies":"HollowMod:Nosk","floor":29,"turns":9},{"damage":93,"enemies":"Collector","floor":33,"turns":9}],"seed_played":"4550854899790962734","potions_obtained":[{"floor":1,"key":"AttackPotion"},{"floor":5,"key":"BlessingOfTheForge"},{"floor":6,"key":"LifebloodPotion"},{"floor":16,"key":"DuplicationPotion"},{"floor":21,"key":"Weak Potion"},{"floor":21,"key":"EntropicBrew"},{"floor":21,"key":"FearPotion"},{"floor":29,"key":"PowerPotion"}],"is_trial":false,"path_per_floor":["M","M","?","M","M","E","$","R","T","?","R","$","M","M","R","B",null,"M","M","?","?","M","E","R","M","T","?","R","E","T","$","R","B"],"character_chosen":"THE_DEFAULT","items_purchased":["dioMod:DaggerToss","OrangePellets","hubris:EmptyBottle","dioMod:BloodSuck"],"campfire_rested":3,"item_purchase_floors":[7,7,31,31],"current_hp_per_floor":[75,70,70,69,69,24,24,24,24,24,46,46,45,60,60,20,75,65,61,61,61,55,48,48,27,27,27,64,26,26,26,63,0,0],"gold":42,"neow_bonus":"RANDOM_EVENT","is_prod":false,"is_daily":false,"chose_seed":false,"campfire_upgraded":3,"win_rate":0.0,"timestamp":1607530826,"path_taken":["M","M","?","?","M","E","$","R","T","?","R","$","?","M","R","BOSS","M","?","?","?","M","E","R","?","T","?","R","E","?","?","R","BOSS"],"build_version":"2020-11-30","purchased_purges":1,"victory":false,"max_hp_per_floor":[75,75,75,75,75,75,75,75,75,75,75,75,75,75,75,75,75,75,75,75,75,75,75,75,75,75,75,75,75,75,75,75,75,75],"card_choices":[{"not_picked":["dioMod:SlashThroughTime","dioMod:Minions"],"picked":"dioMod:WRYYY","floor":1},{"not_picked":["dioMod:BloodShield","dioMod:DaggerSpree"],"picked":"dioMod:Roundabout","floor":2},{"not_picked":["dioMod:BlendIn","dioMod:Hiss"],"picked":"dioMod:MudaMudaMuda","floor":4},{"not_picked":["dioMod:SevenPageMuda","dioMod:SlashThroughTime"],"picked":"dioMod:VengefulMuda","floor":5},{"not_picked":["dioMod:Freeze","dioMod:DominatingPresence"],"picked":"dioMod:DoubleTime","floor":6},{"not_picked":["dioMod:Diversion","dioMod:HeavyLifting"],"picked":"dioMod:StreetSign","floor":13},{"not_picked":["dioMod:BlendIn","dioMod:WRYYY"],"picked":"dioMod:Muda","floor":14},{"not_picked":["dioMod:Regeneration","dioMod:ZaWarudo"],"picked":"dioMod:TheWalk","floor":16},{"not_picked":["dioMod:Minions+1","dioMod:LaserVision"],"picked":"dioMod:DaggerToss","floor":18},{"not_picked":["dioMod:Hiss","dioMod:CutDeep","dioMod:WRYYY"],"picked":"SKIP","floor":19},{"not_picked":["dioMod:DominatingPresence","dioMod:DisarmingVoice+1"],"picked":"dioMod:SadisticLaugh","floor":22},{"not_picked":["dioMod:BlendIn+1","dioMod:CoffinBath"],"picked":"dioMod:DoubleTime+1","floor":23},{"not_picked":["dioMod:DominatingPresence","dioMod:Roundabout"],"picked":"dioMod:HeavyLifting+1","floor":25},{"not_picked":["dioMod:BlendIn","dioMod:Muda"],"picked":"dioMod:DaggerToss","floor":29}],"player_experience":77009,"relics_obtained":[{"floor":6,"key":"Unceasing Top"},{"floor":9,"key":"InkBottle"},{"floor":23,"key":"hubris:SlimyHat"},{"floor":26,"key":"Regal Pillow"},{"floor":29,"key":"HollowMod:PaleOreRelic"},{"floor":30,"key":"Replay:Bandana"}],"event_choices":[{"damage_healed":0,"gold_gain":0,"player_choice":"Gave Potion","damage_taken":0,"relics_obtained":["BrokenLever"],"max_hp_gain":0,"max_hp_loss":0,"event_name":"WeMeetAgain","floor":3,"gold_loss":0},{"cards_removed":["dioMod:WRYYY"],"damage_healed":0,"gold_gain":0,"player_choice":"Took Card","damage_taken":0,"max_hp_gain":0,"max_hp_loss":0,"event_name":"NoteForYourself","floor":10,"gold_loss":0,"cards_obtained":["Black Shadow"]},{"damage_healed":0,"gold_gain":0,"player_choice":"Ignored","damage_taken":0,"max_hp_gain":0,"max_hp_loss":0,"event_name":"Ghosts","floor":20,"gold_loss":0},{"damage_healed":0,"gold_gain":0,"player_choice":"Bought 3 Potions","damage_taken":0,"max_hp_gain":0,"max_hp_loss":0,"event_name":"The Woman in Blue","floor":21,"gold_loss":0}],"is_beta":false,"boss_relics":[{"not_picked":["Replay:Drink Me","Kintsugi"],"picked":"dioMod:JoestarBlood"}],"items_purged_floors":[31],"is_endless":false,"potions_floor_spawned":[1,5,6,16,29],"killed_by":"Collector","ascension_level":0}}