{"host":"f5n4tidiz2n5sooh","time":1607496817,"event":{"gold_per_floor":[119,44,1,76,76,117,117,157,207,245,260,276,296,309,309,408,408,433,449,499,424,424,424,458,458,485,485,34,34,34,34],"floor_reached":30,"playtime":654,"items_purged":[],"score":628,"play_id":"f3584e1a-5ccc-44b9-88e9-b8d993aa2838","local_time":"20201209005337","is_ascension_mode":true,"campfire_choices":[{"data":"Sunder","floor":15,"key":"SMITH"},{"data":"Coolheaded","floor":23,"key":"SMITH"},{"data":"Coolheaded","floor":27,"key":"SMITH"}],"neow_cost":"NONE","seed_source_timestamp":17307991105599,"circlet_count":0,"master_deck":["AscendersBane","Strike_B","Defend_B","Defend_B","Defend_B","Defend_B","Zap","Dualcast","Doom and Gloom","Genetic Algorithm","Sunder+1","Self Repair+1","Conserve Battery","Ball Lightning","Buffer+1","Coolheaded+1","Coolheaded+1","Necronomicurse","Conserve Battery","Force Field","Chaos","Writhe"],"relics":["Cracked Core","NeowsBlessing","Golden Idol","Strawberry","Frozen Egg 2","Orichalcum","Question Card","Sozu","Necronomicon","Potion Belt","OrangePellets","Pantograph","Bag of Marbles"],"potions_floor_usage":[12,14,16],"damage_taken":[{"damage":0,"enemies":"Jaw Worm","floor":1,"turns":1},{"damage":0,"enemies":"3 Sentries","floor":6,"turns":1},{"damage":0,"enemies":"Lagavulin","floor":8,"turns":1},{"damage":32,"enemies":"3 Sentries","floor":10,"turns":6},{"damage":0,"enemies":"2 Louse","floor":11,"turns":2},{"damage":7,"enemies":"Small Slimes","floor":12,"turns":3},{"damage":0,"enemies":"Exordium Wildlife","floor":13,"turns":3},{"damage":3,"enemies":"Blue Slaver","floor":14,"turns":4},{"damage":19,"enemies":"Hexaghost","floor":16,"turns":7},{"damage":21,"enemies":"Shell Parasite","floor":18,"turns":5},{"damage":14,"enemies":"Spheric Guardian","floor":19,"turns":5},{"damage":27,"enemies":"Slavers","floor":24,"turns":4},{"damage":11,"enemies":"Gremlin Leader","floor":30,"turns":2}],"seed_played":"7726634814880222972","potions_obtained":[{"floor":6,"key":"PowerPotion"},{"floor":10,"key":"Block Potion"},{"floor":13,"key":"Block Potion"}],"is_trial":false,"path_per_floor":["M","?","$","?","?","E","?","E","T","E","M","M","M","M","R","B",null,"M","M","?","?","?","R","E","?","T","R","$","?","E"],"character_chosen":"DEFECT","items_purchased":["Genetic Algorithm","OrangePellets","Pantograph"],"campfire_rested":0,"item_purchase_floors":[3,28,28],"current_hp_per_floor":[64,64,64,53,53,60,71,71,71,49,49,52,62,69,69,60,68,57,53,53,53,32,32,5,5,5,5,5,5,0,0],"gold":34,"neow_bonus":"THREE_ENEMY_KILL","is_prod":false,"is_daily":false,"chose_seed":false,"campfire_upgraded":3,"win_rate":0,"timestamp":1607496817,"path_taken":["M","?","$","?","?","E","?","E","T","E","M","M","M","M","R","BOSS","M","M","?","?","?","R","E","?","T","R","$","?","E"],"build_version":"2020-11-30","purchased_purges":0,"victory":false,"max_hp_per_floor":[71,71,71,71,64,71,71,71,71,71,71,71,71,71,71,71,71,71,71,71,68,68,68,68,68,68,68,68,68,68,68],"relic_stats":{"Sozu":1,"OrangePellets":[0],"counters":[13,44],"Golden Idol":72,"Pantograph":0,"Necronomicon":[2],"Orichalcum":[102],"Question Card":8,"obtain_stats":[{"Potion Belt":26,"NeowsBlessing":0,"Golden Idol":5,"Frozen Egg 2":8,"Orichalcum":9,"Question Card":10,"Sozu":17,"OrangePellets":28,"Strawberry":6,"Pantograph":28,"Necronomicon":22,"Bag of Marbles":29,"Cracked Core":0},{"Potion Belt":12,"NeowsBlessing":0,"Golden Idol":1,"Frozen Egg 2":3,"Orichalcum":3,"Question Card":4,"Sozu":9,"OrangePellets":12,"Strawberry":2,"Pantograph":12,"Necronomicon":11,"Bag of Marbles":12,"Cracked Core":0},{"Potion Belt":42,"NeowsBlessing":0,"Golden Idol":1,"Frozen Egg 2":3,"Orichalcum":3,"Question Card":9,"Sozu":28,"OrangePellets":42,"Strawberry":2,"Pantograph":42,"Necronomicon":38,"Bag of Marbles":42,"Cracked Core":0}]},"card_choices":[{"not_picked":["Redo","Loop"],"picked":"Doom and Gloom","floor":1},{"not_picked":["Go for the Eyes","Leap"],"picked":"Sunder","floor":6},{"not_picked":["Stack","Fission"],"picked":"Self Repair+1","floor":8},{"not_picked":["Streamline","Tempest"],"picked":"Conserve Battery","floor":10},{"not_picked":["Coolheaded","Hologram","Sweeping Beam"],"picked":"Ball Lightning","floor":11},{"not_picked":["Hologram","Scrape","Force Field","Cold Snap"],"picked":"SKIP","floor":12},{"not_picked":["Stack","Rebound","Gash","Cold Snap"],"picked":"SKIP","floor":13},{"not_picked":["Leap","Rebound","Streamline","White Noise"],"picked":"SKIP","floor":14},{"not_picked":["Reboot","Thunder Strike","Multi-Cast"],"picked":"Buffer+1","floor":16},{"not_picked":["Compile Driver","Skim+1","Cold Snap"],"picked":"Coolheaded","floor":18},{"not_picked":["Ball Lightning+1","Go for the Eyes+1","Static Discharge+1"],"picked":"Coolheaded","floor":19},{"not_picked":["Meteor Strike","Beam Cell","Barrage"],"picked":"Conserve Battery","floor":24}],"player_experience":1860783,"relics_obtained":[{"floor":6,"key":"Strawberry"},{"floor":8,"key":"Frozen Egg 2"},{"floor":9,"key":"Orichalcum"},{"floor":10,"key":"Question Card"},{"floor":22,"key":"Necronomicon"},{"floor":26,"key":"Potion Belt"}],"event_choices":[{"cards_removed":["Strike_B"],"damage_healed":0,"gold_gain":0,"player_choice":"Card Removal","damage_taken":0,"max_hp_gain":0,"max_hp_loss":0,"event_name":"The Cleric","floor":2,"gold_loss":75},{"damage_healed":0,"gold_gain":75,"player_choice":"Gather Gold","damage_taken":11,"max_hp_gain":0,"max_hp_loss":0,"event_name":"World of Goop","floor":4,"gold_loss":0},{"damage_healed":0,"gold_gain":0,"player_choice":"Lose Max HP","damage_taken":0,"relics_obtained":["Golden Idol"],"max_hp_gain":0,"max_hp_loss":7,"event_name":"Golden Idol","floor":5,"gold_loss":0},{"damage_healed":17,"gold_gain":0,"player_choice":"Healed and dodged fight","damage_taken":0,"max_hp_gain":0,"max_hp_loss":0,"event_name":"Mushrooms","floor":7,"gold_loss":0,"cards_obtained":["Parasite"]},{"damage_healed":0,"gold_gain":50,"player_choice":"Stole From Cult","damage_taken":0,"max_hp_gain":0,"max_hp_loss":0,"event_name":"Nest","floor":20,"gold_loss":0},{"cards_removed":["Parasite"],"damage_healed":0,"gold_gain":0,"player_choice":"Gave Gold","damage_taken":0,"max_hp_gain":0,"max_hp_loss":0,"event_name":"Beggar","floor":21,"gold_loss":75},{"damage_healed":0,"gold_gain":0,"player_choice":"Obtained Book","damage_taken":21,"max_hp_gain":0,"max_hp_loss":0,"event_name":"Cursed Tome","floor":22,"gold_loss":0},{"damage_healed":0,"gold_gain":0,"cards_transformed":["Strike_B","Strike_B"],"player_choice":"Became Test Subject","damage_taken":0,"max_hp_gain":0,"max_hp_loss":0,"event_name":"Drug Dealer","floor":25,"gold_loss":0,"cards_obtained":["Force Field","Chaos"]},{"damage_healed":0,"gold_gain":0,"player_choice":"Opened","damage_taken":0,"relics_obtained":["Bag of Marbles"],"max_hp_gain":0,"max_hp_loss":0,"event_name":"The Mausoleum","floor":29,"gold_loss":0,"cards_obtained":["Writhe"]}],"is_beta":false,"boss_relics":[{"not_picked":["Ectoplasm","Astrolabe"],"picked":"Sozu"}],"items_purged_floors":[],"is_endless":false,"potions_floor_spawned":[6,10,11,13,18],"killed_by":"Gremlin Leader","ascension_level":20}}