{"host":"av29givzkpzpqtbm","time":1607504635,"event":{"gold_per_floor":[110,7,82,82,82,108,2,46,58,11,43,55,85,113,25,133,145,174,137,148,148,148,133,161,5,5,18,52,52,82,8,8,106,106,124,138,151,103,121,154,154,169,169,204,180,180,230,259,323,323,323,261,128,161,161],"floor_reached":56,"playtime":1713,"items_purged":["Strike_B","Strike_B","Defend_B","Defend_B","Defend_B","Strike_B","Defend_B","Strike_B+1","MostiFishMod:TalkingToTheRain","MostiFishMod:Tomorrow","Fusion+1","Dualcast","Looming Evil","MostiFishMod:IntelligentEquipment+1"],"score":1924,"play_id":"6ff1da86-2aab-4753-ba99-fe3db3d84e71","local_time":"20201209170355","is_ascension_mode":false,"campfire_choices":[{"data":"Double Energy","floor":12.0,"key":"SMITH"},{"data":"MostiFishMod:Prepare","floor":29.0,"key":"SMITH"},{"floor":32.0,"key":"RECALL"},{"data":"MostiFishMod:IntelligentEquipment","floor":46.0,"key":"SMITH"}],"neow_cost":"NONE","seed_source_timestamp":135793087642800,"circlet_count":0,"master_deck":["Zap+1","Thunder Strike+1","Double Energy+1","Fission+1","MostiFishMod:Prepare+1","Tempest+1","MostiFishMod:IntelligentEquipment+1","testmod-ChaoticCore+1"],"special_seed":0,"relics":["Cracked Core","DaveBox","testmod-TestBox","Transparent","testmod-HarvestTotem","Question Card","Civilization","Divine Protection","Anchor","MawBank","testmod-IndustrialRevolution","Bottled Lightning","Geode","Replay:Wax Seal","Raider\u0027s Mask","War Paint","Bag of Marbles","Centennial Puzzle","ImportantClient","ShadowXiaoBlade","Garlic","Runic Capacitor","aspiration:Stabinomicon","aspiration:Nostalgia","Ring of the Snake","PreservedInsect","Chemical X","Symbiotic Virus","Strange Spoon","Gremlin Horn","SentryEyes","DataDisk","Regal Pillow","Frozen Eye","Torii","OrangePellets","HandDrill","Ice Cream","Frozen Egg 2","Turnip","PrismaticShard","ReplayTheSpireMod:CursedCoin","testmod-LifeArmor","Replay:Mystery Machine","Replay:Baseball","Boot","aspiration:FaultyCoupler","Blood Vial","ArrowTower"],"potions_floor_usage":[55],"damage_taken":[{"damage":30.0,"enemies":"Cultist","floor":1.0,"turns":2.0},{"damage":50.0,"enemies":"Lagavulin","floor":6.0,"turns":3.0},{"damage":51.0,"enemies":"Gremlin Nob","floor":8.0,"turns":3.0},{"damage":7.0,"enemies":"2 Louse","floor":11.0,"turns":1.0},{"damage":8.0,"enemies":"Small Slimes","floor":13.0,"turns":1.0},{"damage":9.0,"enemies":"Looter","floor":14.0,"turns":1.0},{"damage":49.0,"enemies":"Fading Forest","floor":16.0,"turns":3.0},{"damage":12.0,"enemies":"2 Thieves","floor":18.0,"turns":1.0},{"damage":15.0,"enemies":"Shell Parasite","floor":20.0,"turns":1.0},{"damage":17.0,"enemies":"Book of Stabbing","floor":24.0,"turns":1.0},{"damage":20.0,"enemies":"Snake Plant","floor":27.0,"turns":1.0},{"damage":22.0,"enemies":"Gremlin Leader","floor":28.0,"turns":1.0},{"damage":26.0,"enemies":"Book of Stabbing","floor":30.0,"turns":1.0},{"damage":29.0,"enemies":"Pondfish","floor":33.0,"turns":1.0},{"damage":34.0,"enemies":"3 Darklings","floor":35.0,"turns":1.0},{"damage":39.0,"enemies":"Orb Walker","floor":36.0,"turns":1.0},{"damage":45.0,"enemies":"Jaw Worm Horde","floor":37.0,"turns":1.0},{"damage":51.0,"enemies":"Spire Growth","floor":39.0,"turns":1.0},{"damage":57.0,"enemies":"R_Hoarder","floor":40.0,"turns":1.0},{"damage":64.0,"enemies":"Transient","floor":42.0,"turns":1.0},{"damage":71.0,"enemies":"Giant Head","floor":44.0,"turns":1.0},{"damage":78.0,"enemies":"Mind Bloom Boss Battle","floor":47.0,"turns":1.0},{"damage":85.0,"enemies":"R_Hoarder","floor":48.0,"turns":1.0},{"damage":92.0,"enemies":"Donu and Deca","floor":50.0,"turns":1.0},{"damage":100.0,"enemies":"Shield and Spear","floor":54.0,"turns":1.0},{"damage":224,"enemies":"The Heart","floor":55,"turns":2}],"seed_played":"-3089798360667345149","potions_obtained":[{"floor":1.0,"key":"Doom Potion"},{"floor":6.0,"key":"Elixir"},{"floor":6.0,"key":"Energy Potion"},{"floor":13.0,"key":"testmod-TimePotion"},{"floor":36.0,"key":"testmod-TimePotion"}],"is_trial":false,"path_per_floor":["M","$","?","?","T","E","R","E","T","R","M","R","M","M","R","B",null,"M","$","M","?","?","R","E","R","T","M","E","R","E","$","R","B",null,"M","M","M","$","M","E","?","M","T","E","$","R","?","E","R","B",null,"R","$","E","B",null],"character_chosen":"DEFECT","items_purchased":["Civilization","Divine Protection","Thunder Strike+1","MawBank","Crystallizer","testmod-IndustrialRevolution","Bottled Lightning","Raider\u0027s Mask","War Paint","Bag of Marbles","Centennial Puzzle","Garlic","Runic Capacitor","aspiration:Nostalgia","Chemical X","Symbiotic Virus","Strange Spoon","Gremlin Horn","Frozen Eye","Torii","OrangePellets","HandDrill","PrismaticShard","ReplayTheSpireMod:CursedCoin","testmod-LifeArmor","Replay:Mystery Machine","Replay:Baseball","Boot","aspiration:FaultyCoupler","Blood Vial","MostiFishMod:IntelligentEquipment+1","testmod-ChaoticCore+1"],"campfire_rested":0,"item_purchase_floors":[2,2,2,7,7,7,7,10,15,15,15,19,19,23,25,25,25,25,31,31,38,38,45,49,49,49,52,52,53,53,53,53],"current_hp_per_floor":[150,150,139,109,109,152,152,156,156,156,164,164,176,190,190,208,208,230,230,254,238,238,238,280,280,280,308,342,342,378,378,378,420,420,474,530,592,592,656,722,722,790,790,860,860,860,932,1006,1006,1084,1084,1084,1084,1166,1250],"gold":161,"neow_bonus":"ONE_RANDOM_RARE_CARD","is_prod":false,"is_daily":false,"chose_seed":false,"campfire_upgraded":3,"win_rate":0,"timestamp":1607504635,"path_taken":["M","?","?","?","?","E","R","E","T","R","M","R","M","?","R","BOSS","M","?","?","?","?","R","E","R","T","M","E","R","E","?","R","BOSS","M","M","M","$","M","E","?","M","T","E","$","R","?","E","R","BOSS","R","$","E","BOSS"],"build_version":"2020-11-30","purchased_purges":14,"victory":true,"max_hp_per_floor":[150,150,150,150,150,152,152,156,156,156,164,164,176,190,190,208,208,230,230,254,254,254,254,280,280,280,308,342,342,378,378,378,420,420,474,530,592,592,656,722,722,790,790,860,860,860,932,1006,1006,1084,1084,1084,1084,1166,1250],"card_choices":[{"not_picked":["Gash","Conserve Battery","Panic Button"],"picked":"SKIP","floor":1.0},{"not_picked":["ReplayTheSpireMod:GoodbyeWorld","Streamline","Doom and Gloom"],"picked":"Fusion","floor":6.0},{"not_picked":["Chaos","Sweeping Beam","Gash"],"picked":"Double Energy","floor":8.0},{"not_picked":["Conserve Battery","Rebound","Beam Cell","Sweeping Beam"],"picked":"SKIP","floor":11.0},{"not_picked":["Fusion","Streamline","Leap"],"picked":"Fission","floor":13.0},{"not_picked":["Go for the Eyes","Conserve Battery","Heatsinks","Gash"],"picked":"SKIP","floor":14.0},{"not_picked":["MostiFishMod:UniBlue","MostiFishMod:Tomorrow","MostiFishMod:GoodWordForIt"],"picked":"MostiFishMod:Prepare","floor":16.0},{"not_picked":["Reinforced Body","MostiFishMod:ReprogramOld","Hologram","Gash"],"picked":"SKIP","floor":18.0},{"not_picked":["Panic Button","Cold Snap","Streamline","Sweeping Beam"],"picked":"SKIP","floor":20.0},{"not_picked":["Go for the Eyes","MostiFishMod:FourSeasons","Darkness"],"picked":"MostiFishMod:Tomorrow","floor":24.0},{"not_picked":["Compile Driver","Genetic Algorithm","Leap","Force Field"],"picked":"SKIP","floor":27.0},{"not_picked":["ReplayGash","FIFO Queue+1","Reinforced Body","Gash"],"picked":"SKIP","floor":28.0},{"not_picked":["Sweeping Beam","MostiFishMod:TalkingToTheRain","Beam Cell","aspiration:Polymerization+1"],"picked":"SKIP","floor":30.0},{"not_picked":["Thunder Strike","MostiFishMod:TalkingToTheRain","Amplify"],"picked":"MostiFishMod:IntelligentEquipment","floor":33.0},{"not_picked":["Streamline","Turbo+1","Reprogram+1","Conserve Battery"],"picked":"SKIP","floor":35.0},{"not_picked":["Coolheaded","Hologram+1","ReplayTheSpireMod:Calculation Training+1"],"picked":"Tempest+1","floor":36.0},{"not_picked":["Hello World+1","Leap","ReplayTheSpireMod:Calculation Training+1","ReplaySolidLightProjector+1"],"picked":"SKIP","floor":37.0},{"not_picked":["Redo","MostiFishMod:Prepare","Force Field+1","Cold Snap+1"],"picked":"SKIP","floor":39.0},{"not_picked":["Stack+1","Darkness","Beam Cell+1","Steam+1"],"picked":"SKIP","floor":40.0},{"not_picked":["Ball Lightning+1","Cold Snap","Go for the Eyes+1","Streamline+1"],"picked":"SKIP","floor":42.0},{"not_picked":["MostiFishMod:TalkingToTheRain+1","Steam","Streamline","Turbo+1"],"picked":"SKIP","floor":44.0},{"not_picked":["Footwork+1","Cloak And Dagger+1","Iron Wave","Outmaneuver"],"picked":"SKIP","floor":48.0},{"not_picked":["Genetic Algorithm","Bane+1","Luminous:Magic_Boost_Luminous+1","Beam Cell"],"picked":"SKIP","floor":54.0}],"player_experience":347099,"relics_obtained":[{"floor":1.0,"key":"Question Card"},{"floor":6.0,"key":"Anchor"},{"floor":8.0,"key":"Geode"},{"floor":9.0,"key":"Replay:Wax Seal"},{"floor":16.0,"key":"ImportantClient"},{"floor":21.0,"key":"aspiration:Stabinomicon"},{"floor":24.0,"key":"PreservedInsect"},{"floor":26.0,"key":"SentryEyes"},{"floor":28.0,"key":"DataDisk"},{"floor":30.0,"key":"Regal Pillow"},{"floor":40.0,"key":"Ice Cream"},{"floor":43.0,"key":"Frozen Egg 2"},{"floor":44.0,"key":"Turnip"},{"floor":54.0,"key":"ArrowTower"}],"event_choices":[{"damage_healed":0.0,"max_hp_gain":0.0,"max_hp_loss":0.0,"gold_gain":75.0,"event_name":"World of Goop","player_choice":"Gather Gold","floor":3.0,"gold_loss":0.0,"damage_taken":11.0},{"damage_healed":0.0,"max_hp_gain":0.0,"max_hp_loss":0.0,"gold_gain":0.0,"event_name":"Shining Light","player_choice":"Entered Light","floor":4.0,"gold_loss":0.0,"damage_taken":30.0,"cards_upgraded":["Zap","Strike_B"]},{"damage_healed":0.0,"max_hp_gain":0.0,"max_hp_loss":0.0,"gold_gain":0.0,"event_name":"Cursed Tome","player_choice":"Obtained Book","floor":21.0,"gold_loss":0.0,"damage_taken":16.0},{"cards_removed":["Crystallizer"],"damage_healed":0.0,"max_hp_gain":0.0,"max_hp_loss":0.0,"gold_gain":0.0,"event_name":"Falling","player_choice":"Removed Power","floor":41.0,"gold_loss":0.0,"damage_taken":0.0},{"damage_healed":0.0,"max_hp_gain":0.0,"max_hp_loss":0.0,"gold_gain":0.0,"event_name":"MindBloom","player_choice":"Fight","floor":47.0,"gold_loss":0.0,"damage_taken":0.0}],"is_beta":false,"boss_relics":[{"not_picked":["HereWithMe","Replay:Drink Me"],"picked":"ShadowXiaoBlade"},{"not_picked":["xbg","Sozu","Replay:Wanted Poster"]}],"items_purged_floors":[10,10,10,10,10,10,15,15,19,31,31,31,49,53],"is_endless":false,"potions_floor_spawned":[1,6,6,8,13,13,13,16,16,18,20,27,27,30,33,35,36,36,39,39,40,40,42,42,47,48,48,54,54],"ascension_level":0}}