{"host":"quagnxip3u93mzqy","time":1607479968,"event":{"gold_per_floor":[114,114,129,144,159,189,189,219,219,249,249,279,279,309,309,409,409,424,49,64,79,79,109,109,139,139,39,39,39,69,84,84,184,184,199,214,214,229,229,259,259,274,274,274,124,154,169,199,199,199],"floor_reached":51,"playtime":4358,"items_purged":["Hologram","Reprogram"],"score":956,"play_id":"3b490bfa-79f5-4c6f-979e-179adc64ba0c","local_time":"20201209021248","daily_mods":["SealedDeck","Purple Cards","Elite Swarm"],"is_ascension_mode":false,"campfire_choices":[{"data":"TalkToTheHand","floor":7,"key":"SMITH"},{"data":"Establishment","floor":13,"key":"SMITH"},{"data":"MasterReality","floor":15,"key":"SMITH"},{"floor":24,"key":"REST"},{"floor":28,"key":"REST"},{"floor":32,"key":"REST"},{"data":"Apotheosis","floor":41,"key":"SMITH"},{"data":"Mayhem","floor":44,"key":"SMITH"},{"data":"DevaForm","floor":49,"key":"SMITH"}],"neow_cost":"","seed_source_timestamp":0,"circlet_count":0,"master_deck":["FlyingSleeves","Steam","Protect","Cold Snap","ReachHeaven","Wallop","TalkToTheHand+1","ThirdEye","Melter","Halt","DeceiveReality","Doom and Gloom","Scrawl","Establishment+1","MasterReality+1","DevaForm+1","DeusExMachina","CutThroughFate+1","Protect","ConjureBlade","Consecrate","Fission","Perseverance","Discovery","Mayhem+1","Apotheosis+1","Conserve Battery+1","Echo Form"],"special_seed":18605,"relics":["Cracked Core","WingedGreaves","Dream Catcher","Orichalcum","Bottled Flame","Centennial Puzzle","Ginger","SlaversCollar","Mango","InkBottle","Dead Branch","Meat on the Bone","Pantograph","Coffee Dripper","Singing Bowl","StoneCalendar","DataDisk","Nunchaku","Boot"],"potions_floor_usage":[6,6,25,30,33,36,47,50],"damage_taken":[{"damage":0,"enemies":"2 Louse","floor":1,"turns":2},{"damage":0,"enemies":"Cultist","floor":3,"turns":2},{"damage":4,"enemies":"Jaw Worm","floor":4,"turns":2},{"damage":0,"enemies":"Lots of Slimes","floor":5,"turns":1},{"damage":0,"enemies":"Lagavulin","floor":6,"turns":6},{"damage":0,"enemies":"Gremlin Nob","floor":8,"turns":4},{"damage":0,"enemies":"Lagavulin","floor":10,"turns":5},{"damage":2,"enemies":"Gremlin Nob","floor":12,"turns":4},{"damage":0,"enemies":"Lagavulin","floor":14,"turns":7},{"damage":13,"enemies":"Hexaghost","floor":16,"turns":12},{"damage":28,"enemies":"3 Byrds","floor":18,"turns":5},{"damage":3,"enemies":"Spheric Guardian","floor":20,"turns":3},{"damage":12,"enemies":"Snake Plant","floor":21,"turns":5},{"damage":25,"enemies":"Gremlin Leader","floor":23,"turns":6},{"damage":21,"enemies":"Slavers","floor":25,"turns":4},{"damage":5,"enemies":"Gremlin Leader","floor":30,"turns":2},{"damage":14,"enemies":"Centurion and Healer","floor":31,"turns":5},{"damage":30,"enemies":"Automaton","floor":33,"turns":8},{"damage":5,"enemies":"Orb Walker","floor":35,"turns":4},{"damage":15,"enemies":"3 Darklings","floor":36,"turns":3},{"damage":8,"enemies":"Spire Growth","floor":38,"turns":5},{"damage":17,"enemies":"Reptomancer","floor":40,"turns":6},{"damage":18,"enemies":"Writhing Mass","floor":42,"turns":7},{"damage":3,"enemies":"Nemesis","floor":46,"turns":5},{"damage":0,"enemies":"4 Shapes","floor":47,"turns":7},{"damage":0,"enemies":"Giant Head","floor":48,"turns":6},{"damage":23,"enemies":"Awakened One","floor":50,"turns":7}],"seed_played":"4494449258677458329","potions_obtained":[{"floor":1,"key":"Energy Potion"},{"floor":4,"key":"EssenceOfSteel"},{"floor":5,"key":"FearPotion"},{"floor":10,"key":"Swift Potion"},{"floor":14,"key":"SteroidPotion"},{"floor":18,"key":"LiquidMemories"},{"floor":25,"key":"FairyPotion"},{"floor":31,"key":"LiquidBronze"},{"floor":33,"key":"SteroidPotion"},{"floor":35,"key":"SteroidPotion"},{"floor":38,"key":"ColorlessPotion"},{"floor":40,"key":"Fire Potion"},{"floor":42,"key":"DistilledChaos"}],"is_trial":false,"path_per_floor":["M","?","M","M","M","E","R","E","T","E","?","E","R","E","R","B",null,"M","$","M","M","?","E","R","E","T","$","R","?","E","M","R","B",null,"M","M","?","M","?","E","R","M","T","R","$","E","M","E","R","B",null],"character_chosen":"DEFECT","items_purchased":["Mango","DataDisk"],"campfire_rested":3,"item_purchase_floors":[19,45],"current_hp_per_floor":[75,75,75,71,71,71,71,71,71,71,71,69,69,69,69,56,75,47,61,58,46,29,4,32,11,11,11,39,39,46,44,72,64,94,89,74,64,56,56,53,53,49,49,49,49,58,60,62,62,64],"gold":199,"neow_bonus":"","is_prod":false,"is_daily":true,"chose_seed":false,"campfire_upgraded":6,"win_rate":0,"timestamp":1607479968,"path_taken":["M","?","M","M","?","E","R","E","T","E","?","E","R","E","R","BOSS","M","$","?","M","?","E","R","E","T","$","R","?","E","M","R","BOSS","M","M","?","M","?","E","R","M","T","R","?","E","M","E","R","BOSS"],"build_version":"2020-11-30","purchased_purges":2,"victory":true,"max_hp_per_floor":[75,75,75,75,75,75,75,75,75,75,75,75,75,75,75,75,75,75,89,89,89,94,94,94,94,94,94,94,94,94,94,94,94,94,94,94,94,94,94,96,96,98,98,98,98,98,100,102,102,102],"card_choices":[{"not_picked":["CrushJoints","Evaluate"],"picked":"ThirdEye","floor":1},{"not_picked":["Auto Shields","Consume"],"picked":"DeceiveReality","floor":3},{"not_picked":["FlyingSleeves","Scrape"],"picked":"Doom and Gloom","floor":4},{"not_picked":["PathToVictory","FlurryOfBlows","Capacitor"],"picked":"SKIP","floor":5},{"not_picked":["Omniscience","Meteor Strike","Alpha"],"picked":"SKIP","floor":6},{"not_picked":["Omniscience","Creative AI"],"picked":"Scrawl","floor":8},{"not_picked":["Reboot","Alpha"],"picked":"Establishment","floor":10},{"not_picked":["Rainbow","Ragnarok"],"picked":"MasterReality","floor":12},{"not_picked":["Brilliance","Creative AI","Amplify"],"picked":"SKIP","floor":14},{"not_picked":["Creative AI","Electrodynamics"],"picked":"DevaForm","floor":16},{"not_picked":["Turbo","Sanctity"],"picked":"BattleHymn","floor":18},{"not_picked":["Barrage+1","Vengeance"],"picked":"Reprogram","floor":20},{"not_picked":["Steam","Hologram","ThirdEye"],"picked":"SKIP","floor":21},{"not_picked":["Rainbow","Meteor Strike"],"picked":"DeusExMachina","floor":23},{"not_picked":["JustLucky","ClearTheMind"],"picked":"CutThroughFate+1","floor":24},{"not_picked":["DevaForm","Blasphemy","Scrawl"],"picked":"SKIP","floor":25},{"not_picked":["JustLucky","Reinforced Body"],"picked":"Protect","floor":28},{"not_picked":["Biased Cognition","DevaForm"],"picked":"ConjureBlade","floor":30},{"not_picked":["InnerPeace","Gash","EmptyMind"],"picked":"SKIP","floor":31},{"not_picked":["Sweeping Beam","JustLucky+1"],"picked":"Consecrate","floor":32},{"not_picked":["Multi-Cast","SpiritShield"],"picked":"Fission","floor":33},{"not_picked":["FollowUp+1","Stack","Streamline"],"picked":"SKIP","floor":35},{"not_picked":["ClearTheMind","Genetic Algorithm+1"],"picked":"Perseverance","floor":36},{"not_picked":["Sadistic Nature","PanicButton"],"picked":"Discovery","floor":37},{"not_picked":["Blind","Metamorphosis"],"picked":"Mayhem","floor":37},{"not_picked":["Enlightenment","Bandage Up"],"picked":"Apotheosis","floor":37},{"not_picked":["WaveOfTheHand+1","Sunder+1"],"picked":"Conserve Battery+1","floor":38},{"not_picked":["SpiritShield","Rainbow","DevaForm"],"picked":"Singing Bowl","floor":40},{"not_picked":["EmptyFist+1","Consecrate","Reprogram"],"picked":"Singing Bowl","floor":42},{"not_picked":["Buffer","Scrawl"],"picked":"Echo Form","floor":46},{"not_picked":["Cold Snap","CarveReality","Protect+1"],"picked":"Singing Bowl","floor":47},{"not_picked":["Biased Cognition","Brilliance","Alpha"],"picked":"Singing Bowl","floor":48}],"player_experience":381633,"relics_obtained":[{"floor":6,"key":"WingedGreaves"},{"floor":8,"key":"Dream Catcher"},{"floor":9,"key":"Orichalcum"},{"floor":10,"key":"Bottled Flame"},{"floor":12,"key":"Centennial Puzzle"},{"floor":14,"key":"Ginger"},{"floor":23,"key":"InkBottle"},{"floor":25,"key":"Dead Branch"},{"floor":26,"key":"Meat on the Bone"},{"floor":30,"key":"Pantograph"},{"floor":40,"key":"Singing Bowl"},{"floor":43,"key":"StoneCalendar"},{"floor":46,"key":"Nunchaku"},{"floor":48,"key":"Boot"}],"event_choices":[{"damage_healed":0,"gold_gain":0,"player_choice":"2 cards matched","damage_taken":0,"max_hp_gain":0,"max_hp_loss":0,"event_name":"Match and Keep!","floor":2,"gold_loss":0,"cards_obtained":["Melter","Halt"]},{"cards_removed":["JustLucky"],"damage_healed":0,"gold_gain":0,"player_choice":"Card Removal","damage_taken":0,"max_hp_gain":0,"max_hp_loss":0,"event_name":"Wheel of Change","floor":11,"gold_loss":0},{"damage_healed":0,"gold_gain":0,"player_choice":"Shed Blood","damage_taken":22,"max_hp_gain":5,"max_hp_loss":0,"event_name":"Forgotten Altar","floor":22,"gold_loss":0},{"cards_removed":["EmptyFist"],"damage_healed":0,"gold_gain":0,"player_choice":"Elegance","damage_taken":0,"max_hp_gain":0,"max_hp_loss":0,"event_name":"Back to Basics","floor":29,"gold_loss":0},{"damage_healed":0,"gold_gain":0,"player_choice":"Memory 3","damage_taken":10,"max_hp_gain":0,"max_hp_loss":0,"event_name":"SensoryStone","floor":37,"gold_loss":0},{"cards_removed":["BattleHymn"],"damage_healed":0,"gold_gain":0,"player_choice":"Removed Power","damage_taken":0,"max_hp_gain":0,"max_hp_loss":0,"event_name":"Falling","floor":39,"gold_loss":0}],"is_beta":false,"boss_relics":[{"not_picked":["FrozenCore","Empty Cage"],"picked":"SlaversCollar"},{"not_picked":["Runic Dome","Calling Bell"],"picked":"Coffee Dripper"}],"items_purged_floors":[19,27],"is_endless":false,"potions_floor_spawned":[1,4,5,10,14,18,25,31,33,35,38,40,42],"ascension_level":0}}