{"host":"4be9rrw6luv8jrir","time":1607512788,"event":{"gold_per_floor":[112,132,132,32,49,77,77,102,102,122,122,155,155,172,172,271,271,284,301,320,320,290,315,335,335,383,401,434,446,66,98,98,200,200,220,233,243,258,258,284,284,312,312,232,246,276,290,303,303,303,303,303,174,200,200],"floor_reached":56,"playtime":3235,"items_purged":["LittlePrince","LaLuna"],"score":1817,"play_id":"529fd52e-e827-4428-943b-6a055ea9b27e","local_time":"20201209191948","is_ascension_mode":true,"campfire_choices":[{"data":"Entrench","floor":7,"key":"SMITH"},{"data":"Double Tap","floor":11,"key":"SMITH"},{"data":"Ghostly","floor":13,"key":"SMITH"},{"floor":15,"key":"RECALL"},{"data":"Body Slam","floor":25,"key":"SMITH"},{"data":"MostiFishMod:RacingGame","floor":32,"key":"SMITH"},{"data":"Body Slam","floor":41,"key":"SMITH"},{"data":"MostiFishMod:CullingBlade","floor":49,"key":"SMITH"},{"data":"Bash","floor":52,"key":"SMITH"}],"neow_cost":"","seed_source_timestamp":148183519625800,"circlet_count":0,"master_deck":["Strike_R","Strike_R","Strike_R","Strike_R","Defend_R","Defend_R","Defend_R","Defend_R","Bash+1","Entrench+1","MHz","ReplayTheSpireMod:Stacked","Ghostly+1","PunishingBird","Murderer","Double Tap+1","VoidDream","Shrug It Off","SnowQueen","SpiderBud","HeroicMonk","MostiFishMod:RacingGame+1","Body Slam+1","OldLady","Flame Barrier+1","Iron Wave+1","hubris:ReadiedAction","ShyLook","Battle Trance","Bloodbath","RedShoes","LongBird","MostiFishMod:CullingBlade+1","BlackArmy","UniverseFragment","Alriune","NakedNest","Body Slam+1","Freischutz","Body Slam+1","GalaxyChild","Variant","GreedKing","Mercenary","BlueStar","hubris:Sloth","Reaper","WhitesApple","Parasite"],"special_seed":0,"relics":["Burning Blood","DaveBox","CogitoBucket","Civilization","Question Card","ReplayTheSpireMod:Spearhead","hubris:ChampionShield","SkinProphecy","Charon\u0027s Ashes","ImportantClient","Painkiller Herb","Pantograph","Ancient Tea Set","hubris:PeanutButter","AtMidnight","Theresia","Replay:Bottled Flurry","Lantern","Oddly Smooth Stone","Black Star","Ornamental Fan","Matryoshka","hubris:FunFungus","hubris:ToyBattleship","Potion Belt","Nunchaku","Unceasing Top","Meat on the Bone","Replay:Wax Seal","Pet Ghost","ReplayTheSpireMod:CursedCoin","Bottled Flame","Red Skull"],"potions_floor_usage":[6,18,19],"damage_taken":[{"damage":1.0,"enemies":"conspire:RoseBush","floor":1.0,"turns":3.0},{"damage":5,"enemies":"Small Slimes","floor":2,"turns":3},{"damage":1,"enemies":"Jaw Worm","floor":5,"turns":3},{"damage":6,"enemies":"Gremlin Nob","floor":6,"turns":5},{"damage":9,"enemies":"Replay:BlueRogue","floor":8,"turns":5},{"damage":4,"enemies":"Lots of Slimes","floor":10,"turns":5},{"damage":14,"enemies":"3 Sentries","floor":12,"turns":9},{"damage":0,"enemies":"Large Slime","floor":14,"turns":3},{"damage":1,"enemies":"Slime Boss","floor":16,"turns":7},{"damage":10,"enemies":"2 Thieves","floor":18,"turns":3},{"damage":11,"enemies":"conspire:FuzzyDice","floor":19,"turns":6},{"damage":0,"enemies":"Snecko","floor":20,"turns":3},{"damage":7,"enemies":"Slavers","floor":23,"turns":5},{"damage":0,"enemies":"Centurion and Healer","floor":24,"turns":1},{"damage":0,"enemies":"Shelled Parasite and Fungi","floor":27,"turns":2},{"damage":0,"enemies":"Replay:Snechameleon","floor":28,"turns":1},{"damage":0,"enemies":"Cultist and Chosen","floor":29,"turns":3},{"damage":0,"enemies":"conspire:MimicChest","floor":31,"turns":3},{"damage":0,"enemies":"Champ","floor":33,"turns":3},{"damage":0,"enemies":"3 Shapes","floor":35,"turns":2},{"damage":0,"enemies":"Orb Walker","floor":36,"turns":1},{"damage":0,"enemies":"Transient","floor":37,"turns":2},{"damage":0,"enemies":"Maw","floor":38,"turns":2},{"damage":0,"enemies":"R_Hoarder","floor":40,"turns":3},{"damage":0,"enemies":"Giant Head","floor":42,"turns":3},{"damage":4,"enemies":"Sphere and 2 Shapes","floor":45,"turns":3},{"damage":0,"enemies":"R_Hoarder","floor":46,"turns":1},{"damage":0,"enemies":"Jaw Worm Horde","floor":47,"turns":2},{"damage":0,"enemies":"Writhing Mass","floor":48,"turns":1},{"damage":0,"enemies":"Time Eater","floor":50,"turns":3},{"damage":0,"enemies":"Shield and Spear","floor":54,"turns":2},{"damage":0,"enemies":"The Heart","floor":55,"turns":3}],"seed_played":"-3394580605780894647","potions_obtained":[{"floor":2,"key":"SkillPotion"},{"floor":5,"key":"Flashbang"},{"floor":8,"key":"DistilledChaos"},{"floor":10,"key":"Weak Potion"},{"floor":22,"key":"ColorlessPotion"},{"floor":22,"key":"Milkshake"},{"floor":24,"key":"BloodPotion"},{"floor":28,"key":"Energy Potion"},{"floor":45,"key":"Adrenaline Potion"},{"floor":48,"key":"BlessingOfTheForge"}],"is_trial":false,"path_per_floor":["M","M","?","?","M","E","R","E","T","M","R","E","R","M","R","B",null,"?","?","?","?","?","E","?","T","T","?","E","?","T","?","T","B",null,"?","?","?","?","?","E","T","E","T","T","?","E","?","?","T","B",null,"T","T","E","B",null],"character_chosen":"IRONCLAD","items_purchased":["Replay:Bottled Flurry","Lantern","Replay:Wax Seal","Pet Ghost","ReplayTheSpireMod:CursedCoin","Reaper"],"campfire_rested":0,"item_purchase_floors":[30,30,53,53,53,53],"current_hp_per_floor":[81,84,84,84,88,93,93,99,99,109,109,116,116,137,137,161,161,177,202,237,237,237,275,311,311,311,351,390,436,436,482,482,527,527,575,624,674,725,725,777,777,830,830,830,886,943,1003,1064,1064,1128,1128,1128,1128,1192,1257],"gold":200,"neow_bonus":"","is_prod":false,"is_daily":false,"chose_seed":false,"campfire_upgraded":8,"win_rate":0,"timestamp":1607512788,"path_taken":["M","M","?","?","M","E","R","E","T","M","R","E","R","M","R","BOSS","?","?","?","?","?","E","?","T","T","?","E","?","T","?","T","BOSS","?","?","?","?","?","E","T","E","T","?","?","E","?","?","T","BOSS","T","T","E","BOSS"],"build_version":"2020-11-30","purchased_purges":2,"victory":true,"max_hp_per_floor":[81,84,84,84,88,93,93,99,99,109,109,124,124,141,141,161,161,183,215,246,246,246,280,316,316,316,354,393,438,438,482,482,527,527,575,624,674,725,725,777,777,830,830,830,886,943,1003,1064,1064,1128,1128,1128,1128,1192,1257],"card_choices":[{"not_picked":["Headbutt","Twin Strike"],"picked":"Entrench","floor":1},{"not_picked":["OldLady","Alriune"],"picked":"MHz","floor":2},{"not_picked":["Sword Boomerang","True Grit","Clothesline"],"picked":"ReplayTheSpireMod:Stacked","floor":2},{"not_picked":["CherryBlossoms","Bloodbath"],"picked":"PunishingBird","floor":5},{"not_picked":["Wild Strike","Pommel Strike","Iron Wave","Inflame"],"picked":"SKIP","floor":5},{"not_picked":["MeatLantern","FairyFestival"],"picked":"Murderer","floor":6},{"not_picked":["True Grit","Defy Death","Metallicize","Sentinel"],"picked":"SKIP","floor":6},{"not_picked":["Dropkick","Warcry","Infernal Blade"],"picked":"Double Tap","floor":8},{"not_picked":["SnowQueen","SpiderBud"],"picked":"VoidDream","floor":8},{"not_picked":["WallGazer","Laetitia"],"picked":"LittlePrince","floor":10},{"not_picked":["Flex","Headbutt","Battle Trance"],"picked":"Shrug It Off","floor":10},{"not_picked":["SpiderBud","Alriune"],"picked":"SnowQueen","floor":12},{"not_picked":["Sword Boomerang","Brutality","Carnage","Feel No Pain"],"picked":"SKIP","floor":12},{"not_picked":["MeltingLove","CherryBlossoms"],"picked":"SpiderBud","floor":14},{"not_picked":["Combust","conspire:Charge","Warcry","Cleave"],"picked":"SKIP","floor":14},{"not_picked":["WhitesApple","Wellcheers"],"picked":"HeroicMonk","floor":16},{"not_picked":["MostiFishMod:CullingBlade","hubris:StunningStrike","Feed"],"picked":"MostiFishMod:RacingGame","floor":16},{"not_picked":["Wild Strike","Carnage+1","Uppercut"],"picked":"Body Slam","floor":18},{"not_picked":["LittleHelper","WallGazer"],"picked":"OldLady","floor":18},{"not_picked":["Anger","Twin Strike","True Grit"],"picked":"Flame Barrier+1","floor":19},{"not_picked":["Wild Strike+1","ReplayTheSpireMod:Limb From Limb","True Grit","Second Wind+1"],"picked":"SKIP","floor":20},{"not_picked":["Wild Strike+1","ReplayTheSpireMod:Limb From Limb","True Grit","Second Wind+1"],"picked":"SKIP","floor":20},{"not_picked":["Carnage","Flex","Cleave"],"picked":"Iron Wave+1","floor":23},{"not_picked":["QueenOfHatred","BeautyBeast"],"picked":"LaLuna","floor":23},{"not_picked":["Headbutt","ReplayTheSpireMod:Corrosion Curse","Cleave+1"],"picked":"hubris:ReadiedAction","floor":24},{"not_picked":["ReplayTheSpireMod:Strike From Hell+1","Second Wind+1","MostiFishMod:BrandingRite","Searing Blow"],"picked":"SKIP","floor":27},{"not_picked":["ReplayTheSpireMod:Strike From Hell+1","Second Wind+1","MostiFishMod:BrandingRite","Searing Blow"],"picked":"SKIP","floor":27},{"not_picked":["FairyFestival","Wellcheers"],"picked":"ShyLook","floor":28},{"not_picked":["Defy Death","conspire:Charge","Combust"],"picked":"Battle Trance","floor":28},{"not_picked":["UniverseFragment","BigBadWolf"],"picked":"Bloodbath","floor":29},{"not_picked":["Armaments","Sword Boomerang","Anger","Pummel+1"],"picked":"SKIP","floor":29},{"not_picked":["WallGazer","GreedKing"],"picked":"RedShoes","floor":31},{"not_picked":["WallGazer","GreedKing"],"picked":"LongBird","floor":33},{"not_picked":["MostiFishMod:DarkDeal","MostiFishMod:FlyOverUtopia","Limit Break"],"picked":"MostiFishMod:CullingBlade","floor":33},{"not_picked":["Mercenary","CENSORED"],"picked":"BlackArmy","floor":35},{"not_picked":["Defy Death+1","Wild Strike+1","Havoc","Run Through+1"],"picked":"SKIP","floor":35},{"not_picked":["Funeral","CherryBlossoms"],"picked":"UniverseFragment","floor":36},{"not_picked":["Inflame+1","hubris:ReadiedAction","MostiFishMod:404NotFound","Fire Breathing+1"],"picked":"SKIP","floor":36},{"not_picked":["Inflame+1","hubris:ReadiedAction","MostiFishMod:404NotFound","Fire Breathing+1"],"picked":"SKIP","floor":36},{"not_picked":["Rudolta","BeautyBeast"],"picked":"Alriune","floor":37},{"not_picked":["Run Through","Massacre","Warcry","Thunderclap"],"picked":"SKIP","floor":37},{"not_picked":["Scorched","QueenBee"],"picked":"NakedNest","floor":38},{"not_picked":["Massacre+1","Second Wind+1","Burning Pact+1"],"picked":"Body Slam+1","floor":38},{"not_picked":["Porccubus","MeltingLove"],"picked":"Freischutz","floor":40},{"not_picked":["Wild Strike","Armaments","hubris:SharpeningStone+1"],"picked":"Body Slam","floor":40},{"not_picked":["DespairKnight","NothingThere"],"picked":"GalaxyChild","floor":42},{"not_picked":["Pommel Strike+1","Sword Boomerang","Armaments","True Grit+1"],"picked":"SKIP","floor":42},{"not_picked":["Pommel Strike+1","Sword Boomerang","Armaments","True Grit+1"],"picked":"SKIP","floor":42},{"not_picked":["FairyFestival","Rudolta"],"picked":"Variant","floor":45},{"not_picked":["Flex+1","Wild Strike","Disarm+1","Perfected Strike"],"picked":"SKIP","floor":45},{"not_picked":["Flex+1","Wild Strike","Disarm+1","Perfected Strike"],"picked":"SKIP","floor":45},{"not_picked":["Yin","Funeral"],"picked":"GreedKing","floor":46},{"not_picked":["Perfected Strike+1","Clothesline","hubris:ReadiedAction","Uppercut"],"picked":"SKIP","floor":46},{"not_picked":["FieryBird","Rudolta"],"picked":"Mercenary","floor":47},{"not_picked":["ReplayTheSpireMod:Strike From Hell","Blood for Blood","Fire Breathing","Shockwave"],"picked":"SKIP","floor":47},{"not_picked":["ReplayTheSpireMod:Strike From Hell","Blood for Blood","Fire Breathing","Shockwave"],"picked":"SKIP","floor":47},{"not_picked":["NothingThere","SilentOrchestra"],"picked":"BlueStar","floor":48},{"not_picked":["ReplayTheSpireMod:Strike From Hell+1","Blood for Blood","Havoc+1","True Grit+1"],"picked":"SKIP","floor":48},{"not_picked":["BodiesMountain","BlackSwan"],"picked":"WhitesApple","floor":54},{"not_picked":["Infernal Blade","Body Slam","Havoc","MostiFishMod:NewArrival"],"picked":"SKIP","floor":54},{"not_picked":["Infernal Blade","Body Slam","Havoc","MostiFishMod:NewArrival"],"picked":"SKIP","floor":54}],"player_experience":438349,"relics_obtained":[{"floor":1,"key":"Question Card"},{"floor":6,"key":"ReplayTheSpireMod:Spearhead"},{"floor":8,"key":"hubris:ChampionShield"},{"floor":12,"key":"Charon\u0027s Ashes"},{"floor":16,"key":"ImportantClient"},{"floor":23,"key":"Pantograph"},{"floor":26,"key":"Ancient Tea Set"},{"floor":28,"key":"hubris:PeanutButter"},{"floor":29,"key":"AtMidnight"},{"floor":31,"key":"Oddly Smooth Stone"},{"floor":40,"key":"Ornamental Fan"},{"floor":40,"key":"Matryoshka"},{"floor":42,"key":"hubris:FunFungus"},{"floor":42,"key":"hubris:ToyBattleship"},{"floor":43,"key":"Potion Belt"},{"floor":43,"key":"Nunchaku"},{"floor":46,"key":"Unceasing Top"},{"floor":46,"key":"Meat on the Bone"},{"floor":54,"key":"Bottled Flame"},{"floor":54,"key":"Red Skull"}],"event_choices":[{"cards_removed":["Strike_R"],"damage_healed":0,"gold_gain":0,"player_choice":"Forget","damage_taken":0,"max_hp_gain":0,"max_hp_loss":0,"event_name":"Living Wall","floor":3,"gold_loss":0},{"damage_healed":0,"gold_gain":0,"player_choice":"Argue","damage_taken":0,"max_hp_gain":0,"max_hp_loss":0,"event_name":"conspire:LoneGhost","floor":4,"gold_loss":0},{"damage_healed":0,"gold_gain":0,"player_choice":"Ignored","damage_taken":0,"max_hp_gain":0,"max_hp_loss":0,"event_name":"Ghosts","floor":21,"gold_loss":0},{"damage_healed":0,"gold_gain":0,"player_choice":"Bought 2 Potions","damage_taken":0,"max_hp_gain":0,"max_hp_loss":0,"event_name":"The Woman in Blue","floor":22,"gold_loss":0},{"damage_healed":0,"gold_gain":0,"player_choice":"Got Potions","damage_taken":0,"max_hp_gain":0,"max_hp_loss":0,"event_name":"Lab","floor":39,"gold_loss":0}],"is_beta":false,"boss_relics":[{"not_picked":["SynthV:MejaisSoulstealer","Runic Cube"],"picked":"Painkiller Herb"},{"not_picked":["hubris:Stopwatch","Fusion Hammer"],"picked":"Black Star"}],"items_purged_floors":[30,44],"is_endless":false,"potions_floor_spawned":[2,5,8,10,14,24,28,31,33,36,37,45,48],"ascension_level":1}}