{"host":"ws4mzzemcqsz5e2k","time":1607492981,"event":{"gold_per_floor":[116,132,142,67,67,67,67],"floor_reached":6,"playtime":546,"items_purged":["Strike_Lin:ReiMu"],"score":36,"play_id":"956e2d40-f232-49b1-8e6b-4999ab11307d","local_time":"20201209134941","daily_mods":["Heirloom","Elite Swarm","Uncertain Future"],"is_ascension_mode":false,"campfire_choices":[],"neow_cost":"","seed_source_timestamp":0,"circlet_count":0,"master_deck":["Strike_Lin:ReiMu","Strike_Lin:ReiMu","Strike_Lin:ReiMu","Defend_Lin:ReiMu","Defend_Lin:ReiMu","Defend_Lin:ReiMu","Defend_Lin:ReiMu","NB:ReiMu","Stagnation:ReiMu","ShadowOfCrow2:ReiMu","TakeOff:ReiMu","RainPray2:ReiMu"],"relics":["FlyPower:ReiMu","Prayer Wheel"],"potions_floor_usage":[],"damage_taken":[{"damage":1,"enemies":"Small Slimes","floor":1,"turns":5},{"damage":1,"enemies":"2 Louse","floor":2,"turns":3},{"damage":1,"enemies":"Cultist","floor":3,"turns":5},{"damage":0,"enemies":"Gremlin Nob","floor":6,"turns":1}],"seed_played":"8967360174407362079","potions_obtained":[{"floor":1,"key":"Strength Potion"}],"is_trial":true,"path_per_floor":["M","M","M","$","?","E"],"character_chosen":"REIMU","items_purchased":[],"campfire_rested":0,"item_purchase_floors":[],"current_hp_per_floor":[64,63,62,62,62,62,62],"gold":67,"neow_bonus":"","is_prod":false,"is_daily":false,"chose_seed":false,"campfire_upgraded":0,"win_rate":0,"timestamp":1607492981,"path_taken":["M","M","M","$","?","E"],"build_version":"2020-11-30","purchased_purges":1,"victory":false,"max_hp_per_floor":[65,65,65,65,65,65,65],"card_choices":[{"not_picked":["NineCharacters:ReiMu","Amulet:ReiMu"],"picked":"ShadowOfCrow2:ReiMu","floor":1},{"not_picked":["EmergencyTakeOff:ReiMu","BarrageOfMoneybags:ReiMu","LovePray:ReiMu"],"picked":"SKIP","floor":1},{"not_picked":["OctopathBindingBorder2:ReiMu","NineCharacters:ReiMu","AirStrike:ReiMu"],"picked":"SKIP","floor":2},{"not_picked":["WonderfulDomain:ReiMu","AlertArray:ReiMu","EmergencyTakeOff:ReiMu"],"picked":"SKIP","floor":2},{"not_picked":["OrbThrow:ReiMu","YinYangSign:ReiMu"],"picked":"TakeOff:ReiMu","floor":3},{"not_picked":["TightArray:ReiMu","CeremonyResonance:ReiMu"],"picked":"RainPray2:ReiMu","floor":3}],"player_experience":1338365,"relics_obtained":[],"event_choices":[{"damage_healed":0,"gold_gain":0,"player_choice":"Ignored","damage_taken":0,"max_hp_gain":0,"max_hp_loss":0,"event_name":"Liars Game","floor":5,"gold_loss":0}],"is_beta":false,"boss_relics":[],"items_purged_floors":[4],"is_endless":false,"potions_floor_spawned":[1],"killed_by":"Gremlin Nob","ascension_level":0}}