{"host":"svwqvw2il1zfkkg0","time":1607494839,"event":{"gold_per_floor":[12,12,29,44,66,104,15,34,57,96,107,107,127,140,140,259,259,273,253,267,290,290,338,338,356,406,406,406,406,420,32,32,138,138,156,182,266,266,282,282,301,331,331,331,363,430,430,491,491,491],"floor_reached":51,"playtime":1641,"items_purged":[],"score":721,"play_id":"74536a17-cabf-4aac-9d9c-e5a0c809d840","local_time":"20201208222039","is_ascension_mode":false,"campfire_choices":[{"floor":12,"key":"REST"},{"floor":15,"key":"REST"},{"floor":24,"key":"REST"},{"floor":29,"key":"REST"},{"data":"All Out Attack","floor":32,"key":"SMITH"},{"data":"Venomology","floor":40,"key":"SMITH"},{"data":"hubris:Counter","floor":44,"key":"SMITH"},{"floor":49,"key":"REST"}],"neow_cost":"NO_GOLD","seed_source_timestamp":406706643052000,"circlet_count":0,"master_deck":["Strike_G","Strike_G","Strike_G","Strike_G","Strike_G","Defend_G","Defend_G","Defend_G","Defend_G","Defend_G","Survivor","Neutralize","Masterful Stab","Flying Knee","Dagger Spray","hubris:Counter+1","All Out Attack+1","Quick Slash","Dagger Spray","Flying Knee","Flying Knee","Corpse Explosion","PiercingWail","Dash","Replay:Poison Smokescreen+1","Unload","Deadly Poison","hubris:Fate","Venomology+1","Sucker Punch+1","ReplayTheSpireMod:Splinters","Poisoned Stab+1","Endless Agony+1","Poisoned Stab+1","Choke+1","Unload","Bane"],"relics":["Ring of the Snake","infinitespire:Midas Blood","Replay:Wax Seal","Lantern","Durian","hubris:CrackedHourglass","ReplayTheSpireMod:Ninjato","ReplayTheSpireMod:TigerMarble","infinitespire:Broken Mirror","Replay:Bronze Core","infinitespire:Satchel","infinitespire:CheckeredPen","hubris:HollowSoul","Bag of Preparation","Iron Hammer","infinitespire:Joker Card","Replay:Bandana","Replay:Baseball","Vajra"],"potions_floor_usage":[13,16,16,21,21,23,41,42,42,42,45,48,48,48],"damage_taken":[{"damage":1,"enemies":"2 Louse","floor":1,"turns":3},{"damage":0,"enemies":"Cultist","floor":3,"turns":4},{"damage":4,"enemies":"Small Slimes","floor":4,"turns":3},{"damage":12,"enemies":"Red Slaver","floor":5,"turns":4},{"damage":42,"enemies":"Lagavulin","floor":6,"turns":8},{"damage":1,"enemies":"3 Louse","floor":8,"turns":3},{"damage":6,"enemies":"3 Sentries","floor":10,"turns":5},{"damage":0,"enemies":"Lots of Slimes","floor":11,"turns":2},{"damage":0,"enemies":"Looter","floor":13,"turns":2},{"damage":0,"enemies":"Large Slime","floor":14,"turns":4},{"damage":45,"enemies":"Hexaghost","floor":16,"turns":9},{"damage":20,"enemies":"2 Thieves","floor":18,"turns":2},{"damage":5,"enemies":"Spheric Guardian","floor":20,"turns":3},{"damage":22,"enemies":"Centurion and Healer","floor":21,"turns":6},{"damage":45,"enemies":"Book of Stabbing","floor":23,"turns":5},{"damage":0,"enemies":"Snecko","floor":25,"turns":4},{"damage":0,"enemies":"3 Cultists","floor":30,"turns":2},{"damage":56,"enemies":"Collector","floor":33,"turns":6},{"damage":3,"enemies":"Orb Walker","floor":35,"turns":3},{"damage":16,"enemies":"3 Shapes","floor":36,"turns":2},{"damage":6,"enemies":"Spire Growth","floor":39,"turns":3},{"damage":0,"enemies":"Maw","floor":41,"turns":6},{"damage":21,"enemies":"Giant Head","floor":42,"turns":7},{"damage":0,"enemies":"R_Hoarder","floor":45,"turns":5},{"damage":11,"enemies":"Writhing Mass","floor":46,"turns":3},{"damage":18,"enemies":"Reptomancer","floor":48,"turns":2},{"damage":0,"enemies":"Replay:Hell Engine","floor":50,"turns":1}],"seed_played":"-3975549522143866736","potions_obtained":[{"floor":5,"key":"FairyPotion"},{"floor":6,"key":"SteroidPotion"},{"floor":13,"key":"Elixir"},{"floor":14,"key":"Fire Potion"},{"floor":18,"key":"Languid Potion"},{"floor":19,"key":"LiquidBronze"},{"floor":21,"key":"SkillPotion"},{"floor":35,"key":"Reflective Coating"},{"floor":41,"key":"Explosive Potion"},{"floor":45,"key":"Regen Potion"},{"floor":46,"key":"Poison Potion"},{"floor":48,"key":"Poison Potion"}],"is_trial":false,"path_per_floor":["M","?","M","M","M","E","$","M","T","E","M","R","M","M","R","B",null,"M","?","M","M","?","E","R","M","T","AVR","?","R","M","$","R","B",null,"M","M","?","?","M","R","M","E","T","R","E","M","AVR","E","R","B",null],"character_chosen":"THE_SILENT","items_purchased":["Energy Potion","hubris:Counter","infinitespire:Satchel","infinitespire:CheckeredPen"],"campfire_rested":5,"item_purchase_floors":[7,7,31,31],"current_hp_per_floor":[83,83,83,79,67,25,25,24,24,23,23,49,49,49,75,30,89,69,69,64,42,42,26,52,52,52,52,52,78,78,78,78,22,89,86,73,73,73,67,67,67,61,61,61,61,50,50,37,63,63],"gold":491,"neow_bonus":"TWENTY_PERCENT_HP_BONUS","is_prod":false,"is_daily":false,"chose_seed":false,"campfire_upgraded":3,"win_rate":0,"timestamp":1607494839,"path_taken":["M","?","M","M","M","E","?","M","T","E","M","R","?","M","R","BOSS","M","?","M","?","?","E","R","M","T","AVR","?","R","M","$","R","BOSS","M","?","?","?","M","R","M","E","T","R","E","M","AVR","E","R","BOSS"],"build_version":"2020-11-30","purchased_purges":0,"victory":true,"max_hp_per_floor":[84,84,84,84,84,84,84,84,84,89,89,89,89,89,89,89,89,89,89,89,89,89,89,89,89,89,89,89,89,89,89,89,89,89,89,89,89,89,89,89,89,89,89,89,89,89,89,89,89,89],"card_choices":[{"not_picked":["Concentrate","Deflect"],"picked":"Deadly Poison","floor":1},{"not_picked":["Prepared","hubris:TrickCloak"],"picked":"Masterful Stab","floor":3},{"not_picked":["Masterful Stab","ReplayTheSpireMod:Exploit Weakness"],"picked":"Flying Knee","floor":4},{"not_picked":["Finisher","Eviscerate"],"picked":"Dagger Spray","floor":5},{"not_picked":["ReplayTheSpireMod:Exploit Weakness","Concentrate","Tools of the Trade"],"picked":"SKIP","floor":6},{"not_picked":["Setup","Slice"],"picked":"All Out Attack","floor":8},{"not_picked":["Bane","Well Laid Plans"],"picked":"Quick Slash","floor":10},{"not_picked":["Phantasmal Killer","Well Laid Plans"],"picked":"Dagger Spray","floor":11},{"not_picked":["Sucker Punch","Bouncing Flask"],"picked":"Flying Knee","floor":13},{"not_picked":["Backflip","Well Laid Plans"],"picked":"Flying Knee","floor":14},{"not_picked":["Night Terror","Replay:Bag of Tricks"],"picked":"Corpse Explosion","floor":16},{"not_picked":["Quick Slash","hubris:SlightOfHand+1"],"picked":"PiercingWail","floor":18},{"not_picked":["Cloak And Dagger","Distraction"],"picked":"Dash","floor":20},{"not_picked":["Dagger Throw","Underhanded Strike+1"],"picked":"Replay:Poison Smokescreen+1","floor":21},{"not_picked":["Deflect","Blur+1"],"picked":"Unload","floor":23},{"not_picked":["Deflect+1","hubris:TrickCloak"],"picked":"Deadly Poison","floor":25},{"not_picked":["Deflect","Quick Slash","Backflip"],"picked":"SKIP","floor":30},{"not_picked":["Storm of Steel","Bullet Time"],"picked":"Venomology","floor":33},{"not_picked":["Tactician","Dagger Throw"],"picked":"Sucker Punch+1","floor":35},{"not_picked":["Dagger Throw","Sucker Punch+1","Predator"],"picked":"SKIP","floor":36},{"not_picked":["Hidden Blade","ReplayTheSpireMod:Tripwire+1"],"picked":"Poisoned Stab+1","floor":37},{"not_picked":["hubris:SlightOfHand","Cloak And Dagger+1"],"picked":"Endless Agony+1","floor":37},{"not_picked":["Slice","Accuracy+1"],"picked":"Poisoned Stab+1","floor":39},{"not_picked":["Flying Knee+1","hubris:SlightOfHand","Quick Slash+1"],"picked":"SKIP","floor":41},{"not_picked":["Acrobatics","Slice+1"],"picked":"Choke+1","floor":42},{"not_picked":["Sucker Punch","Deadly Poison"],"picked":"Unload","floor":45},{"not_picked":["Well Laid Plans+1","Accuracy+1"],"picked":"Bane","floor":46},{"not_picked":["Infinite Blades+1","Backflip","Prepared"],"picked":"SKIP","floor":48}],"player_experience":349723,"relics_obtained":[{"floor":6,"key":"Replay:Wax Seal"},{"floor":9,"key":"Lantern"},{"floor":10,"key":"Durian"},{"floor":23,"key":"ReplayTheSpireMod:Ninjato"},{"floor":26,"key":"ReplayTheSpireMod:TigerMarble"},{"floor":37,"key":"Bag of Preparation"},{"floor":42,"key":"Iron Hammer"},{"floor":43,"key":"infinitespire:Joker Card"},{"floor":45,"key":"Replay:Bandana"},{"floor":48,"key":"Vajra"}],"event_choices":[{"cards_removed":["Deadly Poison"],"damage_healed":0,"gold_gain":0,"player_choice":"Gave Card","damage_taken":0,"relics_obtained":["infinitespire:Midas Blood"],"max_hp_gain":0,"max_hp_loss":0,"event_name":"WeMeetAgain","floor":2,"gold_loss":0},{"damage_healed":0,"gold_gain":0,"player_choice":"Bought 1 Potion","damage_taken":0,"max_hp_gain":0,"max_hp_loss":0,"event_name":"The Woman in Blue","floor":19,"gold_loss":0},{"damage_healed":0,"gold_gain":0,"player_choice":"Leave","damage_taken":0,"max_hp_gain":0,"max_hp_loss":0,"event_name":"FaceTrader","floor":28,"gold_loss":0}],"is_beta":false,"boss_relics":[{"not_picked":["Snecko Scales","Coffee Dripper"],"picked":"hubris:CrackedHourglass"},{"not_picked":["Ring of Chaos","SacredBark"],"picked":"hubris:HollowSoul"}],"items_purged_floors":[],"is_endless":false,"potions_floor_spawned":[5,6,11,13,14,18,21,30,35,41,45,46,48],"ascension_level":0}}