{"host":"63rwe7p34ct1i0qu","time":1607499891,"event":{"gold_per_floor":[113,113,113,126,126,126,140,169,246,246,256,287,301,301],"floor_reached":13,"playtime":390,"items_purged":[],"score":119,"play_id":"50fd6c49-0779-4624-a597-a2d23d22cf4f","local_time":"20201209164451","is_ascension_mode":true,"campfire_choices":[{"data":"Zap","floor":6,"key":"SMITH"},{"floor":10,"key":"REST"}],"neow_cost":"NONE","seed_source_timestamp":235155536125300,"circlet_count":0,"master_deck":["Strike_B","Strike_B","Strike_B","Defend_B","Defend_B","Defend_B","Defend_B","Zap+1","Dualcast","Echo Form","Panic Button+1","BasicCrystalCard+1","Defragment","White Noise","Panic Button","Streamline","Leap"],"special_seed":0,"relics":["Cracked Core","Akabeko","Garlic","Gremlin Horn"],"potions_floor_usage":[],"damage_taken":[{"damage":7,"enemies":"Jaw Worm","floor":1,"turns":4},{"damage":5,"enemies":"Small Slimes","floor":4,"turns":4},{"damage":0,"enemies":"Cultist","floor":7,"turns":3},{"damage":39,"enemies":"Gremlin Nob","floor":8,"turns":4},{"damage":0,"enemies":"2 Fungi Beasts","floor":11,"turns":2},{"damage":9,"enemies":"Replay:BlueRogue","floor":12,"turns":4},{"damage":6,"enemies":"Gremlin Gang","floor":13,"turns":3}],"seed_played":"7419605180794910796","potions_obtained":[{"floor":8,"key":"LiquidMemories"},{"floor":12,"key":"Dexterity Potion"},{"floor":13,"key":"FocusPotion"}],"is_trial":false,"path_per_floor":["M","?","?","M","?","R","M","E","T","R","M","E","M"],"character_chosen":"DEFECT","items_purchased":[],"campfire_rested":1,"item_purchase_floors":[],"current_hp_per_floor":[68,68,68,63,63,63,63,24,24,46,46,37,31,31],"gold":301,"neow_bonus":"ONE_RANDOM_RARE_CARD","is_prod":false,"is_daily":false,"chose_seed":false,"campfire_upgraded":1,"win_rate":0,"timestamp":1607499891,"path_taken":["M","?","?","?","?","R","M","E","T","R","M","E","M"],"build_version":"2020-11-30","purchased_purges":0,"victory":false,"max_hp_per_floor":[75,75,75,75,75,75,75,75,75,75,75,75,75,75],"card_choices":[{"not_picked":["Gash","Leap"],"picked":"Panic Button","floor":1},{"not_picked":["Capacitor","Defragment"],"picked":"BasicCrystalCard","floor":4},{"not_picked":["Melter","Beam Cell"],"picked":"Defragment","floor":7},{"not_picked":["Beam Cell","Ball Lightning"],"picked":"White Noise","floor":8},{"not_picked":["Barrage","Skim"],"picked":"Panic Button","floor":11},{"not_picked":["Rip and Tear","Cold Snap"],"picked":"Streamline","floor":12},{"not_picked":["ReplayTheSpireMod:Fabricate Wheel","Heatsinks"],"picked":"Leap","floor":13}],"player_experience":1259761,"relics_obtained":[{"floor":8,"key":"Akabeko"},{"floor":9,"key":"Garlic"},{"floor":12,"key":"Gremlin Horn"}],"event_choices":[{"damage_healed":0,"gold_gain":0,"player_choice":"Grow","damage_taken":0,"max_hp_gain":0,"max_hp_loss":0,"event_name":"Living Wall","floor":2,"gold_loss":0,"cards_upgraded":["Panic Button"]},{"cards_removed":["Strike_B"],"damage_healed":0,"gold_gain":0,"player_choice":"Purged","damage_taken":0,"max_hp_gain":0,"max_hp_loss":0,"event_name":"Purifier","floor":3,"gold_loss":0},{"damage_healed":0,"gold_gain":0,"player_choice":"Forge","damage_taken":0,"max_hp_gain":0,"max_hp_loss":0,"event_name":"Accursed Blacksmith","floor":5,"gold_loss":0,"cards_upgraded":["BasicCrystalCard"]}],"is_beta":false,"boss_relics":[],"items_purged_floors":[],"is_endless":false,"potions_floor_spawned":[8,12,13],"killed_by":"Gremlin Gang","ascension_level":5}}