{"host":"BK","time":1607484004,"event":{"gold_per_floor":[109,109,109,23,37,76,96,131,131,96,137,207,207,222,222,222,222],"floor_reached":16,"playtime":474,"items_purged":[],"score":286,"play_id":"17336a7d-4ee5-41d8-9721-4858cac60d8a","local_time":"20201208202004","is_ascension_mode":true,"campfire_choices":[{"floor":13,"key":"REST"},{"data":"Cleave","floor":15,"key":"SMITH"}],"neow_cost":"NONE","seed_source_timestamp":10070476363200,"circlet_count":0,"master_deck":["AscendersBane","Strike_R","Strike_R","Strike_R","Strike_R","Strike_R","Defend_R","Defend_R","Defend_R","Defend_R","Bash","Twin Strike","Rampage","Armaments+1","Cleave+1","Shrug It Off","Impervious+1","Flame Barrier","Spot Weakness"],"relics":["Burning Blood","NeowsBlessing","Golden Idol","Ice Cream","Darkstone Periapt","Blood Vial","HornCleat","Regal Pillow","War Paint"],"potions_floor_usage":[12,12,16],"damage_taken":[{"damage":0,"enemies":"2 Louse","floor":1,"turns":1},{"damage":0,"enemies":"Jaw Worm","floor":5,"turns":1},{"damage":0,"enemies":"3 Sentries","floor":6,"turns":2},{"damage":12,"enemies":"Small Slimes","floor":7,"turns":4},{"damage":32,"enemies":"Gremlin Nob","floor":8,"turns":4},{"damage":50,"enemies":"Lagavulin","floor":11,"turns":9},{"damage":23,"enemies":"Gremlin Nob","floor":12,"turns":5},{"damage":8,"enemies":"3 Louse","floor":14,"turns":3},{"damage":65,"enemies":"Slime Boss","floor":16,"turns":8}],"seed_played":"-1286005755392884903","potions_obtained":[{"floor":6,"key":"Regen Potion"},{"floor":7,"key":"SpeedPotion"},{"floor":14,"key":"BloodPotion"}],"is_trial":false,"path_per_floor":["M","?","?","$","M","E","M","E","T","?","E","?","R","M","R","B"],"character_chosen":"IRONCLAD","items_purchased":["Rampage"],"campfire_rested":1,"item_purchase_floors":[4],"current_hp_per_floor":[74,68,57,57,63,68,62,36,36,53,11,10,45,45,45,0,0],"gold":222,"neow_bonus":"THREE_ENEMY_KILL","is_prod":false,"is_daily":false,"chose_seed":false,"campfire_upgraded":1,"win_rate":0,"timestamp":1607484004,"path_taken":["M","?","?","?","M","E","M","E","T","?","E","?","R","M","R","BOSS"],"build_version":"2020-12-07","purchased_purges":0,"victory":false,"max_hp_per_floor":[75,68,68,68,68,68,68,68,68,68,68,68,68,68,68,68,68],"card_choices":[{"not_picked":["Searing Blow","Shrug It Off"],"picked":"Twin Strike","floor":1},{"not_picked":["Cleave","Anger"],"picked":"Armaments","floor":5},{"not_picked":["Havoc","Sentinel"],"picked":"Cleave","floor":6},{"not_picked":["Sever Soul","Entrench"],"picked":"Shrug It Off","floor":7},{"not_picked":["Flex","Shockwave"],"picked":"Impervious","floor":8},{"not_picked":["Fire Breathing","Twin Strike","Clash"],"picked":"SKIP","floor":11},{"not_picked":["Limit Break","Heavy Blade"],"picked":"Flame Barrier","floor":12},{"not_picked":["Shrug It Off","Twin Strike"],"picked":"Spot Weakness","floor":14}],"player_experience":2331465,"relics_obtained":[{"floor":6,"key":"Darkstone Periapt"},{"floor":8,"key":"Blood Vial"},{"floor":9,"key":"HornCleat"},{"floor":11,"key":"Regal Pillow"},{"floor":12,"key":"War Paint"}],"event_choices":[{"damage_healed":0,"gold_gain":0,"player_choice":"Lose Max HP","damage_taken":0,"relics_obtained":["Golden Idol"],"max_hp_gain":0,"max_hp_loss":7,"event_name":"Golden Idol","floor":2,"gold_loss":0},{"damage_healed":0,"gold_gain":0,"player_choice":"Success","damage_taken":11,"relics_obtained":["Ice Cream"],"max_hp_gain":0,"max_hp_loss":0,"event_name":"Scrap Ooze","floor":3,"gold_loss":0},{"damage_healed":17,"gold_gain":0,"player_choice":"Healed","damage_taken":0,"max_hp_gain":0,"max_hp_loss":0,"event_name":"The Cleric","floor":10,"gold_loss":35},{"damage_healed":0,"gold_gain":0,"player_choice":"Searched \u00271\u0027 times","damage_taken":0,"max_hp_gain":0,"max_hp_loss":0,"event_name":"Dead Adventurer","floor":12,"gold_loss":0}],"is_beta":true,"boss_relics":[],"items_purged_floors":[],"is_endless":false,"potions_floor_spawned":[6,7,14],"killed_by":"Slime Boss","ascension_level":20}}