{"host":"agela5aetnmltfvm","time":1607537498,"event":{"gold_per_floor":[113,113,132,132,156,191,191,0,0,148,148,190,190,245,257,265,265],"floor_reached":16,"playtime":506,"items_purged":["Regret"],"score":110,"play_id":"8f4570ac-7fe5-46e8-bf59-10b1c0690ff7","local_time":"20201210021138","is_ascension_mode":false,"campfire_choices":[{"data":"hierophant:Smite","floor":7,"key":"SMITH"},{"data":"hierophant:Exaltation","floor":11,"key":"SMITH"},{"floor":15,"key":"REST"}],"neow_cost":"NONE","seed_source_timestamp":14316279039200,"circlet_count":0,"master_deck":["hierophant:Strike_Hierophant","hierophant:Strike_Hierophant","hierophant:Strike_Hierophant","hierophant:Strike_Hierophant","hierophant:Punish","hierophant:Defend_Hierophant","hierophant:Defend_Hierophant","hierophant:Defend_Hierophant","hierophant:Defend_Hierophant","hierophant:ChurchCoffers","ReplayTheSpireMod:Trickstab","hierophant:Smite+1","hierophant:Doubloon","hierophant:CoinFling","hierophant:Exaltation+1","hierophant:Endure","hierophant:HolyVerse+1","Forethought","hierophant:CursedGold","hierophant:Doubloon","hierophant:Doubloon","hierophant:Charity"],"relics":["hierophant:PropheticMaskRelic","Matryoshka","StrikeDummy","Replay:Bottled Steam","Juzu Bracelet","BargainBundle","CeramicFish","hierophant:DonationBoxRelic","Smiling Mask","MawBank"],"potions_floor_usage":[],"damage_taken":[{"damage":0,"enemies":"Small Slimes","floor":1,"turns":3},{"damage":3,"enemies":"Jaw Worm","floor":3,"turns":3},{"damage":4,"enemies":"2 Louse","floor":5,"turns":2},{"damage":36,"enemies":"Gremlin Nob","floor":6,"turns":4},{"damage":13,"enemies":"3 Sentries","floor":10,"turns":5},{"damage":1,"enemies":"Exordium Thugs","floor":12,"turns":3},{"damage":10,"enemies":"Exordium Wildlife","floor":14,"turns":3},{"damage":31,"enemies":"The Guardian","floor":16,"turns":6}],"seed_played":"-7123857426879826062","potions_obtained":[{"floor":1,"key":"Swift Potion"}],"is_trial":false,"path_per_floor":["M","?","M","T","M","E","R","$","T","E","R","M","?","M","R","B"],"character_chosen":"HIEROPHANT","items_purchased":["BargainBundle","hierophant:HolyVerse+1","Forethought","Venom Potion","Energy Potion","hierophant:CursedGold"],"campfire_rested":1,"item_purchase_floors":[8,8,8,8,8,8],"current_hp_per_floor":[75,75,72,72,68,32,32,32,32,19,19,18,18,8,30,0,0],"gold":265,"neow_bonus":"RANDOM_COLORLESS","is_prod":false,"is_daily":false,"chose_seed":false,"campfire_upgraded":2,"win_rate":0.0,"timestamp":1607537498,"path_taken":["M","?","M","?","M","E","R","$","T","E","R","M","?","M","R","BOSS"],"build_version":"2020-11-30","purchased_purges":1,"victory":false,"max_hp_per_floor":[75,75,75,75,75,75,75,75,75,75,75,75,75,75,75,75,75],"card_choices":[{"not_picked":["Impatience","Replay:BasicMightCard"],"picked":"ReplayTheSpireMod:Trickstab","floor":0},{"not_picked":["hierophant:SealAway","hierophant:ThreeLashes"],"picked":"hierophant:Smite","floor":1},{"not_picked":["hierophant:AuricBeam","hierophant:Smite"],"picked":"hierophant:CoinFling","floor":3},{"not_picked":["hierophant:Doubloon","hierophant:SealAway"],"picked":"hierophant:Exaltation","floor":5},{"not_picked":["hierophant:ArchangelShield","hierophant:EyeForCoin"],"picked":"hierophant:Endure","floor":6},{"not_picked":["hierophant:Blessing","hierophant:Exaltation"],"picked":"hierophant:Charity","floor":10},{"not_picked":["hierophant:Doomsaying","hierophant:FlamingChariot","hierophant:Prophecy"],"picked":"SKIP","floor":12},{"not_picked":["hierophant:SealAway","hierophant:Empathy","hierophant:Doubloon"],"picked":"SKIP","floor":14}],"player_experience":494201,"relics_obtained":[{"floor":4,"key":"StrikeDummy"},{"floor":4,"key":"Replay:Bottled Steam"},{"floor":6,"key":"Juzu Bracelet"},{"floor":9,"key":"CeramicFish"},{"floor":9,"key":"hierophant:DonationBoxRelic"},{"floor":10,"key":"Smiling Mask"}],"event_choices":[{"damage_healed":0,"gold_gain":0,"player_choice":"Box","damage_taken":0,"relics_obtained":["Matryoshka"],"max_hp_gain":0,"max_hp_loss":0,"event_name":"Big Fish","floor":2,"gold_loss":0,"cards_obtained":["Regret"]},{"damage_healed":0,"gold_gain":0,"player_choice":"Gave Potion","damage_taken":0,"relics_obtained":["MawBank"],"max_hp_gain":0,"max_hp_loss":0,"event_name":"WeMeetAgain","floor":13,"gold_loss":0}],"is_beta":false,"boss_relics":[],"items_purged_floors":[8],"is_endless":false,"potions_floor_spawned":[1,12],"killed_by":"The Guardian","ascension_level":0}}