{"host":"cvi30shpqg1ukvbr","time":1607523944,"event":{"gold_per_floor":[117,136,152,168,168,168,197,197,220,220,64,86,105,133,133,231,231,246,246,74,87,115,146,146,356,356,375,406,423,443,460,460,565,565,579,801,813,136,150,184,184,217,269,269,299,238,248,263,263,263,263,263,72,98,98],"floor_reached":56,"playtime":2369,"items_purged":["infinitespire:Pacifist"],"score":1271,"play_id":"5c710a3e-e3ad-4782-9579-5c9139cea9b6","local_time":"20201209232544","is_ascension_mode":true,"campfire_choices":[{"data":"infinitespire:FinalStrike","floor":6,"key":"SMITH"},{"floor":8,"key":"REST"},{"floor":10,"key":"REST"},{"data":"Demon Form","floor":15,"key":"SMITH"},{"floor":32,"key":"REST"},{"floor":41,"key":"RECALL"},{"data":"Double Tap","floor":49,"key":"SMITH"},{"data":"Uppercut","floor":52,"key":"SMITH"}],"neow_cost":"NONE","seed_source_timestamp":489615530736100,"circlet_count":0,"master_deck":["Strike_R","Strike_R","Strike_R","Strike_R","Defend_R","Defend_R","Bash","Headbutt","ReplayTheSpireMod:Strike From Hell","Sever Soul","Demon Form+1","hubris:Despair","infinitespire:FinalStrike+1","Strike_R","Whirlwind","StuffTheSpire:Incineration","Feed","Flex","Double Tap+1","Headbutt","Apotheosis+1","Cleave","Dropkick","Flex","ReplayTheSpireMod:Splinters","Uppercut+1","Disarm","Fiend Fire","Massacre+1","Disarm","Reaper","Power Through+1","Shrug It Off+1","StuffTheSpire:Resist","Dual Wield+1","Cleave+1","Injury","Shockwave","True Grit+1","ReplayTheSpireMod:Brewmster","Heavy Blade"],"relics":["Empty Cage","StuffTheSpire:Mouthbags","Ancient Tea Set","ClockworkSouvenir","Odd Mushroom","HornCleat","hubris:RunicObelisk","Red Mask","hubris:ChampionShield","BargainBundle","Black Star","White Beast Statue","Pear","hubris:Spice","StuffTheSpire:RunicConfusion","conspire:DeflatedDodgeball","Replay:Ringing Soul","Bag of Marbles","Bottled Lightning","Torii","Replay:Kaleidoscope","StuffTheSpire:BottledHeartBeat","ReplayFunnel","Toy Ornithopter","Vajra","Lantern"],"potions_floor_usage":[12,20,29,33,40,42,50,54,54,54,55,55,55,55,55],"damage_taken":[{"damage":3,"enemies":"Small Slimes","floor":1,"turns":3},{"damage":0,"enemies":"conspire:RoseBush","floor":2,"turns":3},{"damage":8,"enemies":"Jaw Worm","floor":3,"turns":3},{"damage":24,"enemies":"Lots of Slimes","floor":4,"turns":4},{"damage":31,"enemies":"Lagavulin","floor":7,"turns":7},{"damage":10,"enemies":"The Mushroom Lair","floor":12,"turns":3},{"damage":14,"enemies":"Blue Slaver","floor":13,"turns":3},{"damage":9,"enemies":"Replay:BlueRogue","floor":14,"turns":3},{"damage":5,"enemies":"Slime Boss","floor":16,"turns":6},{"damage":16,"enemies":"Shell Parasite","floor":18,"turns":3},{"damage":6,"enemies":"conspire:FuzzyDice","floor":21,"turns":4},{"damage":10,"enemies":"Masked Bandits","floor":22,"turns":2},{"damage":7,"enemies":"Book of Stabbing","floor":23,"turns":3},{"damage":15,"enemies":"Snake Plant","floor":27,"turns":2},{"damage":0,"enemies":"conspire:Head Lice","floor":28,"turns":4},{"damage":6,"enemies":"Cultist and Chosen","floor":29,"turns":4},{"damage":18,"enemies":"conspire:HollyBat","floor":30,"turns":7},{"damage":0,"enemies":"Sentry and Sphere","floor":31,"turns":2},{"damage":19,"enemies":"Pondfish","floor":33,"turns":7},{"damage":12,"enemies":"3 Shapes","floor":35,"turns":7},{"damage":0,"enemies":"Orb Walker","floor":37,"turns":3},{"damage":8,"enemies":"Maw","floor":39,"turns":5},{"damage":8,"enemies":"Reptomancer","floor":40,"turns":4},{"damage":4,"enemies":"R_Hoarder","floor":42,"turns":6},{"damage":14,"enemies":"conspire:MimicChest","floor":45,"turns":6},{"damage":0,"enemies":"Transient","floor":47,"turns":5},{"damage":1,"enemies":"Writhing Mass","floor":48,"turns":4},{"damage":33,"enemies":"Replay:Hell Engine","floor":50,"turns":10},{"damage":77,"enemies":"Shield and Spear","floor":54,"turns":6},{"damage":108,"enemies":"The Heart","floor":55,"turns":11}],"seed_played":"-6644634998798599671","potions_obtained":[{"floor":1,"key":"PowerPotion"},{"floor":4,"key":"Swift Potion"},{"floor":14,"key":"SkillPotion"},{"floor":18,"key":"EssenceOfSteel"},{"floor":27,"key":"EntropicBrew"},{"floor":29,"key":"SteroidPotion"},{"floor":31,"key":"FearPotion"},{"floor":33,"key":"SkillPotion"},{"floor":40,"key":"Strength Potion"},{"floor":45,"key":"BlessingOfTheForge"},{"floor":47,"key":"LiquidBronze"},{"floor":54,"key":"Fire Potion"}],"is_trial":false,"path_per_floor":["M","M","M","M","?","R","E","R","T","R","$","?","M","E","R","B",null,"M","?","$","M","?","E","AVR","?","T","M","E","M","M","M","R","B",null,"M","?","M","$","M","E","R","E","T","$","?","$","M","M","R","B",null,"R","$","E","B",null],"character_chosen":"IRONCLAD","items_purchased":["ClockworkSouvenir","Fruit Juice","conspire:DeflatedDodgeball","Replay:Ringing Soul","Bag of Marbles","StuffTheSpire:Resist","Toy Ornithopter","ReplayTheSpireMod:Brewmster"],"campfire_rested":3,"item_purchase_floors":[11,20,38,38,38,38,46,53],"current_hp_per_floor":[77,77,69,45,45,45,14,38,38,62,62,52,38,29,29,24,80,64,64,69,63,53,49,49,49,49,38,60,58,40,40,75,56,118,106,106,116,119,111,106,106,121,121,121,130,133,136,142,142,110,143,143,146,91,28],"gold":98,"neow_bonus":"BOSS_RELIC","is_prod":false,"is_daily":false,"chose_seed":false,"campfire_upgraded":4,"win_rate":0,"timestamp":1607523944,"path_taken":["M","M","M","M","?","R","E","R","T","R","$","?","M","E","R","BOSS","M","?","$","M","?","E","AVR","?","T","?","E","M","M","M","R","BOSS","M","?","M","$","M","E","R","E","T","$","?","?","M","M","R","BOSS","R","$","E","BOSS"],"build_version":"2020-11-30","purchased_purges":1,"victory":true,"max_hp_per_floor":[80,80,80,80,80,80,80,80,80,80,80,80,80,80,80,80,80,80,80,85,85,85,88,88,88,88,92,114,118,118,118,118,118,118,118,118,118,121,121,124,124,127,127,127,130,133,136,143,143,143,143,143,146,153,155],"relic_stats":{"Torii":47,"counters":[30,140],"Black Star":4,"obtain_stats":[{"ReplayFunnel":45,"Lantern":54,"Torii":40,"StuffTheSpire:BottledHeartBeat":42,"Vajra":54,"hubris:RunicObelisk":17,"Empty Cage":0,"Ancient Tea Set":9,"Burning Blood":0,"ClockworkSouvenir":11,"StuffTheSpire:RunicConfusion":34,"Replay:Ringing Soul":38,"HornCleat":14,"Red Mask":22,"hubris:ChampionShield":23,"BargainBundle":24,"Pear":28,"Replay:Kaleidoscope":42,"Odd Mushroom":12,"White Beast Statue":26,"StuffTheSpire:Mouthbags":7,"hubris:Spice":28,"Black Star":24,"Bag of Marbles":38,"Bottled Lightning":40,"conspire:DeflatedDodgeball":38,"Toy Ornithopter":46},{"ReplayFunnel":25,"Lantern":29,"Torii":23,"StuffTheSpire:BottledHeartBeat":24,"Vajra":29,"hubris:RunicObelisk":9,"Empty Cage":0,"Ancient Tea Set":5,"Burning Blood":0,"ClockworkSouvenir":5,"StuffTheSpire:RunicConfusion":19,"Replay:Ringing Soul":21,"HornCleat":8,"Red Mask":12,"hubris:ChampionShield":13,"BargainBundle":13,"Pear":15,"Replay:Kaleidoscope":24,"Odd Mushroom":6,"White Beast Statue":13,"StuffTheSpire:Mouthbags":5,"hubris:Spice":15,"Black Star":13,"Bag of Marbles":21,"Bottled Lightning":23,"conspire:DeflatedDodgeball":21,"Toy Ornithopter":25},{"ReplayFunnel":104,"Lantern":129,"Torii":92,"StuffTheSpire:BottledHeartBeat":98,"Vajra":129,"hubris:RunicObelisk":35,"Empty Cage":0,"Ancient Tea Set":20,"Burning Blood":0,"ClockworkSouvenir":20,"StuffTheSpire:RunicConfusion":73,"Replay:Ringing Soul":83,"HornCleat":29,"Red Mask":44,"hubris:ChampionShield":47,"BargainBundle":47,"Pear":53,"Replay:Kaleidoscope":98,"Odd Mushroom":23,"White Beast Statue":47,"StuffTheSpire:Mouthbags":20,"hubris:Spice":53,"Black Star":47,"Bag of Marbles":83,"Bottled Lightning":92,"conspire:DeflatedDodgeball":83,"Toy Ornithopter":104}],"Toy Ornithopter":41},"card_choices":[{"not_picked":["Body Slam","Run Through"],"picked":"Headbutt","floor":1},{"not_picked":["Run Through","StuffTheSpire:RockThrow"],"picked":"ReplayTheSpireMod:Strike From Hell","floor":2},{"not_picked":["Warcry","Heavy Blade"],"picked":"Sever Soul","floor":3},{"not_picked":["hubris:ReadiedAction","StuffTheSpire:RockThrow"],"picked":"Demon Form","floor":4},{"not_picked":["ReplayTheSpireMod:Black Plague","ReplayTheSpireMod:Haul"],"picked":"infinitespire:FinalStrike","floor":5},{"not_picked":["Clash","hubris:ReadiedAction"],"picked":"Whirlwind","floor":7},{"not_picked":["ReplayTheSpireMod:Strike From Hell","Replay:Undeath\u0027s Touch"],"picked":"StuffTheSpire:Incineration","floor":12},{"not_picked":["Blood for Blood","Carnage"],"picked":"Feed","floor":13},{"not_picked":["Run Through","Iron Wave"],"picked":"Flex","floor":14},{"not_picked":["Brutality","Fiend Fire"],"picked":"Double Tap","floor":16},{"not_picked":["Anger","Massacre"],"picked":"Headbutt","floor":18},{"not_picked":["ReplayTheSpireMod:Limb From Limb","True Grit"],"picked":"Cleave","floor":21},{"not_picked":["Shrug It Off","Rupture"],"picked":"Dropkick","floor":22},{"not_picked":["conspire:Charge","StuffTheSpire:RockThrow"],"picked":"Flex","floor":23},{"not_picked":["StuffTheSpire:Slingshot","conspire:ExplosiveBarrier"],"picked":"Uppercut","floor":25},{"not_picked":["ReplayReversal","Pummel+1"],"picked":"Disarm","floor":27},{"not_picked":["Run Through","StuffTheSpire:BloodClot"],"picked":"Fiend Fire","floor":28},{"not_picked":["ReplayReversal","Warcry+1","StuffTheSpire:Slingshot"],"picked":"SKIP","floor":29},{"not_picked":["Defy Death+1","Warcry"],"picked":"Massacre+1","floor":30},{"not_picked":["Sever Soul","Armaments"],"picked":"Disarm","floor":31},{"not_picked":["Exhume","Feed"],"picked":"Reaper","floor":33},{"not_picked":["Fire Breathing+1","hubris:ReadiedAction+1"],"picked":"Power Through+1","floor":35},{"not_picked":["Warcry+1","Feel No Pain+1"],"picked":"Shrug It Off+1","floor":37},{"not_picked":["Defy Death","Clothesline+1","Demonic Infusion"],"picked":"SKIP","floor":39},{"not_picked":["Combust","Seeing Red+1","Sentinel"],"picked":"SKIP","floor":40},{"not_picked":["Heavy Blade+1","hubris:StunningStrike"],"picked":"Dual Wield+1","floor":42},{"not_picked":["Thunderclap+1","Havoc"],"picked":"Cleave+1","floor":45},{"not_picked":["Run Through","Whirlwind+1"],"picked":"Shockwave","floor":47},{"not_picked":["Warcry","StuffTheSpire:Slingshot+1"],"picked":"True Grit+1","floor":48},{"not_picked":["True Grit","Life Link"],"picked":"Heavy Blade","floor":54}],"player_experience":1726015,"relics_obtained":[{"floor":7,"key":"StuffTheSpire:Mouthbags"},{"floor":9,"key":"Ancient Tea Set"},{"floor":12,"key":"Odd Mushroom"},{"floor":14,"key":"HornCleat"},{"floor":22,"key":"Red Mask"},{"floor":23,"key":"hubris:ChampionShield"},{"floor":26,"key":"White Beast Statue"},{"floor":28,"key":"Pear"},{"floor":28,"key":"hubris:Spice"},{"floor":40,"key":"Bottled Lightning"},{"floor":40,"key":"Torii"},{"floor":42,"key":"Replay:Kaleidoscope"},{"floor":42,"key":"StuffTheSpire:BottledHeartBeat"},{"floor":45,"key":"ReplayFunnel"},{"floor":54,"key":"Vajra"},{"floor":54,"key":"Lantern"}],"event_choices":[{"damage_healed":0,"gold_gain":0,"player_choice":"Fought Mushrooms","damage_taken":0,"max_hp_gain":0,"max_hp_loss":0,"event_name":"Mushrooms","floor":12,"gold_loss":0},{"cards_removed":["infinitespire:FinalStrike"],"damage_healed":0,"gold_gain":0,"player_choice":"Take \u0026 Give","damage_taken":0,"max_hp_gain":0,"max_hp_loss":0,"event_name":"betterNote:BetterNote","floor":19,"gold_loss":0,"cards_obtained":["Apotheosis"]},{"damage_healed":0,"gold_gain":0,"player_choice":"Fought Bandits","damage_taken":0,"max_hp_gain":0,"max_hp_loss":0,"event_name":"Masked Bandits","floor":22,"gold_loss":0},{"damage_healed":0,"gold_gain":222,"player_choice":"Wore Mask","damage_taken":0,"max_hp_gain":0,"max_hp_loss":0,"event_name":"Tomb of Lord Red Mask","floor":36,"gold_loss":0}],"is_beta":false,"boss_relics":[{"not_picked":["StuffTheSpire:Kangaroo","Tiny House"],"picked":"hubris:RunicObelisk"},{"not_picked":["hubris:Spice","hubris:Spice"],"picked":"StuffTheSpire:RunicConfusion"}],"items_purged_floors":[20],"is_endless":false,"potions_floor_spawned":[1,4,14,18,27,28,29,30,31,33,35,37,39,40,45,47,48,54],"ascension_level":1}}