{"host":"cglr1m0d8tytrlaz","time":1607557262,"event":{"gold_per_floor":[115,128,128,143,158,184,184,194,194,194,219,231,306,320,320,418,418,429,339,146,158,168,168,195,195,195,195,195],"floor_reached":27,"playtime":2413,"items_purged":["Defend_G"],"score":306,"play_id":"6e1192cf-0c74-4e30-8f61-82ff1e2d5ac8","local_time":"20201209174102","is_ascension_mode":true,"campfire_choices":[{"data":"Neutralize","floor":7,"key":"SMITH"},{"floor":10,"key":"REST"},{"data":"Wraith Form v2","floor":23,"key":"SMITH"}],"neow_cost":"NONE","seed_source_timestamp":345707374370000,"circlet_count":0,"master_deck":["Strike_G","Strike_G","Defend_G","Defend_G","Defend_G","Defend_G","Survivor+1","Neutralize+1","Acrobatics","Flying Knee","Crippling Poison","Replay:Poison Smokescreen","Deadly Poison+1","Bane","Bane","Backflip","Die Die Die","Wraith Form v2+1","Backflip","Noxious Fumes","PiercingWail","Deflect","ReplayTheSpireMod:Speed Training","ReplayTheSpireMod:Necrosis"],"relics":["Ring of the Snake","Orichalcum","Chameleon Ring","Bottled Flame","Cursed Key","Ornamental Fan"],"potions_floor_usage":[11,16,21,24,24,27,27,27],"damage_taken":[{"damage":2,"enemies":"Jaw Worm","floor":1,"turns":6},{"damage":0,"enemies":"Small Slimes","floor":2,"turns":4},{"damage":0,"enemies":"Cultist","floor":4,"turns":4},{"damage":1,"enemies":"Blue Slaver","floor":5,"turns":6},{"damage":32,"enemies":"3 Sentries","floor":6,"turns":12},{"damage":8,"enemies":"Looter","floor":8,"turns":4},{"damage":21,"enemies":"Lagavulin","floor":11,"turns":6},{"damage":0,"enemies":"Exordium Thugs","floor":12,"turns":3},{"damage":2,"enemies":"Red Slaver","floor":14,"turns":4},{"damage":3,"enemies":"The Guardian","floor":16,"turns":12},{"damage":0,"enemies":"Shell Parasite","floor":18,"turns":5},{"damage":10,"enemies":"2 Thieves","floor":21,"turns":4},{"damage":4,"enemies":"Shelled Parasite and Fungi","floor":22,"turns":6},{"damage":26,"enemies":"Gremlin Leader","floor":24,"turns":8},{"damage":2,"enemies":"Colosseum Slavers","floor":27,"turns":5},{"damage":32,"enemies":"Colosseum Nobs","floor":27,"turns":4}],"seed_played":"1257082426553484228","potions_obtained":[{"floor":6,"key":"AttackPotion"},{"floor":8,"key":"BlessingOfTheForge"},{"floor":12,"key":"SkillPotion"},{"floor":14,"key":"FearPotion"},{"floor":16,"key":"Energy Potion"},{"floor":18,"key":"Dexterity Potion"},{"floor":22,"key":"SpeedPotion"},{"floor":25,"key":"BlessingOfTheForge"},{"floor":25,"key":"EssenceOfSteel"}],"is_trial":false,"path_per_floor":["M","M","?","M","M","E","R","M","T","R","E","M","?","M","R","B",null,"M","?","$","M","M","R","E","R","T","?"],"character_chosen":"THE_SILENT","items_purchased":["Noxious Fumes","PiercingWail"],"campfire_rested":1,"item_purchase_floors":[20,20],"current_hp_per_floor":[68,68,68,68,67,35,35,27,27,48,27,27,16,14,35,32,61,61,61,61,51,47,47,21,21,21,0,0],"gold":195,"neow_bonus":"REMOVE_CARD","is_prod":false,"is_daily":false,"chose_seed":false,"campfire_upgraded":2,"win_rate":0,"timestamp":1607557262,"path_taken":["M","M","?","M","M","E","R","M","T","R","E","M","?","M","R","BOSS","M","?","$","M","?","R","E","R","T","?"],"build_version":"2020-11-30","purchased_purges":1,"victory":false,"max_hp_per_floor":[70,70,70,70,70,70,70,70,70,70,70,70,70,70,70,70,70,70,70,70,70,70,70,70,70,70,70,70],"relic_stats":{"counters":[16,93],"Ornamental Fan":[4],"Orichalcum":[144],"Cursed Key":0,"obtain_stats":[{"Bottled Flame":11,"Chameleon Ring":9,"Ornamental Fan":24,"Orichalcum":6,"Cursed Key":17,"Ring of the Snake":0},{"Bottled Flame":7,"Chameleon Ring":6,"Ornamental Fan":14,"Orichalcum":5,"Cursed Key":10,"Ring of the Snake":0},{"Bottled Flame":42,"Chameleon Ring":36,"Ornamental Fan":84,"Orichalcum":32,"Cursed Key":61,"Ring of the Snake":0}],"Ring of the Snake":[32]},"card_choices":[{"not_picked":["Prepared","Underhanded Strike"],"picked":"Acrobatics","floor":1},{"not_picked":["Dagger Spray","PiercingWail"],"picked":"Flying Knee","floor":2},{"not_picked":["Setup","Flying Knee"],"picked":"Crippling Poison","floor":4},{"not_picked":["Blade Dance","ReplayTheSpireMod:Exploit Weakness"],"picked":"Replay:Poison Smokescreen","floor":5},{"not_picked":["Dodge and Roll","Reflex"],"picked":"Deadly Poison","floor":6},{"not_picked":["Fluid Movement","Sucker Punch"],"picked":"Bane","floor":8},{"not_picked":["ReplayTheSpireMod:Scrap Shanks","Hidden Blade"],"picked":"Bane","floor":11},{"not_picked":["Riddle With Holes","Prepared"],"picked":"Backflip","floor":12},{"not_picked":["Prepared","Dagger Spray"],"picked":"Die Die Die","floor":14},{"not_picked":["Malaise","Envenom"],"picked":"Wraith Form v2","floor":16},{"not_picked":["Quick Slash","Setup+1"],"picked":"Backflip","floor":18},{"not_picked":["Quick Slash","Underhanded Strike"],"picked":"Deflect","floor":21},{"not_picked":["Bane","Calculated Gamble"],"picked":"ReplayTheSpireMod:Speed Training","floor":22},{"not_picked":["Quick Slash","Blade Dance"],"picked":"ReplayTheSpireMod:Necrosis","floor":24}],"player_experience":1091309,"relics_obtained":[{"floor":6,"key":"Orichalcum"},{"floor":9,"key":"Chameleon Ring"},{"floor":11,"key":"Bottled Flame"},{"floor":24,"key":"Ornamental Fan"}],"event_choices":[{"damage_healed":0,"gold_gain":75,"player_choice":"Gather Gold","damage_taken":11,"max_hp_gain":0,"max_hp_loss":0,"event_name":"World of Goop","floor":13,"gold_loss":0},{"cards_removed":["Strike_G"],"damage_healed":0,"gold_gain":0,"player_choice":"Upgrade and Remove","damage_taken":0,"max_hp_gain":0,"max_hp_loss":0,"event_name":"Designer","floor":19,"gold_loss":90,"cards_upgraded":["Survivor"]},{"damage_healed":0,"gold_gain":0,"player_choice":"Fight","damage_taken":0,"max_hp_gain":0,"max_hp_loss":0,"event_name":"Colosseum","floor":27,"gold_loss":0},{"damage_healed":0,"gold_gain":0,"player_choice":"Fought Nobs","damage_taken":0,"max_hp_gain":0,"max_hp_loss":0,"event_name":"Colosseum","floor":27,"gold_loss":0}],"is_beta":false,"boss_relics":[{"not_picked":["Velvet Choker","Empty Cage"],"picked":"Cursed Key"}],"items_purged_floors":[20],"is_endless":false,"potions_floor_spawned":[6,8,12,14,16,18,22],"killed_by":"Colosseum Nobs","ascension_level":5}}