{"host":"9ndbo4kgsfoemf7y","time":1607515414,"event":{"gold_per_floor":[113,132,57,74,74,74,107,107,107,123,123,123,123,123,123,123,123],"floor_reached":16,"playtime":672,"items_purged":["Strike_R"],"score":181,"play_id":"7b0f2a60-ef5e-41e6-b00d-aa7ef8d29911","local_time":"20201209210334","is_ascension_mode":true,"campfire_choices":[{"data":"Inflame","floor":6,"key":"SMITH"},{"floor":8,"key":"REST"},{"floor":12,"key":"REST"},{"floor":15,"key":"REST"}],"neow_cost":"PERCENT_DAMAGE","seed_source_timestamp":10100265789600,"circlet_count":0,"master_deck":["AscendersBane","Strike_R","Strike_R","Strike_R","Strike_R+1","Defend_R","Defend_R","Defend_R+1","Defend_R","Bash","Inflame+1","Twin Strike","Flex","Corruption","Evolve","Blood for Blood"],"relics":["Burning Blood","TungstenRod","InkBottle","Ornamental Fan","Darkstone Periapt","Dream Catcher"],"potions_floor_usage":[2],"damage_taken":[{"damage":5,"enemies":"2 Louse","floor":1,"turns":4},{"damage":5,"enemies":"Small Slimes","floor":2,"turns":2},{"damage":1,"enemies":"Jaw Worm","floor":4,"turns":3},{"damage":38,"enemies":"Lagavulin","floor":7,"turns":6},{"damage":10,"enemies":"Looter","floor":10,"turns":4},{"damage":52,"enemies":"Hexaghost","floor":16,"turns":9}],"seed_played":"1103909732631084852","potions_obtained":[{"floor":1,"key":"Fire Potion"},{"floor":4,"key":"BlessingOfTheForge"}],"is_trial":false,"path_per_floor":["M","M","$","M","?","R","E","R","T","M","?","R","?","?","R","B"],"character_chosen":"IRONCLAD","items_purchased":[],"campfire_rested":3,"item_purchase_floors":[],"current_hp_per_floor":[51,52,52,57,57,57,25,47,47,43,21,43,28,28,50,0,0],"gold":123,"neow_bonus":"ONE_RARE_RELIC","is_prod":false,"is_daily":false,"chose_seed":false,"campfire_upgraded":1,"win_rate":0,"timestamp":1607515414,"path_taken":["M","M","$","M","?","R","E","R","T","M","?","R","?","?","R","BOSS"],"build_version":"2020-11-30","purchased_purges":1,"victory":false,"max_hp_per_floor":[75,75,75,75,75,75,75,75,75,75,75,75,75,75,75,75,75],"relic_stats":{"Darkstone Periapt":0,"Dream Catcher":1,"counters":[6,28],"Ornamental Fan":[4],"obtain_stats":[{"Darkstone Periapt":13,"Dream Catcher":14,"Ornamental Fan":9,"Burning Blood":0,"TungstenRod":0,"InkBottle":7},{"Darkstone Periapt":5,"Dream Catcher":5,"Ornamental Fan":4,"Burning Blood":0,"TungstenRod":0,"InkBottle":4},{"Darkstone Periapt":19,"Dream Catcher":19,"Ornamental Fan":15,"Burning Blood":0,"TungstenRod":0,"InkBottle":15}],"Burning Blood":30,"TungstenRod":28,"InkBottle":[3]},"card_choices":[{"not_picked":["Thunderclap","Pummel"],"picked":"Inflame","floor":1},{"not_picked":["Iron Wave","Power Through"],"picked":"Twin Strike","floor":2},{"not_picked":["Shockwave","Body Slam"],"picked":"Flex","floor":4},{"not_picked":["Thunderclap","Wild Strike"],"picked":"Corruption","floor":7},{"not_picked":["Intimidate","Heavy Blade"],"picked":"Evolve","floor":10},{"not_picked":["Heavy Blade","Sword Boomerang"],"picked":"Blood for Blood","floor":15}],"player_experience":665911,"relics_obtained":[{"floor":7,"key":"InkBottle"},{"floor":9,"key":"Ornamental Fan"}],"event_choices":[{"damage_healed":0,"gold_gain":0,"player_choice":"Leave","damage_taken":0,"max_hp_gain":0,"max_hp_loss":0,"event_name":"The Cleric","floor":5,"gold_loss":0},{"damage_healed":0,"gold_gain":0,"player_choice":"Entered Light","damage_taken":23,"max_hp_gain":0,"max_hp_loss":0,"event_name":"Shining Light","floor":11,"gold_loss":0,"cards_upgraded":["Strike_R","Defend_R"]},{"damage_healed":0,"gold_gain":0,"player_choice":"Success","damage_taken":18,"relics_obtained":["Darkstone Periapt"],"max_hp_gain":0,"max_hp_loss":0,"event_name":"Scrap Ooze","floor":13,"gold_loss":0},{"damage_healed":0,"gold_gain":0,"player_choice":"Gave Potion","damage_taken":0,"relics_obtained":["Dream Catcher"],"max_hp_gain":0,"max_hp_loss":0,"event_name":"WeMeetAgain","floor":14,"gold_loss":0}],"is_beta":false,"boss_relics":[],"items_purged_floors":[3],"is_endless":false,"potions_floor_spawned":[1,4],"killed_by":"Hexaghost","ascension_level":17}}