{"host":"rcuacvep95pje9kw","time":1607490940,"event":{"gold_per_floor":[99,117,117,136,136,136,161,161,161,161,194,194,217,38,38,157,157,151,151,151,5,21,21,52,68,68,109,109,143,157,157,157,164,164],"floor_reached":33,"playtime":2051,"items_purged":[],"score":11884,"play_id":"de77fa14-06a8-4ee6-82dd-ef7cacc1f2af","local_time":"20201209001540","daily_mods":["Specialized","Elite Swarm"],"is_ascension_mode":false,"campfire_choices":[{"data":"hermit:Snapshot","floor":6,"key":"SMITH"},{"data":"hermit:Covet","floor":8,"key":"SMITH"},{"data":"hermit:Vantage","floor":10,"key":"SMITH"},{"floor":15,"key":"REST"},{"data":"hermit:ShadowCloak","floor":23,"key":"SMITH"},{"data":"hermit:FatalDesire","floor":28,"key":"SMITH"},{"data":"hermit:FatalDesire","floor":28,"key":"SMITH"},{"floor":32,"key":"REST"}],"neow_cost":"","seed_source_timestamp":0,"circlet_count":0,"master_deck":["hermit:Strike_Hermit","hermit:Strike_Hermit","hermit:Strike_Hermit","hermit:Defend_Hermit","hermit:Defend_Hermit","hermit:Defend_Hermit","hermit:Defend_Hermit","hermit:Snapshot+1","hermit:Covet+1","hermit:FlashPowder","hermit:FlashPowder","hermit:FlashPowder","hermit:FlashPowder","hermit:FlashPowder","Shame","hermit:GhostlyPresence","hermit:Vantage+1","hermit:FatalDesire+1","hermit:FromBeyond","hermit:Quickdraw","hermit:LowProfile+1","hermit:Headshot","hermit:FinalCanter","hermit:Horror","hermit:Coalescence","hermit:Determination","hermit:OverwhelmingPower+1","hermit:Spite","hermit:ShadowCloak+1","sneckomod:Bewildered","hermit:Reprieve","hermit:CalledShot+1","hermit:FatalDesire+1","hermit:BlackWind","hermit:Scavenge+1"],"relics":["hermit:ClaspedLocket","Hammer of Thor","Seething Fire","Anvil of the Gods","Blue Doll","Replay:WaspNest","Ancient Tea Set","Golden Idol","Orrery","sneckomod:BabySnecko","hexamod:BolsterEngine","Nunchaku","Pear","Replay:Arrowhead","Du-Vu Doll"],"potions_floor_usage":[],"damage_taken":[{"damage":0,"enemies":"2 Louse","floor":2,"turns":4},{"damage":5,"enemies":"Jaw Worm","floor":4,"turns":7},{"damage":1,"enemies":"Replay:BlueRogue","floor":7,"turns":10},{"damage":20,"enemies":"Lagavulin","floor":11,"turns":10},{"damage":0,"enemies":"Cultist","floor":13,"turns":5},{"damage":23,"enemies":"Fading Forest","floor":16,"turns":11},{"damage":3,"enemies":"2 Thieves","floor":18,"turns":4},{"damage":9,"enemies":"3 Byrds","floor":22,"turns":5},{"damage":7,"enemies":"Book of Stabbing","floor":24,"turns":6},{"damage":13,"enemies":"Cultist and Chosen","floor":25,"turns":7},{"damage":0,"enemies":"Replay:Snechameleon","floor":27,"turns":8},{"damage":46,"enemies":"Gremlin Leader","floor":29,"turns":6},{"damage":3,"enemies":"Snake Plant","floor":30,"turns":3}],"seed_played":"-5969863473719760526","potions_obtained":[{"floor":4,"key":"hermit:Tonic"},{"floor":11,"key":"Weak Potion"},{"floor":18,"key":"Swift Potion"},{"floor":27,"key":"hermit:BlackBile"},{"floor":30,"key":"Dexterity Potion"}],"is_trial":true,"path_per_floor":["?","M","?","M","?","R","E","R","T","R","E","?","M","$","R","B",null,"M","?","?","$","M","R","E","M","T","E","R","E","M","?","R","B"],"character_chosen":"HERMIT","items_purchased":["hermit:LowProfile+1","Orrery","hexamod:BolsterEngine"],"campfire_rested":2,"item_purchase_floors":[14,14,21],"current_hp_per_floor":[75,75,75,70,70,70,69,69,69,69,49,31,31,31,53,30,75,72,72,72,72,63,63,56,43,53,53,53,15,12,12,37,31,31],"gold":164,"neow_bonus":"","is_prod":false,"is_daily":false,"chose_seed":false,"campfire_upgraded":6,"win_rate":0,"timestamp":1607490940,"path_taken":["?","M","?","?","?","R","E","R","T","R","E","?","?","$","R","BOSS","M","?","?","?","M","R","E","M","T","E","R","E","M","?","R","BOSS"],"build_version":"2020-11-30","purchased_purges":0,"victory":false,"max_hp_per_floor":[75,75,75,75,75,75,75,75,75,75,75,75,75,75,75,75,75,75,75,75,75,75,75,75,75,85,85,85,85,85,85,85,85,85],"relic_stats":{"Nunchaku":[4],"counters":[14,97],"Golden Idol":64,"obtain_stats":[{"hermit:ClaspedLocket":17,"Pear":26,"Golden Idol":12,"Blue Doll":7,"Hammer of Thor":0,"Replay:WaspNest":9,"Seething Fire":0,"Ancient Tea Set":11,"Replay:Arrowhead":27,"Du-Vu Doll":29,"sneckomod:BabySnecko":20,"Nunchaku":24,"Anvil of the Gods":0,"Orrery":14,"hexamod:BolsterEngine":21,"hermit:Momento":0},{"hermit:ClaspedLocket":6,"Pear":10,"Golden Idol":4,"Blue Doll":3,"Hammer of Thor":0,"Replay:WaspNest":3,"Seething Fire":0,"Ancient Tea Set":4,"Replay:Arrowhead":11,"Du-Vu Doll":12,"sneckomod:BabySnecko":7,"Nunchaku":9,"Anvil of the Gods":0,"Orrery":5,"hexamod:BolsterEngine":7,"hermit:Momento":0},{"hermit:ClaspedLocket":47,"Pear":69,"Golden Idol":31,"Blue Doll":21,"Hammer of Thor":0,"Replay:WaspNest":21,"Seething Fire":0,"Ancient Tea Set":31,"Replay:Arrowhead":77,"Du-Vu Doll":83,"sneckomod:BabySnecko":51,"Nunchaku":62,"Anvil of the Gods":0,"Orrery":36,"hexamod:BolsterEngine":51,"hermit:Momento":0}]},"card_choices":[{"not_picked":["hermit:EyeOfTheStorm","hermit:Scavenge"],"picked":"hermit:GhostlyPresence","floor":2},{"not_picked":["hermit:Glare","hermit:Misfire"],"picked":"hermit:Vantage","floor":4},{"not_picked":["hermit:Dissolve","hermit:Roughhouse"],"picked":"hermit:FatalDesire","floor":7},{"not_picked":["hermit:Magnum","hermit:HighNoon"],"picked":"hermit:FromBeyond","floor":11},{"not_picked":["hermit:TrackingShot","hermit:HighCaliber"],"picked":"hermit:Quickdraw","floor":13},{"not_picked":["hermit:Feint","hermit:Spite"],"picked":"hermit:Headshot","floor":14},{"not_picked":["hermit:Misfire","hermit:Headshot"],"picked":"hermit:FinalCanter","floor":14},{"not_picked":["hermit:LoneWolf","hermit:Desperado"],"picked":"hermit:Horror","floor":14},{"not_picked":["hermit:HighCaliber","hermit:Headshot"],"picked":"hermit:Coalescence","floor":14},{"not_picked":["hermit:Scavenge","hermit:Showdown"],"picked":"hermit:Determination","floor":14},{"not_picked":["hermit:FinalCanter","hermit:BlackWind"],"picked":"hermit:OverwhelmingPower","floor":16},{"not_picked":["hermit:Roulette","hermit:Coalescence"],"picked":"hermit:Spite","floor":18},{"not_picked":["hermit:Vantage","hermit:Ricochet+1","hermit:Spite"],"picked":"SKIP","floor":22},{"not_picked":["hermit:Dissolve","hermit:Gambit"],"picked":"hermit:Reprieve","floor":24},{"not_picked":["hermit:HighCaliber","hermit:LowProfile"],"picked":"hermit:CalledShot+1","floor":25},{"not_picked":["hermit:RoundhouseKick","hermit:Roughhouse"],"picked":"hermit:FatalDesire","floor":27},{"not_picked":["hermit:HeroicBravado","hermit:OverwhelmingPower"],"picked":"hermit:BlackWind","floor":29},{"not_picked":["hermit:BodyArmor","hermit:LoneWolf"],"picked":"hermit:Scavenge+1","floor":30}],"player_experience":76111,"relics_obtained":[{"floor":7,"key":"Blue Doll"},{"floor":9,"key":"Replay:WaspNest"},{"floor":11,"key":"Ancient Tea Set"},{"floor":24,"key":"Nunchaku"},{"floor":26,"key":"Pear"},{"floor":27,"key":"Replay:Arrowhead"},{"floor":29,"key":"Du-Vu Doll"}],"event_choices":[{"damage_healed":0,"gold_gain":0,"player_choice":"Ignored","damage_taken":0,"max_hp_gain":0,"max_hp_loss":0,"event_name":"NoteForYourself","floor":3,"gold_loss":0},{"damage_healed":0,"gold_gain":0,"player_choice":"Take Damage","damage_taken":18,"relics_obtained":["Golden Idol"],"max_hp_gain":0,"max_hp_loss":0,"event_name":"Golden Idol","floor":12,"gold_loss":0},{"damage_healed":0,"gold_gain":0,"player_choice":"Read","damage_taken":0,"max_hp_gain":0,"max_hp_loss":0,"event_name":"The Library","floor":19,"gold_loss":0,"cards_obtained":["hermit:ShadowCloak"]},{"damage_healed":0,"gold_gain":0,"player_choice":"Upgraded","damage_taken":0,"max_hp_gain":0,"max_hp_loss":0,"event_name":"Upgrade Shrine","floor":31,"gold_loss":0,"cards_upgraded":["hermit:OverwhelmingPower"]}],"is_beta":false,"boss_relics":[{"not_picked":["Honey Jar","SacredBark"],"picked":"hermit:ClaspedLocket"}],"items_purged_floors":[],"is_endless":false,"potions_floor_spawned":[4,11,18,24,27,30],"killed_by":"Pondfish","ascension_level":0}}