{"host":"kviluv6axgu7h8rh","time":1607539552,"event":{"gold_per_floor":[116,116,116,116,116,116,148,168,168,188,201,227,227,227,227,326,326,336,352,262,21,21,21,37,37,37],"floor_reached":25,"playtime":1039,"items_purged":[],"score":304,"play_id":"485b61e2-680b-493e-95a2-7c363b27f02b","local_time":"20201209194552","is_ascension_mode":false,"campfire_choices":[{"data":"Metamorphosis","floor":6,"key":"SMITH"},{"floor":13,"key":"REST"},{"floor":15,"key":"REST"}],"neow_cost":"NONE","seed_source_timestamp":22613963700300,"circlet_count":0,"master_deck":["Gash","Gash","Gash","Gash","Gash+1","Defend_B","Defend_B","Defend_B","Defend_B","Hello World","Metamorphosis+1","Gash","Clawfect:ClawLightning","Clawfect:ClawpileDriver","FTL","Clawfect:ScrapingClaw","StuffTheSpire:LaunchingStrike","Clawfect:ClawSnap","Clawfect:ClawCell","Rebound"],"relics":["StuffTheSpire:ModemDavis","halation:PinkSoulGem","halation:EternalFortune","BranchBurnRelic","conspire:Dentures","Omamori","Nunchaku","Replay:Mystery Machine","StuffTheSpire:ForceGauntlet"],"potions_floor_usage":[10,19,23],"damage_taken":[{"damage":5,"enemies":"2 Louse","floor":1,"turns":4},{"damage":32,"enemies":"3 Sentries","floor":7,"turns":7},{"damage":13,"enemies":"Jaw Worm","floor":8,"turns":3},{"damage":0,"enemies":"Cultist","floor":10,"turns":3},{"damage":16,"enemies":"Exordium Wildlife","floor":11,"turns":4},{"damage":28,"enemies":"Gremlin Nob","floor":12,"turns":4},{"damage":0,"enemies":"Slime Boss","floor":16,"turns":4},{"damage":41,"enemies":"2 Thieves","floor":18,"turns":4},{"damage":4,"enemies":"Chosen","floor":19,"turns":3},{"damage":0,"enemies":"Slavers","floor":23,"turns":1},{"damage":22,"enemies":"Snecko","floor":24,"turns":6},{"damage":14,"enemies":"Snake Plant","floor":25,"turns":1}],"seed_played":"-6784342212226153247","potions_obtained":[{"floor":1,"key":"SmokeBomb"},{"floor":8,"key":"Adrenaline Potion"},{"floor":11,"key":"SpeedPotion"},{"floor":18,"key":"EssenceOfDarkness"}],"is_trial":false,"path_per_floor":["M","?","T","?","?","R","E","M","T","M","M","E","R","T","R","B",null,"M","M","?","$","?","E","M","M"],"character_chosen":"DEFECT","items_purchased":["StuffTheSpire:ForceGauntlet"],"campfire_rested":2,"item_purchase_floors":[21],"current_hp_per_floor":[70,70,70,73,73,73,59,46,46,46,30,2,26,26,50,62,81,40,36,36,36,36,36,14,0,0],"gold":37,"neow_bonus":"BOSS_RELIC","is_prod":false,"is_daily":false,"chose_seed":false,"campfire_upgraded":1,"win_rate":0,"timestamp":1607539552,"path_taken":["M","?","?","?","?","R","E","M","T","M","?","E","R","?","R","BOSS","M","?","?","$","?","E","M","?"],"build_version":"2020-11-30","purchased_purges":0,"victory":false,"max_hp_per_floor":[75,75,75,78,78,78,81,81,81,81,81,81,81,81,81,81,81,81,81,81,81,81,81,81,81,81],"card_choices":[{"not_picked":["Clawfect:Clawrage","Clawfect:ClawingBeam"],"picked":"Hello World","floor":1},{"not_picked":["Replay:Parry","conspire:Banana"],"picked":"Metamorphosis","floor":5},{"not_picked":["BasicCrystalCard","Conserve Battery"],"picked":"Gash","floor":7},{"not_picked":["Blizzard","Crystallizer"],"picked":"Clawfect:ClawLightning","floor":8},{"not_picked":["Clawfect:ClawingBeam","Panic Button"],"picked":"Clawfect:ClawpileDriver","floor":10},{"not_picked":["Clawfect:ClawForTheEyes","Turbo"],"picked":"FTL","floor":11},{"not_picked":["Panic Button","Stack"],"picked":"Clawfect:ScrapingClaw","floor":12},{"not_picked":["Biased Cognition","hubris:Prefetch"],"picked":"StuffTheSpire:LaunchingStrike","floor":16},{"not_picked":["Storm","Clawfect:ScrapingClaw"],"picked":"Clawfect:ClawSnap","floor":18},{"not_picked":["Hologram","Clawfect:ClawSnap"],"picked":"Clawfect:ClawCell","floor":19},{"not_picked":["FIFO Queue","Glacier"],"picked":"Rebound","floor":24}],"player_experience":387099,"relics_obtained":[{"floor":3,"key":"Dead Branch"},{"floor":7,"key":"halation:EternalFortune"},{"floor":7,"key":"conspire:Dentures"},{"floor":9,"key":"Omamori"},{"floor":12,"key":"Nunchaku"},{"floor":14,"key":"Replay:Mystery Machine"}],"event_choices":[{"damage_healed":0,"gold_gain":1,"player_choice":"1","damage_taken":0,"max_hp_gain":0,"max_hp_loss":0,"event_name":"betterStone:BetterStone","floor":5,"gold_loss":0},{"cards_removed":["Defend_B"],"damage_healed":0,"gold_gain":0,"player_choice":"Upgrade and Remove","damage_taken":0,"max_hp_gain":0,"max_hp_loss":0,"event_name":"Designer","floor":20,"gold_loss":90,"cards_upgraded":["Gash"]},{"damage_healed":0,"gold_gain":0,"player_choice":"Ignored","damage_taken":0,"max_hp_gain":0,"max_hp_loss":0,"event_name":"betterNote:BetterNote","floor":22,"gold_loss":0,"cards_obtained":["conspire:GhostlyDefend"]}],"is_beta":false,"boss_relics":[{"not_picked":["conspire:RoyalGoblet","aspiration:RitualDagger","CCEMRelics:TransientCore"]}],"items_purged_floors":[],"is_endless":false,"potions_floor_spawned":[1,8,11,18,23],"killed_by":"Snake Plant","ascension_level":0}}