{"host":"gpvfax9ls8tf4xze","time":1607522717,"event":{"gold_per_floor":[114,132,132,146,156,186,200,231,231,231,262,262,277,289,289,390,440,457,472,7,22,39,39,64,64,90,124,136,170,27,47,47,47,47],"floor_reached":33,"playtime":2875,"items_purged":[],"score":373,"play_id":"2f3e6189-888e-4210-82a7-0dd7711e1a84","local_time":"20201209230517","is_ascension_mode":true,"campfire_choices":[{"data":"Barrage","floor":10.0,"key":"SMITH"},{"data":"Redo","floor":15.0,"key":"SMITH"},{"floor":23.0,"key":"REST"},{"floor":25,"key":"RECALL"},{"floor":32,"key":"REST"}],"neow_cost":"NONE","seed_source_timestamp":0,"circlet_count":0,"master_deck":["Strike_B","Strike_B","Strike_B","Defend_B","Defend_B","Defend_B","Defend_B","Zap+1","Dualcast+1","Conserve Battery","Glacier","Redo+1","Barrage+1","Buffer","Ball Lightning","Chaos+1","Machine Learning","Double Energy","Barrage","Steam+1","All For One","Hello World+1","Ball Lightning+1","Steam+1","Melter+1","Self Repair"],"special_seed":0,"relics":["Cracked Core","Akabeko","Bag of Marbles","Shuriken","Tiny House","Lizard Tail","Turnip","Pen Nib","PreservedInsect","HornCleat","War Paint"],"potions_floor_usage":[24,27,29,33],"damage_taken":[{"damage":1.0,"enemies":"2 Louse","floor":1.0,"turns":3.0},{"damage":0.0,"enemies":"Small Slimes","floor":2.0,"turns":4.0},{"damage":0.0,"enemies":"Cultist","floor":4.0,"turns":3.0},{"damage":3.0,"enemies":"Lots of Slimes","floor":5.0,"turns":5.0},{"damage":3.0,"enemies":"Lagavulin","floor":6.0,"turns":13.0},{"damage":0.0,"enemies":"Exordium Thugs","floor":7.0,"turns":4.0},{"damage":2.0,"enemies":"3 Sentries","floor":8.0,"turns":9.0},{"damage":10.0,"enemies":"Gremlin Nob","floor":11.0,"turns":4.0},{"damage":4.0,"enemies":"3 Louse","floor":13.0,"turns":3.0},{"damage":0.0,"enemies":"Blue Slaver","floor":14.0,"turns":3.0},{"damage":35.0,"enemies":"The Guardian","floor":16.0,"turns":11.0},{"damage":20.0,"enemies":"2 Thieves","floor":18.0,"turns":5.0},{"damage":10.0,"enemies":"Spheric Guardian","floor":19.0,"turns":4.0},{"damage":2.0,"enemies":"Chosen and Byrds","floor":21.0,"turns":4.0},{"damage":24.0,"enemies":"3 Cultists","floor":22.0,"turns":6.0},{"damage":19,"enemies":"Slavers","floor":24,"turns":3},{"damage":56,"enemies":"Gremlin Leader","floor":27,"turns":6},{"damage":32,"enemies":"Snake Plant","floor":28,"turns":3},{"damage":2,"enemies":"Book of Stabbing","floor":29,"turns":5},{"damage":9,"enemies":"Cultist and Chosen","floor":31,"turns":5},{"damage":30,"enemies":"Collector","floor":33,"turns":3}],"seed_played":"-5719262002216051954","potions_obtained":[{"floor":4.0,"key":"Energy Potion"},{"floor":5.0,"key":"Weak Potion"},{"floor":7.0,"key":"Fire Potion"},{"floor":14.0,"key":"Fire Potion"},{"floor":17.0,"key":"FocusPotion"},{"floor":18.0,"key":"LiquidBronze"},{"floor":24,"key":"GamblersBrew"},{"floor":28,"key":"GamblersBrew"},{"floor":29,"key":"Ancient Potion"},{"floor":31,"key":"SpeedPotion"}],"is_trial":false,"path_per_floor":["M","M","?","M","M","E","M","E","T","R","E","?","M","M","R","B",null,"M","M","$","M","M","R","E","R","T","E","M","E","$","M","R","B"],"character_chosen":"DEFECT","items_purchased":["Lizard Tail","All For One","War Paint"],"campfire_rested":2,"item_purchase_floors":[20,20,30],"current_hp_per_floor":[81,81,86,86,83,80,80,78,78,78,68,68,64,64,64,29,92,72,62,62,60,36,63,44,44,44,46,14,12,12,3,30,0,0],"gold":47,"neow_bonus":"TEN_PERCENT_HP_BONUS","is_prod":false,"is_daily":false,"chose_seed":false,"campfire_upgraded":2,"win_rate":0,"timestamp":1607522717,"path_taken":["M","M","?","M","M","E","M","E","T","R","E","?","M","?","R","BOSS","M","M","?","M","M","R","E","R","T","E","M","E","$","?","R","BOSS"],"build_version":"2020-11-30","purchased_purges":0,"victory":false,"max_hp_per_floor":[82,82,87,87,87,87,87,87,87,87,87,87,87,87,87,87,92,92,92,92,92,92,92,92,92,92,92,92,92,92,92,92,92,92],"card_choices":[{"not_picked":["Ball Lightning","Go for the Eyes"],"picked":"Conserve Battery","floor":1.0},{"not_picked":["Steam","Storm","Beam Cell"],"picked":"SKIP","floor":2.0},{"not_picked":["Cold Snap","Recycle"],"picked":"Glacier","floor":4.0},{"not_picked":["Beam Cell","Tempest"],"picked":"Redo","floor":5.0},{"not_picked":["Go for the Eyes","Self Repair"],"picked":"Barrage","floor":6.0},{"not_picked":["Redo","Steam"],"picked":"Buffer","floor":7.0},{"not_picked":["Stack","Turbo"],"picked":"Ball Lightning","floor":8.0},{"not_picked":["All For One","Compile Driver","Beam Cell"],"picked":"SKIP","floor":11.0},{"not_picked":["Glacier","Leap"],"picked":"Chaos","floor":13.0},{"not_picked":["Hologram","Redo","Aggregate"],"picked":"SKIP","floor":14.0},{"not_picked":["Hyperbeam","Electrodynamics"],"picked":"Machine Learning","floor":16.0},{"not_picked":["Reprogram","Chaos"],"picked":"Double Energy","floor":17.0},{"not_picked":["Coolheaded","Genetic Algorithm"],"picked":"Barrage","floor":18.0},{"not_picked":["Leap","Consume"],"picked":"Steam+1","floor":19.0},{"not_picked":["Leap","Coolheaded","Conserve Battery"],"picked":"SKIP","floor":21.0},{"not_picked":["Static Discharge+1","Stack"],"picked":"Hello World+1","floor":22.0},{"not_picked":["BasicCrystalCard","Genetic Algorithm","Time Bomb"],"picked":"SKIP","floor":24},{"not_picked":["Auto Shields","Turbo"],"picked":"Ball Lightning+1","floor":27},{"not_picked":["Rebound","Leap"],"picked":"Steam+1","floor":28},{"not_picked":["Leap","Hyperbeam"],"picked":"Melter+1","floor":29},{"not_picked":["Ball Lightning","Panic Button"],"picked":"Self Repair","floor":31}],"player_experience":633980,"relics_obtained":[{"floor":6.0,"key":"Akabeko"},{"floor":8.0,"key":"Bag of Marbles"},{"floor":11.0,"key":"Shuriken"},{"floor":24,"key":"Turnip"},{"floor":26,"key":"Pen Nib"},{"floor":27,"key":"PreservedInsect"},{"floor":29,"key":"HornCleat"}],"event_choices":[{"damage_healed":0.0,"max_hp_gain":5.0,"max_hp_loss":0.0,"gold_gain":0.0,"event_name":"Big Fish","player_choice":"Donut","floor":3.0,"gold_loss":0.0,"damage_taken":0.0},{"cards_removed":["Strike_B"],"damage_healed":0.0,"max_hp_gain":0.0,"max_hp_loss":0.0,"gold_gain":0.0,"event_name":"Bonfire Elementals","player_choice":"Offered Basic","floor":12.0,"gold_loss":0.0,"damage_taken":0.0}],"is_beta":false,"boss_relics":[{"not_picked":["Busted Crown","Runic Dome"],"picked":"Tiny House"}],"items_purged_floors":[],"is_endless":false,"potions_floor_spawned":[4,5,7,14,18,24,28,29,31],"killed_by":"Collector","ascension_level":1}}