{"host":"q9718omregw4er46","time":1607527509,"event":{"gold_per_floor":[114,125,141,141,156,156,184,19,19,31,42,72,82,99,99,177,177,192,467,487,507,94,94,19,48,72,103,117,117,145,157,157,231,231,243,257,120,133,133,133],"floor_reached":39,"playtime":1952,"items_purged":["Regret","Strike_P"],"score":963,"play_id":"0567d0a2-f07c-441a-928a-4bde59c84cc0","local_time":"20201209202509","is_ascension_mode":true,"campfire_choices":[{"data":"Conclude","floor":6.0,"key":"SMITH"},{"data":"Blasphemy","floor":15.0,"key":"SMITH"},{"data":"TalkToTheHand","floor":23,"key":"SMITH"},{"data":"Fasting2","floor":29,"key":"SMITH"},{"data":"MentalFortress","floor":32,"key":"SMITH"}],"neow_cost":"NONE","seed_source_timestamp":40322224507180,"circlet_count":0,"master_deck":["AscendersBane","Strike_P","Strike_P","Defend_P","Defend_P","Defend_P","Defend_P","Eruption","Vigilance","TalkToTheHand+1","FlurryOfBlows","FlyingSleeves","Conclude+1","Blasphemy+1","Consecrate+1","FearNoEvil+1","WheelKick+1","DevaForm","MentalFortress+1","Ragnarok+1","CrushJoints+1","Scrawl","Omniscience","Fasting2+1","ConjureBlade","Ragnarok+1","MentalFortress","Wireheading"],"special_seed":0,"relics":["HolyWater","Toy Ornithopter","Molten Egg 2","Bag of Preparation","InkBottle","Vajra","Lee\u0027s Waffle","Blood Vial","MealTicket","Art of War","Damaru","Philosopher\u0027s Stone"],"potions_floor_usage":[20,20,27,28,30,35,39,39],"damage_taken":[{"damage":9.0,"enemies":"Jaw Worm","floor":1.0,"turns":6.0},{"damage":0.0,"enemies":"Small Slimes","floor":2.0,"turns":3.0},{"damage":4.0,"enemies":"Cultist","floor":3.0,"turns":5.0},{"damage":12.0,"enemies":"Exordium Wildlife","floor":5.0,"turns":5.0},{"damage":13.0,"enemies":"Gremlin Nob","floor":7.0,"turns":3.0},{"damage":0.0,"enemies":"Large Slime","floor":10.0,"turns":3.0},{"damage":0.0,"enemies":"3 Louse","floor":11.0,"turns":1.0},{"damage":0.0,"enemies":"Lagavulin","floor":12.0,"turns":4.0},{"damage":0.0,"enemies":"2 Fungi Beasts","floor":13.0,"turns":1.0},{"damage":0.0,"enemies":"Gremlin Gang","floor":14.0,"turns":1.0},{"damage":10.0,"enemies":"Hexaghost","floor":16.0,"turns":6.0},{"damage":0,"enemies":"Chosen","floor":18,"turns":3},{"damage":25,"enemies":"3 Byrds","floor":20,"turns":3},{"damage":11,"enemies":"Centurion and Healer","floor":21,"turns":2},{"damage":12,"enemies":"Book of Stabbing","floor":25,"turns":3},{"damage":21,"enemies":"Gremlin Leader","floor":27,"turns":4},{"damage":14,"enemies":"Snecko","floor":28,"turns":4},{"damage":0,"enemies":"Slavers","floor":30,"turns":1},{"damage":22,"enemies":"Sentry and Sphere","floor":31,"turns":4},{"damage":26,"enemies":"Collector","floor":33,"turns":4},{"damage":31,"enemies":"3 Darklings","floor":35,"turns":4},{"damage":16,"enemies":"3 Shapes","floor":36,"turns":6},{"damage":0,"enemies":"Maw","floor":38,"turns":4},{"damage":67,"enemies":"2 Orb Walkers","floor":39,"turns":3}],"seed_played":"6517885177386828832","potions_obtained":[{"floor":2.0,"key":"EntropicBrew"},{"floor":7.0,"key":"DistilledChaos"},{"floor":10.0,"key":"ColorlessPotion"},{"floor":12.0,"key":"EntropicBrew"},{"floor":16.0,"key":"DistilledChaos"},{"floor":27,"key":"AttackPotion"},{"floor":28,"key":"BottledMiracle"},{"floor":30,"key":"StancePotion"},{"floor":31,"key":"PowerPotion"},{"floor":36,"key":"Weak Potion"}],"is_trial":false,"path_per_floor":["M","M","M","?","M","R","E","$","T","M","M","E","M","M","R","B",null,"M","?","M","M","$","R","?","E","T","E","M","R","E","M","R","B",null,"M","M","$","M","?"],"character_chosen":"WATCHER","items_purchased":["Bag of Preparation","Scrawl","Lee\u0027s Waffle","Wireheading"],"campfire_rested":0,"item_purchase_floors":[8,22,22,37],"current_hp_per_floor":[58,58,54,49,42,42,29,29,29,34,34,34,34,34,34,24,62,62,62,47,36,81,81,81,69,69,55,48,48,55,35,35,11,64,40,26,41,43,0,0],"gold":133,"neow_bonus":"TEN_PERCENT_HP_BONUS","is_prod":false,"is_daily":false,"chose_seed":false,"campfire_upgraded":5,"win_rate":0,"timestamp":1607527509,"path_taken":["M","M","M","?","M","R","E","$","T","M","M","E","M","M","R","BOSS","M","?","?","M","$","R","?","E","T","E","M","R","E","M","R","BOSS","M","M","$","M","?"],"build_version":"2020-11-30","purchased_purges":2,"victory":false,"max_hp_per_floor":[74,74,74,74,74,74,74,74,74,74,74,74,74,74,74,74,74,74,74,74,74,81,81,81,81,81,81,81,81,81,81,81,81,81,81,81,81,81,81,81],"relic_stats":{"Blood Vial":18,"Lee\u0027s Waffle":45,"counters":[24,83],"MealTicket":15,"Bag of Preparation":[38],"Art of War":[5],"obtain_stats":[{"Lee\u0027s Waffle":22,"Vajra":12,"Damaru":30,"Bag of Preparation":8,"Blood Vial":25,"HolyWater":17,"Molten Egg 2":7,"MealTicket":26,"Philosopher\u0027s Stone":34,"Art of War":27,"PureWater":0,"Toy Ornithopter":4,"InkBottle":9},{"Lee\u0027s Waffle":14,"Vajra":8,"Damaru":18,"Bag of Preparation":5,"Blood Vial":15,"HolyWater":11,"Molten Egg 2":5,"MealTicket":15,"Philosopher\u0027s Stone":20,"Art of War":16,"PureWater":0,"Toy Ornithopter":3,"InkBottle":5},{"Lee\u0027s Waffle":46,"Vajra":30,"Damaru":58,"Bag of Preparation":22,"Blood Vial":49,"HolyWater":38,"Molten Egg 2":22,"MealTicket":49,"Philosopher\u0027s Stone":66,"Art of War":53,"PureWater":0,"Toy Ornithopter":14,"InkBottle":22}],"Toy Ornithopter":50,"InkBottle":[32]},"card_choices":[{"not_picked":["SashWhip","ThirdEye"],"picked":"TalkToTheHand","floor":1.0},{"not_picked":["Indignation","Protect"],"picked":"FlurryOfBlows","floor":2.0},{"not_picked":["SignatureMove","Consecrate"],"picked":"FlyingSleeves","floor":3.0},{"not_picked":["BattleHymn","FlyingSleeves"],"picked":"Conclude","floor":5.0},{"not_picked":["SandsOfTime+1","CutThroughFate+1"],"picked":"Blasphemy","floor":7.0},{"not_picked":["CutThroughFate+1","Sanctity"],"picked":"Consecrate+1","floor":10.0},{"not_picked":["Halt","BowlingBash+1"],"picked":"FearNoEvil+1","floor":11.0},{"not_picked":["Study","Perseverance"],"picked":"WheelKick+1","floor":12.0},{"not_picked":["CrushJoints+1","Protect"],"picked":"DevaForm","floor":13.0},{"not_picked":["PathToVictory","Crescendo"],"picked":"MentalFortress","floor":14.0},{"not_picked":["Wish","Judgement"],"picked":"Ragnarok+1","floor":16.0},{"not_picked":["FollowUp+1","SandsOfTime+1","Evaluate"],"picked":"SKIP","floor":18},{"not_picked":["FlyingSleeves+1","Crescendo","ThirdEye"],"picked":"SKIP","floor":20},{"not_picked":["Halt","ReachHeaven+1"],"picked":"CrushJoints+1","floor":21},{"not_picked":["ClearTheMind","BowlingBash+1"],"picked":"Omniscience","floor":25},{"not_picked":["ClearTheMind","Vengeance"],"picked":"Fasting2","floor":27},{"not_picked":["Prostrate","FlyingSleeves+1","Perseverance"],"picked":"SKIP","floor":28},{"not_picked":["EmptyFist+1","BowlingBash+1"],"picked":"ConjureBlade","floor":30},{"not_picked":["BattleHymn+1","PathToVictory+1","EmptyBody"],"picked":"SKIP","floor":31},{"not_picked":["Judgement","MasterReality"],"picked":"Ragnarok+1","floor":33},{"not_picked":["Swivel","Fasting2","Conclude+1"],"picked":"SKIP","floor":35},{"not_picked":["WheelKick+1","CrushJoints+1"],"picked":"MentalFortress","floor":36},{"not_picked":["EmptyBody+1","Swivel","FlyingSleeves+1"],"picked":"SKIP","floor":38}],"player_experience":975460,"relics_obtained":[{"floor":7.0,"key":"Molten Egg 2"},{"floor":9.0,"key":"InkBottle"},{"floor":12.0,"key":"Vajra"},{"floor":25,"key":"Blood Vial"},{"floor":26,"key":"MealTicket"},{"floor":27,"key":"Art of War"},{"floor":30,"key":"Damaru"}],"event_choices":[{"damage_healed":0.0,"max_hp_gain":0.0,"max_hp_loss":0.0,"gold_gain":0.0,"event_name":"Scrap Ooze","player_choice":"Success","floor":4.0,"gold_loss":0.0,"damage_taken":5.0,"relics_obtained":["Toy Ornithopter"]},{"damage_healed":0,"gold_gain":275,"player_choice":"Desecrate","damage_taken":0,"max_hp_gain":0,"max_hp_loss":0,"event_name":"Golden Shrine","floor":19,"gold_loss":0,"cards_obtained":["Regret"]},{"cards_removed":["Strike_P"],"damage_healed":0,"gold_gain":0,"player_choice":"Gave Gold","damage_taken":0,"max_hp_gain":0,"max_hp_loss":0,"event_name":"Beggar","floor":24,"gold_loss":75},{"damage_healed":0,"gold_gain":0,"player_choice":"Fight","damage_taken":0,"max_hp_gain":0,"max_hp_loss":0,"event_name":"Mysterious Sphere","floor":39,"gold_loss":0}],"is_beta":false,"boss_relics":[{"not_picked":["Tiny House","Sozu"],"picked":"HolyWater"},{"not_picked":["SlaversCollar","Runic Pyramid"],"picked":"Philosopher\u0027s Stone"}],"items_purged_floors":[22,37],"is_endless":false,"potions_floor_spawned":[2,7,10,12,16,25,27,28,30,31,33,36],"killed_by":"2 Orb Walkers","ascension_level":18}}