{"host":"7gewg82ormp6yt4e","time":1607523968,"event":{"gold_per_floor":[117,134,134,134,27,62,62,94,94,94,94,119,138,157,157,229,229,249,17,17,17,29,29,46,56,56,86,100,130,130,144,144,218,218,230,249,249,88,88,88,114,114,114,132,142,142,170,182,182,182,182,182,182,11,40,40,40],"floor_reached":56,"playtime":4054,"items_purged":["Strike_G"],"score":2055,"play_id":"5d6ba0d5-ede7-425c-bd49-87819564257a","local_time":"20201209232608","is_ascension_mode":true,"campfire_choices":[{"data":"Footwork","floor":7.0,"key":"SMITH"},{"data":"Poisoned Stab","floor":10.0,"key":"SMITH"},{"floor":15.0,"key":"REST"},{"floor":23.0,"key":"REST"},{"data":"Leg Sweep","floor":30.0,"key":"SMITH"},{"data":"PiercingWail","floor":32.0,"key":"SMITH"},{"floor":40.0,"key":"RECALL"},{"floor":42.0,"key":"REST"},{"floor":49.0,"key":"REST"},{"floor":53.0,"key":"REST"}],"neow_cost":"NONE","seed_source_timestamp":946059105930000,"circlet_count":0,"master_deck":["AscendersBane","Strike_G+1","Strike_G+1","Strike_G+1","Strike_G+1","Defend_G+1","Defend_G+1","Defend_G+1","Defend_G+1","Defend_G+1","Survivor","Footwork+1","Poisoned Stab+1","Dagger Throw+1","Leg Sweep","Dagger Throw+1","Riddle With Holes+1","Bane+1","Die Die Die+1","Predator+1","Predator+1","Leg Sweep+1","Underhanded Strike+1","Underhanded Strike+1","Bouncing Flask+1","Leg Sweep","Terror","PiercingWail+1","Bullet Time","Backflip","PiercingWail","Backflip","Choke+1","Acrobatics","Acrobatics+1","Bouncing Flask"],"special_seed":0,"relics":["Ring of the Snake","NeowsBlessing","StrikeDummy","Molten Egg 2","Letter Opener","Strawberry","Snecko Eye","Bag of Preparation","CaptainsWheel","Whetstone","Paper Crane","Fusion Hammer","Smiling Mask","ClockworkSouvenir","Sundial","Ancient Tea Set","TheAbacus","Blue Candle"],"potions_floor_usage":[56],"damage_taken":[{"damage":0.0,"enemies":"2 Louse","floor":1.0,"turns":1.0},{"damage":0.0,"enemies":"Small Slimes","floor":2.0,"turns":1.0},{"damage":0.0,"enemies":"Lagavulin","floor":6.0,"turns":1.0},{"damage":12.0,"enemies":"3 Sentries","floor":8.0,"turns":9.0},{"damage":21.0,"enemies":"Gremlin Nob","floor":12.0,"turns":4.0},{"damage":2.0,"enemies":"Jaw Worm","floor":13.0,"turns":3.0},{"damage":3.0,"enemies":"Looter","floor":14.0,"turns":3.0},{"damage":36.0,"enemies":"Slime Boss","floor":16.0,"turns":13.0},{"damage":32.0,"enemies":"Shell Parasite","floor":18.0,"turns":6.0},{"damage":0.0,"enemies":"2 Thieves","floor":22.0,"turns":2.0},{"damage":2.0,"enemies":"Snake Plant","floor":24.0,"turns":4.0},{"damage":4.0,"enemies":"Centurion and Healer","floor":25.0,"turns":5.0},{"damage":0.0,"enemies":"Gremlin Leader","floor":27.0,"turns":6.0},{"damage":0.0,"enemies":"Sentry and Sphere","floor":28.0,"turns":5.0},{"damage":0.0,"enemies":"Slavers","floor":29.0,"turns":5.0},{"damage":0.0,"enemies":"Snecko","floor":31.0,"turns":4.0},{"damage":22.0,"enemies":"Collector","floor":33.0,"turns":10.0},{"damage":0.0,"enemies":"3 Shapes","floor":35.0,"turns":2.0},{"damage":5.0,"enemies":"Orb Walker","floor":36.0,"turns":2.0},{"damage":2.0,"enemies":"Giant Head","floor":41.0,"turns":6.0},{"damage":11.0,"enemies":"Jaw Worm Horde","floor":44.0,"turns":4.0},{"damage":0.0,"enemies":"4 Shapes","floor":45.0,"turns":4.0},{"damage":16.0,"enemies":"Reptomancer","floor":47.0,"turns":4.0},{"damage":0.0,"enemies":"Sphere and 2 Shapes","floor":48.0,"turns":2.0},{"damage":21.0,"enemies":"Awakened One","floor":50.0,"turns":9.0},{"damage":11.0,"enemies":"Time Eater","floor":51.0,"turns":12.0},{"damage":8.0,"enemies":"Shield and Spear","floor":55.0,"turns":6.0},{"damage":72,"enemies":"The Heart","floor":56,"turns":8}],"seed_played":"2775249298783588712","potions_obtained":[{"floor":6.0,"key":"Explosive Potion"},{"floor":12.0,"key":"DistilledChaos"},{"floor":13.0,"key":"Poison Potion"},{"floor":24.0,"key":"CunningPotion"},{"floor":27.0,"key":"LiquidBronze"},{"floor":28.0,"key":"Block Potion"},{"floor":29.0,"key":"BlessingOfTheForge"},{"floor":36.0,"key":"Ancient Potion"},{"floor":41.0,"key":"Fruit Juice"},{"floor":47.0,"key":"SkillPotion"},{"floor":48.0,"key":"LiquidBronze"}],"is_trial":false,"path_per_floor":["M","M","$","?","$","E","R","E","T","R","?","E","M","M","R","B",null,"M","$","?","?","M","R","M","M","T","E","M","E","R","M","R","B",null,"M","M","?","$","?","R","E","R","T","M","M","?","E","M","R","B","B",null,"R","$","E","B"],"character_chosen":"THE_SILENT","items_purchased":["Dagger Throw","CunningPotion","Bag of Preparation","ClockworkSouvenir","TheAbacus"],"campfire_rested":5,"item_purchase_floors":[5,5,19,38,54],"current_hp_per_floor":[59,59,59,59,59,59,59,47,47,47,47,33,31,28,49,13,58,26,26,26,26,26,47,45,41,41,41,41,41,41,41,41,19,60,60,55,55,55,55,55,53,73,73,62,62,62,46,51,74,53,42,69,78,78,70,0,0],"gold":40,"neow_bonus":"THREE_ENEMY_KILL","is_prod":false,"is_daily":false,"chose_seed":false,"campfire_upgraded":4,"win_rate":0,"timestamp":1607523968,"path_taken":["M","M","$","?","$","E","R","E","T","R","?","E","M","M","R","BOSS","M","$","?","?","M","R","?","M","T","E","?","E","R","M","R","BOSS","M","M","?","?","?","R","E","R","T","?","M","?","E","M","R","BOSS","BOSS","R","$","E","BOSS"],"build_version":"2020-11-30","purchased_purges":1,"victory":false,"max_hp_per_floor":[66,66,66,66,66,66,66,66,66,66,66,73,73,73,73,73,73,73,73,73,73,73,73,73,73,73,73,73,73,73,73,73,73,73,73,73,73,73,73,73,73,73,73,73,73,73,73,78,78,78,78,78,78,78,78,78,78],"relic_stats":{"TheAbacus":[18],"counters":[28,141],"Sundial":[8],"Blue Candle":[0],"Snecko Eye":[233,259,222,231],"Bag of Preparation":[19],"Letter Opener":[270],"Whetstone":["Dagger Throw"],"Smiling Mask":0,"obtain_stats":[{"NeowsBlessing":0,"Blue Candle":55,"Bag of Preparation":19,"Letter Opener":9,"Whetstone":27,"Paper Crane":29,"Smiling Mask":37,"Ancient Tea Set":47,"ClockworkSouvenir":38,"CaptainsWheel":26,"TheAbacus":54,"Sundial":41,"Strawberry":12,"Snecko Eye":17,"Molten Egg 2":8,"Fusion Hammer":34,"StrikeDummy":6,"Ring of the Snake":0},{"NeowsBlessing":0,"Blue Candle":27,"Bag of Preparation":9,"Letter Opener":4,"Whetstone":13,"Paper Crane":15,"Smiling Mask":19,"Ancient Tea Set":23,"ClockworkSouvenir":19,"CaptainsWheel":12,"TheAbacus":26,"Sundial":20,"Strawberry":5,"Snecko Eye":8,"Molten Egg 2":4,"Fusion Hammer":17,"StrikeDummy":3,"Ring of the Snake":0},{"NeowsBlessing":0,"Blue Candle":133,"Bag of Preparation":41,"Letter Opener":12,"Whetstone":58,"Paper Crane":68,"Smiling Mask":86,"Ancient Tea Set":104,"ClockworkSouvenir":86,"CaptainsWheel":52,"TheAbacus":127,"Sundial":92,"Strawberry":16,"Snecko Eye":35,"Molten Egg 2":12,"Fusion Hammer":82,"StrikeDummy":3,"Ring of the Snake":0}],"Ring of the Snake":[56]},"card_choices":[{"not_picked":["Outmaneuver","Sucker Punch"],"picked":"Footwork","floor":1.0},{"not_picked":["Outmaneuver","Dagger Spray"],"picked":"Poisoned Stab","floor":2.0},{"not_picked":["Acrobatics","Caltrops"],"picked":"Leg Sweep","floor":6.0},{"not_picked":["Escape Plan","Expertise"],"picked":"Dagger Throw+1","floor":8.0},{"not_picked":["Dagger Throw+1","Acrobatics"],"picked":"Heel Hook+1","floor":12.0},{"not_picked":["Reflex","Backflip"],"picked":"Riddle With Holes+1","floor":13.0},{"not_picked":["Cloak And Dagger","Dodge and Roll"],"picked":"Bane+1","floor":14.0},{"not_picked":["Corpse Explosion","Tools of the Trade"],"picked":"Die Die Die+1","floor":16.0},{"not_picked":["Deadly Poison","Riddle With Holes+1"],"picked":"Predator+1","floor":18.0},{"not_picked":["Sucker Punch+1","Bane+1"],"picked":"Underhanded Strike+1","floor":22.0},{"not_picked":["Cloak And Dagger","Deflect"],"picked":"Underhanded Strike+1","floor":24.0},{"not_picked":["Backstab+1","Deadly Poison","Tactician"],"picked":"SKIP","floor":25.0},{"not_picked":["Storm of Steel","Burst"],"picked":"Bouncing Flask+1","floor":27.0},{"not_picked":["Dagger Spray+1","Noxious Fumes"],"picked":"Leg Sweep","floor":28.0},{"not_picked":["Cloak And Dagger","Adrenaline"],"picked":"Terror","floor":29.0},{"not_picked":["Expertise","Underhanded Strike+1"],"picked":"PiercingWail","floor":31.0},{"not_picked":["Storm of Steel","Tools of the Trade"],"picked":"Bullet Time","floor":33.0},{"not_picked":["Sucker Punch+1","Cloak And Dagger+1"],"picked":"Backflip","floor":35.0},{"not_picked":["Backflip","Doppelganger"],"picked":"PiercingWail","floor":36.0},{"not_picked":["Deadly Poison","Sucker Punch+1"],"picked":"Backflip","floor":41.0},{"not_picked":["Leg Sweep","Crippling Poison"],"picked":"Choke+1","floor":44.0},{"not_picked":["Setup+1","Sucker Punch+1"],"picked":"Acrobatics","floor":45.0},{"not_picked":["Prepared","Dodge and Roll"],"picked":"Acrobatics+1","floor":47.0},{"not_picked":["Calculated Gamble","Outmaneuver"],"picked":"Bouncing Flask","floor":48.0},{"not_picked":["Endless Agony+1","Dagger Spray+1","Backflip"],"picked":"SKIP","floor":55.0}],"player_experience":2293988,"relics_obtained":[{"floor":6.0,"key":"StrikeDummy"},{"floor":8.0,"key":"Molten Egg 2"},{"floor":9.0,"key":"Letter Opener"},{"floor":12.0,"key":"Strawberry"},{"floor":26.0,"key":"CaptainsWheel"},{"floor":27.0,"key":"Whetstone"},{"floor":29.0,"key":"Paper Crane"},{"floor":41.0,"key":"Sundial"},{"floor":47.0,"key":"Ancient Tea Set"},{"floor":55.0,"key":"Blue Candle"}],"event_choices":[{"damage_healed":0.0,"max_hp_gain":0.0,"max_hp_loss":0.0,"gold_gain":0.0,"event_name":"The Cleric","player_choice":"Leave","floor":4.0,"gold_loss":0.0,"damage_taken":0.0},{"damage_healed":0.0,"max_hp_gain":0.0,"max_hp_loss":0.0,"gold_gain":0.0,"event_name":"Liars Game","player_choice":"Ignored","floor":11.0,"gold_loss":0.0,"damage_taken":0.0},{"damage_healed":0.0,"max_hp_gain":0.0,"max_hp_loss":0.0,"gold_gain":0.0,"event_name":"Back to Basics","player_choice":"Simplicity","floor":20.0,"gold_loss":0.0,"damage_taken":0.0,"cards_upgraded":["Strike_G","Strike_G","Strike_G","Strike_G","Defend_G","Defend_G","Defend_G","Defend_G","Defend_G"]},{"damage_healed":0.0,"max_hp_gain":0.0,"max_hp_loss":0.0,"gold_gain":0.0,"cards_transformed":["Neutralize","Heel Hook"],"event_name":"Drug Dealer","player_choice":"Became Test Subject","floor":21.0,"gold_loss":0.0,"damage_taken":0.0,"cards_obtained":["Predator","Leg Sweep"]},{"damage_healed":0.0,"max_hp_gain":0.0,"max_hp_loss":0.0,"gold_gain":0.0,"event_name":"WeMeetAgain","player_choice":"Gave Potion","floor":37.0,"gold_loss":0.0,"damage_taken":0.0,"relics_obtained":["Smiling Mask"]},{"damage_healed":0.0,"max_hp_gain":0.0,"max_hp_loss":0.0,"gold_gain":0.0,"event_name":"Match and Keep!","player_choice":"0 cards matched","floor":39.0,"gold_loss":0.0,"damage_taken":0.0,"cards_obtained":[]},{"damage_healed":0.0,"max_hp_gain":0.0,"max_hp_loss":0.0,"gold_gain":0.0,"event_name":"Tomb of Lord Red Mask","player_choice":"Ignored","floor":46.0,"gold_loss":0.0,"damage_taken":0.0}],"is_beta":false,"boss_relics":[{"not_picked":["Runic Pyramid","Cursed Key"],"picked":"Snecko Eye"},{"not_picked":["Ring of the Serpent","Pandora\u0027s Box"],"picked":"Fusion Hammer"}],"items_purged_floors":[19],"is_endless":false,"potions_floor_spawned":[6,12,13,24,27,28,29,36,41,47,48],"killed_by":"The Heart","ascension_level":20}}