{"host":"0i8dz4ityulxi1rd","time":1607481827,"event":{"gold_per_floor":[110,110,127,58,75,107,107,126,126,158,176,101,101,115,115,215,215,226,226,32,46,63,63,100,100,153,162,190,214,248,269,269,379,379,474,578,677,777,280,399,408,106,106,211,211,120,209,0,0,0,0,0],"floor_reached":50,"playtime":2923,"items_purged":["Injury"],"score":763,"play_id":"a1368149-2207-471e-b169-655968ef4b0c","local_time":"20201209114347","is_ascension_mode":true,"metric_token":671,"campfire_choices":[{"data":"DTMod:SwitchingTactic","floor":7.0,"key":"SMITH"},{"data":"DTMod:MagiciansMark","floor":15.0,"key":"SMITH"},{"data":"DTMod:CleansingStrike","floor":23.0,"key":"SMITH"},{"data":"DTMod:Harmonize","floor":25.0,"key":"SMITH"},{"data":"DTMod:Observe","floor":32.0,"key":"SMITH"},{"data":"DTMod:HeadStart","floor":45.0,"key":"SMITH"},{"data":"DTMod:HeadStart","floor":49.0,"key":"SMITH"}],"neow_cost":"CURSE","dtmod_dragon_data":[16,50,3,4,15,1],"seed_source_timestamp":0,"circlet_count":0,"master_deck":["DTMod:Strike+1","DTMod:Strike+1","DTMod:DoubleHit","DTMod:TargetDefense+1","DTMod:TargetDefense+1","DTMod:TargetDefense+1","DTMod:SwitchingTactic+1","DTMod:OpeningTactic","DTMod:StarRain","DTMod:RunningTactic","DTMod:DarkBreath","DTMod:TagTeam","DTMod:ForkedFire","DTMod:MagiciansMark+1","DTMod:BurningEnergy","DTMod:Conduct","DTMod:Weaken","DTMod:MaximumCharge","DTMod:Harmonize+1","DTMod:Outburst","DTMod:TagTeam+1","DTMod:HeadStart","DTMod:CleansingStrike+1","DTMod:ComboAttack","DTMod:LastStand+1","DTMod:MagicField","DTMod:Observe+1","DTMod:InvisibleFlame","DTMod:GhostSkin","DTMod:RunningTactic","DTMod:QuickFly","DTMod:HeadStart+1","DTMod:TauntingStrike+1","DTMod:PurifyingFlame","DTMod:CrossStep+1","DTMod:MagicField+1","DTMod:LightShield","DTMod:Harmonize+1","DTMod:HeadStart+1","DTMod:DragonDance","DTMod:RunningTactic","DTMod:Observe"],"special_seed":0,"relics":["DTMod:PactStone","Eternal Feather","Bottled Lightning","Blue Candle","Nunchaku","Philosopher\u0027s Stone","CeramicFish","Lantern","MealTicket","Coffee Dripper","Letter Opener","Ornamental Fan","Anchor","Chemical X","CaptainsWheel","Art of War"],"potions_floor_usage":[],"damage_taken":[{"damage":6.0,"enemies":"Jaw Worm","floor":1.0,"turns":3.0},{"damage":0.0,"enemies":"Cultist","floor":3.0,"turns":2.0},{"damage":0.0,"enemies":"Small Slimes","floor":5.0,"turns":2.0},{"damage":0.0,"enemies":"Lagavulin","floor":6.0,"turns":5.0},{"damage":1.0,"enemies":"Blue Slaver","floor":8.0,"turns":3.0},{"damage":5.0,"enemies":"Gremlin Nob","floor":10.0,"turns":4.0},{"damage":3.0,"enemies":"Exordium Thugs","floor":11.0,"turns":4.0},{"damage":0.0,"enemies":"Lots of Slimes","floor":14.0,"turns":2.0},{"damage":3.0,"enemies":"Hexaghost","floor":16.0,"turns":10.0},{"damage":11.0,"enemies":"2 Thieves","floor":18.0,"turns":3.0},{"damage":12.0,"enemies":"3 Byrds","floor":21.0,"turns":4.0},{"damage":0.0,"enemies":"Centurion and Healer","floor":22.0,"turns":4.0},{"damage":0.0,"enemies":"Gremlin Leader","floor":24.0,"turns":6.0},{"damage":8.0,"enemies":"3 Cultists","floor":28.0,"turns":5.0},{"damage":0.0,"enemies":"Cultist and Chosen","floor":29.0,"turns":5.0},{"damage":0.0,"enemies":"Book of Stabbing","floor":30.0,"turns":3.0},{"damage":1.0,"enemies":"Shelled Parasite and Fungi","floor":31.0,"turns":3.0},{"damage":23.0,"enemies":"Collector","floor":33.0,"turns":8.0},{"damage":0.0,"enemies":"Orb Walker","floor":35.0,"turns":2.0},{"damage":0.0,"enemies":"3 Shapes","floor":36.0,"turns":1.0},{"damage":0.0,"enemies":"Jaw Worm Horde","floor":37.0,"turns":2.0},{"damage":0.0,"enemies":"Sphere and 2 Shapes","floor":38.0,"turns":3.0},{"damage":6.0,"enemies":"Giant Head","floor":40.0,"turns":4.0},{"damage":25.0,"enemies":"Reptomancer","floor":44.0,"turns":4.0},{"damage":27.0,"enemies":"Transient","floor":47.0,"turns":5.0},{"damage":22,"enemies":"Time Eater","floor":50,"turns":9}],"seed_played":"-1948042740617019260","potions_obtained":[{"floor":1.0,"key":"AttackPotion"},{"floor":6.0,"key":"Energy Potion"},{"floor":10.0,"key":"Energy Potion"},{"floor":11.0,"key":"Strength Potion"},{"floor":28.0,"key":"Energy Potion"},{"floor":29.0,"key":"PowerPotion"},{"floor":36.0,"key":"Fire Potion"},{"floor":37.0,"key":"Strength Potion"}],"is_trial":false,"path_per_floor":["M","?","M","$","M","E","R","M","T","E","M","$","?","M","R","B",null,"M","?","$","M","M","R","E","R","T","?","M","M","E","M","R","B",null,"M","M","M","M","$","E","?","$","T","E","R","$","M","$","R","B"],"character_chosen":"THE_DT","items_purchased":["DTMod:ForkedFire","DTMod:HeadStart","DTMod:CleansingStrike","Letter Opener","Ornamental Fan","Chemical X","DTMod:HeadStart","DTMod:DragonDance","DTMod:RunningTactic","DTMod:Observe","Art of War"],"campfire_rested":0,"item_purchase_floors":[4,20,20,39,39,42,42,46,46,48,48],"current_hp_per_floor":[39,39,39,39,39,39,45,44,44,39,36,36,18,18,27,24,45,34,34,34,22,22,37,37,45,45,45,37,37,37,36,45,22,45,45,45,45,45,45,39,39,45,45,20,41,45,18,33,45,23,23,23],"gold":0,"neow_bonus":"TRANSFORM_TWO_CARDS","is_prod":false,"is_daily":false,"chose_seed":false,"campfire_upgraded":7,"win_rate":0,"timestamp":1607481827,"path_taken":["M","?","M","$","?","E","R","M","T","E","M","$","?","M","R","BOSS","M","?","$","M","M","R","E","R","T","?","?","M","E","M","R","BOSS","M","?","M","M","$","E","?","$","T","E","R","$","M","?","R","BOSS"],"build_version":"2020-11-30","purchased_purges":1,"victory":false,"max_hp_per_floor":[45,45,45,45,45,45,45,45,45,45,45,45,45,45,45,45,45,45,45,45,45,45,45,45,45,45,45,45,45,45,45,45,45,45,45,45,45,45,45,45,45,45,45,45,45,45,45,45,45,45,45,45],"card_choices":[{"not_picked":["DTMod:Weaken","DTMod:Punisher"],"picked":"DTMod:RunningTactic","floor":1.0},{"not_picked":["DTMod:LowKick","DTMod:BuildUp"],"picked":"DTMod:TagTeam","floor":3.0},{"not_picked":["DTMod:TagTeam","DTMod:Cover"],"picked":"DTMod:MagiciansMark","floor":5.0},{"not_picked":["DTMod:Weaken","DTMod:BurningForce"],"picked":"DTMod:BurningEnergy","floor":6.0},{"not_picked":["DTMod:BreakAttack","DTMod:Hide"],"picked":"DTMod:Conduct","floor":8.0},{"not_picked":["DTMod:Hide","DTMod:Haste","DTMod:Weaken"],"picked":"SKIP","floor":10.0},{"not_picked":["DTMod:Hide","DTMod:Haste"],"picked":"DTMod:Weaken","floor":10.0},{"not_picked":["DTMod:BurningEnergy","DTMod:Feint"],"picked":"DTMod:MaximumCharge","floor":11.0},{"not_picked":["DTMod:Feint","DTMod:ShieldDrain"],"picked":"DTMod:Harmonize","floor":14.0},{"not_picked":["DTMod:FierySynthesis","DTMod:Safeguard"],"picked":"DTMod:Outburst","floor":16.0},{"not_picked":["DTMod:BurningEnergy","DTMod:BizarreTactic"],"picked":"DTMod:TagTeam+1","floor":18.0},{"not_picked":["DTMod:Training","DTMod:ShieldDrain+1"],"picked":"DTMod:ComboAttack","floor":21.0},{"not_picked":["DTMod:Hide","DTMod:ComboAttack"],"picked":"DTMod:LastStand+1","floor":22.0},{"not_picked":["DTMod:FlameSlash","DTMod:MagiciansMark+1"],"picked":"DTMod:MagicField","floor":24.0},{"not_picked":["DTMod:TriAttack","DTMod:Punisher"],"picked":"DTMod:InvisibleFlame","floor":28.0},{"not_picked":["DTMod:HeatWave","DTMod:QuickFly+1"],"picked":"DTMod:GhostSkin","floor":29.0},{"not_picked":["DTMod:BizarreTactic","DTMod:BurningForce"],"picked":"DTMod:RunningTactic","floor":30.0},{"not_picked":["DTMod:MasterPlan","DTMod:MaximumCharge"],"picked":"DTMod:QuickFly","floor":31.0},{"not_picked":["DTMod:Safeguard","DTMod:StunTrap"],"picked":"DTMod:HeadStart","floor":33.0},{"not_picked":["DTMod:ForkedFire","DTMod:MagicField+1"],"picked":"DTMod:TauntingStrike+1","floor":35.0},{"not_picked":["DTMod:QuickFly","DTMod:Feint+1"],"picked":"DTMod:PurifyingFlame","floor":36.0},{"not_picked":["DTMod:Hide+1","DTMod:PurifyingFlame+1"],"picked":"DTMod:CrossStep+1","floor":37.0},{"not_picked":["DTMod:RecklessFlurry+1","DTMod:Conduct"],"picked":"DTMod:MagicField+1","floor":38.0},{"not_picked":["DTMod:BuildUp","DTMod:ExcessFootwork"],"picked":"DTMod:LightShield","floor":40.0},{"not_picked":["DTMod:SealedStrike","DTMod:Weaken","DTMod:BalancedStrike"],"picked":"SKIP","floor":44.0},{"not_picked":["DTMod:Hide+1","DTMod:MasterPlan+1","DTMod:Threaten"],"picked":"SKIP","floor":47.0}],"player_experience":1256287,"relics_obtained":[{"floor":6.0,"key":"Eternal Feather"},{"floor":9.0,"key":"Bottled Lightning"},{"floor":10.0,"key":"Blue Candle"},{"floor":24.0,"key":"CeramicFish"},{"floor":26.0,"key":"Lantern"},{"floor":30.0,"key":"MealTicket"},{"floor":40.0,"key":"Anchor"},{"floor":44.0,"key":"CaptainsWheel"}],"event_choices":[{"damage_healed":0.0,"max_hp_gain":0.0,"max_hp_loss":0.0,"gold_gain":0.0,"cards_transformed":["DTMod:Strike"],"event_name":"Transmorgrifier","player_choice":"Transformed","floor":2.0,"gold_loss":0.0,"damage_taken":0.0,"cards_obtained":["DTMod:DarkBreath"]},{"damage_healed":0.0,"max_hp_gain":0.0,"max_hp_loss":0.0,"gold_gain":0.0,"event_name":"Scrap Ooze","player_choice":"Success","floor":13.0,"gold_loss":0.0,"damage_taken":18.0,"relics_obtained":["Nunchaku"]},{"damage_healed":0.0,"max_hp_gain":0.0,"max_hp_loss":0.0,"gold_gain":0.0,"event_name":"Back to Basics","player_choice":"Simplicity","floor":19.0,"gold_loss":0.0,"damage_taken":0.0,"cards_upgraded":["DTMod:Strike","DTMod:Strike","DTMod:TargetDefense","DTMod:TargetDefense","DTMod:TargetDefense"]},{"damage_healed":0.0,"max_hp_gain":0.0,"max_hp_loss":0.0,"gold_gain":0.0,"event_name":"The Library","player_choice":"Read","floor":27.0,"gold_loss":0.0,"damage_taken":0.0,"cards_obtained":["DTMod:Observe"]},{"damage_healed":0.0,"max_hp_gain":0.0,"max_hp_loss":0.0,"gold_gain":0.0,"event_name":"Duplicator","player_choice":"Copied","floor":41.0,"gold_loss":0.0,"damage_taken":0.0,"cards_obtained":["DTMod:Harmonize"]}],"is_beta":false,"boss_relics":[{"not_picked":["Busted Crown","SacredBark"],"picked":"Philosopher\u0027s Stone"},{"not_picked":["Runic Dome","SlaversCollar"],"picked":"Coffee Dripper"}],"items_purged_floors":[12],"is_endless":false,"potions_floor_spawned":[1,6,10,11,28,29,36,37],"killed_by":"Time Eater","ascension_level":1}}