{"host":"p9t7qd83igtcp2bh","time":1607496611,"event":{"gold_per_floor":[113,138,148,161,176,211,65,65,91,117,145,176,176,191,191,325,325,355,70,70,70,99,133,133,154,154,179,179,220,243,252,252,366,366,457,586,688,697,795,795,795,194,194,282,282,381,468,574,574,574,574,574,17,136,136],"floor_reached":56,"playtime":2545,"items_purged":["DTMod:Strike+1","DTMod:TargetDefense+1"],"score":1414,"play_id":"98a19725-e9c9-4758-b118-5a900cd1168d","local_time":"20201209155011","is_ascension_mode":false,"metric_token":991,"campfire_choices":[{"data":"DTMod:BreakAttack","floor":8.0,"key":"SMITH"},{"data":"DTMod:SealedStrike","floor":15.0,"key":"SMITH"},{"data":"DTMod:SealedStrike+1","floor":24.0,"key":"SMITH"},{"data":"DTMod:SealedStrike+2","floor":28.0,"key":"SMITH"},{"data":"DTMod:SealedStrike+3","floor":32.0,"key":"SMITH"},{"data":"DTMod:SealedStrike+4","floor":40.0,"key":"SMITH"},{"floor":45.0,"key":"RECALL"}],"neow_cost":"NONE","dtmod_dragon_data":[1,56,0,4,8,1],"seed_source_timestamp":743099666652500,"circlet_count":0,"master_deck":["DTMod:Strike+1","DTMod:Strike+1","DTMod:Strike+1","DTMod:DoubleHit+1","DTMod:TargetDefense+1","DTMod:TargetDefense+1","DTMod:SwitchingTactic+1","DTMod:OpeningTactic+1","DTMod:Punisher+1","DTMod:LowKick+1","DTMod:Training+1","DTMod:MaximumCharge+1","DTMod:Weaken+1","DTMod:BreakAttack+1","DTMod:HeatWave+1","DTMod:BalancedStrike+1","DTMod:SealedStrike+5","DTMod:HeadStart+1","DTMod:DarkBreath+1","DTMod:Training+1","DTMod:Cover+1","DTMod:MagicField+1","DTMod:Shift+1","DTMod:Outburst+1","DTMod:Training+1","DTMod:Threaten+1","DTMod:EchoTactic+1","DTMod:TagTeam+1","DTMod:HeadStart+1","DTMod:Observe+1","DTMod:LightShield+1","DTMod:GearUp+1","DTMod:CalculatedDefense","DTMod:Weaken+1","Discovery+1","DTMod:ComboAttack+1"],"special_seed":0,"relics":["DTMod:PactStone","PreservedInsect","Pocketwatch","Orrery","Anchor","CeramicFish","Ancient Tea Set","Bloody Idol","DTMod:TheChair","Toxic Egg 2","Vajra","Potion Belt","Akabeko","Coffee Dripper","Incense Burner","Mango","Sundial","Oddly Smooth Stone","Gremlin Horn"],"potions_floor_usage":[55,55,55,55,55],"damage_taken":[{"damage":0.0,"enemies":"Cultist","floor":1.0,"turns":3.0},{"damage":0.0,"enemies":"Jaw Worm","floor":3.0,"turns":3.0},{"damage":0.0,"enemies":"Small Slimes","floor":4.0,"turns":3.0},{"damage":0.0,"enemies":"Looter","floor":5.0,"turns":3.0},{"damage":0.0,"enemies":"Lagavulin","floor":6.0,"turns":4.0},{"damage":0.0,"enemies":"3 Sentries","floor":10.0,"turns":4.0},{"damage":0.0,"enemies":"Exordium Wildlife","floor":11.0,"turns":2.0},{"damage":0.0,"enemies":"Gremlin Nob","floor":12.0,"turns":2.0},{"damage":0.0,"enemies":"Blue Slaver","floor":14.0,"turns":1.0},{"damage":5.0,"enemies":"Hexaghost","floor":16.0,"turns":6.0},{"damage":0.0,"enemies":"Spheric Guardian","floor":18.0,"turns":3.0},{"damage":6.0,"enemies":"3 Byrds","floor":22.0,"turns":5.0},{"damage":0.0,"enemies":"Slavers","floor":23.0,"turns":4.0},{"damage":1.0,"enemies":"Cultist and Chosen","floor":25.0,"turns":4.0},{"damage":9.0,"enemies":"Sentry and Sphere","floor":27.0,"turns":6.0},{"damage":13.0,"enemies":"Book of Stabbing","floor":29.0,"turns":3.0},{"damage":0.0,"enemies":"Snake Plant","floor":30.0,"turns":2.0},{"damage":16.0,"enemies":"Collector","floor":33.0,"turns":7.0},{"damage":11.0,"enemies":"3 Darklings","floor":35.0,"turns":5.0},{"damage":12.0,"enemies":"2 Orb Walkers","floor":36.0,"turns":5.0},{"damage":0.0,"enemies":"Orb Walker","floor":37.0,"turns":3.0},{"damage":0.0,"enemies":"4 Shapes","floor":39.0,"turns":4.0},{"damage":0.0,"enemies":"Spire Growth","floor":44.0,"turns":3.0},{"damage":0.0,"enemies":"Maw","floor":46.0,"turns":4.0},{"damage":7.0,"enemies":"3 Darklings","floor":47.0,"turns":3.0},{"damage":0.0,"enemies":"Nemesis","floor":48.0,"turns":3.0},{"damage":29.0,"enemies":"Time Eater","floor":50.0,"turns":8.0},{"damage":20,"enemies":"Shield and Spear","floor":54,"turns":6},{"damage":37,"enemies":"The Heart","floor":55,"turns":10}],"seed_played":"-8614080198068189283","potions_obtained":[{"floor":3.0,"key":"SpeedPotion"},{"floor":6.0,"key":"Energy Potion"},{"floor":11.0,"key":"Block Potion"},{"floor":16.0,"key":"Dexterity Potion"},{"floor":22.0,"key":"SkillPotion"},{"floor":25.0,"key":"Block Potion"},{"floor":30.0,"key":"Swift Potion"},{"floor":33.0,"key":"LiquidBronze"},{"floor":37.0,"key":"CultistPotion"},{"floor":46.0,"key":"Strength Potion"}],"is_trial":false,"path_per_floor":["M","T","M","M","M","E","$","R","T","E","M","E","?","M","R","B",null,"M","$","?","?","M","E","R","M","T","M","R","E","M","?","R","B",null,"M","?","M","?","M","R","?","$","T","M","R","M","M","E","R","B",null,"R","$","E","B",null],"character_chosen":"THE_DT","items_purchased":["Orrery","Toxic Egg 2","DTMod:Training+1","Mango","DTMod:LightShield+1","Fruit Juice","FearPotion","Swift Potion","DTMod:CalculatedDefense","DTMod:Weaken+1","Oddly Smooth Stone","Discovery+1"],"campfire_rested":0,"item_purchase_floors":[7,19,19,42,42,42,53,53,53,53,53,53],"current_hp_per_floor":[45,45,45,45,45,45,45,45,45,45,45,45,42,42,42,37,42,42,42,42,42,42,42,42,42,42,42,42,39,42,42,42,36,42,41,39,42,42,42,42,42,56,56,56,56,61,61,61,61,32,61,61,61,56,19],"gold":136,"neow_bonus":"TRANSFORM_CARD","is_prod":false,"is_daily":false,"chose_seed":false,"campfire_upgraded":6,"win_rate":1,"timestamp":1607496611,"path_taken":["M","?","?","M","M","E","?","R","T","E","M","E","?","M","R","BOSS","M","$","?","?","M","E","R","M","T","M","R","E","M","?","R","BOSS","M","?","M","?","?","R","?","$","T","M","R","?","M","E","R","BOSS","R","$","E","BOSS"],"build_version":"2020-11-30","purchased_purges":2,"victory":true,"max_hp_per_floor":[45,45,45,45,45,45,45,45,45,45,45,45,42,42,42,42,42,42,42,42,42,42,42,42,42,42,42,42,42,42,42,42,42,42,42,42,42,42,42,42,42,56,56,56,56,61,61,61,61,61,61,61,61,61,61],"card_choices":[{"not_picked":["DTMod:CrossStep","DTMod:Feint"],"picked":"DTMod:Punisher","floor":1.0},{"not_picked":["DTMod:Threaten","DTMod:MagicField"],"picked":"DTMod:LowKick","floor":3.0},{"not_picked":["DTMod:Threaten","DTMod:QuickFly"],"picked":"DTMod:Training","floor":4.0},{"not_picked":["DTMod:Punisher","DTMod:GhostSkin"],"picked":"DTMod:MaximumCharge","floor":5.0},{"not_picked":["DTMod:OpeningTactic","DTMod:Punisher"],"picked":"DTMod:Weaken","floor":6.0},{"not_picked":["DTMod:StarRain","DTMod:Astonish"],"picked":"DTMod:BreakAttack","floor":7.0},{"not_picked":["DTMod:Punisher","DTMod:BlazingStrike"],"picked":"DTMod:HeatWave","floor":7.0},{"not_picked":["DTMod:GhostSkin","DTMod:MagicField"],"picked":"DTMod:BalancedStrike","floor":7.0},{"not_picked":["DTMod:Threaten","DTMod:FlameSlash","DTMod:Astonish"],"picked":"SKIP","floor":10.0},{"not_picked":["DTMod:InvisibleFlame","DTMod:Hide"],"picked":"DTMod:SealedStrike","floor":11.0},{"not_picked":["DTMod:MagiciansMark","DTMod:BurningEnergy","DTMod:HeatWave"],"picked":"SKIP","floor":12.0},{"not_picked":["DTMod:MasterPlan","DTMod:BuildUp","DTMod:QuickFly"],"picked":"SKIP","floor":14.0},{"not_picked":["DTMod:Prediction","DTMod:Safeguard"],"picked":"DTMod:HeadStart","floor":16.0},{"not_picked":["DTMod:BlazingStrike","DTMod:BurningEnergy"],"picked":"DTMod:DarkBreath","floor":18.0},{"not_picked":["DTMod:BuildUp","DTMod:Hide+1"],"picked":"DTMod:Cover+1","floor":22.0},{"not_picked":["DTMod:Adaptation","DTMod:Feint","DTMod:CleansingStrike"],"picked":"SKIP","floor":23.0},{"not_picked":["DTMod:ComboAttack","DTMod:PurifyingFlame"],"picked":"DTMod:MagicField+1","floor":25.0},{"not_picked":["DTMod:Cover+1","DTMod:MasterPlan+1"],"picked":"DTMod:Shift+1","floor":27.0},{"not_picked":["DTMod:BurningEnergy+1","DTMod:BlazingStrike"],"picked":"DTMod:Outburst+1","floor":29.0},{"not_picked":["DTMod:Cover+1","DTMod:BlazingStrike+1"],"picked":"DTMod:Training+1","floor":30.0},{"not_picked":["DTMod:Outburst+1","DTMod:OpeningTactic"],"picked":"DTMod:EchoTactic+1","floor":33.0},{"not_picked":["DTMod:BlueScale+1","DTMod:DarkBreath+1","DTMod:BuildUp"],"picked":"SKIP","floor":35.0},{"not_picked":["DTMod:Training+1","DTMod:TagTeam+1","DTMod:Feint"],"picked":"SKIP","floor":37.0},{"not_picked":["DTMod:Training+1","DTMod:Feint"],"picked":"DTMod:TagTeam+1","floor":37.0},{"not_picked":["DTMod:PurifyingFlame+1","DTMod:CleansingStrike"],"picked":"DTMod:Observe+1","floor":39.0},{"not_picked":["DTMod:MasterPlan+1","DTMod:Cover+1","DTMod:MagiciansMark+1"],"picked":"SKIP","floor":44.0},{"not_picked":["DTMod:Punisher+1","DTMod:CleansingStrike"],"picked":"DTMod:GearUp+1","floor":46.0},{"not_picked":["DTMod:BreakAttack+1","DTMod:Haste+1","DTMod:BurningForce"],"picked":"SKIP","floor":47.0},{"not_picked":["DTMod:RepeatStrike","DTMod:FlameSlash+1","DTMod:Threaten+1"],"picked":"SKIP","floor":48.0},{"not_picked":["DTMod:Astonish","DTMod:BurningEnergy+1"],"picked":"DTMod:ComboAttack+1","floor":54}],"player_experience":535852,"relics_obtained":[{"floor":2.0,"key":"PreservedInsect"},{"floor":6.0,"key":"Pocketwatch"},{"floor":9.0,"key":"Anchor"},{"floor":10.0,"key":"CeramicFish"},{"floor":12.0,"key":"Ancient Tea Set"},{"floor":23.0,"key":"Vajra"},{"floor":26.0,"key":"Potion Belt"},{"floor":29.0,"key":"Akabeko"},{"floor":36.0,"key":"Incense Burner"},{"floor":48.0,"key":"Sundial"},{"floor":54,"key":"Gremlin Horn"}],"event_choices":[{"damage_healed":0.0,"max_hp_gain":0.0,"max_hp_loss":3.0,"gold_gain":0.0,"event_name":"Golden Idol","player_choice":"Lose Max HP","floor":13.0,"gold_loss":0.0,"damage_taken":0.0,"relics_obtained":["Golden Idol"]},{"damage_healed":0.0,"max_hp_gain":0.0,"max_hp_loss":0.0,"gold_gain":0.0,"event_name":"Ghosts","player_choice":"Ignored","floor":20.0,"gold_loss":0.0,"damage_taken":0.0},{"damage_healed":0.0,"max_hp_gain":0.0,"max_hp_loss":0.0,"gold_gain":0.0,"event_name":"Forgotten Altar","player_choice":"Gave Idol","floor":21.0,"relics_lost":["Golden Idol"],"gold_loss":0.0,"damage_taken":0.0,"relics_obtained":["Bloody Idol"]},{"damage_healed":0.0,"max_hp_gain":0.0,"max_hp_loss":0.0,"gold_gain":0.0,"event_name":"The Library","player_choice":"Read","floor":31.0,"gold_loss":0.0,"damage_taken":0.0,"cards_obtained":["DTMod:Threaten"]},{"damage_healed":0.0,"max_hp_gain":0.0,"max_hp_loss":0.0,"gold_gain":0.0,"event_name":"Mysterious Sphere","player_choice":"Fight","floor":36.0,"gold_loss":0.0,"damage_taken":0.0},{"damage_healed":0.0,"max_hp_gain":0.0,"max_hp_loss":0.0,"gold_gain":0.0,"event_name":"Duplicator","player_choice":"Copied","floor":38.0,"gold_loss":0.0,"damage_taken":0.0,"cards_obtained":["DTMod:HeadStart"]},{"damage_healed":0.0,"max_hp_gain":0.0,"max_hp_loss":0.0,"gold_gain":0.0,"event_name":"Wheel of Change","player_choice":"Full Heal","floor":41.0,"gold_loss":0.0,"damage_taken":0.0}],"is_beta":false,"boss_relics":[{"not_picked":["Runic Pyramid","Snecko Eye"],"picked":"DTMod:TheChair"},{"not_picked":["Astrolabe","Sozu"],"picked":"Coffee Dripper"}],"items_purged_floors":[42,53],"is_endless":false,"potions_floor_spawned":[3,6,11,12,16,22,25,30,33,37,46,47],"ascension_level":0}}