{"host":"ygefd14btj4nx1b7","time":1607491432,"event":{"gold_per_floor":[110,185,196,196,40,66,66,116,142,142,142,142],"floor_reached":11,"playtime":330,"items_purged":[],"score":83,"play_id":"6ecea6c2-6a12-44c9-b97b-934bd0f492ea","local_time":"20201208232352","is_ascension_mode":true,"campfire_choices":[{"floor":7,"key":"REST"}],"neow_cost":"TEN_PERCENT_HP_LOSS","seed_source_timestamp":989218477955600,"circlet_count":0,"master_deck":["Strike_B","Strike_B","Strike_B","Defend_B+1","Defend_B","Defend_B+1","Zap","Dualcast","Gash","Beam Cell","ReplayTheSpireMod:Omega Cannon","Steam Power","Turbo"],"relics":["Cracked Core","Toy Ornithopter","Replay:Bottled Snecko","Replay:Baseball","Singing Bowl"],"potions_floor_usage":[],"damage_taken":[{"damage":0,"enemies":"Small Slimes","floor":1,"turns":2},{"damage":0,"enemies":"2 Louse","floor":3,"turns":2},{"damage":32,"enemies":"Lagavulin","floor":6,"turns":5},{"damage":4,"enemies":"Jaw Worm","floor":11,"turns":1}],"seed_played":"-7326062815029806904","potions_obtained":[{"floor":3,"key":"Fire Potion"},{"floor":8,"key":"EssenceOfSteel"}],"is_trial":false,"path_per_floor":["M","?","M","?","$","E","R","?","T","T","M"],"character_chosen":"DEFECT","items_purchased":["ReplayTheSpireMod:Omega Cannon"],"campfire_rested":1,"item_purchase_floors":[5],"current_hp_per_floor":[68,57,57,43,43,11,31,4,4,4,0,0],"gold":142,"neow_bonus":"REMOVE_TWO","is_prod":false,"is_daily":false,"chose_seed":false,"campfire_upgraded":0,"win_rate":0,"timestamp":1607491432,"path_taken":["M","?","M","?","?","E","R","?","T","?","M"],"build_version":"2020-11-30","purchased_purges":0,"victory":false,"max_hp_per_floor":[68,68,68,68,68,68,68,68,68,68,68,68],"card_choices":[{"not_picked":["ReplayTheSpireMod:Repulse","Self Repair"],"picked":"Gash","floor":1},{"not_picked":["Conserve Battery","Streamline"],"picked":"Beam Cell","floor":3},{"not_picked":["Panic Button","Seek"],"picked":"Steam Power","floor":6},{"not_picked":["Force Field","Storm"],"picked":"Turbo","floor":8}],"player_experience":384747,"relics_obtained":[{"floor":6,"key":"Toy Ornithopter"},{"floor":8,"key":"Replay:Bottled Snecko"},{"floor":9,"key":"Replay:Baseball"},{"floor":10,"key":"Singing Bowl"}],"event_choices":[{"damage_healed":0,"gold_gain":75,"player_choice":"Gather Gold","damage_taken":11,"max_hp_gain":0,"max_hp_loss":0,"event_name":"World of Goop","floor":2,"gold_loss":0},{"damage_healed":0,"gold_gain":0,"player_choice":"Entered Light","damage_taken":14,"max_hp_gain":0,"max_hp_loss":0,"event_name":"Shining Light","floor":4,"gold_loss":0,"cards_upgraded":["Defend_B","Defend_B"]}],"is_beta":false,"boss_relics":[],"items_purged_floors":[],"is_endless":false,"potions_floor_spawned":[3],"killed_by":"Jaw Worm","ascension_level":4}}