{"host":"5jyeqch4fosnsiz2","time":1607485837,"event":{"gold_per_floor":[369,379,398,40,57,91,91,91,91],"floor_reached":8,"playtime":393,"items_purged":["Defend_R"],"score":67,"play_id":"beef92f6-1a64-4bb4-9a20-de9987ff5a61","local_time":"20201208225037","is_ascension_mode":true,"campfire_choices":[{"data":"Omniscience","floor":7,"key":"SMITH"}],"neow_cost":"PERCENT_DAMAGE","seed_source_timestamp":8131331226202527374,"circlet_count":0,"master_deck":["Strike_R","Strike_R","Strike_R","Strike_R","Strike_R","Defend_R","Defend_R","Defend_R","Bash","Thunderclap","Shrug It Off","Fire Breathing","Dropkick","True Grit","Collect","Omniscience+1"],"relics":["Burning Blood","PrismaticShard","Girya"],"potions_floor_usage":[5,6,6,6],"damage_taken":[{"damage":6,"enemies":"Cultist","floor":1,"turns":4},{"damage":20,"enemies":"Small Slimes","floor":2,"turns":3},{"damage":4,"enemies":"2 Louse","floor":3,"turns":3},{"damage":17,"enemies":"Looter","floor":5,"turns":4},{"damage":20,"enemies":"Lagavulin","floor":6,"turns":5},{"damage":20,"enemies":"3 Sentries","floor":8,"turns":4}],"seed_played":"2275981973426449863","potions_obtained":[{"floor":3,"key":"EntropicBrew"}],"is_trial":false,"path_per_floor":["M","M","M","$","M","E","R","E"],"character_chosen":"IRONCLAD","items_purchased":["PrismaticShard","Dropkick","True Grit"],"campfire_rested":0,"item_purchase_floors":[4,4,4],"current_hp_per_floor":[56,42,44,44,33,19,19,0,0],"gold":91,"neow_bonus":"TWO_FIFTY_GOLD","is_prod":false,"is_daily":false,"chose_seed":false,"campfire_upgraded":1,"win_rate":0,"timestamp":1607485837,"path_taken":["M","M","M","$","M","E","R","E"],"build_version":"2020-11-30","purchased_purges":1,"victory":false,"max_hp_per_floor":[80,80,80,80,80,80,80,80,80],"relic_stats":{"counters":[6,23],"obtain_stats":[{"Girya":6,"PrismaticShard":4,"Burning Blood":0},{"Girya":5,"PrismaticShard":3,"Burning Blood":0},{"Girya":19,"PrismaticShard":10,"Burning Blood":0}],"Burning Blood":30},"card_choices":[{"not_picked":["Pommel Strike","Twin Strike"],"picked":"Thunderclap","floor":1},{"not_picked":["Anger","Sword Boomerang"],"picked":"Shrug It Off","floor":2},{"not_picked":["Rage","Flex"],"picked":"Fire Breathing","floor":3},{"not_picked":["PiercingWail","Sucker Punch"],"picked":"Collect","floor":5},{"not_picked":["EmptyMind","Slice"],"picked":"Omniscience","floor":6}],"player_experience":269927,"relics_obtained":[{"floor":6,"key":"Girya"}],"event_choices":[],"is_beta":false,"boss_relics":[],"items_purged_floors":[4],"is_endless":false,"potions_floor_spawned":[3,5],"killed_by":"3 Sentries","ascension_level":3}}