{"host":"eez7vtcxu2i37lck","time":1607505406,"event":{"gold_per_floor":[10,10,10,29,42,52,52,64,64,64,64,90,90,101,101,196,196,212,212,212,225,225,235,264,264,264,296,296,296,296],"floor_reached":29,"playtime":1074,"items_purged":[],"score":288,"play_id":"b788aaa1-429d-42a4-aa00-ca4176b71cbb","local_time":"20201209041646","is_ascension_mode":false,"campfire_choices":[{"data":"Defragment","floor":7,"key":"SMITH"},{"floor":10,"key":"REST"},{"floor":13,"key":"REST"},{"floor":15,"key":"REST"},{"data":"1","floor":25,"key":"LIFT"}],"neow_cost":"NO_GOLD","seed_source_timestamp":804387098850500,"circlet_count":0,"master_deck":["Strike_B","Strike_B","Defend_B","Defend_B","Zap","Dualcast","Defragment+1","Reinforced Body","Ball Lightning","Redo","FIFO Queue","Cold Snap","Reboot+1","Defragment+1","Auto Shields+1","Coolheaded","infinitespire:Starlight","Genetic Algorithm","Ball Lightning","Blizzard"],"relics":["Cracked Core","infinitespire:EmpoweringShard","Girya","Peace Pipe","Astrolabe","Pet Ghost","hubris:SphereOfDissonance","Replay:Mystery Machine"],"potions_floor_usage":[27,27,27],"damage_taken":[{"damage":0,"enemies":"Small Slimes","floor":1,"turns":4},{"damage":1,"enemies":"Jaw Worm","floor":4,"turns":4},{"damage":1,"enemies":"Cultist","floor":5,"turns":3},{"damage":23,"enemies":"Gremlin Gang","floor":6,"turns":3},{"damage":16,"enemies":"Exordium Thugs","floor":8,"turns":5},{"damage":35,"enemies":"3 Sentries","floor":12,"turns":5},{"damage":2,"enemies":"Blue Slaver","floor":14,"turns":4},{"damage":64,"enemies":"Fading Forest","floor":16,"turns":11},{"damage":42,"enemies":"Shell Parasite","floor":18,"turns":7},{"damage":6,"enemies":"Chosen","floor":21,"turns":5},{"damage":15,"enemies":"Sentry and Sphere","floor":23,"turns":6},{"damage":29,"enemies":"Book of Stabbing","floor":24,"turns":8},{"damage":52,"enemies":"Slavers","floor":27,"turns":6},{"damage":34,"enemies":"Chosen and Byrds","floor":29,"turns":4}],"seed_played":"2453391257605450711","potions_obtained":[{"floor":4,"key":"LifebloodPotion"},{"floor":5,"key":"Elixir"},{"floor":8,"key":"Guardian:BlockOnCardUsePotion"},{"floor":27,"key":"Languid Potion"}],"is_trial":false,"path_per_floor":["M","?","?","M","M","M","R","M","T","R","T","E","R","M","R","B",null,"M","AVR","?","M","?","M","E","R","T","E","?","M"],"character_chosen":"DEFECT","items_purchased":[],"campfire_rested":3,"item_purchase_floors":[],"current_hp_per_floor":[89,89,89,88,87,64,64,48,48,74,74,39,65,63,89,35,89,47,47,47,51,99,84,65,65,65,23,23,0,0],"gold":296,"neow_bonus":"TWENTY_PERCENT_HP_BONUS","is_prod":false,"is_daily":false,"chose_seed":false,"campfire_upgraded":1,"win_rate":0,"timestamp":1607505406,"path_taken":["M","?","?","M","M","?","R","?","T","R","?","E","R","M","R","BOSS","M","AVR","?","M","?","?","E","R","T","E","?","M"],"build_version":"2020-11-30","purchased_purges":0,"victory":false,"max_hp_per_floor":[89,89,89,89,89,89,89,89,89,89,89,89,89,89,89,89,89,89,89,89,89,99,99,99,99,99,99,99,99,99],"card_choices":[{"not_picked":["hubris:Ukulele","Crystallizer"],"picked":"Defragment","floor":1},{"not_picked":["ReplayGash","Turbo"],"picked":"Reinforced Body","floor":4},{"not_picked":["Double Energy","Beam Cell"],"picked":"Ball Lightning","floor":5},{"not_picked":["Streamline","BootSequence"],"picked":"Redo","floor":6},{"not_picked":["Consume","Hologram","BasicCrystalCard"],"picked":"SKIP","floor":8},{"not_picked":["Scrape","Heatsinks"],"picked":"FIFO Queue","floor":12},{"not_picked":["BasicCrystalCard","Rebound"],"picked":"Cold Snap","floor":14},{"not_picked":["All For One","ReplayTheSpireMod:Fabricate Wheel"],"picked":"hubris:SpecializedCircuitry","floor":16},{"not_picked":["Gash","Compile Driver"],"picked":"Coolheaded","floor":18},{"not_picked":["Stack","Beam Cell"],"picked":"Genetic Algorithm","floor":21},{"not_picked":["Go for the Eyes","Stack"],"picked":"Ball Lightning","floor":23},{"not_picked":["ReplayTheSpireMod:GoodbyeWorld+1","Gash","Reprogram+1"],"picked":"SKIP","floor":24},{"not_picked":["Auto Shields","Ball Lightning"],"picked":"Blizzard","floor":27}],"player_experience":207009,"relics_obtained":[{"floor":9,"key":"infinitespire:EmpoweringShard"},{"floor":11,"key":"Girya"},{"floor":12,"key":"Peace Pipe"},{"floor":24,"key":"Pet Ghost"},{"floor":26,"key":"hubris:SphereOfDissonance"},{"floor":27,"key":"Replay:Mystery Machine"}],"event_choices":[{"damage_healed":0,"gold_gain":0,"player_choice":"Ignored","damage_taken":0,"max_hp_gain":0,"max_hp_loss":0,"event_name":"Liars Game","floor":2,"gold_loss":0},{"cards_removed":["Strike_B"],"damage_healed":0,"gold_gain":0,"player_choice":"Card Removal","damage_taken":0,"max_hp_gain":0,"max_hp_loss":0,"event_name":"Wheel of Change","floor":3,"gold_loss":0},{"cards_removed":["hubris:SpecializedCircuitry"],"damage_healed":38,"gold_gain":0,"player_choice":"Offered Rare","damage_taken":0,"max_hp_gain":10,"max_hp_loss":0,"event_name":"Bonfire Elementals","floor":22,"gold_loss":0},{"damage_healed":0,"gold_gain":0,"player_choice":"Ignored","damage_taken":0,"max_hp_gain":0,"max_hp_loss":0,"event_name":"Vampires","floor":28,"gold_loss":0}],"is_beta":false,"boss_relics":[{"not_picked":["SacredBark","hubris:HollowSoul"],"picked":"Astrolabe"}],"items_purged_floors":[],"is_endless":false,"potions_floor_spawned":[4,5,8,14,24,27],"killed_by":"Chosen and Byrds","ascension_level":0}}