{"host":"ormi09wwzv7sq47a","time":1607531221,"event":{"gold_per_floor":[110,110,124,224,235,235,34,34,34,34,54,71,71,96,96,200,200,218,234,434,434,453,453,145,145,145,145,159,172,199,226,226,322,322,336,42,60,72,91,122,122,133,133,486,512,562,578,591,591,591,591,591,98,123,123],"floor_reached":56,"playtime":3558,"items_purged":["Strike_B"],"score":1354,"play_id":"d86ed017-0920-45b7-b6fc-9e096c7945b0","local_time":"20201209132701","is_ascension_mode":false,"campfire_choices":[{"data":"Ball Lightning","floor":6,"key":"SMITH"},{"data":"Zap","floor":8,"key":"SMITH"},{"data":"Dualcast","floor":10,"key":"SMITH"},{"data":"Beam Cell","floor":13,"key":"SMITH"},{"data":"Glacier","floor":15,"key":"SMITH"},{"data":"Fission","floor":23,"key":"SMITH"},{"data":"Impatience","floor":25,"key":"SMITH"},{"data":"Conserve Battery","floor":27,"key":"SMITH"},{"data":"FTL","floor":32,"key":"SMITH"},{"data":"Biased Cognition","floor":41,"key":"SMITH"},{"floor":49,"key":"RECALL"},{"data":"All For One","floor":52,"key":"SMITH"}],"neow_cost":"NONE","seed_source_timestamp":2135041477745399,"circlet_count":0,"master_deck":["Defend_B+1","Defend_B+1","Zap+1","Dualcast+1","Ball Lightning+1","Beam Cell+1","Gash","Conserve Battery+1","FTL+1","Glacier+1","Fission+1","Hologram+1","Impatience+1","Machine Learning","All For One+1","All For One+1","Steam Power+1","Hologram+1","Streamline+1","Reboot","Biased Cognition+1","Gash+1","Gash","Steam+1","Recycle+1","expansioncontent:QuickStudy+1","Reinforced Body+1"],"special_seed":0,"relics":["Cracked Core","Bag of Preparation","Mummified Hand","Akabeko","Sozu","Medical Kit","Red Mask","Orichalcum","Astrolabe","War Paint","ClockworkSouvenir","Cables","StrikeDummy","Old Coin","Toxic Egg 2","Bird Faced Urn","Mercury Hourglass","Shuriken"],"potions_floor_usage":[14,42,44,55],"damage_taken":[{"damage":4,"enemies":"2 Louse","floor":1,"turns":2},{"damage":0,"enemies":"Small Slimes","floor":3,"turns":3},{"damage":1,"enemies":"Cultist","floor":5,"turns":3},{"damage":0,"enemies":"Large Slime","floor":11,"turns":4},{"damage":0,"enemies":"Blue Slaver","floor":12,"turns":2},{"damage":6,"enemies":"Lagavulin","floor":14,"turns":3},{"damage":3,"enemies":"The Guardian","floor":16,"turns":10},{"damage":0,"enemies":"Shell Parasite","floor":18,"turns":4},{"damage":0,"enemies":"2 Thieves","floor":19,"turns":3},{"damage":10,"enemies":"Snecko","floor":22,"turns":4},{"damage":0,"enemies":"Centurion and Healer","floor":28,"turns":4},{"damage":0,"enemies":"Sentry and Sphere","floor":29,"turns":4},{"damage":0,"enemies":"Masked Bandits","floor":30,"turns":2},{"damage":0,"enemies":"Slavers","floor":31,"turns":5},{"damage":27,"enemies":"Automaton","floor":33,"turns":10},{"damage":0,"enemies":"Orb Walker","floor":35,"turns":1},{"damage":0,"enemies":"3 Darklings","floor":37,"turns":2},{"damage":0,"enemies":"4 Shapes","floor":38,"turns":3},{"damage":2,"enemies":"Maw","floor":39,"turns":3},{"damage":20,"enemies":"Reptomancer","floor":40,"turns":5},{"damage":0,"enemies":"Jaw Worm Horde","floor":42,"turns":2},{"damage":0,"enemies":"2 Orb Walkers","floor":44,"turns":3},{"damage":0,"enemies":"Giant Head","floor":45,"turns":4},{"damage":0,"enemies":"Mind Bloom Boss Battle","floor":46,"turns":3},{"damage":0,"enemies":"Spire Growth","floor":47,"turns":2},{"damage":0,"enemies":"Transient","floor":48,"turns":5},{"damage":0,"enemies":"Donu and Deca","floor":50,"turns":4},{"damage":0,"enemies":"Shield and Spear","floor":54,"turns":3},{"damage":28,"enemies":"The Heart","floor":55,"turns":7}],"seed_played":"7720848908977775434","potions_obtained":[{"floor":1,"key":"Swift Potion"},{"floor":5,"key":"Energy Potion"},{"floor":12,"key":"LiquidBronze"},{"floor":14,"key":"Block Potion"}],"is_trial":false,"path_per_floor":["M","?","M","?","M","R","$","R","T","R","M","M","R","E","R","B",null,"M","M","?","?","M","R","$","R","T","R","M","M","?","E","R","B",null,"M","$","M","M","M","E","R","M","T","?","E","?","M","M","R","B",null,"R","$","E","B",null],"character_chosen":"DEFECT","items_purchased":["Bag of Preparation","Gash","Medical Kit","Impatience","War Paint","ClockworkSouvenir","Mercury Hourglass","Recycle+1","expansioncontent:QuickStudy+1"],"campfire_rested":0,"item_purchase_floors":[7,7,24,24,36,36,53,53,53],"current_hp_per_floor":[71,71,71,71,70,70,70,70,70,70,70,70,70,64,64,61,75,75,75,75,75,65,65,65,65,65,65,65,65,65,65,65,38,75,75,75,75,75,73,53,53,53,53,53,53,53,57,61,61,65,75,75,75,75,51],"gold":123,"neow_bonus":"REMOVE_CARD","is_prod":false,"is_daily":false,"chose_seed":false,"campfire_upgraded":11,"win_rate":0,"timestamp":1607531221,"path_taken":["M","?","M","?","M","R","$","R","T","R","M","?","R","E","R","BOSS","M","M","?","?","M","R","$","R","T","R","M","M","?","E","R","BOSS","M","$","M","M","M","E","R","M","T","?","E","?","M","M","R","BOSS","R","$","E","BOSS"],"build_version":"2020-11-30","purchased_purges":1,"victory":true,"max_hp_per_floor":[75,75,75,75,75,75,75,75,75,75,75,75,75,75,75,75,75,75,75,75,75,75,75,75,75,75,75,75,75,75,75,75,75,75,75,75,75,75,75,75,75,75,75,75,75,75,75,75,75,75,75,75,75,75,75],"relic_stats":{"counters":[29,110],"Astrolabe":["All For One","Steam Power","Hologram"],"Bag of Preparation":[52],"Orichalcum":[12],"War Paint":["Defend_B","Defend_B"],"Medical Kit":[23],"Cables":[23,15,8,0,0],"Mercury Hourglass":[30],"Sozu":9,"Mummified Hand":[32],"Shuriken":[6],"Bird Faced Urn":[16],"obtain_stats":[{"Astrolabe":34,"Bag of Preparation":7,"Orichalcum":31,"War Paint":36,"Medical Kit":24,"Akabeko":14,"ClockworkSouvenir":36,"Cables":40,"Old Coin":44,"Mercury Hourglass":53,"Sozu":17,"Mummified Hand":9,"Shuriken":54,"Bird Faced Urn":46,"Red Mask":30,"Toxic Egg 2":45,"Cracked Core":0,"StrikeDummy":43},{"Astrolabe":15,"Bag of Preparation":3,"Orichalcum":14,"War Paint":16,"Medical Kit":10,"Akabeko":6,"ClockworkSouvenir":16,"Cables":20,"Old Coin":22,"Mercury Hourglass":27,"Sozu":7,"Mummified Hand":3,"Shuriken":28,"Bird Faced Urn":24,"Red Mask":13,"Toxic Egg 2":23,"Cracked Core":0,"StrikeDummy":21},{"Astrolabe":63,"Bag of Preparation":8,"Orichalcum":53,"War Paint":64,"Medical Kit":38,"Akabeko":17,"ClockworkSouvenir":64,"Cables":77,"Old Coin":82,"Mercury Hourglass":100,"Sozu":27,"Mummified Hand":8,"Shuriken":103,"Bird Faced Urn":89,"Red Mask":48,"Toxic Egg 2":86,"Cracked Core":0,"StrikeDummy":79}]},"card_choices":[{"not_picked":["Melter","Cold Snap","Leap"],"picked":"SKIP","floor":1},{"not_picked":["Go for the Eyes","Hologram"],"picked":"Ball Lightning","floor":3},{"not_picked":["Blizzard","Redo"],"picked":"Beam Cell","floor":5},{"not_picked":["Hello World","Streamline"],"picked":"Conserve Battery","floor":11},{"not_picked":["Lockon","Cold Snap"],"picked":"FTL","floor":12},{"not_picked":["Capacitor","Chill"],"picked":"Glacier","floor":14},{"not_picked":["Rainbow","Meteor Strike"],"picked":"Fission","floor":16},{"not_picked":["Compile Driver","White Noise"],"picked":"Hologram+1","floor":18},{"not_picked":["Chaos","Heatsinks","Melter"],"picked":"SKIP","floor":19},{"not_picked":["Static Discharge","Leap","Self Repair"],"picked":"SKIP","floor":22},{"not_picked":["Blizzard","Sweeping Beam"],"picked":"Machine Learning","floor":28},{"not_picked":["Leap","Loop","Sweeping Beam+1"],"picked":"SKIP","floor":29},{"not_picked":["Stack","Reprogram+1","Redo"],"picked":"SKIP","floor":31},{"not_picked":["Hyperbeam","Multi-Cast"],"picked":"All For One","floor":33},{"not_picked":["Barrage","Recycle","Rebound+1"],"picked":"SKIP","floor":35},{"not_picked":["Cold Snap+1","Consume","Barrage"],"picked":"SKIP","floor":37},{"not_picked":["Stack","Ball Lightning"],"picked":"Streamline+1","floor":38},{"not_picked":["Compile Driver","Steam"],"picked":"Reboot","floor":39},{"not_picked":["Melter","Beam Cell"],"picked":"Biased Cognition","floor":40},{"not_picked":["Compile Driver","Go for the Eyes","Streamline+1"],"picked":"SKIP","floor":42},{"not_picked":["Hologram+1","Double Energy"],"picked":"Gash+1","floor":44},{"not_picked":["Force Field+1","Tempest+1","Doom and Gloom"],"picked":"SKIP","floor":45},{"not_picked":["Sweeping Beam+1","Ball Lightning"],"picked":"Gash","floor":46},{"not_picked":["Hello World+1","Defragment","Rebound+1"],"picked":"SKIP","floor":47},{"not_picked":["Stack+1","Heatsinks+1"],"picked":"Steam+1","floor":48},{"not_picked":["Sweeping Beam","Hyperbeam"],"picked":"Reinforced Body+1","floor":54}],"player_experience":717600,"relics_obtained":[{"floor":9,"key":"Mummified Hand"},{"floor":14,"key":"Akabeko"},{"floor":30,"key":"Red Mask"},{"floor":31,"key":"Orichalcum"},{"floor":40,"key":"Cables"},{"floor":43,"key":"StrikeDummy"},{"floor":44,"key":"Old Coin"},{"floor":45,"key":"Toxic Egg 2"},{"floor":46,"key":"Bird Faced Urn"},{"floor":54,"key":"Shuriken"}],"event_choices":[{"cards_removed":["Strike_B"],"damage_healed":0,"gold_gain":0,"player_choice":"Forget","damage_taken":0,"max_hp_gain":0,"max_hp_loss":0,"event_name":"Living Wall","floor":2,"gold_loss":0},{"damage_healed":0,"gold_gain":100,"player_choice":"Gold","damage_taken":0,"max_hp_gain":0,"max_hp_loss":0,"event_name":"Wheel of Change","floor":4,"gold_loss":0},{"damage_healed":0,"gold_gain":250,"player_choice":"Bet on Owner","damage_taken":0,"max_hp_gain":0,"max_hp_loss":0,"event_name":"The Joust","floor":20,"gold_loss":50},{"damage_healed":0,"gold_gain":0,"player_choice":"Ignored","damage_taken":0,"max_hp_gain":0,"max_hp_loss":0,"event_name":"betterNote:BetterNote","floor":21,"gold_loss":0,"cards_obtained":["Regret"]},{"damage_healed":0,"gold_gain":0,"player_choice":"Fought Bandits","damage_taken":0,"max_hp_gain":0,"max_hp_loss":0,"event_name":"Masked Bandits","floor":30,"gold_loss":0},{"damage_healed":0,"gold_gain":0,"player_choice":"Fight","damage_taken":0,"max_hp_gain":0,"max_hp_loss":0,"event_name":"Mysterious Sphere","floor":44,"gold_loss":0},{"damage_healed":0,"gold_gain":0,"player_choice":"Fight","damage_taken":0,"max_hp_gain":0,"max_hp_loss":0,"event_name":"MindBloom","floor":46,"gold_loss":0}],"is_beta":false,"boss_relics":[{"not_picked":["Fusion Hammer","Tiny House"],"picked":"Sozu"},{"not_picked":["Coffee Dripper","Busted Crown"],"picked":"Astrolabe"}],"items_purged_floors":[24],"is_endless":false,"potions_floor_spawned":[1,5,12,14,16,18,30,31,33,39,42,45,47,48],"ascension_level":0}}