{"host":"11k7wo0zmp5ji9sn","time":1607504571,"event":{"gold_per_floor":[110,123,198,212,212,212,247,247,247,265,265,289,364,389,389,513,513,528,159,159,179,200,200,200,200],"floor_reached":24,"playtime":987,"items_purged":["Injury"],"score":198,"play_id":"7e57fb1d-3fde-4640-9d3d-da2338b3122e","local_time":"20201209160251","is_ascension_mode":false,"campfire_choices":[{"data":"hermit:Headshot","floor":6.0,"key":"SMITH"},{"data":"hermit:Malice","floor":8.0,"key":"SMITH"},{"data":"hermit:Vantage","floor":11.0,"key":"SMITH"},{"data":"hermit:Snapshot","floor":15.0,"key":"SMITH"},{"floor":23,"key":"REST"}],"neow_cost":"NONE","seed_source_timestamp":67250155273900,"circlet_count":0,"master_deck":["hermit:Strike_Hermit","hermit:Strike_Hermit","hermit:Strike_Hermit","hermit:Strike_Hermit","hermit:Defend_Hermit","hermit:Defend_Hermit","hermit:Defend_Hermit","hermit:Defend_Hermit","hermit:Snapshot+1","hermit:Covet","hermit:Headshot+1","hermit:Malice+1","hermit:Enervate","hermit:Vantage+1","hermit:Snipe","hermit:Dive","hermit:HeroicBravado","CurseOfTheBell","hermit:CursedWeapon+1","hermit:HoleUp","hermit:Combo"],"special_seed":0,"relics":["hermit:Momento","Golden Idol","Pantograph","White Beast Statue","Calling Bell","Juzu Bracelet","Ornamental Fan","Girya","hermit:Spyglass"],"potions_floor_usage":[21,22],"damage_taken":[{"damage":0.0,"enemies":"Small Slimes","floor":1.0,"turns":3.0},{"damage":7.0,"enemies":"2 Louse","floor":2.0,"turns":3.0},{"damage":6.0,"enemies":"Cultist","floor":4.0,"turns":3.0},{"damage":21.0,"enemies":"Lagavulin","floor":7.0,"turns":6.0},{"damage":1.0,"enemies":"Large Slime","floor":10.0,"turns":4.0},{"damage":0.0,"enemies":"Looter","floor":12.0,"turns":3.0},{"damage":2.0,"enemies":"Blue Slaver","floor":14.0,"turns":6.0},{"damage":36.0,"enemies":"The Guardian","floor":16.0,"turns":11.0},{"damage":40.0,"enemies":"Shell Parasite","floor":18.0,"turns":9.0},{"damage":4,"enemies":"Chosen","floor":21,"turns":4},{"damage":57,"enemies":"Snake Plant","floor":22,"turns":8},{"damage":36,"enemies":"Book of Stabbing","floor":24,"turns":4}],"seed_played":"8090618237142030667","potions_obtained":[{"floor":2.0,"key":"SpeedPotion"},{"floor":4.0,"key":"EssenceOfSteel"},{"floor":7.0,"key":"LiquidBronze"},{"floor":10.0,"key":"Regen Potion"},{"floor":14.0,"key":"SkillPotion"},{"floor":16.0,"key":"Weak Potion"},{"floor":18.0,"key":"FairyPotion"},{"floor":21,"key":"SpeedPotion"},{"floor":22,"key":"Fire Potion"}],"is_trial":false,"path_per_floor":["M","M","?","M","?","R","E","R","T","M","R","M","?","M","R","B",null,"M","$","?","M","M","R","E"],"character_chosen":"HERMIT","items_purchased":["hermit:Spyglass","hermit:HoleUp"],"campfire_rested":1,"item_purchase_floors":[19,19],"current_hp_per_floor":[82,75,64,58,58,58,37,37,37,36,36,36,28,41,41,30,82,42,42,42,38,10,34,0,0],"gold":200,"neow_bonus":"TEN_PERCENT_HP_BONUS","is_prod":false,"is_daily":false,"chose_seed":false,"campfire_upgraded":4,"win_rate":0.0,"timestamp":1607504571,"path_taken":["M","M","?","M","?","R","E","R","T","M","R","M","?","M","R","BOSS","M","$","?","M","M","R","E"],"build_version":"2020-11-30","purchased_purges":1,"victory":false,"max_hp_per_floor":[82,82,82,82,82,82,82,82,82,82,82,82,82,82,82,82,82,82,82,82,82,82,82,82,82],"card_choices":[{"not_picked":["hermit:Combo","hermit:LoneWolf"],"picked":"hermit:Headshot","floor":1.0},{"not_picked":["hermit:HoleUp","hermit:CalledShot"],"picked":"hermit:Malice","floor":2.0},{"not_picked":["hermit:EyeOfTheStorm","hermit:ItchyTrigger"],"picked":"hermit:Enervate","floor":4.0},{"not_picked":["hermit:Adapt","hermit:Malice"],"picked":"hermit:Vantage","floor":7.0},{"not_picked":["hermit:ShadowCloak","hermit:FullyLoaded"],"picked":"hermit:Snipe","floor":10.0},{"not_picked":["hermit:Coalescence","hermit:HighCaliber","hermit:Desperado"],"picked":"SKIP","floor":12.0},{"not_picked":["hermit:Headshot","hermit:Roulette"],"picked":"hermit:Dive","floor":14.0},{"not_picked":["hermit:Reprieve","hermit:Dissolve"],"picked":"hermit:HeroicBravado","floor":16.0},{"not_picked":["hermit:Snipe+1","hermit:HighCaliber+1"],"picked":"hermit:CursedWeapon+1","floor":18.0},{"not_picked":["hermit:WideOpen+1","hermit:LowProfile+1"],"picked":"hermit:Combo","floor":21},{"not_picked":["hermit:LoneWolf","hermit:WideOpen+1","hermit:Snipe"],"picked":"SKIP","floor":22}],"player_experience":585548,"relics_obtained":[{"floor":7.0,"key":"Pantograph"},{"floor":9.0,"key":"White Beast Statue"},{"floor":17.0,"key":"Juzu Bracelet"},{"floor":17.0,"key":"Ornamental Fan"},{"floor":17.0,"key":"Girya"}],"event_choices":[{"damage_healed":0.0,"max_hp_gain":0.0,"max_hp_loss":0.0,"gold_gain":75.0,"event_name":"World of Goop","player_choice":"Gather Gold","floor":3.0,"gold_loss":0.0,"damage_taken":11.0},{"damage_healed":0.0,"max_hp_gain":0.0,"max_hp_loss":0.0,"gold_gain":0.0,"event_name":"Golden Idol","player_choice":"Take Wound","floor":5.0,"gold_loss":0.0,"damage_taken":0.0,"relics_obtained":["Golden Idol"],"cards_obtained":["Injury"]},{"damage_healed":0.0,"max_hp_gain":0.0,"max_hp_loss":0.0,"gold_gain":75.0,"event_name":"FaceTrader","player_choice":"Touch","floor":13.0,"gold_loss":0.0,"damage_taken":8.0},{"damage_healed":0.0,"max_hp_gain":0.0,"max_hp_loss":0.0,"gold_gain":0.0,"event_name":"Ghosts","player_choice":"Ignored","floor":20.0,"gold_loss":0.0,"damage_taken":0.0}],"is_beta":false,"boss_relics":[{"not_picked":["Astrolabe","Sozu"],"picked":"Calling Bell"}],"items_purged_floors":[19],"is_endless":false,"potions_floor_spawned":[2,4,7,10,12,14,16,18,21,22],"killed_by":"Book of Stabbing","ascension_level":0}}