{"host":"uclt3t1usqzz4m5p","time":1607491116,"event":{"gold_per_floor":[111,129,47,60,71,97,0,18,18,48,48,68,100,100,100,204,204,221,221,221],"floor_reached":19,"playtime":1716,"items_purged":[],"score":239,"play_id":"3bc3c325-c33f-406d-b47d-3404a223ba33","local_time":"20201208211836","is_ascension_mode":false,"campfire_choices":[{"floor":15,"key":"REST"}],"neow_cost":"NONE","seed_source_timestamp":359407085815600,"circlet_count":0,"master_deck":["Strike_R","Strike_R","Strike_R","Strike_R","Strike_R","Defend_R","Defend_R","Defend_R","Defend_R","Bash","Headbutt","Shockwave","Headbutt","Metallicize","Cleave","Limit Break","Pommel Strike","Enlightenment","Power Through","Feel No Pain","Blood for Blood","Uppercut","Scrawl","Seek+1","Feed"],"special_seed":0,"relics":["Burning Blood","Hammer of Thor","Seething Fire","Anvil of the Gods","wanderingMiniBosses:Inkheart","Pear","Kunai","White Beast Statue","HornCleat","Runic Dome"],"potions_floor_usage":[13,13,16],"damage_taken":[{"damage":11,"enemies":"Jaw Worm","floor":1,"turns":2},{"damage":6,"enemies":"Cultist","floor":2,"turns":3},{"damage":6,"enemies":"Small Slimes","floor":4,"turns":3},{"damage":5,"enemies":"3 Louse","floor":5,"turns":2},{"damage":17,"enemies":"3 Sentries","floor":6,"turns":7},{"damage":14,"enemies":"Large Slime","floor":8,"turns":6},{"damage":24,"enemies":"Gremlin Nob","floor":10,"turns":5},{"damage":2,"enemies":"Exordium Wildlife","floor":12,"turns":3},{"damage":4,"enemies":"3 Sentries","floor":13,"turns":5},{"damage":50,"enemies":"The Guardian","floor":16,"turns":10},{"damage":11,"enemies":"Shell Parasite","floor":18,"turns":8}],"seed_played":"-2273063774298769354","potions_obtained":[{"floor":1,"key":"BloodPotion"},{"floor":10,"key":"LiquidBronze"},{"floor":12,"key":"DistilledChaos"},{"floor":13,"key":"Fire Potion"},{"floor":16,"key":"Fire Potion"},{"floor":18,"key":"AttackPotion"}],"is_trial":false,"path_per_floor":["M","M","$","M","M","E","?","M","T","E","?","M","E","?","R","B",null,"M","$"],"character_chosen":"IRONCLAD","items_purchased":["Metallicize"],"campfire_rested":1,"item_purchase_floors":[3],"current_hp_per_floor":[75,75,75,75,76,75,81,73,73,55,55,59,61,16,44,19,96,94,94,94],"gold":221,"neow_bonus":"THREE_CARDS","is_prod":false,"is_daily":false,"chose_seed":false,"campfire_upgraded":0,"win_rate":0,"timestamp":1607491116,"path_taken":["M","M","$","M","M","E","?","M","T","E","?","?","E","?","R","BOSS","M","$"],"build_version":"2020-11-30","purchased_purges":0,"victory":false,"max_hp_per_floor":[80,80,80,80,80,90,96,96,96,96,96,96,96,96,96,96,96,99,99,99],"card_choices":[{"not_picked":["Fire Breathing","Anger"],"picked":"Headbutt","floor":0.0},{"not_picked":["Sentinel","Headbutt"],"picked":"Shockwave","floor":1},{"not_picked":["Anger","Clash"],"picked":"Headbutt","floor":2},{"not_picked":["Pummel","Armaments"],"picked":"Cleave","floor":4},{"not_picked":["Flex","Entrench"],"picked":"Limit Break","floor":5},{"not_picked":["Warcry","Perfected Strike"],"picked":"Pommel Strike","floor":6},{"not_picked":["Armaments","Sentinel"],"picked":"Power Through","floor":8},{"not_picked":["Cleave","Perfected Strike"],"picked":"Feel No Pain","floor":10},{"not_picked":["Second Wind","Clash"],"picked":"Blood for Blood","floor":12},{"not_picked":["Blood for Blood","Cleave"],"picked":"Uppercut","floor":13},{"not_picked":["Double Tap","Impervious"],"picked":"Feed","floor":16},{"not_picked":["Wild Strike","Anger","Headbutt"],"picked":"SKIP","floor":18}],"player_experience":560025,"relics_obtained":[{"floor":5,"key":"wanderingMiniBosses:Inkheart"},{"floor":6,"key":"Pear"},{"floor":9,"key":"Kunai"},{"floor":10,"key":"White Beast Statue"},{"floor":13,"key":"HornCleat"}],"event_choices":[{"damage_healed":0,"gold_gain":0,"player_choice":"RENOUNCE","damage_taken":97,"max_hp_gain":0,"max_hp_loss":0,"event_name":"betterThird:BetterSerpent","floor":7,"gold_loss":97,"cards_obtained":["Enlightenment"]},{"damage_healed":0,"gold_gain":0,"player_choice":"Ignored","damage_taken":0,"max_hp_gain":0,"max_hp_loss":0,"event_name":"Purifier","floor":11,"gold_loss":0},{"damage_healed":0,"gold_gain":1,"player_choice":"Card Card ","damage_taken":45,"max_hp_gain":0,"max_hp_loss":0,"event_name":"betterThird:BetterScrap","floor":14,"gold_loss":0,"cards_obtained":["Scrawl","Seek"]}],"is_beta":false,"boss_relics":[{"not_picked":["Astrolabe","Calling Bell"],"picked":"Runic Dome"}],"items_purged_floors":[],"is_endless":false,"potions_floor_spawned":[1,10,12,13,16,18],"ascension_level":0}}