{"host":"3y2rtlgteqp2nuo3","time":1607518886,"event":{"gold_per_floor":[111,186,206,224,241,269,279,279,306,332,332,343,343,357,357,454,454,470,470,470,486,259,259,276,310,336,359,380,400,400,412,412,525,525,545,569,168,186,213,254,254,254,254,254,276,295,295,145,145,145,145],"floor_reached":50,"playtime":1504,"items_purged":["Pain","Strike_B"],"score":829,"play_id":"ca07fc3c-3f5d-4ba8-83e8-f2dab9110232","local_time":"20201209220126","is_ascension_mode":true,"campfire_choices":[{"floor":8.0,"key":"REST"},{"data":"FTL","floor":11.0,"key":"SMITH"},{"data":"Dualcast","floor":13.0,"key":"SMITH"},{"floor":15.0,"key":"REST"},{"data":"Echo Form","floor":23.0,"key":"SMITH"},{"floor":30.0,"key":"REST"},{"floor":32.0,"key":"REST"},{"floor":42,"key":"REST"},{"floor":47,"key":"REST"},{"floor":49,"key":"REST"}],"neow_cost":"NONE","seed_source_timestamp":1341469409745300,"circlet_count":0,"master_deck":["AscendersBane","Defend_B","Defend_B","Defend_B","Defend_B","Zap+1","Dualcast+1","Sweeping Beam","FTL+1","Tempest","Steam Power","Compile Driver","Ball Lightning","Static Discharge","Echo Form+1","Electrodynamics","Storm+1","Hologram+1","Creative AI+1","Turbo+1","Streamline+1","Reinforced Body+1","BootSequence","Barrage+1","Turbo","Reboot","White Noise+1","Consume+1","Amplify","Reinforced Body","Turbo","Creative AI"],"special_seed":0,"relics":["Cracked Core","Du-Vu Doll","Blood Vial","Boot","Astrolabe","WarpedTongs","Lee\u0027s Waffle","Vajra","CeramicFish","Sozu","Prayer Wheel","Akabeko","Gremlin Horn","Lantern"],"potions_floor_usage":[],"damage_taken":[{"damage":5.0,"enemies":"Small Slimes","floor":1.0,"turns":3.0},{"damage":0.0,"enemies":"Cultist","floor":3.0,"turns":3.0},{"damage":2.0,"enemies":"Jaw Worm","floor":4.0,"turns":3.0},{"damage":1.0,"enemies":"2 Fungi Beasts","floor":5.0,"turns":2.0},{"damage":37.0,"enemies":"Lagavulin","floor":6.0,"turns":6.0},{"damage":4.0,"enemies":"Lots of Slimes","floor":7.0,"turns":2.0},{"damage":10.0,"enemies":"Gremlin Nob","floor":10.0,"turns":3.0},{"damage":5.0,"enemies":"3 Louse","floor":12.0,"turns":2.0},{"damage":6.0,"enemies":"2 Fungi Beasts","floor":14.0,"turns":2.0},{"damage":38.0,"enemies":"Slime Boss","floor":16.0,"turns":7.0},{"damage":18.0,"enemies":"Shell Parasite","floor":18.0,"turns":4.0},{"damage":6.0,"enemies":"Spheric Guardian","floor":21.0,"turns":3.0},{"damage":15.0,"enemies":"Snecko","floor":24.0,"turns":4.0},{"damage":27.0,"enemies":"Slavers","floor":25.0,"turns":3.0},{"damage":13.0,"enemies":"Centurion and Healer","floor":27.0,"turns":5.0},{"damage":3.0,"enemies":"Cultist and Chosen","floor":28.0,"turns":5.0},{"damage":26.0,"enemies":"Shelled Parasite and Fungi","floor":29.0,"turns":4.0},{"damage":11.0,"enemies":"Snake Plant","floor":31.0,"turns":4.0},{"damage":25.0,"enemies":"Automaton","floor":33.0,"turns":8.0},{"damage":0.0,"enemies":"Orb Walker","floor":35.0,"turns":3.0},{"damage":13.0,"enemies":"3 Darklings","floor":36.0,"turns":3.0},{"damage":14.0,"enemies":"Writhing Mass","floor":38.0,"turns":5.0},{"damage":20.0,"enemies":"Jaw Worm Horde","floor":39.0,"turns":3.0},{"damage":0.0,"enemies":"Nemesis","floor":40.0,"turns":3.0},{"damage":27,"enemies":"Spire Growth","floor":45,"turns":5},{"damage":4,"enemies":"4 Shapes","floor":46,"turns":3},{"damage":89,"enemies":"Awakened One","floor":50,"turns":7}],"seed_played":"-5890835075686772022","potions_obtained":[{"floor":5.0,"key":"FearPotion"},{"floor":6.0,"key":"Explosive Potion"},{"floor":10.0,"key":"ColorlessPotion"},{"floor":12.0,"key":"SteroidPotion"},{"floor":16.0,"key":"Strength Potion"},{"floor":29.0,"key":"GamblersBrew"},{"floor":31.0,"key":"Energy Potion"},{"floor":33.0,"key":"SteroidPotion"}],"is_trial":false,"path_per_floor":["M","?","M","M","M","E","M","R","T","E","R","M","R","M","R","B",null,"M","?","?","M","$","R","M","E","T","M","M","M","R","M","R","B",null,"M","M","$","M","M","E","?","R","T","?","M","M","R","$","R","B"],"character_chosen":"DEFECT","items_purchased":["Lee\u0027s Waffle","Prayer Wheel","Lantern"],"campfire_rested":7,"item_purchase_floors":[22,37,48],"current_hp_per_floor":[63,52,52,50,49,12,8,30,30,22,22,19,19,15,37,1,57,41,41,41,37,82,82,67,42,42,31,30,6,30,21,45,22,67,69,58,58,46,28,30,30,54,54,54,29,27,51,51,75,0,0],"gold":145,"neow_bonus":"UPGRADE_CARD","is_prod":false,"is_daily":false,"chose_seed":false,"campfire_upgraded":3,"win_rate":0,"timestamp":1607518886,"path_taken":["M","?","M","M","M","E","M","R","T","E","R","M","R","M","R","BOSS","M","?","?","M","$","R","M","E","T","M","M","M","R","M","R","BOSS","M","?","$","M","M","E","?","R","T","?","?","M","R","$","R","BOSS"],"build_version":"2020-11-30","purchased_purges":2,"victory":false,"max_hp_per_floor":[75,75,75,75,75,75,75,75,75,75,75,75,75,75,75,75,75,75,75,75,75,82,82,82,82,82,82,82,82,82,82,82,82,82,82,82,82,82,82,82,82,82,82,82,82,82,82,82,82,82,82],"card_choices":[{"not_picked":["Cold Snap","Turbo"],"picked":"Sweeping Beam","floor":1.0},{"not_picked":["Static Discharge","Sweeping Beam"],"picked":"FTL","floor":3.0},{"not_picked":["Go for the Eyes","Streamline"],"picked":"Tempest","floor":4.0},{"not_picked":["Barrage","Cold Snap"],"picked":"Steam Power","floor":5.0},{"not_picked":["Fusion","Capacitor"],"picked":"Compile Driver","floor":6.0},{"not_picked":["Loop","Compile Driver"],"picked":"Ball Lightning","floor":7.0},{"not_picked":["Rebound","Recycle"],"picked":"Static Discharge","floor":10.0},{"not_picked":["Beam Cell","FTL"],"picked":"Echo Form","floor":12.0},{"not_picked":["Barrage","Static Discharge","Compile Driver"],"picked":"SKIP","floor":14.0},{"not_picked":["Reboot","Core Surge"],"picked":"Electrodynamics","floor":16.0},{"not_picked":["Steam+1","Aggregate"],"picked":"Turbo+1","floor":18.0},{"not_picked":["Compile Driver","Scrape"],"picked":"Streamline+1","floor":21.0},{"not_picked":["Leap+1","Beam Cell"],"picked":"Reinforced Body+1","floor":24.0},{"not_picked":["Gash","Hologram"],"picked":"BootSequence","floor":25.0},{"not_picked":["Go for the Eyes","Ball Lightning"],"picked":"Barrage+1","floor":27.0},{"not_picked":["Double Energy","Cold Snap"],"picked":"Turbo","floor":28.0},{"not_picked":["Ball Lightning","Cold Snap+1","Compile Driver"],"picked":"SKIP","floor":29.0},{"not_picked":["Go for the Eyes+1","Compile Driver+1","Gash"],"picked":"SKIP","floor":31.0},{"not_picked":["Fission","Rainbow"],"picked":"Reboot","floor":33.0},{"not_picked":["Compile Driver","Aggregate"],"picked":"White Noise+1","floor":35.0},{"not_picked":["Sweeping Beam","Beam Cell"],"picked":"Consume+1","floor":36.0},{"not_picked":["Sweeping Beam+1","Redo","Melter"],"picked":"SKIP","floor":38.0},{"not_picked":["Streamline","Redo","Chill+1"],"picked":"SKIP","floor":38.0},{"not_picked":["Cold Snap","Stack"],"picked":"Amplify","floor":39.0},{"not_picked":["Hologram","Cold Snap+1","BootSequence"],"picked":"SKIP","floor":39.0},{"not_picked":["Barrage","Darkness"],"picked":"Reinforced Body","floor":40.0},{"not_picked":["Rebound+1","Gash"],"picked":"Turbo","floor":45},{"not_picked":["Aggregate+1","Rebound","Darkness+1"],"picked":"SKIP","floor":45},{"not_picked":["Hologram+1","Redo"],"picked":"Creative AI","floor":46},{"not_picked":["Blizzard+1","Leap+1","Hologram+1"],"picked":"SKIP","floor":46}],"player_experience":846655,"relics_obtained":[{"floor":6.0,"key":"Du-Vu Doll"},{"floor":9.0,"key":"Blood Vial"},{"floor":10.0,"key":"Boot"},{"floor":25.0,"key":"Vajra"},{"floor":26.0,"key":"CeramicFish"},{"floor":40.0,"key":"Akabeko"},{"floor":43,"key":"Gremlin Horn"}],"event_choices":[{"damage_healed":0.0,"max_hp_gain":0.0,"max_hp_loss":0.0,"gold_gain":75.0,"event_name":"World of Goop","player_choice":"Gather Gold","floor":2.0,"gold_loss":0.0,"damage_taken":11.0},{"damage_healed":0.0,"max_hp_gain":0.0,"max_hp_loss":0.0,"gold_gain":0.0,"event_name":"The Mausoleum","player_choice":"Ignored","floor":19.0,"gold_loss":0.0,"damage_taken":0.0},{"damage_healed":0.0,"max_hp_gain":0.0,"max_hp_loss":0.0,"gold_gain":0.0,"event_name":"Accursed Blacksmith","player_choice":"Rummage","floor":20.0,"gold_loss":0.0,"damage_taken":0.0,"relics_obtained":["WarpedTongs"],"cards_obtained":["Pain"]},{"damage_healed":0,"gold_gain":0,"player_choice":"Ignored","damage_taken":0,"max_hp_gain":0,"max_hp_loss":0,"event_name":"Mysterious Sphere","floor":41,"gold_loss":0},{"damage_healed":0,"gold_gain":0,"player_choice":"Got Potions","damage_taken":0,"max_hp_gain":0,"max_hp_loss":0,"event_name":"Lab","floor":44,"gold_loss":0}],"is_beta":false,"boss_relics":[{"not_picked":["Philosopher\u0027s Stone","Cursed Key"],"picked":"Astrolabe"},{"not_picked":["Inserter","Snecko Eye"],"picked":"Sozu"}],"items_purged_floors":[22,37],"is_endless":false,"potions_floor_spawned":[5,6,10,12,16,25,27,29,31,33,36,39,45,46],"killed_by":"Awakened One","ascension_level":11}}