{"host":"q9mhowvqlzgm3ymx","time":1607539999,"event":{"gold_per_floor":[100,100,120,137,157,177,250,250,263,292,292,303,403,467,477,579,579,429,479,508,498,518,44,68,68,100,100,150,150],"floor_reached":28,"playtime":2420,"items_purged":["TheRailgun:Scatter_Railgun"],"score":283,"play_id":"b6bebc52-c2d6-43a1-b3c9-32ad40f8ee9b","local_time":"20201209195319","is_ascension_mode":false,"campfire_choices":[{"floor":1,"key":"RECALL"},{"data":"TheRailgun:Zip","floor":8,"key":"SMITH"},{"data":"TheRailgun:Static","floor":18,"key":"SMITH"},{"data":"TheRailgun:Pull","floor":25,"key":"SMITH"},{"data":"TheRailgun:Discharge","floor":27,"key":"SMITH"}],"neow_cost":"NONE","seed_source_timestamp":1470266016272600,"circlet_count":0,"master_deck":["TheRailgun:Strike","TheRailgun:Strike","TheRailgun:Defend","TheRailgun:Defend","TheRailgun:Defend","TheRailgun:Defend","TheRailgun:Discharge+1","TheRailgun:Static+1","TheRailgun:Zip+1","TheRailgun:Coin_Flip","TheRailgun:Taser","TheRailgun:Scatter_Railgun+1","TheRailgun:Scatter_Railgun","TheRailgun:Lightningbolt","TheRailgun:Thunderbolt","TheRailgun:Railgun","TheRailgun:Pull+1","TheRailgun:Level_6+1","TheRailgun:Iron_Dust_Field","TheRailgun:Coin_Flip","TheRailgun:Lightning_Speed+1","TheRailgun:Lightningbolt+1","TheRailgun:Teleporter","TheRailgun:Oneesama+1","TheRailgun:Thunderjolt"],"relics":["TheRailgun:CoinRelic","LagranYue:RandomDrawCardRelic","TungstenRod","Frozen Egg 2","Blood Vial","downfall:CloakOfManyFaces","CultistMask","FaceOfCleric","NlothsMask","GremlinMask","SsserpentHead","Black Star","downfall:HeartBlessingRed","downfall:HeartBlessingGreen","Replay:PocketPolymizer","Replay:Bottled Eggs","Durian","Potion Belt","Simple Rune"],"potions_floor_usage":[],"damage_taken":[{"damage":0,"enemies":"Cultist","floor":3,"turns":3},{"damage":4,"enemies":"Jaw Worm","floor":4,"turns":3},{"damage":0,"enemies":"2 Louse","floor":5,"turns":3},{"damage":14,"enemies":"Lots of Slimes","floor":6,"turns":4},{"damage":0,"enemies":"Large Slime","floor":9,"turns":3},{"damage":30,"enemies":"Gremlin Nob","floor":10,"turns":4},{"damage":9,"enemies":"Exordium Wildlife","floor":12,"turns":2},{"damage":3,"enemies":"downfall:FaceTrader","floor":13,"turns":5},{"damage":12,"enemies":"Exordium Thugs","floor":14,"turns":3},{"damage":5,"enemies":"2 Fungi Beasts","floor":15,"turns":2},{"damage":31,"enemies":"downfall:CharBossWatcher","floor":16,"turns":7},{"damage":16,"enemies":"Book of Stabbing","floor":20,"turns":4},{"damage":0,"enemies":"Spheric Guardian","floor":22,"turns":1},{"damage":5,"enemies":"downfall:FleeingMerchant","floor":23,"turns":4},{"damage":84,"enemies":"Gremlin Leader","floor":26,"turns":6},{"damage":22,"enemies":"Shell Parasite","floor":28,"turns":4}],"seed_played":"-24053892361961895","potions_obtained":[{"floor":3,"key":"hexamod:EctoCoolerPotion"},{"floor":6,"key":"FairyPotion"},{"floor":13,"key":"Toxic Potion"},{"floor":14,"key":"GamblersBrew"},{"floor":26,"key":"Explosive Potion"}],"is_trial":false,"path_per_floor":["R_BF","?","M","M","M","M","T","R","M","E","?","M","?","M","M","B",null,"R","?","E","?","M","$","T","R","E","R","M"],"character_chosen":"THE_DEFAULT","items_purchased":["Durian","TheRailgun:Lightning_Speed+1","TheRailgun:Lightningbolt+1"],"campfire_rested":0,"item_purchase_floors":[23,23,23],"current_hp_per_floor":[77,59,59,55,55,41,41,41,41,11,11,4,3,43,41,13,80,80,80,81,81,82,83,83,83,19,19,0,0],"gold":150,"neow_bonus":"TEN_PERCENT_HP_BONUS","is_prod":false,"is_daily":false,"chose_seed":false,"campfire_upgraded":4,"win_rate":0.0,"timestamp":1607539999,"path_taken":["R_BF","?","M","M","M","M","T","R","M","E","?","?","?","?","M","BOSS","R","?","E","?","M","?","T","R","E","R","?"],"build_version":"2020-11-30","purchased_purges":1,"victory":false,"max_hp_per_floor":[77,77,77,77,77,77,77,77,77,77,77,77,77,78,79,80,80,80,80,81,81,82,88,88,88,89,89,89,89],"card_choices":[{"not_picked":["TheRailgun:Token_Collection","TheRailgun:Gekota_Phone"],"picked":"TheRailgun:Thunderjolt","floor":3},{"not_picked":["TheRailgun:Lightning_Speed","TheRailgun:Static"],"picked":"TheRailgun:Coin_Flip","floor":4},{"not_picked":["TheRailgun:Pull","TheRailgun:Circuit_Breaker"],"picked":"TheRailgun:Taser","floor":5},{"not_picked":["TheRailgun:Heroinism","TheRailgun:Teleporter"],"picked":"TheRailgun:Scatter_Railgun","floor":6},{"not_picked":["TheRailgun:Mental_Out","TheRailgun:Teleporter"],"picked":"TheRailgun:Scatter_Railgun","floor":9},{"not_picked":["TheRailgun:Iron_Dust_Sword","TheRailgun:Coin_Flip"],"picked":"TheRailgun:Scatter_Railgun","floor":10},{"not_picked":["TheRailgun:Zap","TheRailgun:Taser+1"],"picked":"TheRailgun:Lightningbolt","floor":12},{"not_picked":["TheRailgun:Sister_Noise","TheRailgun:Gekotamania"],"picked":"TheRailgun:Thunderbolt","floor":13},{"not_picked":["TheRailgun:Hypercharge","TheRailgun:Circuit_Breaker+1"],"picked":"TheRailgun:Railgun","floor":14},{"not_picked":["TheRailgun:Thundershock","TheRailgun:Teleporter"],"picked":"TheRailgun:Pull","floor":15},{"not_picked":["TheRailgun:Overload+1","TheRailgun:Circuitous+1"],"picked":"TheRailgun:Level_6+1","floor":16},{"not_picked":["TheRailgun:Sister_Network","TheRailgun:Iron_Dust_Sword"],"picked":"TheRailgun:Iron_Dust_Field","floor":20},{"not_picked":["TheRailgun:Pull","TheRailgun:Thunderjolt+1"],"picked":"TheRailgun:Coin_Flip","floor":22},{"not_picked":["TheRailgun:Mental_Out+1","TheRailgun:Electrical_Fire"],"picked":"TheRailgun:Oneesama+1","floor":26}],"player_experience":126310,"relics_obtained":[{"floor":7,"key":"Frozen Egg 2"},{"floor":10,"key":"Blood Vial"},{"floor":13,"key":"downfall:CloakOfManyFaces"},{"floor":20,"key":"Replay:PocketPolymizer"},{"floor":20,"key":"Replay:Bottled Eggs"},{"floor":26,"key":"Potion Belt"},{"floor":26,"key":"Simple Rune"}],"event_choices":[{"damage_healed":0,"gold_gain":0,"player_choice":"Success","damage_taken":18,"relics_obtained":["TungstenRod"],"max_hp_gain":0,"max_hp_loss":0,"event_name":"Scrap Ooze","floor":2,"gold_loss":0},{"damage_healed":0,"gold_gain":0,"player_choice":"Upgraded","damage_taken":0,"max_hp_gain":0,"max_hp_loss":0,"event_name":"Upgrade Shrine","floor":11,"gold_loss":0,"cards_upgraded":["TheRailgun:Scatter_Railgun"]}],"is_beta":false,"boss_relics":[{"not_picked":["Sozu","Replay:Ancient Bell"],"picked":"Black Star"}],"items_purged_floors":[23],"is_endless":true,"potions_floor_spawned":[3,6,13,14,15,16,22,26],"killed_by":"Shell Parasite","ascension_level":0}}