{"host":"og6lam4kt3nibbw0","time":1607536602,"event":{"gold_per_floor":[15,15,25,41,51,51,68,68,68,88,88,103,103,117,117,190,190,210,135,135,145,161,161,161,161],"floor_reached":24,"playtime":732,"items_purged":["Strike_P"],"score":384,"play_id":"28411e8c-8755-492b-aab2-48b5317fc7c6","local_time":"20201210025642","is_ascension_mode":true,"campfire_choices":[{"data":"Halt","floor":6.0,"key":"SMITH"},{"data":"Vigilance","floor":8.0,"key":"SMITH"},{"data":"CrushJoints","floor":11.0,"key":"SMITH"},{"floor":15.0,"key":"REST"},{"floor":23,"key":"REST"}],"neow_cost":"NO_GOLD","seed_source_timestamp":531979209622400,"circlet_count":0,"master_deck":["AscendersBane","Strike_P+1","Strike_P+1","Defend_P","Defend_P+1","Eruption+1","Vigilance+1","Halt+1","LessonLearned+1","CrushJoints+1","CurseOfTheBell","Eruption+1"],"special_seed":0,"relics":["PureWater","Blue Candle","Calling Bell","Peace Pipe","Molten Egg 2","Anchor"],"potions_floor_usage":[16,16],"damage_taken":[{"damage":0.0,"enemies":"Jaw Worm","floor":1.0,"turns":2.0},{"damage":0.0,"enemies":"Cultist","floor":3.0,"turns":2.0},{"damage":0.0,"enemies":"Small Slimes","floor":4.0,"turns":2.0},{"damage":14.0,"enemies":"Red Slaver","floor":5.0,"turns":5.0},{"damage":14.0,"enemies":"Exordium Thugs","floor":7.0,"turns":6.0},{"damage":0.0,"enemies":"2 Fungi Beasts","floor":10.0,"turns":2.0},{"damage":9.0,"enemies":"Exordium Wildlife","floor":12.0,"turns":4.0},{"damage":12.0,"enemies":"Large Slime","floor":14.0,"turns":4.0},{"damage":14,"enemies":"Hexaghost","floor":16,"turns":9},{"damage":0,"enemies":"Chosen","floor":18,"turns":2},{"damage":18,"enemies":"2 Thieves","floor":21,"turns":5},{"damage":28,"enemies":"Centurion and Healer","floor":22,"turns":6},{"damage":30,"enemies":"Shelled Parasite and Fungi","floor":24,"turns":3}],"seed_played":"-6525012613613693843","potions_obtained":[{"floor":1.0,"key":"GamblersBrew"},{"floor":4.0,"key":"LiquidBronze"},{"floor":10.0,"key":"SpeedPotion"},{"floor":14.0,"key":"Block Potion"}],"is_trial":false,"path_per_floor":["M","?","M","M","M","R","M","R","T","M","R","M","?","M","R","B",null,"M","$","?","M","M","R","M"],"character_chosen":"WATCHER","items_purchased":[],"campfire_rested":2,"item_purchase_floors":[],"current_hp_per_floor":[61,61,61,61,47,47,33,33,33,33,33,24,24,12,32,18,56,56,56,56,38,10,30,0,0],"gold":161,"neow_bonus":"REMOVE_TWO","is_prod":false,"is_daily":false,"chose_seed":false,"campfire_upgraded":3,"win_rate":0,"timestamp":1607536602,"path_taken":["M","?","M","?","M","R","M","R","T","M","R","M","?","M","R","BOSS","M","$","?","M","?","R","M"],"build_version":"2020-11-30","purchased_purges":1,"victory":false,"max_hp_per_floor":[68,68,68,68,68,68,68,68,68,68,68,68,68,68,68,68,68,68,68,68,68,68,68,68,68],"card_choices":[{"not_picked":["WreathOfFlame","WaveOfTheHand","Prostrate"],"picked":"SKIP","floor":1.0},{"not_picked":["ThirdEye","Wallop","SashWhip"],"picked":"SKIP","floor":3.0},{"not_picked":["EmptyBody","EmptyFist","Collect"],"picked":"SKIP","floor":4.0},{"not_picked":["CutThroughFate","Vengeance"],"picked":"Halt","floor":5.0},{"not_picked":["PathToVictory","SashWhip"],"picked":"LessonLearned","floor":7.0},{"not_picked":["FollowUp","Protect"],"picked":"CrushJoints","floor":10.0},{"not_picked":["EmptyBody","Evaluate","Protect"],"picked":"SKIP","floor":12.0},{"not_picked":["Evaluate","Consecrate","WreathOfFlame"],"picked":"SKIP","floor":14.0},{"not_picked":["CrushJoints+1","LikeWater","CutThroughFate+1"],"picked":"SKIP","floor":18},{"not_picked":["LikeWater","Crescendo","WindmillStrike+1"],"picked":"SKIP","floor":21},{"not_picked":["Consecrate+1","SashWhip+1","BowlingBash+1"],"picked":"SKIP","floor":22}],"player_experience":754641,"relics_obtained":[{"floor":9.0,"key":"Blue Candle"},{"floor":17,"key":"Peace Pipe"},{"floor":17,"key":"Molten Egg 2"},{"floor":17,"key":"Anchor"}],"event_choices":[{"damage_healed":0.0,"max_hp_gain":0.0,"max_hp_loss":0.0,"gold_gain":0.0,"event_name":"Accursed Blacksmith","player_choice":"Forge","floor":2.0,"gold_loss":0.0,"damage_taken":0.0,"cards_upgraded":["Eruption"]},{"cards_removed":["Defend_P"],"damage_healed":0.0,"max_hp_gain":0.0,"max_hp_loss":0.0,"gold_gain":0.0,"event_name":"Living Wall","player_choice":"Forget","floor":13.0,"gold_loss":0.0,"damage_taken":0.0},{"damage_healed":0,"gold_gain":0,"player_choice":"Copied","damage_taken":0,"max_hp_gain":0,"max_hp_loss":0,"event_name":"Duplicator","floor":20,"gold_loss":0,"cards_obtained":["Eruption"]}],"is_beta":false,"boss_relics":[{"not_picked":["Cursed Key","Astrolabe"],"picked":"Calling Bell"}],"items_purged_floors":[19],"is_endless":false,"potions_floor_spawned":[1,4,10,14],"killed_by":"Shelled Parasite and Fungi","ascension_level":20}}