{"host":"l4zsyynf3knc4g5z","time":1607547359,"event":{"gold_per_floor":[119,119,199,199,211,211,230,245,245,245,271,346,360,375,375,375,375],"floor_reached":16,"playtime":404,"items_purged":[],"score":102,"play_id":"750466ca-ae3a-4f1a-9d18-1d1fb36ac3ef","local_time":"20201209125559","is_ascension_mode":false,"campfire_choices":[{"data":"Genetic Algorithm","floor":6,"key":"SMITH"},{"data":"Blizzard","floor":10,"key":"SMITH"},{"floor":15,"key":"REST"}],"neow_cost":"NONE","seed_source_timestamp":1591855006710800,"circlet_count":0,"master_deck":["Strike_B","Strike_B","Strike_B","Strike_B","Defend_B","Defend_B","Defend_B","Defend_B","Zap","Dualcast","Chill","Genetic Algorithm+1","Melter","Cold Snap","Blizzard+1","Beam Cell","Leap"],"relics":["Cracked Core","Potion Belt","hubris:DeckOfHolding","hubris:Towel","hubris:SoftwareUpdate","Gremlin Horn"],"potions_floor_usage":[11,14,16],"damage_taken":[{"damage":7,"enemies":"Jaw Worm","floor":1,"turns":4},{"damage":0,"enemies":"Small Slimes","floor":5,"turns":4},{"damage":9,"enemies":"2 Louse","floor":7,"turns":2},{"damage":1,"enemies":"2 Fungi Beasts","floor":8,"turns":4},{"damage":19,"enemies":"Gremlin Nob","floor":11,"turns":4},{"damage":0,"enemies":"3 Louse","floor":13,"turns":3},{"damage":10,"enemies":"Exordium Thugs","floor":14,"turns":3},{"damage":32,"enemies":"Hexaghost","floor":16,"turns":10}],"seed_played":"-2229632591396744833","potions_obtained":[{"floor":7,"key":"DistilledChaos"},{"floor":11,"key":"LiquidBronze"},{"floor":14,"key":"Fire Potion"}],"is_trial":false,"path_per_floor":["M","?","T","?","M","R","M","M","T","R","E","?","M","M","R","B"],"character_chosen":"DEFECT","items_purchased":[],"campfire_rested":1,"item_purchase_floors":[],"current_hp_per_floor":[68,65,65,65,65,65,56,55,55,55,36,25,25,15,37,5,5],"gold":375,"neow_bonus":"THREE_CARDS","is_prod":false,"is_daily":false,"chose_seed":false,"campfire_upgraded":2,"win_rate":0,"timestamp":1607547359,"path_taken":["M","?","?","?","M","R","M","M","T","R","E","?","?","M","R","BOSS"],"build_version":"2020-11-30","purchased_purges":0,"victory":false,"max_hp_per_floor":[75,75,75,75,75,75,75,75,75,75,75,75,75,75,75,75,75],"card_choices":[{"not_picked":["Stack","Coolheaded"],"picked":"Chill","floor":0},{"not_picked":["Gash","Redo"],"picked":"Genetic Algorithm","floor":1},{"not_picked":["Sweeping Beam","Conserve Battery"],"picked":"Melter","floor":5},{"not_picked":["Darkness","Barrage"],"picked":"Cold Snap","floor":7},{"not_picked":["Skim","Sweeping Beam"],"picked":"Blizzard","floor":8},{"not_picked":["ReplayTheSpireMod:Reroute Power","All For One","Rebound"],"picked":"SKIP","floor":11},{"not_picked":["Leap","Steam"],"picked":"Beam Cell","floor":13},{"not_picked":["Biased Cognition","Ball Lightning"],"picked":"Leap","floor":14}],"player_experience":93432,"relics_obtained":[{"floor":3,"key":"hubris:DeckOfHolding"},{"floor":9,"key":"hubris:SoftwareUpdate"},{"floor":11,"key":"Gremlin Horn"}],"event_choices":[{"damage_healed":0,"gold_gain":0,"player_choice":"Success","damage_taken":3,"relics_obtained":["Potion Belt"],"max_hp_gain":0,"max_hp_loss":0,"event_name":"Scrap Ooze","floor":2,"gold_loss":0},{"damage_healed":0,"gold_gain":75,"player_choice":"Gather Gold","damage_taken":11,"max_hp_gain":0,"max_hp_loss":0,"event_name":"World of Goop","floor":12,"gold_loss":0}],"is_beta":false,"boss_relics":[],"items_purged_floors":[],"is_endless":false,"potions_floor_spawned":[7,11,14],"killed_by":"Hexaghost","ascension_level":0}}