{"host":"jz650jsnp9zj3ffy","time":1607485402,"event":{"gold_per_floor":[112,112,112,122,138,173,186,186,186,212,212,224,0,19,19,121,121,139,64,77,90,105,134,18,18,18,56,101,101,164,211,211,379,379,428,219,290,384,445,445,497,561,587,687,796,796,796,877,877,965,965],"floor_reached":50,"playtime":3755,"items_purged":["Regret","Strike_R"],"score":638,"play_id":"40178e1d-c48e-4181-bf31-f0e23e1a495e","local_time":"20201208214322","is_ascension_mode":true,"campfire_choices":[{"data":"Uppercut","floor":8,"key":"SMITH"},{"floor":11,"key":"REST"},{"floor":15,"key":"REST"},{"data":"Berserk","floor":29,"key":"SMITH"},{"data":"Pummel","floor":32,"key":"SMITH"},{"data":"1","floor":40,"key":"LIFT"},{"data":"Berserk","floor":46,"key":"SMITH"},{"floor":49,"key":"REST"}],"neow_cost":"NONE","seed_source_timestamp":82683347536700,"circlet_count":0,"master_deck":["Strike_R","Strike_R","Strike_R","Defend_R","Defend_R","Defend_R","Bash+1","Uppercut+1","Shockwave","Reaper","ReplayTheSpireMod:Limb From Limb","Armaments","Whirlwind","Run Through+1","Shrug It Off","Berserk+1","Pummel+1","Demon Form","Pummel+1","Berserk+1","Ghostly Armor","Battle Trance+1","Madness+1","Madness+1"],"relics":["Burning Blood","Empty Cage","Boot","Bird Faced Urn","Replay:Accelerometer","Self Forming Clay","Brimstone","Ooze Armor","The Courier","Replay:Bandana","HornCleat","Runic Cube","Girya","Bag of Preparation","Nunchaku","Toxic Egg 2","Calipers","Replay:Kaleidoscope"],"potions_floor_usage":[6,10,16,18,23,31,33,37,41,50,50],"damage_taken":[{"damage":6,"enemies":"Jaw Worm","floor":1,"turns":4},{"damage":3,"enemies":"2 Louse","floor":4,"turns":2},{"damage":4,"enemies":"Cultist","floor":5,"turns":3},{"damage":52,"enemies":"Lagavulin","floor":6,"turns":9},{"damage":15,"enemies":"Looter","floor":7,"turns":3},{"damage":12,"enemies":"Gremlin Nob","floor":10,"turns":3},{"damage":21,"enemies":"Exordium Thugs","floor":12,"turns":5},{"damage":5,"enemies":"Red Slaver","floor":14,"turns":2},{"damage":26,"enemies":"Hexaghost","floor":16,"turns":6},{"damage":12,"enemies":"Shell Parasite","floor":18,"turns":2},{"damage":8,"enemies":"Spheric Guardian","floor":20,"turns":3},{"damage":14,"enemies":"Shelled Parasite and Fungi","floor":21,"turns":4},{"damage":4,"enemies":"Chosen and Byrds","floor":22,"turns":4},{"damage":6,"enemies":"Gremlin Leader","floor":23,"turns":4},{"damage":0,"enemies":"Snecko","floor":27,"turns":2},{"damage":9,"enemies":"Centurion and Healer","floor":28,"turns":4},{"damage":7,"enemies":"Book of Stabbing","floor":30,"turns":4},{"damage":5,"enemies":"Snake Plant","floor":31,"turns":3},{"damage":16,"enemies":"Automaton","floor":33,"turns":6},{"damage":8,"enemies":"Orb Walker","floor":35,"turns":3},{"damage":10,"enemies":"3 Darklings","floor":37,"turns":3},{"damage":19,"enemies":"Mind Bloom Boss Battle","floor":38,"turns":5},{"damage":15,"enemies":"Jaw Worm Horde","floor":39,"turns":4},{"damage":28,"enemies":"Sphere and 2 Shapes","floor":41,"turns":3},{"damage":10,"enemies":"Nemesis","floor":42,"turns":5},{"damage":17,"enemies":"Reptomancer","floor":44,"turns":6},{"damage":17,"enemies":"2 Orb Walkers","floor":45,"turns":3},{"damage":3,"enemies":"R_Hoarder","floor":48,"turns":5},{"damage":91,"enemies":"Donu and Deca","floor":50,"turns":5}],"seed_played":"-988877330731414008","potions_obtained":[{"floor":1,"key":"SpeedPotion"},{"floor":7,"key":"Energy Potion"},{"floor":12,"key":"ColorlessPotion"},{"floor":14,"key":"SteroidPotion"},{"floor":22,"key":"Block Potion"},{"floor":23,"key":"Strength Potion"},{"floor":28,"key":"SkillPotion"},{"floor":33,"key":"AttackPotion"},{"floor":37,"key":"Strength Potion"},{"floor":39,"key":"Explosive Potion"},{"floor":41,"key":"FearPotion"}],"is_trial":false,"path_per_floor":["M","?","?","M","M","E","M","R","T","E","R","M","$","M","R","B",null,"M","?","M","M","M","E","$","?","T","M","M","R","E","M","R","B",null,"M","$","M","?","M","R","M","E","T","E","?","R","?","E","R","B"],"character_chosen":"IRONCLAD","items_purchased":["Brimstone","Replay:Bandana","Berserk","Ghostly Armor"],"campfire_rested":3,"item_purchase_floors":[13,24,36,36],"current_hp_per_floor":[77,77,77,77,77,31,22,22,22,16,39,24,24,25,48,44,77,71,71,69,72,74,77,77,77,77,77,76,76,76,77,77,67,77,77,77,77,64,59,59,41,43,43,67,56,56,46,57,77,0,0],"gold":965,"neow_bonus":"CURSED_BOSS_RELIC","is_prod":false,"is_daily":false,"chose_seed":false,"campfire_upgraded":4,"win_rate":0,"timestamp":1607485402,"path_taken":["M","?","?","M","M","E","?","R","T","E","R","M","$","M","R","BOSS","M","?","M","M","M","E","$","?","T","M","M","R","E","M","R","BOSS","M","$","M","?","M","R","M","E","T","E","?","R","?","E","R","BOSS"],"build_version":"2020-11-30","purchased_purges":2,"victory":false,"max_hp_per_floor":[77,77,77,77,77,77,77,77,77,77,77,77,77,77,77,77,77,77,77,77,77,77,77,77,77,77,77,77,77,77,77,77,77,77,77,77,77,77,77,77,77,77,77,77,77,77,77,77,77,77,77],"card_choices":[{"not_picked":["Intimidate","Havoc","Abandon"],"picked":"SKIP","floor":1},{"not_picked":["Heavy Blade","Headbutt"],"picked":"Uppercut","floor":4},{"not_picked":["Wild Strike","Clothesline"],"picked":"Shockwave","floor":5},{"not_picked":["ReplayTheSpireMod:Muscle Training","Combust"],"picked":"Reaper","floor":6},{"not_picked":["Uppercut","Anger"],"picked":"ReplayTheSpireMod:Limb From Limb","floor":7},{"not_picked":["Warcry","Clothesline","Pommel Strike"],"picked":"SKIP","floor":10},{"not_picked":["True Grit","Replay:Undeath\u0027s Touch"],"picked":"Armaments","floor":12},{"not_picked":["Armaments","Twin Strike"],"picked":"Whirlwind","floor":14},{"not_picked":["Whirlwind","Wild Strike"],"picked":"Run Through+1","floor":18},{"not_picked":["Havoc","Run Through","Perfected Strike"],"picked":"SKIP","floor":20},{"not_picked":["Warcry","ReplayTheSpireMod:Strike From Hell"],"picked":"Shrug It Off","floor":21},{"not_picked":["Pommel Strike","Warcry","ReplayTheSpireMod:Strike From Hell"],"picked":"SKIP","floor":22},{"not_picked":["Power Through+1","Havoc+1","Run Through+1"],"picked":"SKIP","floor":23},{"not_picked":["Thunderclap","Flex"],"picked":"Berserk","floor":27},{"not_picked":["Replay:Undeath\u0027s Touch","Evolve","Clothesline"],"picked":"SKIP","floor":28},{"not_picked":["ReplayTheSpireMod:Strike From Hell","Flex+1","Shrug It Off"],"picked":"SKIP","floor":30},{"not_picked":["Power Through","Clash+1"],"picked":"Pummel","floor":31},{"not_picked":["Bludgeon","Juggernaut"],"picked":"Demon Form","floor":33},{"not_picked":["Sword Boomerang","Warcry+1"],"picked":"Pummel+1","floor":35},{"not_picked":["Havoc+1","Hemokinesis","Blood for Blood"],"picked":"SKIP","floor":37},{"not_picked":["Burning Pact+1","Wild Strike+1"],"picked":"Battle Trance+1","floor":38},{"not_picked":["Perfected Strike+1","Run Through","Warcry+1"],"picked":"SKIP","floor":39},{"not_picked":["ReplayTheSpireMod:Strike From Hell","Body Slam+1","Eclipse"],"picked":"SKIP","floor":41},{"not_picked":["Dual Wield","Sword Boomerang","Headbutt"],"picked":"SKIP","floor":42},{"not_picked":["Clothesline+1","Defy Death+1","Headbutt+1"],"picked":"SKIP","floor":44},{"not_picked":["True Grit+1","Heavy Blade+1","Sword Boomerang"],"picked":"SKIP","floor":48}],"player_experience":1902306,"relics_obtained":[{"floor":6,"key":"Bird Faced Urn"},{"floor":9,"key":"Replay:Accelerometer"},{"floor":10,"key":"Self Forming Clay"},{"floor":23,"key":"The Courier"},{"floor":26,"key":"HornCleat"},{"floor":38,"key":"Girya"},{"floor":42,"key":"Bag of Preparation"},{"floor":43,"key":"Nunchaku"},{"floor":44,"key":"Toxic Egg 2"},{"floor":45,"key":"Calipers"},{"floor":48,"key":"Replay:Kaleidoscope"}],"event_choices":[{"damage_healed":0,"gold_gain":0,"player_choice":"Box","damage_taken":0,"relics_obtained":["Boot"],"max_hp_gain":0,"max_hp_loss":0,"event_name":"Big Fish","floor":2,"gold_loss":0,"cards_obtained":["Regret"]},{"damage_healed":0,"gold_gain":0,"player_choice":"Upgraded","damage_taken":0,"max_hp_gain":0,"max_hp_loss":0,"event_name":"Upgrade Shrine","floor":3,"gold_loss":0,"cards_upgraded":["Bash"]},{"cards_removed":["Strike_R"],"damage_healed":0,"gold_gain":0,"player_choice":"Gave Gold","damage_taken":0,"max_hp_gain":0,"max_hp_loss":0,"event_name":"Beggar","floor":19,"gold_loss":75},{"damage_healed":0,"gold_gain":0,"player_choice":"Ignored","damage_taken":0,"max_hp_gain":0,"max_hp_loss":0,"event_name":"NoteForYourself","floor":25,"gold_loss":0},{"damage_healed":0,"gold_gain":0,"player_choice":"Fight","damage_taken":0,"max_hp_gain":0,"max_hp_loss":0,"event_name":"MindBloom","floor":38,"gold_loss":0},{"damage_healed":0,"gold_gain":0,"player_choice":"Fight","damage_taken":0,"max_hp_gain":0,"max_hp_loss":0,"event_name":"Mysterious Sphere","floor":45,"gold_loss":0},{"damage_healed":0,"gold_gain":0,"player_choice":"Embrace Madness","damage_taken":10,"max_hp_gain":0,"max_hp_loss":0,"event_name":"Winding Halls","floor":47,"gold_loss":0,"cards_obtained":["Madness","Madness"]}],"is_beta":false,"boss_relics":[{"not_picked":["ReplayTheSpireMod:DimensionalGlitch","Replay:Wanted Poster"],"picked":"Ooze Armor"},{"not_picked":["Pandora\u0027s Box","ChewingGum"],"picked":"Runic Cube"}],"items_purged_floors":[13,36],"is_endless":false,"potions_floor_spawned":[1,7,12,14,22,23,28,33,37,39,41],"killed_by":"Donu and Deca","ascension_level":1}}