{"host":"17xjy7b7ubl548g2","time":1607499772,"event":{"gold_per_floor":[118,174,191,210,224,224,258,268,343,354,27,41,41,61,61,135,135,153,153,186,198,117,117,117,164,164,164,195,195,195,195,195],"floor_reached":31,"playtime":3106,"items_purged":["StuffTheSpire:GnomedCurse"],"score":554,"play_id":"249fc080-2e21-49ea-89d1-7c1da833e318","local_time":"20201209024252","is_ascension_mode":true,"campfire_choices":[{"data":"Neutralize","floor":6.0,"key":"SMITH"},{"data":"Apotheosis","floor":13.0,"key":"SMITH"},{"data":"ReplayTheSpireMod:Tripwire","floor":15.0,"key":"SMITH"},{"data":"Elementarium:GildedForm","floor":23.0,"key":"SMITH"},{"data":"Draining Mist","floor":27.0,"key":"SMITH"}],"neow_cost":"NONE","seed_source_timestamp":60992883522875,"circlet_count":0,"master_deck":["AscendersBane","Strike_G","Strike_G","Strike_G","Strike_G","Strike_G","Defend_G","Defend_G","Defend_G","Defend_G","Defend_G","Survivor","Neutralize+1","Dash","Leg Sweep","jedi:pocketpoison","Blade Dance","Poisoned Stab","StuffTheSpire:MirrorStance","Dodge and Roll","Dagger Spray","Apotheosis+1","Slice","Backflip","ReplayTheSpireMod:Tripwire+1","Tools of the Trade","Draining Mist+1","Elementarium:GildedForm+1","ReplayTheSpireMod:Speed Training","All Out Attack","Sucker Punch"],"special_seed":0,"relics":["Ring of the Snake","jedi:crownofsimplicity","halation:WeightlessCrab","hubris:FunFungus","hubris:Metronome","infinitespire:Satchel","Snecko Eye","ReplayTheSpireMod:CursedCoin","OrangePellets","Lantern","Chameleon Ring","jedi:HeartOfTheCards","halation:EternalFortune"],"potions_floor_usage":[31,31],"damage_taken":[{"damage":2.0,"enemies":"2 Louse","floor":1.0,"turns":4.0},{"damage":0.0,"enemies":"Small Slimes","floor":3.0,"turns":3.0},{"damage":0.0,"enemies":"Cultist","floor":4.0,"turns":4.0},{"damage":0.0,"enemies":"Blue Slaver","floor":5.0,"turns":3.0},{"damage":0.0,"enemies":"Gremlin Nob","floor":7.0,"turns":4.0},{"damage":4.0,"enemies":"Looter","floor":8.0,"turns":3.0},{"damage":0.0,"enemies":"Exordium Wildlife","floor":10.0,"turns":3.0},{"damage":6.0,"enemies":"Lots of Slimes","floor":12.0,"turns":2.0},{"damage":0.0,"enemies":"Blue Slaver","floor":14.0,"turns":2.0},{"damage":0.0,"enemies":"Slime Boss","floor":16.0,"turns":4.0},{"damage":0.0,"enemies":"Elementarium:VoidCorruption","floor":18.0,"turns":3.0},{"damage":0.0,"enemies":"Elementarium:2_ELEMENTALS","floor":20.0,"turns":3.0},{"damage":0.0,"enemies":"Elementarium:RubyGolem","floor":21.0,"turns":5.0},{"damage":17.0,"enemies":"Elementarium:FIRE_NOBILITY","floor":25.0,"turns":6.0},{"damage":0.0,"enemies":"Elementarium:VOID_CORRUPTION_AND_ORB_OF_FIRE","floor":28.0,"turns":3.0},{"damage":14,"enemies":"Elementarium:ElementalPortal","floor":31,"turns":4}],"seed_played":"-1007524934702147986","potions_obtained":[{"floor":1.0,"key":"sagemod:Wine"},{"floor":2.0,"key":"Flashbang"},{"floor":8.0,"key":"blueLaboratory:EnvenomedCoating"},{"floor":12.0,"key":"AttackPotion"},{"floor":14.0,"key":"blueLaboratory:FruitPunch"},{"floor":21.0,"key":"Reflective Coating"},{"floor":28.0,"key":"blueLaboratory:HeartbeatPotion"},{"floor":30.0,"key":"Strength Potion"},{"floor":30.0,"key":"blueLaboratory:HeartbeatPotion"}],"is_trial":false,"path_per_floor":["M","?","M","M","M","R","E","M","T","M","$","M","R","M","R","B",null,"M","?","M","M","$","R","?","E","T","R","M","?","R","E"],"character_chosen":"THE_SILENT","items_purchased":["Apotheosis","infinitespire:Satchel","Slice","ReplayTheSpireMod:CursedCoin","OrangePellets"],"campfire_rested":0,"item_purchase_floors":[11,11,11,22,22],"current_hp_per_floor":[57,41,41,41,41,41,41,37,37,37,37,31,31,31,31,33,59,59,59,60,60,60,60,45,28,28,28,29,32,32,18,18],"gold":195,"neow_bonus":"RANDOM_COMMON_RELIC","is_prod":false,"is_daily":false,"chose_seed":false,"campfire_upgraded":5,"win_rate":0,"timestamp":1607499772,"path_taken":["M","?","M","M","M","R","E","M","T","M","$","M","R","M","R","BOSS","M","?","M","M","$","R","?","E","T","R","?","?","R","E"],"build_version":"2020-11-30","purchased_purges":1,"victory":false,"max_hp_per_floor":[66,66,66,66,66,66,66,66,66,66,66,66,66,66,66,68,68,68,60,60,60,60,60,60,60,60,60,60,63,63,63,63],"card_choices":[{"not_picked":["Outmaneuver","Choke"],"picked":"Dash","floor":1.0},{"not_picked":["StuffTheSpire:Python","Deflect"],"picked":"Leg Sweep","floor":2.0},{"not_picked":["Quick Slash","jedi:studyshivs"],"picked":"jedi:pocketpoison","floor":3.0},{"not_picked":["Prepared","ReplayTheSpireMod:Exploit Weakness"],"picked":"Blade Dance","floor":4.0},{"not_picked":["Underhanded Strike","ReplayTheSpireMod:The Works"],"picked":"Poisoned Stab","floor":5.0},{"not_picked":["Flying Knee","Outmaneuver"],"picked":"StuffTheSpire:MirrorStance","floor":7.0},{"not_picked":["Poisoned Stab","All Out Attack"],"picked":"Dodge and Roll","floor":8.0},{"not_picked":["PiercingWail","Dagger Throw"],"picked":"Dagger Spray","floor":10.0},{"not_picked":["Flying Knee","conspire:DoublingDagger"],"picked":"Backflip","floor":12.0},{"not_picked":["Terror","ReplayTheSpireMod:Scrap Shanks"],"picked":"ReplayTheSpireMod:Tripwire","floor":14.0},{"not_picked":["Unload","jedi:studypoison"],"picked":"Tools of the Trade","floor":16.0},{"not_picked":["Deflect","StuffTheSpire:ReptileScales"],"picked":"Draining Mist","floor":18.0},{"not_picked":["jedi:pocketpoison","Dodge and Roll"],"picked":"ReplayTheSpireMod:Speed Training","floor":20.0},{"not_picked":["Outmaneuver","Distraction"],"picked":"All Out Attack","floor":21.0},{"not_picked":["Unload","Slice","hubris:SlightOfHand"],"picked":"SKIP","floor":25.0},{"not_picked":["Calculated Gamble","StuffTheSpire:BumpUp"],"picked":"Sucker Punch","floor":28.0}],"player_experience":1500939,"relics_obtained":[{"floor":2.0,"key":"halation:WeightlessCrab"},{"floor":7.0,"key":"hubris:FunFungus"},{"floor":9.0,"key":"hubris:Metronome"},{"floor":25.0,"key":"Chameleon Ring"},{"floor":26.0,"key":"jedi:HeartOfTheCards"}],"event_choices":[{"damage_healed":0.0,"max_hp_gain":0.0,"max_hp_loss":8.0,"gold_gain":0.0,"event_name":"Elementarium:FountainOfGold","player_choice":"Dive in","floor":19.0,"gold_loss":0.0,"damage_taken":0.0,"cards_obtained":["Elementarium:GildedForm"]}],"is_beta":false,"boss_relics":[{"not_picked":["StuffTheSpire:RunicConfusion","energizedSpire:OgreHead"],"picked":"Snecko Eye"}],"items_purged_floors":[22],"is_endless":false,"potions_floor_spawned":[1,5,8,12,14,21,28],"killed_by":"Elementarium:ElementalPortal","ascension_level":14}}