{"host":"gk9qdtkqd8dwfeg2","time":1607525796,"event":{"gold_per_floor":[210,225,300,315,315,346,358,633,633,649,649,666,666,696,696,696,696],"floor_reached":16,"playtime":319,"items_purged":[],"score":249,"play_id":"80763098-fe69-4106-9b14-88e0417d77ec","local_time":"20201209225636","is_ascension_mode":true,"campfire_choices":[{"floor":11.0,"key":"REST"},{"floor":13.0,"key":"REST"},{"data":"Cloak And Dagger","floor":15.0,"key":"SMITH"}],"neow_cost":"NONE","seed_source_timestamp":521917190145300,"circlet_count":0,"master_deck":["AscendersBane","Strike_G","Strike_G","Strike_G","Strike_G","Defend_G","Defend_G","Defend_G","Defend_G","Defend_G","Survivor","Neutralize","Hidden Blade","Backstab","Backflip","Regret","Dagger Spray","Acrobatics","Cloak And Dagger+1"],"special_seed":0,"relics":["Ring of the Snake","testmod-TestBox","testmod-Brilliant","AddBug","SecretRecord","Baka2","SecretRecord"],"potions_floor_usage":[16],"damage_taken":[{"damage":0.0,"enemies":"Small Slimes","floor":1.0,"turns":1.0},{"damage":0.0,"enemies":"Cultist","floor":2.0,"turns":3.0},{"damage":0.0,"enemies":"Jaw Worm","floor":4.0,"turns":3.0},{"damage":29.0,"enemies":"Replay:BlueRogue","floor":6.0,"turns":5.0},{"damage":0.0,"enemies":"Red Slaver","floor":7.0,"turns":4.0},{"damage":0.0,"enemies":"Gremlin Gang","floor":10.0,"turns":1.0},{"damage":0.0,"enemies":"Large Slime","floor":12.0,"turns":1.0},{"damage":16.0,"enemies":"Lagavulin","floor":14.0,"turns":3.0},{"damage":8,"enemies":"The Guardian","floor":16,"turns":5}],"seed_played":"2462784659936213244","potions_obtained":[{"floor":6.0,"key":"Poison Potion"},{"floor":10.0,"key":"SkillPotion"},{"floor":14.0,"key":"ColorlessPotion"}],"is_trial":false,"path_per_floor":["M","M","?","M","?","E","M","?","T","M","R","M","R","E","R","B"],"character_chosen":"THE_SILENT","items_purchased":[],"campfire_rested":2,"item_purchase_floors":[],"current_hp_per_floor":[59,59,48,48,48,19,19,19,19,19,38,38,57,41,41,33,33],"gold":696,"neow_bonus":"HUNDRED_GOLD","is_prod":false,"is_daily":false,"chose_seed":false,"campfire_upgraded":1,"win_rate":0,"timestamp":1607525796,"path_taken":["M","M","?","M","?","E","?","?","T","M","R","?","R","E","R","BOSS"],"build_version":"2020-11-30","purchased_purges":0,"victory":false,"max_hp_per_floor":[66,66,66,66,66,66,66,66,66,66,66,66,66,66,66,66,66],"card_choices":[{"not_picked":["Bane","ReplayTheSpireMod:Speed Training"],"picked":"Hidden Blade","floor":1.0},{"not_picked":["Leg Sweep","Deflect","Deadly Poison"],"picked":"SKIP","floor":2.0},{"not_picked":["Choke","Masterful Stab","Crippling Poison"],"picked":"SKIP","floor":4.0},{"not_picked":["Quick Slash","Deflect"],"picked":"Backstab","floor":6.0},{"not_picked":["Outmaneuver","Concentrate"],"picked":"Backflip","floor":7.0},{"not_picked":["Glass Knife","Hidden Blade"],"picked":"Dagger Spray","floor":10.0},{"not_picked":["Distraction","Slice"],"picked":"Acrobatics","floor":12.0},{"not_picked":["Flechettes","Flying Knee"],"picked":"Cloak And Dagger","floor":14.0}],"player_experience":1002196,"relics_obtained":[{"floor":1.0,"key":"AddBug"},{"floor":1.0,"key":"Baka"},{"floor":2.0,"key":"Baka2"},{"floor":6.0,"key":"testmod-OneHitWonder"},{"floor":7.0,"key":"SecretRecord"},{"floor":9.0,"key":"Replay:Bandana"},{"floor":14.0,"key":"Eternal Feather"}],"event_choices":[{"damage_healed":0.0,"max_hp_gain":0.0,"max_hp_loss":0.0,"gold_gain":75.0,"event_name":"World of Goop","player_choice":"Gather Gold","floor":3.0,"gold_loss":0.0,"damage_taken":11.0},{"cards_removed":["Strike_G"],"damage_healed":0.0,"max_hp_gain":0.0,"max_hp_loss":0.0,"gold_gain":0.0,"event_name":"Purifier","player_choice":"Purged","floor":5.0,"gold_loss":0.0,"damage_taken":0.0},{"damage_healed":0.0,"max_hp_gain":0.0,"max_hp_loss":0.0,"gold_gain":275.0,"event_name":"Golden Shrine","player_choice":"Desecrate","floor":8.0,"gold_loss":0.0,"damage_taken":0.0,"cards_obtained":["Regret"]}],"is_beta":false,"boss_relics":[],"items_purged_floors":[],"is_endless":false,"potions_floor_spawned":[6,10,14],"killed_by":"The Guardian","ascension_level":20}}