{"host":"m4a4k3ia027windw","time":1607555690,"event":{"gold_per_floor":[112,125,90,22,41,69,69,80,80,80,100,100,100,116,116,116,116],"floor_reached":16,"playtime":597,"items_purged":[],"score":204,"play_id":"fd4ff2e6-3d3c-487a-844a-d98eb4cf02c0","local_time":"20201210001450","is_ascension_mode":true,"campfire_choices":[{"data":"Corruption","floor":7,"key":"SMITH"},{"data":"Armaments","floor":10,"key":"SMITH"},{"data":"Uppercut","floor":13,"key":"SMITH"},{"floor":15,"key":"REST"}],"neow_cost":"NONE","seed_source_timestamp":56295296970900,"circlet_count":0,"master_deck":["AscendersBane","Strike_R","Strike_R","Strike_R","Strike_R","Strike_R","Defend_R","Defend_R","Defend_R","Defend_R","Bash","Corruption+1","Sentinel","Metallicize","Armaments+1","Shrug It Off","Cleave","Uppercut+1","Offering"],"relics":["Burning Blood","Sundial","Torii"],"potions_floor_usage":[6,6,8],"damage_taken":[{"damage":18,"enemies":"Small Slimes","floor":1,"turns":4},{"damage":9,"enemies":"Jaw Worm","floor":2,"turns":6},{"damage":12,"enemies":"2 Louse","floor":5,"turns":4},{"damage":26,"enemies":"Gremlin Nob","floor":6,"turns":4},{"damage":12,"enemies":"Lots of Slimes","floor":8,"turns":6},{"damage":6,"enemies":"Looter","floor":11,"turns":5},{"damage":15,"enemies":"Gremlin Gang","floor":14,"turns":5},{"damage":19,"enemies":"The Guardian","floor":16,"turns":4}],"seed_played":"-8045703331113357094","potions_obtained":[{"floor":1,"key":"DistilledChaos"},{"floor":2,"key":"DuplicationPotion"},{"floor":6,"key":"AttackPotion"}],"is_trial":false,"path_per_floor":["M","M","?","?","M","E","R","M","T","R","M","?","R","M","R","B"],"character_chosen":"IRONCLAD","items_purchased":[],"campfire_rested":1,"item_purchase_floors":[],"current_hp_per_floor":[56,53,71,71,65,45,45,39,39,39,39,39,39,30,52,33,33],"gold":116,"neow_bonus":"ONE_RANDOM_RARE_CARD","is_prod":false,"is_daily":false,"chose_seed":false,"campfire_upgraded":3,"win_rate":0,"timestamp":1607555690,"path_taken":["M","M","?","?","M","E","R","M","T","R","M","?","R","M","R","BOSS"],"build_version":"2020-11-30","purchased_purges":0,"victory":false,"max_hp_per_floor":[75,75,75,75,75,75,75,75,75,75,75,75,75,75,75,75,75],"card_choices":[{"not_picked":["Twin Strike","Hemokinesis"],"picked":"Sentinel","floor":1},{"not_picked":["True Grit","Twin Strike"],"picked":"Metallicize","floor":2},{"not_picked":["Sword Boomerang","Iron Wave"],"picked":"Armaments","floor":5},{"not_picked":["Headbutt","Sword Boomerang"],"picked":"Shrug It Off","floor":6},{"not_picked":["Seeing Red","Intimidate"],"picked":"Cleave","floor":8},{"not_picked":["Heavy Blade","Twin Strike"],"picked":"Uppercut","floor":11},{"not_picked":["Seeing Red","Rupture"],"picked":"Offering","floor":14}],"player_experience":460208,"relics_obtained":[{"floor":6,"key":"Sundial"},{"floor":9,"key":"Torii"}],"event_choices":[{"damage_healed":18,"gold_gain":0,"player_choice":"Healed","damage_taken":0,"max_hp_gain":0,"max_hp_loss":0,"event_name":"The Cleric","floor":3,"gold_loss":35},{"damage_healed":0,"gold_gain":0,"player_choice":"Left Gold","damage_taken":0,"max_hp_gain":0,"max_hp_loss":0,"event_name":"World of Goop","floor":4,"gold_loss":68},{"damage_healed":0,"gold_gain":0,"player_choice":"Fled","damage_taken":0,"max_hp_gain":0,"max_hp_loss":0,"event_name":"Scrap Ooze","floor":12,"gold_loss":0}],"is_beta":false,"boss_relics":[],"items_purged_floors":[],"is_endless":false,"potions_floor_spawned":[1,2,5,6],"killed_by":"The Guardian","ascension_level":20}}