{"host":"rjbqai8ni6dsiu37","time":1607517468,"event":{"gold_per_floor":[117,42,92,108,119,119,152,152,152,165,185,185,185,200,200,299,299,317,332,532,544,295,295,295,315,340,356,388,388,400,414,414,512,512,531,406,406,426,276,276,303,303,330,343,19,29,29,79,79,79],"floor_reached":51,"playtime":4396,"items_purged":["PokerPlayerMod:Diamond1","Wraith","PokerPlayerMod:Spade1","Amnesia","PokerPlayerMod:Club1"],"score":789,"play_id":"51dda3c3-1e38-4b22-a077-fc27602aa768","local_time":"20201209213748","is_ascension_mode":true,"metric_token":606,"campfire_choices":[{"data":"PokerPlayerMod:Diamond3","floor":6,"key":"SMITH"},{"data":"PokerPlayerMod:Spade3","floor":8,"key":"SMITH"},{"data":"PokerPlayerMod:Club2","floor":13,"key":"SMITH"},{"data":"PokerPlayerMod:Club3","floor":15,"key":"SMITH"},{"data":"PokerPlayerMod:Diamond2","floor":23,"key":"SMITH"},{"data":"PokerPlayerMod:Diamond3","floor":32,"key":"SMITH"},{"data":"PokerPlayerMod:Spade2","floor":40,"key":"SMITH"},{"data":"PokerPlayerMod:Spade3","floor":42,"key":"SMITH"},{"data":"PokerPlayerMod:Heart2","floor":47,"key":"SMITH"},{"data":"PokerPlayerMod:Heart3","floor":49,"key":"SMITH"}],"neow_cost":"NONE","seed_source_timestamp":22334890892100,"circlet_count":0,"master_deck":["PokerPlayerMod:Diamond4","PokerPlayerMod:Diamond4","PokerPlayerMod:Diamond4","PokerPlayerMod:Diamond5","PokerPlayerMod:Spade4","PokerPlayerMod:Spade4","PokerPlayerMod:Spade4","PokerPlayerMod:Club4","PokerPlayerMod:Heart4","PokerPlayerMod:TrumpStrike+1","PokerPlayerMod:Mulligan","PokerPlayerMod:Diamond4","PokerPlayerMod:Club4","PokerPlayerMod:Heart4","PokerPlayerMod:Club4"],"relics":["PokerPlayerMod:DeckCase","Ring of Hypnosis","Ring of Greed","Blue Doll","Replay:Wax Seal","Onion Ring","Matryoshka","Sozu","PreservedInsect","Replay:Baseball","Juzu Bracelet","Mirror","Empty Cage","Meat on the Bone","Whetstone","PrismaticShard","Ice Cream"],"potions_floor_usage":[16,33,44],"damage_taken":[{"damage":2,"enemies":"Small Slimes","floor":1,"turns":2},{"damage":4,"enemies":"Cultist","floor":4,"turns":3},{"damage":9,"enemies":"Jaw Worm","floor":5,"turns":2},{"damage":10,"enemies":"Gremlin Nob","floor":7,"turns":3},{"damage":7,"enemies":"Looter","floor":10,"turns":2},{"damage":0,"enemies":"Blue Slaver","floor":11,"turns":2},{"damage":0,"enemies":"Large Slime","floor":14,"turns":3},{"damage":6,"enemies":"Slime Boss","floor":16,"turns":4},{"damage":0,"enemies":"3 Byrds","floor":18,"turns":2},{"damage":0,"enemies":"Chosen","floor":19,"turns":2},{"damage":10,"enemies":"Snake Plant","floor":21,"turns":2},{"damage":0,"enemies":"3 Cultists","floor":25,"turns":3},{"damage":0,"enemies":"Cultist and Chosen","floor":27,"turns":3},{"damage":9,"enemies":"Replay:Snechameleon","floor":28,"turns":3},{"damage":0,"enemies":"Sentry and Sphere","floor":30,"turns":3},{"damage":2,"enemies":"Snake Plant","floor":31,"turns":2},{"damage":55,"enemies":"Champ","floor":33,"turns":9},{"damage":6,"enemies":"3 Darklings","floor":35,"turns":3},{"damage":0,"enemies":"3 Shapes","floor":38,"turns":2},{"damage":41,"enemies":"Giant Head","floor":41,"turns":7},{"damage":24,"enemies":"Jaw Worm Horde","floor":44,"turns":2},{"damage":0,"enemies":"3 Darklings","floor":46,"turns":2},{"damage":9,"enemies":"Mind Bloom Boss Battle","floor":48,"turns":5},{"damage":48,"enemies":"Donu and Deca","floor":50,"turns":9}],"seed_played":"-5699162441678256323","potions_obtained":[{"floor":1,"key":"Strength Potion"},{"floor":5,"key":"Reflective Coating"},{"floor":12,"key":"Languid Potion"}],"is_trial":false,"path_per_floor":["M","$","?","M","M","R","E","R","T","M","M","?","R","M","R","B",null,"M","M","?","M","$","R","?","M","T","M","E","?","M","M","R","B",null,"M","$","?","M","$","R","E","R","T","M","$","M","R","?","R","B",null],"character_chosen":"THE_POKER_PLAYER","items_purchased":["PreservedInsect","PrismaticShard"],"campfire_rested":0,"item_purchase_floors":[22,45],"current_hp_per_floor":[50,50,50,48,43,43,36,36,36,34,39,39,39,45,45,51,52,52,52,52,42,42,42,42,52,52,52,52,52,52,50,50,5,52,52,52,52,52,52,52,25,25,25,27,27,45,45,46,46,38],"gold":79,"neow_bonus":"REMOVE_CARD","is_prod":false,"is_daily":false,"chose_seed":false,"campfire_upgraded":10,"win_rate":0,"timestamp":1607517468,"path_taken":["M","$","?","M","M","R","E","R","T","M","M","?","R","?","R","BOSS","M","?","?","?","$","R","?","M","T","M","E","?","M","M","R","BOSS","M","$","?","M","$","R","E","R","T","M","$","M","R","?","R","BOSS"],"build_version":"2020-11-30","purchased_purges":5,"victory":true,"max_hp_per_floor":[52,52,52,52,52,52,52,52,52,52,52,52,52,52,52,52,52,52,52,52,52,52,52,52,52,52,52,52,52,52,52,52,52,52,52,52,52,52,52,52,52,52,52,52,52,52,52,52,52,52],"card_choices":[{"not_picked":["PokerPlayerMod:ClubStrike","PokerPlayerMod:Sharpen"],"picked":"PokerPlayerMod:Diamond4","floor":1},{"not_picked":["PokerPlayerMod:RiskyBet","PokerPlayerMod:CloakAndDiamond","PokerPlayerMod:Raise"],"picked":"SKIP","floor":4},{"not_picked":["PokerPlayerMod:Diamond3","PokerPlayerMod:Spade1"],"picked":"PokerPlayerMod:Club4","floor":5},{"not_picked":["PokerPlayerMod:Spade2","PokerPlayerMod:SpadeStrike","PokerPlayerMod:CardBurn"],"picked":"SKIP","floor":7},{"not_picked":["PokerPlayerMod:FlyingCard","PokerPlayerMod:VarietyAttack","PokerPlayerMod:Diamond5"],"picked":"SKIP","floor":10},{"not_picked":["PokerPlayerMod:FillThePot","PokerPlayerMod:Diamond3","PokerPlayerMod:Spade6"],"picked":"SKIP","floor":11},{"not_picked":["PokerPlayerMod:Club3","PokerPlayerMod:PoorCopy"],"picked":"PokerPlayerMod:Heart4","floor":14},{"not_picked":["PokerPlayerMod:Harden","PokerPlayerMod:Diamond3","PokerPlayerMod:Diamond5"],"picked":"SKIP","floor":18},{"not_picked":["PokerPlayerMod:Fold","PokerPlayerMod:MagicTrick","PokerPlayerMod:Raise"],"picked":"SKIP","floor":19},{"not_picked":["PokerPlayerMod:Spade1","PokerPlayerMod:DartThrow","PokerPlayerMod:ClubStrike"],"picked":"SKIP","floor":21},{"not_picked":["PokerPlayerMod:Spade1","PokerPlayerMod:DartThrow","PokerPlayerMod:ClubStrike"],"picked":"SKIP","floor":21},{"not_picked":["PokerPlayerMod:Club3","PokerPlayerMod:Diamond5","PokerPlayerMod:MagicTrick"],"picked":"SKIP","floor":25},{"not_picked":["PokerPlayerMod:Diamond2","PokerPlayerMod:PoorCopy","PokerPlayerMod:Spade1"],"picked":"SKIP","floor":27},{"not_picked":["PokerPlayerMod:Club6","PokerPlayerMod:Club1","PokerPlayerMod:Club3"],"picked":"SKIP","floor":28},{"not_picked":["PokerPlayerMod:Diamond3","PokerPlayerMod:DartThrow","PokerPlayerMod:Configure"],"picked":"SKIP","floor":30},{"not_picked":["PokerPlayerMod:DamnStraight","PokerPlayerMod:Heart3","PokerPlayerMod:Spade1"],"picked":"SKIP","floor":31},{"not_picked":["PokerPlayerMod:CloakAndDiamond","PokerPlayerMod:Trickery","PokerPlayerMod:FlyingCard+1"],"picked":"SKIP","floor":35},{"not_picked":["PokerPlayerMod:Spade3","PokerPlayerMod:PoorCopy","PokerPlayerMod:Spade1"],"picked":"SKIP","floor":38},{"not_picked":["PokerPlayerMod:Heart3","PokerPlayerMod:Heart1"],"picked":"PokerPlayerMod:Club4","floor":41},{"not_picked":["PokerPlayerMod:Diamond2","PokerPlayerMod:Manipulation+1","PokerPlayerMod:Extraction"],"picked":"SKIP","floor":44},{"not_picked":["PokerPlayerMod:Club3","HollowMod:MawleksShell+1","PokerPlayerMod:Heart5"],"picked":"SKIP","floor":46}],"player_experience":145408,"relics_obtained":[{"floor":3,"key":"Ring of Hypnosis"},{"floor":3,"key":"Ring of Greed"},{"floor":3,"key":"Blue Doll"},{"floor":3,"key":"Replay:Wax Seal"},{"floor":7,"key":"Onion Ring"},{"floor":9,"key":"Matryoshka"},{"floor":26,"key":"Replay:Baseball"},{"floor":26,"key":"Juzu Bracelet"},{"floor":28,"key":"Mirror"},{"floor":41,"key":"Meat on the Bone"},{"floor":43,"key":"Whetstone"},{"floor":48,"key":"Ice Cream"}],"event_choices":[{"damage_healed":0,"gold_gain":0,"player_choice":"Got Potions","damage_taken":0,"max_hp_gain":0,"max_hp_loss":0,"event_name":"Lab","floor":12,"gold_loss":0},{"damage_healed":0,"gold_gain":200,"player_choice":"Gold","damage_taken":0,"max_hp_gain":0,"max_hp_loss":0,"event_name":"Wheel of Change","floor":20,"gold_loss":0},{"cards_removed":["Amnesia"],"damage_healed":0,"gold_gain":0,"player_choice":"Elegance","damage_taken":0,"max_hp_gain":0,"max_hp_loss":0,"event_name":"PokerPlayerMod:BackToBasicsPoker","floor":24,"gold_loss":0},{"damage_healed":0,"gold_gain":0,"player_choice":"Ignored","damage_taken":0,"max_hp_gain":0,"max_hp_loss":0,"event_name":"Ghosts","floor":29,"gold_loss":0},{"damage_healed":0,"gold_gain":0,"player_choice":"Ignored","damage_taken":0,"max_hp_gain":0,"max_hp_loss":0,"event_name":"Tomb of Lord Red Mask","floor":37,"gold_loss":0},{"damage_healed":0,"gold_gain":0,"player_choice":"Fight","damage_taken":0,"max_hp_gain":0,"max_hp_loss":0,"event_name":"MindBloom","floor":48,"gold_loss":0}],"is_beta":false,"boss_relics":[{"not_picked":["Calling Bell","SacredBark"],"picked":"Sozu"},{"not_picked":["Tiny House","ChewingGum"],"picked":"Empty Cage"}],"items_purged_floors":[2,22,36,39,45],"is_endless":false,"potions_floor_spawned":[1,5,14,21,25,28,31,38,44,48],"ascension_level":2}}