{"host":"y3h3n3f7seyagppx","time":1607554724,"event":{"gold_per_floor":[118,133,150,75,75,105,117,164,201,240,8,40,57,86,86,162,162,172,189,189,200,216,242,242,275,275,275,275],"floor_reached":27,"playtime":2505,"items_purged":["Strike_G"],"score":582,"play_id":"8c7ca41b-dc55-4e17-aab1-2d49f3916a77","local_time":"20201209175844","is_ascension_mode":true,"campfire_choices":[{"floor":7.0,"key":"REST"},{"data":"Footwork","floor":15.0,"key":"SMITH"}],"neow_cost":"TEN_PERCENT_HP_LOSS","seed_source_timestamp":1278925585791000,"circlet_count":0,"master_deck":["AscendersBane","Strike_G+1","Strike_G+1","Strike_G+1","Defend_G+1","Defend_G+1","Defend_G+1","Defend_G+1","Defend_G+1","Survivor","Neutralize","Unload+1","Calculated Gamble","Sucker Punch","Deadly Poison","Bouncing Flask","Footwork+1","Backflip","After Image","Blade Dance","Backstab","Decay","Dagger Spray","Dodge and Roll+1","Doppelganger"],"special_seed":0,"relics":["Ring of the Snake","MawBank","MealTicket","Oddly Smooth Stone","Orichalcum","War Paint","Regal Pillow","Shuriken","Coffee Dripper","Snake Skull","Darkstone Periapt","Blood Vial"],"potions_floor_usage":[19,23,25,25],"damage_taken":[{"damage":0.0,"enemies":"2 Louse","floor":1.0,"turns":2.0},{"damage":0.0,"enemies":"Jaw Worm","floor":2.0,"turns":4.0},{"damage":0.0,"enemies":"Small Slimes","floor":3.0,"turns":3.0},{"damage":29.0,"enemies":"Lagavulin","floor":6.0,"turns":7.0},{"damage":11.0,"enemies":"Gremlin Nob","floor":8.0,"turns":3.0},{"damage":16.0,"enemies":"3 Sentries","floor":10.0,"turns":9.0},{"damage":14.0,"enemies":"Gremlin Nob","floor":12.0,"turns":4.0},{"damage":0.0,"enemies":"Looter","floor":13.0,"turns":3.0},{"damage":5.0,"enemies":"Lagavulin","floor":14.0,"turns":6.0},{"damage":6.0,"enemies":"The Guardian","floor":16.0,"turns":10.0},{"damage":0.0,"enemies":"Spheric Guardian","floor":18.0,"turns":3.0},{"damage":10,"enemies":"Chosen","floor":19,"turns":4},{"damage":17,"enemies":"Snecko","floor":21,"turns":5},{"damage":0,"enemies":"Centurion and Healer","floor":22,"turns":7},{"damage":9,"enemies":"Book of Stabbing","floor":23,"turns":6},{"damage":9,"enemies":"Slavers","floor":25,"turns":6},{"damage":11,"enemies":"Book of Stabbing","floor":27,"turns":2}],"seed_played":"689639141470980287","potions_obtained":[{"floor":2.0,"key":"CunningPotion"},{"floor":6.0,"key":"LiquidMemories"},{"floor":8.0,"key":"DuplicationPotion"},{"floor":13.0,"key":"Ancient Potion"},{"floor":22,"key":"Weak Potion"},{"floor":23,"key":"CunningPotion"}],"is_trial":false,"path_per_floor":["M","M","M","?","?","E","R","E","T","E","$","E","M","E","R","B",null,"M","M","?","M","M","E","?","E","T","E"],"character_chosen":"THE_SILENT","items_purchased":["War Paint"],"campfire_rested":1,"item_purchase_floors":[11],"current_hp_per_floor":[59,59,59,59,59,30,48,37,37,21,36,22,22,17,17,11,48,48,38,38,21,21,12,12,3,3,0,0],"gold":275,"neow_bonus":"THREE_RARE_CARDS","is_prod":false,"is_daily":false,"chose_seed":false,"campfire_upgraded":1,"win_rate":0,"timestamp":1607554724,"path_taken":["M","M","M","?","?","E","R","E","T","E","$","E","M","E","R","BOSS","M","M","?","M","M","E","?","E","T","E"],"build_version":"2020-11-30","purchased_purges":1,"victory":false,"max_hp_per_floor":[60,60,60,60,60,60,60,60,60,60,60,60,60,60,60,60,60,60,60,60,60,60,60,60,60,60,60,60],"relic_stats":{"Darkstone Periapt":0,"Blood Vial":2,"Regal Pillow":0,"counters":[17,84],"Shuriken":[17],"MealTicket":15,"Snake Skull":[1],"Orichalcum":[78],"War Paint":["Defend_G","Defend_G"],"MawBank":60,"obtain_stats":[{"Darkstone Periapt":25,"Blood Vial":26,"Regal Pillow":12,"Shuriken":14,"Oddly Smooth Stone":9,"MealTicket":8,"Snake Skull":23,"Coffee Dripper":17,"Orichalcum":10,"War Paint":11,"MawBank":6,"Ring of the Snake":0},{"Darkstone Periapt":16,"Blood Vial":16,"Regal Pillow":7,"Shuriken":9,"Oddly Smooth Stone":5,"MealTicket":5,"Snake Skull":15,"Coffee Dripper":10,"Orichalcum":6,"War Paint":6,"MawBank":4,"Ring of the Snake":0},{"Darkstone Periapt":82,"Blood Vial":82,"Regal Pillow":32,"Shuriken":41,"Oddly Smooth Stone":19,"MealTicket":19,"Snake Skull":76,"Coffee Dripper":51,"Orichalcum":28,"War Paint":28,"MawBank":16,"Ring of the Snake":0}],"Ring of the Snake":[34]},"card_choices":[{"not_picked":["Venomology","Storm of Steel"],"picked":"Unload","floor":0.0},{"not_picked":["Outmaneuver","Bane"],"picked":"Calculated Gamble","floor":1.0},{"not_picked":["Deflect","PiercingWail"],"picked":"Sucker Punch","floor":2.0},{"not_picked":["Burst","Acrobatics"],"picked":"Deadly Poison","floor":3.0},{"not_picked":["Skewer","Sucker Punch"],"picked":"Bouncing Flask","floor":6.0},{"not_picked":["Sucker Punch","Flying Knee","Quick Slash"],"picked":"SKIP","floor":8.0},{"not_picked":["Reflex","Dagger Spray"],"picked":"Footwork","floor":10.0},{"not_picked":["Flying Knee","Setup","Bouncing Flask"],"picked":"SKIP","floor":12.0},{"not_picked":["Dagger Spray","Concentrate"],"picked":"Backflip","floor":13.0},{"not_picked":["Storm of Steel","Dagger Spray","Underhanded Strike"],"picked":"SKIP","floor":14.0},{"not_picked":["Storm of Steel","Dagger Spray","Underhanded Strike"],"picked":"SKIP","floor":14.0},{"not_picked":["Storm of Steel","Dagger Spray","Underhanded Strike"],"picked":"SKIP","floor":14.0},{"not_picked":["Storm of Steel","Dagger Spray","Underhanded Strike"],"picked":"SKIP","floor":14.0},{"not_picked":["Grand Finale","A Thousand Cuts"],"picked":"After Image","floor":16.0},{"not_picked":["PiercingWail","Quick Slash"],"picked":"Blade Dance","floor":18.0},{"not_picked":["Masterful Stab","Crippling Poison"],"picked":"Backstab","floor":19},{"not_picked":["Expertise","Dagger Throw"],"picked":"Dagger Spray","floor":21},{"not_picked":["Blade Dance","Footwork"],"picked":"Dodge and Roll+1","floor":22},{"not_picked":["Dagger Spray","Acrobatics"],"picked":"Doppelganger","floor":23},{"not_picked":["Quick Slash","Accuracy","Dagger Throw"],"picked":"SKIP","floor":25}],"player_experience":19882371,"relics_obtained":[{"floor":6.0,"key":"MawBank"},{"floor":8.0,"key":"MealTicket"},{"floor":9.0,"key":"Oddly Smooth Stone"},{"floor":10.0,"key":"Orichalcum"},{"floor":12.0,"key":"Regal Pillow"},{"floor":14.0,"key":"Shuriken"},{"floor":23,"key":"Snake Skull"},{"floor":25,"key":"Darkstone Periapt"},{"floor":26,"key":"Blood Vial"}],"event_choices":[{"cards_removed":["Strike_G"],"damage_healed":0.0,"max_hp_gain":0.0,"max_hp_loss":0.0,"gold_gain":0.0,"event_name":"The Cleric","player_choice":"Card Removal","floor":4.0,"gold_loss":75.0,"damage_taken":0.0},{"damage_healed":0.0,"max_hp_gain":0.0,"max_hp_loss":0.0,"gold_gain":0.0,"event_name":"Living Wall","player_choice":"Grow","floor":5.0,"gold_loss":0.0,"damage_taken":0.0,"cards_upgraded":["Unload"]},{"damage_healed":0,"gold_gain":0,"player_choice":"Smashed Altar","damage_taken":0,"max_hp_gain":0,"max_hp_loss":0,"event_name":"Forgotten Altar","floor":20,"gold_loss":0,"cards_obtained":["Decay"]},{"damage_healed":0,"gold_gain":0,"player_choice":"Simplicity","damage_taken":0,"max_hp_gain":0,"max_hp_loss":0,"event_name":"Back to Basics","floor":24,"gold_loss":0,"cards_upgraded":["Strike_G","Strike_G","Strike_G","Defend_G","Defend_G","Defend_G"]}],"is_beta":false,"boss_relics":[{"not_picked":["Sozu","Fusion Hammer"],"picked":"Coffee Dripper"}],"items_purged_floors":[11],"is_endless":false,"potions_floor_spawned":[2,6,8,13,16,22,23],"killed_by":"Book of Stabbing","ascension_level":20}}