{"host":"9rxgn077cyjlend4","time":1607519692,"event":{"gold_per_floor":[116,128,78,78,153,181,181,215,215,215,315,350,364,376,376,478,478,497,497,537,537,537,12,28,28,39,51,77,77,88,88,98,113,113,212,212,232,76,28,68,78,78,133,133,133,133,161,9,39,39,39,39,39,39],"floor_reached":55,"playtime":3894,"items_purged":["Strike_P"],"score":1008,"play_id":"d624b706-ab3b-4e61-af67-7990a66cd407","local_time":"20201209131452","is_ascension_mode":true,"campfire_choices":[{"data":"Eruption","floor":7,"key":"SMITH"},{"data":"ConjureBlade","floor":10,"key":"SMITH"},{"data":"Vigilance","floor":15,"key":"SMITH"},{"data":"ReplayUltimateDefense","floor":25,"key":"SMITH"},{"data":"Wish","floor":29,"key":"SMITH"},{"floor":34,"key":"REST"},{"data":"Meditate","floor":42,"key":"SMITH"},{"data":"Alpha","floor":44,"key":"SMITH"},{"data":"Wish","floor":53,"key":"SMITH"}],"neow_cost":"NONE","seed_source_timestamp":6755385827500,"circlet_count":0,"master_deck":["Strike_P","Defend_P","Defend_P","Eruption+1","Vigilance+1","ThirdEye+1","Replay:BluntJabs","Pray+1","Consecrate+1","ConjureBlade+1","Crescendo","FlurryOfBlows","Meditate+1","Wish+1","CarveReality","Perseverance","ReplayUltimateDefense+1","Prostrate","ThirdEye","Brilliance","WaveOfTheHand+1","Evaluate+1","Alpha+1","Tantrum+1","Wish+1","Pot Of Greed","Pot Of Greed","Pot Of Greed","Brilliance"],"relics":["PureWater","NeowsBlessing","Thread and Needle","Pocketwatch","InkBottle","Replay:Bottled Snecko","Runic Pyramid","Pen Nib","MealTicket","Philosopher\u0027s Stone","Frozen Eye","Replay:PocketPolymizer","War Paint","Simple Rune","Grinning Jar"],"potions_floor_usage":[12,16,20,24,35,35,37,43,47,49,54,54],"damage_taken":[{"damage":0,"enemies":"Jaw Worm","floor":1,"turns":1},{"damage":0,"enemies":"Small Slimes","floor":2,"turns":2},{"damage":0,"enemies":"Lagavulin","floor":6,"turns":2},{"damage":25,"enemies":"Gremlin Nob","floor":8,"turns":4},{"damage":6,"enemies":"3 Sentries","floor":12,"turns":5},{"damage":0,"enemies":"2 Louse","floor":13,"turns":2},{"damage":0,"enemies":"Large Slime","floor":14,"turns":2},{"damage":3,"enemies":"Slime Boss","floor":16,"turns":6},{"damage":7,"enemies":"Spheric Guardian","floor":18,"turns":5},{"damage":8,"enemies":"Chosen","floor":20,"turns":3},{"damage":16,"enemies":"Centurion and Healer","floor":24,"turns":6},{"damage":0,"enemies":"Snecko","floor":26,"turns":9},{"damage":1,"enemies":"Cultist and Chosen","floor":27,"turns":6},{"damage":0,"enemies":"Centurion and Healer","floor":30,"turns":4},{"damage":5,"enemies":"3 Cultists","floor":32,"turns":5},{"damage":0,"enemies":"Shelled Parasite and Fungi","floor":33,"turns":3},{"damage":11,"enemies":"Collector","floor":35,"turns":7},{"damage":5,"enemies":"3 Darklings","floor":37,"turns":5},{"damage":10,"enemies":"3 Shapes","floor":40,"turns":5},{"damage":3,"enemies":"Spire Growth","floor":41,"turns":4},{"damage":12,"enemies":"2 Orb Walkers","floor":43,"turns":5},{"damage":1,"enemies":"Nemesis","floor":47,"turns":7},{"damage":18,"enemies":"Giant Head","floor":49,"turns":7},{"damage":46,"enemies":"Donu and Deca","floor":54,"turns":6}],"seed_played":"5385081857155580447","potions_obtained":[{"floor":6,"key":"ColorlessPotion"},{"floor":14,"key":"Fire Potion"},{"floor":16,"key":"Ambrosia"},{"floor":18,"key":"Energy Potion"},{"floor":32,"key":"Dexterity Potion"},{"floor":33,"key":"Fire Potion"},{"floor":35,"key":"BottledMiracle"},{"floor":41,"key":"Strength Potion"},{"floor":43,"key":"Energy Potion"},{"floor":47,"key":"SteroidPotion"}],"is_trial":false,"path_per_floor":["M","M","?","?","?","E","R","E","T","R","?","E","M","M","R","B",null,"M","?","M","PTL","PTL","$","M","R","M","M","T","R","M","?","M","M","R","B",null,"M","$","$","M","M","R","?","R","T","?","E","$","E","PTL","PTL","$","R","B",null],"character_chosen":"WATCHER","items_purchased":["Pen Nib","ReplayUltimateDefense","Milkshake","Prostrate","Frozen Eye","Energy Potion","Wish"],"campfire_rested":1,"item_purchase_floors":[23,23,23,23,38,39,48],"current_hp_per_floor":[65,65,65,65,54,54,54,29,29,29,29,23,23,23,23,20,59,52,39,31,31,31,31,15,15,15,14,14,14,14,14,9,9,32,21,63,58,73,77,67,64,64,52,52,52,52,51,66,48,48,48,63,63,17],"gold":39,"neow_bonus":"THREE_ENEMY_KILL","is_prod":false,"is_daily":false,"chose_seed":false,"campfire_upgraded":8,"win_rate":0,"timestamp":1607519692,"path_taken":["M","M","?","?","?","E","R","E","T","R","?","E","?","M","R","BOSS","M","?","M","PTL","PTL","$","M","R","M","M","T","R","M","?","M","M","R","BOSS","M","?","$","M","M","R","?","R","T","?","E","$","E","PTL","PTL","$","R","BOSS"],"build_version":"2020-11-30","purchased_purges":1,"victory":true,"max_hp_per_floor":[72,72,72,72,72,72,72,72,72,72,72,72,72,72,72,72,72,72,77,77,77,77,77,77,77,77,77,77,77,77,77,77,77,77,77,77,77,77,77,77,77,77,77,77,77,77,77,77,77,77,77,77,77,77],"card_choices":[{"not_picked":["Fasting2","Nirvana"],"picked":"ThirdEye","floor":1},{"not_picked":["EmptyBody","LikeWater"],"picked":"Replay:BluntJabs","floor":2},{"not_picked":["SignatureMove","SashWhip"],"picked":"Consecrate","floor":6},{"not_picked":["Fasting2","FlurryOfBlows"],"picked":"ConjureBlade","floor":8},{"not_picked":["PathToVictory","Perseverance"],"picked":"Crescendo","floor":12},{"not_picked":["Consecrate","FollowUp"],"picked":"FlurryOfBlows","floor":13},{"not_picked":["CutThroughFate","WindmillStrike"],"picked":"Meditate","floor":14},{"not_picked":["Replay:AllIn","Replay:LoomingThreat"],"picked":"Wish","floor":16},{"not_picked":["CutThroughFate+1","SashWhip"],"picked":"CarveReality","floor":18},{"not_picked":["WheelKick","PathToVictory"],"picked":"Perseverance","floor":20},{"not_picked":["Replay:Hum","Replay:Cycle+1"],"picked":"ThirdEye","floor":24},{"not_picked":["Replay:ManipulateFuture","Study+1"],"picked":"Brilliance","floor":26},{"not_picked":["CutThroughFate","SashWhip+1","FlurryOfBlows"],"picked":"SKIP","floor":27},{"not_picked":["ClearTheMind","Halt"],"picked":"WaveOfTheHand","floor":30},{"not_picked":["Judgement","BowlingBash","ClearTheMind"],"picked":"SKIP","floor":32},{"not_picked":["FlurryOfBlows+1","Replay:AtTheReady","SandsOfTime"],"picked":"SKIP","floor":33},{"not_picked":["Replay:AllIn","Blasphemy"],"picked":"LessonLearned","floor":35},{"not_picked":["FlurryOfBlows+1","JustLucky"],"picked":"Evaluate+1","floor":37},{"not_picked":["EmptyBody+1","EmptyFist","PathToVictory+1"],"picked":"SKIP","floor":40},{"not_picked":["EmptyBody+1","EmptyFist","PathToVictory+1"],"picked":"SKIP","floor":40},{"not_picked":["Replay:BluntJabs","Protect+1","Evaluate"],"picked":"SKIP","floor":41},{"not_picked":["Protect+1","FlyingSleeves"],"picked":"Tantrum+1","floor":47},{"not_picked":["Replay:Cycle+1","Adaptation+1","CarveReality"],"picked":"SKIP","floor":49},{"not_picked":["Replay:Cycle+1","Adaptation+1","CarveReality"],"picked":"SKIP","floor":49}],"player_experience":661941,"relics_obtained":[{"floor":6,"key":"Thread and Needle"},{"floor":8,"key":"Pocketwatch"},{"floor":9,"key":"InkBottle"},{"floor":12,"key":"Replay:Bottled Snecko"},{"floor":28,"key":"MealTicket"},{"floor":43,"key":"Replay:PocketPolymizer"},{"floor":45,"key":"War Paint"},{"floor":47,"key":"Simple Rune"},{"floor":49,"key":"Grinning Jar"}],"event_choices":[{"cards_removed":["Defend_P"],"damage_healed":0,"gold_gain":0,"player_choice":"Card Removal","damage_taken":0,"max_hp_gain":0,"max_hp_loss":0,"event_name":"The Cleric","floor":3,"gold_loss":50},{"damage_healed":0,"gold_gain":75,"player_choice":"Gather Gold","damage_taken":11,"max_hp_gain":0,"max_hp_loss":0,"event_name":"World of Goop","floor":5,"gold_loss":0},{"damage_healed":0,"gold_gain":100,"player_choice":"Pray","damage_taken":0,"max_hp_gain":0,"max_hp_loss":0,"event_name":"Golden Shrine","floor":11,"gold_loss":0},{"damage_healed":0,"gold_gain":0,"player_choice":"Shed Blood","damage_taken":18,"max_hp_gain":5,"max_hp_loss":0,"event_name":"Forgotten Altar","floor":19,"gold_loss":0},{"damage_healed":0,"gold_gain":0,"player_choice":"0 cards matched","damage_taken":0,"max_hp_gain":0,"max_hp_loss":0,"event_name":"Match and Keep!","floor":31,"gold_loss":0,"cards_obtained":[]},{"damage_healed":0,"gold_gain":0,"player_choice":"Fight","damage_taken":0,"max_hp_gain":0,"max_hp_loss":0,"event_name":"Mysterious Sphere","floor":43,"gold_loss":0},{"cards_removed":["LessonLearned"],"damage_healed":0,"gold_gain":0,"player_choice":"Removed Attack","damage_taken":0,"max_hp_gain":0,"max_hp_loss":0,"event_name":"Falling","floor":46,"gold_loss":0}],"is_beta":false,"boss_relics":[{"not_picked":["Kintsugi","HolyWater"],"picked":"Runic Pyramid"},{"not_picked":["Runic Dome","Busted Crown"],"picked":"Philosopher\u0027s Stone"}],"items_purged_floors":[23],"is_endless":false,"potions_floor_spawned":[6,14,16,18,32,33,35,41,43,47],"ascension_level":8}}