{"host":"m7puq4mk16tgc6yn","time":1607494544,"event":{"gold_per_floor":[118,138,313,313,28,28,56,56,131,149,164,184,184,219,219,324,324,336,354,67,81,81,106,106,126,180,180,191,191,70,20,20,20,20],"floor_reached":33,"playtime":1115,"items_purged":["Doubt","Strike_R","Decay","Strike_R"],"score":316,"play_id":"02d9b927-2d21-45b6-bbe5-5233371ef098","local_time":"20201208221544","is_ascension_mode":true,"campfire_choices":[{"data":"Rampage","floor":6,"key":"SMITH"},{"data":"Evolve","floor":8,"key":"SMITH"},{"data":"Shrug It Off","floor":13,"key":"SMITH"},{"data":"Bash","floor":15,"key":"SMITH"},{"data":"Armaments","floor":24,"key":"SMITH"},{"data":"True Grit","floor":27,"key":"SMITH"},{"data":"Fire Breathing","floor":32,"key":"SMITH"}],"neow_cost":"NONE","seed_source_timestamp":7586489415800,"circlet_count":0,"master_deck":["Strike_R","Strike_R","Strike_R","Defend_R","Defend_R","Defend_R","Defend_R","Bash+1","Armaments+1","Evolve+1","Rampage+1","Battle Trance","Shrug It Off+1","Offering","Fire Breathing+1","Wild Strike+1","Seeing Red+1","True Grit+1","Reckless Charge"],"relics":["Coffee Dripper","Smiling Mask","Orichalcum","Eternal Feather","Self Forming Clay","Shuriken","Runic Pyramid","HandDrill","Toy Ornithopter","Strawberry"],"potions_floor_usage":[12,18,23,23,23],"damage_taken":[{"damage":0,"enemies":"Small Slimes","floor":1,"turns":3},{"damage":0,"enemies":"Cultist","floor":2,"turns":3},{"damage":12,"enemies":"3 Sentries","floor":7,"turns":8},{"damage":0,"enemies":"2 Louse","floor":10,"turns":2},{"damage":8,"enemies":"Blue Slaver","floor":11,"turns":3},{"damage":0,"enemies":"Exordium Wildlife","floor":12,"turns":3},{"damage":11,"enemies":"Lagavulin","floor":14,"turns":6},{"damage":8,"enemies":"Slime Boss","floor":16,"turns":8},{"damage":6,"enemies":"Spheric Guardian","floor":18,"turns":3},{"damage":6,"enemies":"Chosen","floor":19,"turns":4},{"damage":29,"enemies":"Shelled Parasite and Fungi","floor":21,"turns":6},{"damage":21,"enemies":"Slavers","floor":23,"turns":5},{"damage":15,"enemies":"Snake Plant","floor":25,"turns":4},{"damage":6,"enemies":"Centurion and Healer","floor":28,"turns":6},{"damage":31,"enemies":"Automaton","floor":33,"turns":6}],"seed_played":"5069058054596462852","potions_obtained":[{"floor":11,"key":"AttackPotion"},{"floor":12,"key":"AttackPotion"},{"floor":16,"key":"LiquidBronze"},{"floor":18,"key":"Fire Potion"},{"floor":19,"key":"Ancient Potion"}],"is_trial":false,"path_per_floor":["M","M","?","?","$","R","E","R","T","M","M","M","R","E","R","B",null,"M","M","$","M","?","E","R","M","T","R","M","?","$","$","R","B"],"character_chosen":"IRONCLAD","items_purchased":["Rampage","Orichalcum","HandDrill","Fire Breathing","Reckless Charge"],"campfire_rested":0,"item_purchase_floors":[5,5,20,20,30],"current_hp_per_floor":[80,80,80,80,80,80,68,74,74,74,66,66,75,64,73,65,80,74,68,68,39,39,18,27,12,19,28,22,22,22,22,31,0,0],"gold":20,"neow_bonus":"BOSS_RELIC","is_prod":false,"is_daily":false,"chose_seed":false,"campfire_upgraded":7,"win_rate":0,"timestamp":1607494544,"path_taken":["M","M","?","?","$","R","E","R","T","?","M","M","R","E","R","BOSS","M","M","$","?","?","E","R","M","T","R","M","?","?","$","R","BOSS"],"build_version":"2020-11-30","purchased_purges":4,"victory":false,"max_hp_per_floor":[80,80,80,80,80,80,80,80,80,80,80,80,80,80,80,80,80,80,80,80,80,80,80,80,80,87,87,87,87,87,87,87,87,87],"relic_stats":{"counters":[15,70],"Self Forming Clay":[66],"Shuriken":[17],"Eternal Feather":51,"HandDrill":[16],"Orichalcum":[54],"Smiling Mask":250,"obtain_stats":[{"Self Forming Clay":9,"Shuriken":14,"Strawberry":26,"Eternal Feather":7,"Coffee Dripper":0,"HandDrill":20,"Orichalcum":5,"Smiling Mask":4,"Burning Blood":0,"Toy Ornithopter":23,"Runic Pyramid":17},{"Self Forming Clay":3,"Shuriken":7,"Strawberry":13,"Eternal Feather":3,"Coffee Dripper":0,"HandDrill":10,"Orichalcum":2,"Smiling Mask":2,"Burning Blood":0,"Toy Ornithopter":12,"Runic Pyramid":8},{"Self Forming Clay":14,"Shuriken":28,"Strawberry":58,"Eternal Feather":14,"Coffee Dripper":0,"HandDrill":43,"Orichalcum":6,"Smiling Mask":6,"Burning Blood":0,"Toy Ornithopter":54,"Runic Pyramid":36}],"Toy Ornithopter":0},"card_choices":[{"not_picked":["Entrench","True Grit"],"picked":"Armaments","floor":1},{"not_picked":["Dual Wield","Armaments"],"picked":"Evolve","floor":2},{"not_picked":["Flex","Impervious"],"picked":"Battle Trance","floor":7},{"not_picked":["Iron Wave","Pummel","Wild Strike"],"picked":"SKIP","floor":10},{"not_picked":["Sword Boomerang","Anger"],"picked":"Shrug It Off","floor":11},{"not_picked":["Anger","Heavy Blade","Havoc"],"picked":"SKIP","floor":12},{"not_picked":["Clash","Heavy Blade"],"picked":"Offering","floor":14},{"not_picked":["Sever Soul+1","Shockwave","Power Through"],"picked":"SKIP","floor":18},{"not_picked":["Body Slam","Infernal Blade","Cleave"],"picked":"SKIP","floor":19},{"not_picked":["Thunderclap","Armaments"],"picked":"Wild Strike+1","floor":21},{"not_picked":["Metallicize","Pommel Strike"],"picked":"Seeing Red+1","floor":23},{"not_picked":["Seeing Red","Carnage"],"picked":"True Grit","floor":25},{"not_picked":["Evolve","Bloodletting","Clothesline"],"picked":"SKIP","floor":28}],"player_experience":39194,"relics_obtained":[{"floor":4,"key":"Smiling Mask"},{"floor":7,"key":"Eternal Feather"},{"floor":9,"key":"Self Forming Clay"},{"floor":14,"key":"Shuriken"},{"floor":23,"key":"Toy Ornithopter"},{"floor":26,"key":"Strawberry"}],"event_choices":[{"damage_healed":0,"gold_gain":175,"player_choice":"AGREE","damage_taken":0,"max_hp_gain":0,"max_hp_loss":0,"event_name":"Liars Game","floor":3,"gold_loss":0,"cards_obtained":["Doubt"]},{"damage_healed":0,"gold_gain":0,"player_choice":"Relic","damage_taken":0,"max_hp_gain":0,"max_hp_loss":0,"event_name":"Wheel of Change","floor":4,"gold_loss":0},{"damage_healed":0,"gold_gain":0,"player_choice":"Ignored","damage_taken":0,"max_hp_gain":0,"max_hp_loss":0,"event_name":"Vampires","floor":22,"gold_loss":0},{"damage_healed":0,"gold_gain":0,"player_choice":"Smashed Altar","damage_taken":0,"max_hp_gain":0,"max_hp_loss":0,"event_name":"Forgotten Altar","floor":29,"gold_loss":0,"cards_obtained":["Decay"]}],"is_beta":false,"boss_relics":[{"not_picked":["Sozu","Pandora\u0027s Box"],"picked":"Runic Pyramid"}],"items_purged_floors":[5,20,30,31],"is_endless":false,"potions_floor_spawned":[11,12,16,18,19],"killed_by":"Automaton","ascension_level":3}}