{"host":"mi0eibewekhugwl1","time":1607510195,"event":{"gold_per_floor":[213,233,244,70,70,70,145,160,160,160,2,2,20,40,40,117,117,137,137,7,7,19,19,19,19],"floor_reached":24,"playtime":367,"items_purged":["Strike_B"],"score":372,"play_id":"88a1dbdd-712e-4035-b720-c9f0eab876d0","local_time":"20201209193635","is_ascension_mode":true,"campfire_choices":[{"data":"Zap","floor":6.0,"key":"SMITH"},{"floor":10.0,"key":"REST"},{"floor":12.0,"key":"REST"},{"data":"Defragment","floor":15.0,"key":"SMITH"}],"neow_cost":"NONE","seed_source_timestamp":937976491907900,"circlet_count":0,"master_deck":["AscendersBane","Strike_B","Strike_B","Strike_B","Defend_B","Defend_B","Defend_B","Defend_B","Zap+1","Dualcast","Genetic Algorithm","Ball Lightning","Defragment+1","Sweeping Beam","Turbo","Storm","Cold Snap","Seek","Core Surge","Beam Cell"],"special_seed":0,"relics":["Cracked Core","Emotion Chip","Membership Card","SlaversCollar","PreservedInsect","Tiny Chest"],"potions_floor_usage":[24],"damage_taken":[{"damage":2.0,"enemies":"Jaw Worm","floor":1.0,"turns":3.0},{"damage":0.0,"enemies":"Small Slimes","floor":2.0,"turns":2.0},{"damage":9.0,"enemies":"2 Louse","floor":3.0,"turns":2.0},{"damage":41.0,"enemies":"Exordium Thugs","floor":8.0,"turns":4.0},{"damage":3.0,"enemies":"Blue Slaver","floor":13.0,"turns":2.0},{"damage":11.0,"enemies":"Lots of Slimes","floor":14.0,"turns":3.0},{"damage":19.0,"enemies":"The Guardian","floor":16.0,"turns":11.0},{"damage":24.0,"enemies":"2 Thieves","floor":18.0,"turns":4.0},{"damage":13.0,"enemies":"Spheric Guardian","floor":22.0,"turns":4.0},{"damage":23,"enemies":"Book of Stabbing","floor":24,"turns":3}],"seed_played":"6039104730726970577","potions_obtained":[{"floor":3.0,"key":"SteroidPotion"},{"floor":8.0,"key":"Regen Potion"},{"floor":22.0,"key":"FearPotion"}],"is_trial":false,"path_per_floor":["M","M","M","$","?","R","?","M","T","R","$","R","M","M","R","B",null,"M","?","$","T","M","?","E"],"character_chosen":"DEFECT","items_purchased":["Defragment","Sweeping Beam","Membership Card","Core Surge","PreservedInsect"],"campfire_rested":2,"item_purchase_floors":[4,4,11,20,20],"current_hp_per_floor":[62,62,53,53,53,53,42,1,1,22,22,43,40,29,29,25,60,36,36,36,36,23,23,0,0],"gold":19,"neow_bonus":"HUNDRED_GOLD","is_prod":false,"is_daily":false,"chose_seed":false,"campfire_upgraded":2,"win_rate":0,"timestamp":1607510195,"path_taken":["M","M","M","$","?","R","?","M","T","R","$","R","M","M","R","BOSS","M","?","$","?","M","?","E"],"build_version":"2020-11-30","purchased_purges":1,"victory":false,"max_hp_per_floor":[71,71,71,71,71,71,71,71,71,71,71,71,71,71,71,71,71,71,71,71,71,71,71,71,71],"relic_stats":{"Emotion Chip":[22,15,7,0,0],"counters":[10,38],"Tiny Chest":0,"PreservedInsect":42,"obtain_stats":[{"SlaversCollar":17,"Emotion Chip":9,"Tiny Chest":21,"PreservedInsect":20,"Membership Card":11,"Cracked Core":0},{"SlaversCollar":7,"Emotion Chip":4,"Tiny Chest":8,"PreservedInsect":8,"Membership Card":4,"Cracked Core":0},{"SlaversCollar":27,"Emotion Chip":11,"Tiny Chest":31,"PreservedInsect":31,"Membership Card":11,"Cracked Core":0}]},"card_choices":[{"not_picked":["Rebound","Sweeping Beam"],"picked":"Genetic Algorithm","floor":1.0},{"not_picked":["Scrape","Force Field","Steam Power"],"picked":"SKIP","floor":2.0},{"not_picked":["Rebound","Beam Cell"],"picked":"Ball Lightning","floor":3.0},{"not_picked":["Scrape","Steam Power"],"picked":"Turbo","floor":8.0},{"not_picked":["Gash","Amplify"],"picked":"Storm","floor":13.0},{"not_picked":["Leap","Barrage"],"picked":"Cold Snap","floor":14.0},{"not_picked":["Thunder Strike","Fission"],"picked":"Seek","floor":16.0},{"not_picked":["Stack","Blizzard","Redo"],"picked":"SKIP","floor":18.0},{"not_picked":["Streamline","Sunder"],"picked":"Beam Cell","floor":22.0}],"player_experience":1657817,"relics_obtained":[{"floor":9.0,"key":"Emotion Chip"},{"floor":21.0,"key":"Tiny Chest"}],"event_choices":[{"damage_healed":0.0,"max_hp_gain":0.0,"max_hp_loss":0.0,"gold_gain":0.0,"event_name":"Liars Game","player_choice":"Ignored","floor":5.0,"gold_loss":0.0,"damage_taken":0.0},{"damage_healed":0.0,"max_hp_gain":0.0,"max_hp_loss":0.0,"gold_gain":75.0,"event_name":"World of Goop","player_choice":"Gather Gold","floor":7.0,"gold_loss":0.0,"damage_taken":11.0},{"damage_healed":0.0,"max_hp_gain":0.0,"max_hp_loss":0.0,"gold_gain":0.0,"event_name":"WeMeetAgain","player_choice":"Ignored","floor":19.0,"gold_loss":0.0,"damage_taken":0.0},{"damage_healed":0,"gold_gain":0,"player_choice":"0 cards matched","damage_taken":0,"max_hp_gain":0,"max_hp_loss":0,"event_name":"Match and Keep!","floor":23,"gold_loss":0,"cards_obtained":[]}],"is_beta":false,"boss_relics":[{"not_picked":["Snecko Eye","Busted Crown"],"picked":"SlaversCollar"}],"items_purged_floors":[4],"is_endless":false,"potions_floor_spawned":[3,8,22],"killed_by":"Book of Stabbing","ascension_level":20}}