{"host":"elnvswdbusdewy2q","time":1607549845,"event":{"gold_per_floor":[112,112,212,231,231,231,250,250,299,374,402,158,158,158,158,287,287,308,328,178,178,178],"floor_reached":21,"playtime":874,"items_purged":[],"score":193,"play_id":"6c2dc608-8553-4a6b-9dc0-096a15a880c9","local_time":"20201210063725","is_ascension_mode":true,"campfire_choices":[{"floor":6.0,"key":"REST"},{"data":"rmod:aviationdawn","floor":8.0,"key":"SMITH"},{"floor":13.0,"key":"REST"},{"floor":15.0,"key":"REST"}],"neow_cost":"NONE","seed_source_timestamp":0,"circlet_count":0,"master_deck":["rmod:strick","rmod:strick","rmod:strick","rmod:strick","rmod:defend","rmod:defend","rmod:defend","rmod:defend","rmod:basicallowance","rmod:maingunfire+1","rmod:acesubmarine+1","rmod:aluminumsupply","rmod:aviationdawn+1","rmod:windflower","rmod:highspeedmaneuver","rmod:lonelyqueen","rmod:fuelsupply"],"special_seed":0,"relics":["rmod:firstchargereward","Darkstone Periapt","Whetstone","Anchor","Bottled Flame","Golden Idol","Black Star","Lantern"],"potions_floor_usage":[],"damage_taken":[{"damage":0.0,"enemies":"2 Louse","floor":1.0,"turns":2.0},{"damage":12.0,"enemies":"Small Slimes","floor":4.0,"turns":2.0},{"damage":0.0,"enemies":"Cultist","floor":7.0,"turns":3.0},{"damage":13.0,"enemies":"Lagavulin","floor":11.0,"turns":5.0},{"damage":45.0,"enemies":"The Guardian","floor":16.0,"turns":9.0},{"damage":4.0,"enemies":"3 Byrds","floor":18.0,"turns":5.0},{"damage":18.0,"enemies":"Spheric Guardian","floor":19.0,"turns":5.0},{"damage":14,"enemies":"Snake Plant","floor":21,"turns":3}],"seed_played":"-2904732661106392668","potions_obtained":[{"floor":4.0,"key":"Dexterity Potion"},{"floor":7.0,"key":"SpeedPotion"},{"floor":11.0,"key":"Block Potion"}],"is_trial":false,"path_per_floor":["M","?","?","M","?","R","M","R","T","?","E","$","R","?","R","B",null,"M","M","$","M"],"character_chosen":"PRAEFECT","items_purchased":["Bottled Flame","Lantern"],"campfire_rested":3,"item_purchase_floors":[12,20],"current_hp_per_floor":[75,80,80,68,43,67,67,67,67,56,43,43,67,47,71,26,80,76,58,58,44,44],"gold":178,"neow_bonus":"ONE_RANDOM_RARE_CARD","is_prod":false,"is_daily":false,"chose_seed":false,"campfire_upgraded":1,"win_rate":0,"timestamp":1607549845,"path_taken":["M","?","?","?","?","R","M","R","T","?","E","?","R","?","R","BOSS","M","M","$","M"],"build_version":"2020-11-30","purchased_purges":0,"victory":false,"max_hp_per_floor":[75,80,80,80,80,80,80,80,80,80,80,80,80,80,80,80,80,80,80,80,80,80],"card_choices":[{"not_picked":["rmod:highspeedshooting","rmod:luckystar","rmod:royalracing"],"picked":"SKIP","floor":1.0},{"not_picked":["rmod:sl","rmod:highspeedshooting"],"picked":"rmod:aluminumsupply","floor":4.0},{"not_picked":["rmod:capitalist","rmod:diaomin"],"picked":"rmod:aviationdawn","floor":7.0},{"not_picked":["rmod:intelligenceanalysis","rmod:circuitoustactics"],"picked":"rmod:windflower","floor":11.0},{"not_picked":["rmod:desperatesituation","rmod:supriseattacks"],"picked":"rmod:highspeedmaneuver","floor":16.0},{"not_picked":["rmod:ammunitionsupply","rmod:selfconfidence"],"picked":"rmod:lonelyqueen","floor":18.0},{"not_picked":["rmod:rockthrower","rmod:lonelyqueen"],"picked":"rmod:fuelsupply","floor":19.0}],"player_experience":429659,"relics_obtained":[{"floor":9.0,"key":"Whetstone"},{"floor":11.0,"key":"Anchor"}],"event_choices":[{"damage_healed":0.0,"max_hp_gain":5.0,"max_hp_loss":0.0,"gold_gain":0.0,"event_name":"Big Fish","player_choice":"Donut","floor":2.0,"gold_loss":0.0,"damage_taken":0.0},{"damage_healed":0.0,"max_hp_gain":0.0,"max_hp_loss":0.0,"gold_gain":100.0,"event_name":"Golden Shrine","player_choice":"Pray","floor":3.0,"gold_loss":0.0,"damage_taken":0.0},{"damage_healed":0.0,"max_hp_gain":0.0,"max_hp_loss":0.0,"gold_gain":0.0,"event_name":"Scrap Ooze","player_choice":"Success","floor":5.0,"gold_loss":0.0,"damage_taken":25.0,"relics_obtained":["Darkstone Periapt"]},{"damage_healed":0.0,"max_hp_gain":0.0,"max_hp_loss":0.0,"gold_gain":75.0,"event_name":"World of Goop","player_choice":"Gather Gold","floor":10.0,"gold_loss":0.0,"damage_taken":11.0},{"damage_healed":0.0,"max_hp_gain":0.0,"max_hp_loss":0.0,"gold_gain":0.0,"event_name":"Golden Idol","player_choice":"Take Damage","floor":14.0,"gold_loss":0.0,"damage_taken":20.0,"relics_obtained":["Golden Idol"]}],"is_beta":false,"boss_relics":[{"not_picked":["Ectoplasm","Empty Cage"],"picked":"Black Star"}],"items_purged_floors":[],"is_endless":false,"potions_floor_spawned":[4,7,11],"killed_by":"Snake Plant","ascension_level":2}}