{"host":"rmsq46plbpwfbxcc","time":1607521077,"event":{"gold_per_floor":[112,122,136,136,136,136,106,106,130,80,80,101,101,101],"floor_reached":13,"playtime":230,"items_purged":["Injury"],"score":131,"play_id":"9c42cbbc-ae87-490b-b5e3-d95fe5035093","local_time":"20201209223757","is_ascension_mode":true,"campfire_choices":[{"data":"Neutralize","floor":6,"key":"SMITH"},{"data":"Cloak And Dagger","floor":8,"key":"SMITH"},{"data":"Poisoned Stab","floor":11,"key":"SMITH"}],"neow_cost":"NONE","seed_source_timestamp":1906244224399200,"circlet_count":0,"master_deck":["AscendersBane","Strike_G","Strike_G","Strike_G","Strike_G","Strike_G","Defend_G","Defend_G","Defend_G","Defend_G","Defend_G","Survivor","Neutralize+1","Poisoned Stab+1","Cloak And Dagger+1","Well Laid Plans"],"special_seed":0,"relics":["Ring of the Snake","Smiling Mask","Golden Idol","Bag of Marbles"],"potions_floor_usage":[],"damage_taken":[{"damage":0.0,"enemies":"Cultist","floor":1.0,"turns":5.0},{"damage":6.0,"enemies":"Small Slimes","floor":2.0,"turns":5.0},{"damage":6.0,"enemies":"Jaw Worm","floor":3.0,"turns":4.0},{"damage":1,"enemies":"Looter","floor":7,"turns":4},{"damage":0,"enemies":"2 Fungi Beasts","floor":12,"turns":3},{"damage":50,"enemies":"Gremlin Nob","floor":13,"turns":4}],"seed_played":"8155184414104096092","potions_obtained":[{"floor":3.0,"key":"Swift Potion"}],"is_trial":false,"path_per_floor":["M","M","M","?","?","R","M","R","T","$","R","M","E"],"character_chosen":"THE_SILENT","items_purchased":[],"campfire_rested":0,"item_purchase_floors":[],"current_hp_per_floor":[59,53,47,47,47,47,46,46,46,46,46,46,0,0],"gold":101,"neow_bonus":"RANDOM_COMMON_RELIC","is_prod":false,"is_daily":false,"chose_seed":false,"campfire_upgraded":3,"win_rate":0,"timestamp":1607521077,"path_taken":["M","M","?","?","?","R","M","R","T","$","R","M","E"],"build_version":"2020-11-30","purchased_purges":1,"victory":false,"max_hp_per_floor":[66,66,66,66,66,66,66,66,66,66,66,66,66,66],"card_choices":[{"not_picked":["Bane","Predator","Endless Agony"],"picked":"SKIP","floor":1.0},{"not_picked":["Outmaneuver","Distraction"],"picked":"Poisoned Stab","floor":2.0},{"not_picked":["Deadly Poison","Finisher"],"picked":"Cloak And Dagger","floor":3.0},{"not_picked":["Dagger Throw","Dodge and Roll","All Out Attack"],"picked":"SKIP","floor":7},{"not_picked":["Dagger Throw","Poisoned Stab"],"picked":"Well Laid Plans","floor":12}],"player_experience":1294011,"relics_obtained":[{"floor":9,"key":"Bag of Marbles"}],"event_choices":[{"damage_healed":0.0,"max_hp_gain":0.0,"max_hp_loss":0.0,"gold_gain":0.0,"event_name":"Golden Idol","player_choice":"Take Wound","floor":4.0,"gold_loss":0.0,"damage_taken":0.0,"relics_obtained":["Golden Idol"],"cards_obtained":["Injury"]},{"damage_healed":0,"gold_gain":0,"player_choice":"Ignored","damage_taken":0,"max_hp_gain":0,"max_hp_loss":0,"event_name":"Shining Light","floor":5,"gold_loss":0}],"is_beta":false,"boss_relics":[],"items_purged_floors":[10],"is_endless":false,"potions_floor_spawned":[3],"killed_by":"Gremlin Nob","ascension_level":16}}