{"host":"yg3qajcexfod8zsu","time":1607484976,"event":{"gold_per_floor":[114,124,124,124,49,77,77,94,94,94,94,127,127,140,140,243,243,262,273,90,90,90],"floor_reached":21,"playtime":1645,"items_purged":["Defend_P"],"score":314,"play_id":"985f4b48-18ef-436a-a6e3-f137af698157","local_time":"20201209043616","is_ascension_mode":true,"campfire_choices":[{"data":"Eruption","floor":7,"key":"SMITH"},{"data":"TalkToTheHand","floor":10,"key":"SMITH"},{"data":"SashWhip","floor":15,"key":"SMITH"}],"neow_cost":"NONE","seed_source_timestamp":302538370046800,"circlet_count":0,"master_deck":["Strike_P","Strike_P+1","Defend_P","Defend_P","Eruption+1","Vigilance","Wireheading","Perseverance","SashWhip+1","Weave","TalkToTheHand+1","JustLucky+1","Adaptation","WindmillStrike","Alpha","LikeWater","Nirvana"],"relics":["PureWater","NeowsBlessing","Happy Flower","Bottled Lightning","Pantograph","Whetstone","Sozu","Bronze Scales"],"potions_floor_usage":[18,21],"damage_taken":[{"damage":0,"enemies":"Cultist","floor":1,"turns":1},{"damage":0,"enemies":"Jaw Worm","floor":2,"turns":1},{"damage":0,"enemies":"3 Sentries","floor":6,"turns":1},{"damage":0,"enemies":"2 Louse","floor":8,"turns":2},{"damage":1,"enemies":"Lagavulin","floor":12,"turns":8},{"damage":0,"enemies":"Blue Slaver","floor":14,"turns":2},{"damage":0,"enemies":"Slime Boss","floor":16,"turns":7},{"damage":28,"enemies":"Spheric Guardian","floor":18,"turns":4},{"damage":12,"enemies":"Chosen","floor":19,"turns":4},{"damage":50,"enemies":"3 Cultists","floor":21,"turns":3}],"seed_played":"-940439593966172844","potions_obtained":[{"floor":12,"key":"Block Potion"},{"floor":14,"key":"Energy Potion"},{"floor":16,"key":"Strength Potion"}],"is_trial":false,"path_per_floor":["M","M","?","?","$","E","R","M","T","R","T","E","?","M","R","B",null,"M","M","$","M"],"character_chosen":"WATCHER","items_purchased":["Bronze Scales","Nirvana"],"campfire_rested":0,"item_purchase_floors":[20,20],"current_hp_per_floor":[72,72,65,65,65,65,65,65,65,65,65,64,64,64,64,72,72,44,32,32,0,0],"gold":90,"neow_bonus":"THREE_ENEMY_KILL","is_prod":false,"is_daily":false,"chose_seed":false,"campfire_upgraded":3,"win_rate":0,"timestamp":1607484976,"path_taken":["M","?","?","?","?","E","R","?","T","R","?","E","?","?","R","BOSS","M","M","$","M"],"build_version":"2020-11-30","purchased_purges":1,"victory":false,"max_hp_per_floor":[72,72,72,72,72,72,72,72,72,72,72,72,72,72,72,72,72,72,72,72,72,72],"card_choices":[{"not_picked":["ClearTheMind","FlurryOfBlows"],"picked":"Wireheading","floor":1},{"not_picked":["Indignation","Halt"],"picked":"Perseverance","floor":2},{"not_picked":["Prostrate","Crescendo"],"picked":"Weave","floor":6},{"not_picked":["CrushJoints","Halt"],"picked":"TalkToTheHand","floor":8},{"not_picked":["Worship","Protect"],"picked":"JustLucky","floor":12},{"not_picked":["CrushJoints","SandsOfTime"],"picked":"WindmillStrike","floor":14},{"not_picked":["Brilliance","Wish"],"picked":"Alpha","floor":16},{"not_picked":["BowlingBash","Evaluate+1"],"picked":"LikeWater","floor":18},{"not_picked":["WreathOfFlame","SandsOfTime+1","PathToVictory"],"picked":"SKIP","floor":19}],"player_experience":445837,"relics_obtained":[{"floor":6,"key":"Happy Flower"},{"floor":9,"key":"Bottled Lightning"},{"floor":11,"key":"Pantograph"},{"floor":12,"key":"Whetstone"}],"event_choices":[{"cards_removed":["Defend_P"],"damage_healed":0,"gold_gain":0,"player_choice":"Card Removal","damage_taken":7,"max_hp_gain":0,"max_hp_loss":0,"event_name":"Golden Wing","floor":3,"gold_loss":0},{"damage_healed":0,"gold_gain":0,"cards_transformed":["Strike_P"],"player_choice":"Change","damage_taken":0,"max_hp_gain":0,"max_hp_loss":0,"event_name":"Living Wall","floor":4,"gold_loss":0,"cards_obtained":["SashWhip"]},{"damage_healed":0,"gold_gain":0,"cards_transformed":["Strike_P"],"player_choice":"Transformed","damage_taken":0,"max_hp_gain":0,"max_hp_loss":0,"event_name":"Transmorgrifier","floor":13,"gold_loss":0,"cards_obtained":["Adaptation"]}],"is_beta":false,"boss_relics":[{"not_picked":["Runic Pyramid","Ectoplasm"],"picked":"Sozu"}],"items_purged_floors":[5],"is_endless":false,"potions_floor_spawned":[12,14,16,18],"killed_by":"3 Cultists","ascension_level":4}}