{"host":"plluk4al3qmxlp2w","time":1607552620,"event":{"gold_per_floor":[411,431,431,396,411,436,451,175,175,75,100,100,116,127,127,227,227,242,89,0,11,11,11,40,40,66,77,77,96,115,129,129,129,129],"floor_reached":33,"playtime":1322,"items_purged":["Regret","Defend_G"],"score":321,"play_id":"ac56d381-7562-42bd-9bf4-b4fa6fcae58e","local_time":"20201209142340","is_ascension_mode":true,"campfire_choices":[{"floor":12,"key":"DIG"},{"data":"Noxious Fumes","floor":15,"key":"SMITH"},{"data":"Bane","floor":15,"key":"SMITH"},{"floor":23,"key":"REST"},{"floor":25,"key":"DIG"},{"floor":32,"key":"REST"}],"neow_cost":"NONE","seed_source_timestamp":856148307775700,"circlet_count":0,"master_deck":["Strike_G","Strike_G","Strike_G","Defend_G+1","Defend_G+1","Defend_G","Survivor","Neutralize","Crippling Poison+1","Acrobatics","Outmaneuver","Draining Mist+1","Noxious Fumes+1","Bane+1","Deadly Poison","Night Terror","CurseOfTheBell","Phantasmal Killer+1","ReplayTheSpireMod:From All Sides+1","Outmaneuver+1","Prepared","Outmaneuver+1","Flying Knee+1","Flying Knee"],"relics":["Ring of the Snake","Old Coin","Iron Hammer","Lee\u0027s Waffle","StrikeDummy","Shovel","Replay:Arrowhead","Replay:Grab Bag","Fusion Hammer","Painkiller Herb","Calling Bell","Astrolabe","War Paint","White Beast Statue","Replay:Kaleidoscope","Snake Skull","Replay:Baseball","Tiny Chest","Blue Doll"],"potions_floor_usage":[6,6,16,24,30,31,33,33],"damage_taken":[{"damage":8,"enemies":"2 Louse","floor":1,"turns":4},{"damage":9,"enemies":"Small Slimes","floor":2,"turns":3},{"damage":6,"enemies":"Jaw Worm","floor":5,"turns":5},{"damage":36,"enemies":"Lagavulin","floor":6,"turns":7},{"damage":0,"enemies":"Red Slaver","floor":7,"turns":4},{"damage":12,"enemies":"Gremlin Nob","floor":11,"turns":4},{"damage":12,"enemies":"Blue Slaver","floor":13,"turns":4},{"damage":10,"enemies":"Lots of Slimes","floor":14,"turns":2},{"damage":17,"enemies":"The Guardian","floor":16,"turns":8},{"damage":19,"enemies":"Spheric Guardian","floor":18,"turns":4},{"damage":8,"enemies":"Chosen","floor":21,"turns":3},{"damage":17,"enemies":"Slavers","floor":24,"turns":4},{"damage":2,"enemies":"Centurion and Healer","floor":27,"turns":3},{"damage":5,"enemies":"Snake Plant","floor":29,"turns":3},{"damage":4,"enemies":"3 Cultists","floor":30,"turns":3},{"damage":15,"enemies":"Cultist and Chosen","floor":31,"turns":5},{"damage":52,"enemies":"Automaton","floor":33,"turns":6}],"seed_played":"-1993911737022481333","potions_obtained":[{"floor":1,"key":"LiquidBronze"},{"floor":2,"key":"SpeedPotion"},{"floor":14,"key":"Energy Potion"},{"floor":16,"key":"Languid Potion"},{"floor":18,"key":"Energy Potion"},{"floor":21,"key":"PowerPotion"},{"floor":24,"key":"Explosive Potion"},{"floor":27,"key":"AttackPotion"},{"floor":29,"key":"Fruit Juice"},{"floor":30,"key":"Fire Potion"},{"floor":31,"key":"Poison Potion"}],"is_trial":false,"path_per_floor":["M","M","?","?","M","E","M","$","T","$","E","R","M","M","R","B",null,"?","T","?","?","?","T","E","T","T","?","T","?","?","?","T","B"],"character_chosen":"THE_SILENT","items_purchased":["Lee\u0027s Waffle","Draining Mist+1","Snake Skull"],"campfire_rested":2,"item_purchase_floors":[8,8,19],"current_hp_per_floor":[62,53,53,70,64,28,28,77,77,77,65,65,53,43,43,26,77,58,58,58,50,36,60,43,43,43,41,41,36,32,17,41,0,0],"gold":129,"neow_bonus":"RANDOM_EVENT","is_prod":false,"is_daily":false,"chose_seed":false,"campfire_upgraded":2,"win_rate":0,"timestamp":1607552620,"path_taken":["M","M","?","?","M","E","M","$","T","$","E","R","M","M","R","BOSS","?","T","?","?","?","T","E","T","T","?","?","?","?","?","T","BOSS"],"build_version":"2020-11-30","purchased_purges":2,"victory":false,"max_hp_per_floor":[70,70,70,70,70,70,70,77,77,77,77,77,77,77,77,77,77,77,77,77,77,82,82,82,82,82,82,82,82,82,82,82,82,82],"card_choices":[{"not_picked":["Footwork","Dodge and Roll","Setup"],"picked":"SKIP","floor":1},{"not_picked":["PiercingWail","Caltrops"],"picked":"Crippling Poison","floor":2},{"not_picked":["PiercingWail","Dodge and Roll"],"picked":"Acrobatics","floor":5},{"not_picked":["Dagger Throw","Hidden Blade","Leg Sweep"],"picked":"SKIP","floor":6},{"not_picked":["Slice","Skewer"],"picked":"Outmaneuver","floor":7},{"not_picked":["Prepared","Concentrate"],"picked":"Noxious Fumes","floor":11},{"not_picked":["ReplayTheSpireMod:The Works","Hidden Blade"],"picked":"Bane","floor":13},{"not_picked":["ReplayTheSpireMod:Speed Training","Dagger Throw"],"picked":"Deadly Poison","floor":14},{"not_picked":["Storm of Steel","Grand Finale"],"picked":"Night Terror","floor":16},{"not_picked":["Skewer","Cloak And Dagger","Bane"],"picked":"SKIP","floor":18},{"not_picked":["Terror","Deflect"],"picked":"Prepared","floor":21},{"not_picked":["All Out Attack","Skewer","ReplayTheSpireMod:Shiv Toss+1"],"picked":"SKIP","floor":24},{"not_picked":["Footwork","Dodge and Roll+1"],"picked":"Outmaneuver+1","floor":27},{"not_picked":["Choke","Infinite Blades","ReplayTheSpireMod:Speed Training"],"picked":"SKIP","floor":29},{"not_picked":["Die Die Die","Blade Dance"],"picked":"Flying Knee+1","floor":30},{"not_picked":["ReplayTheSpireMod:Scrap Shanks","ReplayTheSpireMod:Tripwire"],"picked":"Flying Knee","floor":31}],"player_experience":265537,"relics_obtained":[{"floor":6,"key":"Iron Hammer"},{"floor":9,"key":"StrikeDummy"},{"floor":11,"key":"Shovel"},{"floor":12,"key":"Replay:Arrowhead"},{"floor":17,"key":"War Paint"},{"floor":17,"key":"White Beast Statue"},{"floor":17,"key":"Replay:Kaleidoscope"},{"floor":24,"key":"Replay:Baseball"},{"floor":25,"key":"Tiny Chest"},{"floor":28,"key":"Blue Doll"}],"event_choices":[{"damage_healed":0,"gold_gain":0,"player_choice":"Box","damage_taken":0,"relics_obtained":["Old Coin"],"max_hp_gain":0,"max_hp_loss":0,"event_name":"Big Fish","floor":0,"gold_loss":0,"cards_obtained":["Regret"]},{"damage_healed":17,"gold_gain":0,"player_choice":"Healed","damage_taken":0,"max_hp_gain":0,"max_hp_loss":0,"event_name":"The Cleric","floor":4,"gold_loss":35},{"damage_healed":0,"gold_gain":0,"player_choice":"Paid Fearfully","damage_taken":0,"max_hp_gain":0,"max_hp_loss":0,"event_name":"Masked Bandits","floor":20,"gold_loss":89},{"damage_healed":0,"gold_gain":0,"player_choice":"Shed Blood","damage_taken":19,"max_hp_gain":5,"max_hp_loss":0,"event_name":"Forgotten Altar","floor":22,"gold_loss":0}],"is_beta":false,"boss_relics":[{"not_picked":["Philosopher\u0027s Stone","Tiny House"],"picked":"Replay:Grab Bag"},{"not_picked":["ChewingGum","Runic Dome"],"picked":"Fusion Hammer"},{"not_picked":["Ectoplasm","ReplayTheSpireMod:DimensionalGlitch"],"picked":"Painkiller Herb"},{"not_picked":["Black Star","WristBlade"],"picked":"Calling Bell"},{"not_picked":["Ring of Chaos","Snecko Eye"],"picked":"Astrolabe"}],"items_purged_floors":[8,10],"is_endless":false,"potions_floor_spawned":[1,2,14,16,18,21,24,27,29,30,31],"killed_by":"Automaton","ascension_level":3}}