{"host":"0msxzbajcl1c78mb","time":1607484257,"event":{"gold_per_floor":[111,111,91,101,114,148,148,162,162,195,195,228,244,270,270,367,367,379,6,6,6,6,6,31,31,108,140,155,169,197,217,217,325,325,346,346,372,406,433,470,499,536,615,625,625,114,114,153,153,153],"floor_reached":51,"playtime":4465,"items_purged":["Strike_R","Parasite"],"score":1079,"play_id":"36055b26-28dd-4c72-948c-4c92e3272844","local_time":"20201208222417","is_ascension_mode":true,"campfire_choices":[{"data":"Whirlwind","floor":7,"key":"SMITH"},{"floor":15,"key":"REST"},{"data":"Uppercut","floor":23,"key":"SMITH"},{"data":"Spot Weakness","floor":25,"key":"SMITH"},{"data":"Pommel Strike","floor":32,"key":"SMITH"},{"floor":45,"key":"DIG"},{"floor":47,"key":"DIG"},{"floor":49,"key":"DIG"}],"neow_cost":"NONE","seed_source_timestamp":463016083918000,"circlet_count":0,"master_deck":["Strike_R","Strike_R+1","Strike_R","Defend_R","Defend_R","Defend_R+1","Defend_R","Bash+1","Clothesline","Whirlwind+1","Pommel Strike+1","Uppercut+1","Spot Weakness+1","Battle Trance+1","Bludgeon+1","Reaper","Clothesline+1","Protect+1","Coolheaded","Machine Learning+1","Leap+1","DeceiveReality","Blade Dance","Mind Blast","Finesse","Enlightenment","Heavy Blade+1","Poisoned Stab+1","CutThroughFate+1","Inflame+1","Dropkick+1"],"relics":["Philosopher\u0027s Stone","Frozen Egg 2","Eternal Feather","Mummified Hand","Ancient Tea Set","Shuriken","Black Star","Bag of Marbles","PrismaticShard","Nilry\u0027s Codex","Pantograph","War Paint","Strawberry","Pocketwatch","Boot","FossilizedHelix","CeramicFish","Sozu","Shovel","Oddly Smooth Stone","Smiling Mask","Singing Bowl","Sundial","Vajra","Ornamental Fan","Whetstone","Bottled Flame","Nunchaku","Kunai","Letter Opener"],"potions_floor_usage":[6,12,14,14,27,29,29,40,50],"damage_taken":[{"damage":0,"enemies":"Small Slimes","floor":1,"turns":3},{"damage":3,"enemies":"Jaw Worm","floor":4,"turns":3},{"damage":0,"enemies":"Cultist","floor":5,"turns":4},{"damage":20,"enemies":"Lagavulin","floor":6,"turns":5},{"damage":2,"enemies":"Looter","floor":8,"turns":3},{"damage":22,"enemies":"Gremlin Nob","floor":10,"turns":4},{"damage":10,"enemies":"Lagavulin","floor":12,"turns":5},{"damage":0,"enemies":"Lots of Slimes","floor":13,"turns":1},{"damage":8,"enemies":"Gremlin Nob","floor":14,"turns":3},{"damage":48,"enemies":"Hexaghost","floor":16,"turns":8},{"damage":36,"enemies":"Shell Parasite","floor":18,"turns":6},{"damage":16,"enemies":"Gremlin Leader","floor":24,"turns":4},{"damage":82,"enemies":"Slavers","floor":27,"turns":7},{"damage":5,"enemies":"Chosen","floor":28,"turns":5},{"damage":33,"enemies":"Centurion and Healer","floor":29,"turns":9},{"damage":24,"enemies":"Gremlin Leader","floor":30,"turns":13},{"damage":3,"enemies":"3 Cultists","floor":31,"turns":4},{"damage":29,"enemies":"Champ","floor":33,"turns":9},{"damage":0,"enemies":"3 Shapes","floor":35,"turns":5},{"damage":16,"enemies":"3 Darklings","floor":37,"turns":3},{"damage":2,"enemies":"Writhing Mass","floor":38,"turns":4},{"damage":19,"enemies":"Reptomancer","floor":40,"turns":7},{"damage":0,"enemies":"Maw","floor":41,"turns":7},{"damage":42,"enemies":"Giant Head","floor":42,"turns":8},{"damage":0,"enemies":"Jaw Worm Horde","floor":44,"turns":1},{"damage":0,"enemies":"Reptomancer","floor":48,"turns":2},{"damage":14,"enemies":"Time Eater","floor":50,"turns":6}],"seed_played":"6215611837806709875","potions_obtained":[{"floor":1,"key":"AttackPotion"},{"floor":3,"key":"SpeedPotion"},{"floor":8,"key":"EssenceOfSteel"},{"floor":10,"key":"Strength Potion"},{"floor":11,"key":"FairyPotion"},{"floor":11,"key":"PowerPotion"},{"floor":13,"key":"Ancient Potion"},{"floor":16,"key":"Regen Potion"},{"floor":24,"key":"BloodPotion"},{"floor":28,"key":"Dexterity Potion"},{"floor":30,"key":"Weak Potion"},{"floor":31,"key":"Block Potion"}],"is_trial":false,"path_per_floor":["M","?","?","M","M","E","R","M","T","E","?","E","M","E","R","B",null,"M","$","?","?","T","R","E","R","T","E","M","M","E","M","R","B",null,"M","?","M","M","?","E","M","E","T","M","R","$","R","E","R","B",null],"character_chosen":"IRONCLAD","items_purchased":["Bag of Marbles","PrismaticShard","Ornamental Fan","Inflame+1","Whetstone"],"campfire_rested":1,"item_purchase_floors":[19,19,46,46,46],"current_hp_per_floor":[80,73,73,70,70,50,50,48,48,26,26,16,16,8,41,24,66,37,37,63,47,47,56,47,56,56,7,20,36,87,84,87,70,83,83,83,67,65,55,36,52,10,10,12,30,30,48,48,66,72],"gold":153,"neow_bonus":"BOSS_RELIC","is_prod":false,"is_daily":false,"chose_seed":false,"campfire_upgraded":4,"win_rate":0,"timestamp":1607484257,"path_taken":["M","?","?","M","M","E","R","?","T","E","?","E","?","E","R","BOSS","M","$","?","?","?","R","E","R","T","E","M","M","E","?","R","BOSS","M","?","?","?","?","E","M","E","T","M","R","$","R","E","R","BOSS"],"build_version":"2020-11-30","purchased_purges":2,"victory":true,"max_hp_per_floor":[80,80,80,80,80,80,80,80,80,80,80,80,80,80,80,80,80,80,80,80,80,80,80,87,87,87,87,87,87,87,87,87,87,87,87,87,87,87,87,87,87,87,87,89,89,86,86,86,86,86],"relic_stats":{"Singing Bowl":2,"counters":[27,139],"CeramicFish":117,"Eternal Feather":84,"Whetstone":["Strike_R","Bash"],"Letter Opener":[10],"War Paint":["Defend_R","Battle Trance"],"Boot":[5],"Smiling Mask":50,"Sozu":3,"Nunchaku":[1],"Shovel":3,"Mummified Hand":[28],"Shuriken":[26],"Sundial":[0],"Ornamental Fan":[12],"Pantograph":20,"Black Star":6,"Kunai":[3],"obtain_stats":[{"Singing Bowl":42,"Nilry\u0027s Codex":21,"CeramicFish":30,"Vajra":45,"Whetstone":46,"Ancient Tea Set":12,"PrismaticShard":19,"Boot":27,"Smiling Mask":42,"Burning Blood":0,"Sozu":34,"Nunchaku":48,"Shovel":40,"Mummified Hand":10,"Sundial":43,"Pantograph":22,"Strawberry":24,"Philosopher\u0027s Stone":0,"Kunai":48,"Oddly Smooth Stone":40,"Eternal Feather":9,"Letter Opener":49,"Frozen Egg 2":6,"War Paint":24,"Bottled Flame":47,"Shuriken":14,"Ornamental Fan":46,"Black Star":17,"Bag of Marbles":19,"FossilizedHelix":30,"Pocketwatch":27},{"Singing Bowl":24,"Nilry\u0027s Codex":11,"CeramicFish":16,"Vajra":25,"Whetstone":25,"Ancient Tea Set":7,"PrismaticShard":11,"Boot":13,"Smiling Mask":24,"Burning Blood":0,"Sozu":18,"Nunchaku":26,"Shovel":22,"Mummified Hand":6,"Sundial":24,"Pantograph":11,"Strawberry":12,"Philosopher\u0027s Stone":0,"Kunai":26,"Oddly Smooth Stone":22,"Eternal Feather":5,"Letter Opener":26,"Frozen Egg 2":4,"War Paint":12,"Bottled Flame":25,"Shuriken":9,"Ornamental Fan":25,"Black Star":10,"Bag of Marbles":11,"FossilizedHelix":16,"Pocketwatch":13},{"Singing Bowl":130,"Nilry\u0027s Codex":45,"CeramicFish":83,"Vajra":131,"Whetstone":131,"Ancient Tea Set":27,"PrismaticShard":45,"Boot":56,"Smiling Mask":130,"Burning Blood":0,"Sozu":96,"Nunchaku":133,"Shovel":115,"Mummified Hand":22,"Sundial":130,"Pantograph":45,"Strawberry":49,"Philosopher\u0027s Stone":0,"Kunai":133,"Oddly Smooth Stone":115,"Eternal Feather":18,"Letter Opener":133,"Frozen Egg 2":15,"War Paint":49,"Bottled Flame":131,"Shuriken":31,"Ornamental Fan":131,"Black Star":39,"Bag of Marbles":45,"FossilizedHelix":83,"Pocketwatch":56}],"Pocketwatch":[110]},"card_choices":[{"not_picked":["Perfected Strike","Twin Strike"],"picked":"Clothesline","floor":1},{"not_picked":["Clothesline","Flex"],"picked":"Whirlwind","floor":4},{"not_picked":["Warcry","Cleave"],"picked":"Pommel Strike","floor":5},{"not_picked":["Heavy Blade","Sword Boomerang","Hemokinesis"],"picked":"SKIP","floor":6},{"not_picked":["Burning Pact","True Grit"],"picked":"Uppercut","floor":8},{"not_picked":["Anger","Infernal Blade","Clash"],"picked":"SKIP","floor":10},{"not_picked":["Evolve+1","Iron Wave"],"picked":"Spot Weakness","floor":12},{"not_picked":["Body Slam","Sword Boomerang"],"picked":"Battle Trance","floor":13},{"not_picked":["Thunderclap","Anger"],"picked":"Bludgeon","floor":14},{"not_picked":["Barricade+1","Offering"],"picked":"Reaper","floor":16},{"not_picked":["Heavy Blade+1","Wild Strike"],"picked":"Clothesline+1","floor":18},{"not_picked":["Gash","Madness","Blood for Blood"],"picked":"SKIP","floor":24},{"not_picked":["ConjureBlade","Deadly Poison"],"picked":"Protect+1","floor":27},{"not_picked":["Sever Soul","Anger+1","Halt"],"picked":"SKIP","floor":28},{"not_picked":["Cleave","Sever Soul+1"],"picked":"Coolheaded","floor":29},{"not_picked":["Deflect","Intimidate","Thunderclap+1"],"picked":"SKIP","floor":30},{"not_picked":["Warcry","Fission","Collect"],"picked":"SKIP","floor":31},{"not_picked":["DeusExMachina","Juggernaut+1"],"picked":"Machine Learning+1","floor":33},{"not_picked":["PathToVictory","Catalyst+1"],"picked":"Leap+1","floor":35},{"not_picked":["Battle Trance","Redo"],"picked":"DeceiveReality","floor":37},{"not_picked":["Poisoned Stab","Sanctity"],"picked":"Blade Dance","floor":38},{"not_picked":["Forethought","Dark Shackles"],"picked":"Mind Blast","floor":39},{"not_picked":["Jack Of All Trades","Trip"],"picked":"Finesse","floor":39},{"not_picked":["Jack Of All Trades","Good Instincts"],"picked":"Enlightenment","floor":39},{"not_picked":["Escape Plan+1","EmptyFist"],"picked":"Heavy Blade+1","floor":40},{"not_picked":["PathToVictory","Nirvana+1"],"picked":"Poisoned Stab+1","floor":41},{"not_picked":["Heel Hook","Dagger Spray+1"],"picked":"CutThroughFate+1","floor":42},{"not_picked":["Steam+1","Combust+1","Metamorphosis"],"picked":"Singing Bowl","floor":44},{"not_picked":["MentalFortress+1","Bane"],"picked":"Dropkick+1","floor":48}],"player_experience":220505,"relics_obtained":[{"floor":6,"key":"Frozen Egg 2"},{"floor":9,"key":"Eternal Feather"},{"floor":10,"key":"Mummified Hand"},{"floor":12,"key":"Ancient Tea Set"},{"floor":14,"key":"Shuriken"},{"floor":21,"key":"Nilry\u0027s Codex"},{"floor":22,"key":"Pantograph"},{"floor":24,"key":"War Paint"},{"floor":24,"key":"Strawberry"},{"floor":27,"key":"Pocketwatch"},{"floor":27,"key":"Boot"},{"floor":30,"key":"FossilizedHelix"},{"floor":30,"key":"CeramicFish"},{"floor":40,"key":"Shovel"},{"floor":40,"key":"Oddly Smooth Stone"},{"floor":42,"key":"Smiling Mask"},{"floor":42,"key":"Singing Bowl"},{"floor":43,"key":"Sundial"},{"floor":45,"key":"Vajra"},{"floor":47,"key":"Bottled Flame"},{"floor":48,"key":"Nunchaku"},{"floor":48,"key":"Kunai"},{"floor":49,"key":"Letter Opener"}],"event_choices":[{"cards_removed":["Strike_R"],"damage_healed":0,"gold_gain":0,"player_choice":"Card Removal","damage_taken":7,"max_hp_gain":0,"max_hp_loss":0,"event_name":"Golden Wing","floor":2,"gold_loss":0},{"damage_healed":0,"gold_gain":0,"player_choice":"Bought 1 Potion","damage_taken":0,"max_hp_gain":0,"max_hp_loss":0,"event_name":"The Woman in Blue","floor":3,"gold_loss":0},{"damage_healed":0,"gold_gain":0,"player_choice":"Got Potions","damage_taken":0,"max_hp_gain":0,"max_hp_loss":0,"event_name":"Lab","floor":11,"gold_loss":0},{"damage_healed":26,"gold_gain":0,"player_choice":"Heal","damage_taken":0,"max_hp_gain":0,"max_hp_loss":0,"event_name":"The Library","floor":20,"gold_loss":0},{"damage_healed":0,"gold_gain":0,"player_choice":"Obtained Book","damage_taken":16,"max_hp_gain":0,"max_hp_loss":0,"event_name":"Cursed Tome","floor":21,"gold_loss":0},{"damage_healed":0,"gold_gain":0,"player_choice":"Upgraded","damage_taken":0,"max_hp_gain":0,"max_hp_loss":0,"event_name":"Upgrade Shrine","floor":36,"gold_loss":0,"cards_upgraded":["Bludgeon"]},{"damage_healed":0,"gold_gain":0,"player_choice":"Memory 3","damage_taken":10,"max_hp_gain":0,"max_hp_loss":0,"event_name":"SensoryStone","floor":39,"gold_loss":0}],"is_beta":false,"boss_relics":[{"not_picked":["Mark of Pain","Astrolabe"],"picked":"Black Star"},{"not_picked":["Pandora\u0027s Box","Busted Crown"],"picked":"Sozu"}],"items_purged_floors":[19,46],"is_endless":false,"potions_floor_spawned":[1,8,10,13,16,24,28,30,31,37,41,44],"ascension_level":5}}