{"host":"mi0eibewekhugwl1","time":1607501035,"event":{"gold_per_floor":[110,121,134,145,156,156,156,156,156,187,35,54,54,69,69,69,69],"floor_reached":16,"playtime":322,"items_purged":[],"score":208,"play_id":"be9d53e0-f6a6-4ea8-8354-3ca26b86b4f0","local_time":"20201209170355","is_ascension_mode":true,"campfire_choices":[{"data":"Calculated Gamble","floor":6,"key":"SMITH"},{"data":"Neutralize","floor":8,"key":"SMITH"},{"data":"Bouncing Flask","floor":15,"key":"SMITH"}],"neow_cost":"NONE","seed_source_timestamp":928899928832900,"circlet_count":0,"master_deck":["AscendersBane","Strike_G","Strike_G","Strike_G","Strike_G","Defend_G","Defend_G","Defend_G","Defend_G","Defend_G","Survivor","Neutralize+1","Backstab","Escape Plan","Dagger Throw","Poisoned Stab","Calculated Gamble+1","Bouncing Flask+1","Corpse Explosion","Noxious Fumes","Leg Sweep"],"relics":["Ring of the Snake","Centennial Puzzle","Golden Idol","Pantograph","Bronze Scales"],"potions_floor_usage":[10,10],"damage_taken":[{"damage":4,"enemies":"Small Slimes","floor":1,"turns":3},{"damage":0,"enemies":"Cultist","floor":2,"turns":4},{"damage":2,"enemies":"Jaw Worm","floor":3,"turns":4},{"damage":8,"enemies":"Exordium Wildlife","floor":4,"turns":4},{"damage":0,"enemies":"2 Fungi Beasts","floor":5,"turns":3},{"damage":21,"enemies":"Lagavulin","floor":10,"turns":8},{"damage":1,"enemies":"Blue Slaver","floor":12,"turns":2},{"damage":8,"enemies":"Large Slime","floor":14,"turns":5},{"damage":45,"enemies":"Slime Boss","floor":16,"turns":7}],"seed_played":"8657157141350191314","potions_obtained":[{"floor":2,"key":"SpeedPotion"},{"floor":4,"key":"SkillPotion"},{"floor":5,"key":"AttackPotion"},{"floor":10,"key":"LiquidBronze"}],"is_trial":false,"path_per_floor":["M","M","M","M","M","R","?","R","T","E","$","M","?","M","R","B"],"character_chosen":"THE_SILENT","items_purchased":["Corpse Explosion"],"campfire_rested":0,"item_purchase_floors":[11],"current_hp_per_floor":[55,55,53,45,45,45,45,45,45,24,24,23,23,15,15,0,0],"gold":69,"neow_bonus":"RANDOM_COMMON_RELIC","is_prod":false,"is_daily":false,"chose_seed":false,"campfire_upgraded":3,"win_rate":0,"timestamp":1607501035,"path_taken":["M","M","M","M","M","R","?","R","T","E","$","M","?","?","R","BOSS"],"build_version":"2020-11-30","purchased_purges":0,"victory":false,"max_hp_per_floor":[66,66,66,66,66,66,60,60,60,60,60,60,60,60,60,60,60],"relic_stats":{"Centennial Puzzle":[21],"counters":[9,40],"Golden Idol":13,"Pantograph":25,"Bronze Scales":[24],"obtain_stats":[{"Centennial Puzzle":0,"Golden Idol":7,"Pantograph":9,"Bronze Scales":10,"Ring of the Snake":0},{"Centennial Puzzle":0,"Golden Idol":5,"Pantograph":5,"Bronze Scales":6,"Ring of the Snake":0},{"Centennial Puzzle":0,"Golden Idol":18,"Pantograph":18,"Bronze Scales":26,"Ring of the Snake":0}],"Ring of the Snake":[18]},"card_choices":[{"not_picked":["Acrobatics","Poisoned Stab"],"picked":"Backstab","floor":1},{"not_picked":["Bane","Calculated Gamble"],"picked":"Escape Plan","floor":2},{"not_picked":["Finisher","Deflect"],"picked":"Dagger Throw","floor":3},{"not_picked":["Underhanded Strike","Sucker Punch"],"picked":"Poisoned Stab","floor":4},{"not_picked":["Terror","All Out Attack"],"picked":"Calculated Gamble","floor":5},{"not_picked":["Acrobatics","PiercingWail"],"picked":"Bouncing Flask","floor":10},{"not_picked":["Backflip","Deflect"],"picked":"Noxious Fumes","floor":12},{"not_picked":["Slice","Bane"],"picked":"Leg Sweep","floor":14}],"player_experience":1654214,"relics_obtained":[{"floor":9,"key":"Pantograph"},{"floor":10,"key":"Bronze Scales"}],"event_choices":[{"damage_healed":0,"gold_gain":0,"player_choice":"Lose Max HP","damage_taken":0,"relics_obtained":["Golden Idol"],"max_hp_gain":0,"max_hp_loss":6,"event_name":"Golden Idol","floor":7,"gold_loss":0},{"cards_removed":["Strike_G"],"damage_healed":0,"gold_gain":0,"player_choice":"Card Removal","damage_taken":0,"max_hp_gain":0,"max_hp_loss":0,"event_name":"Wheel of Change","floor":13,"gold_loss":0}],"is_beta":false,"boss_relics":[],"items_purged_floors":[],"is_endless":false,"potions_floor_spawned":[2,4,5,10],"killed_by":"Slime Boss","ascension_level":20}}