{"host":"uy3xxt3jvdg1h0wo","time":1607546893,"event":{"gold_per_floor":[114,114,114,129,129,129,129,129,129,129,129,144,144,159,159,259,259,274,26,26,41,41,0,0,120,145,13,13,28,28,28,28,28,28],"floor_reached":33,"playtime":1971,"items_purged":["Pain"],"score":279,"play_id":"3e13a4b6-e9e1-4246-8fdf-ed7240f46bc0","local_time":"20201209144813","daily_mods":["SealedDeck","Flight","Elite Swarm"],"is_ascension_mode":false,"campfire_choices":[{"data":"hermit:Glare","floor":6,"key":"SMITH"},{"data":"hermit:Quickdraw","floor":8,"key":"SMITH"},{"floor":11,"key":"REST"},{"floor":15,"key":"DIG"},{"floor":24,"key":"REST"},{"floor":28,"key":"REST"},{"data":"hermit:Ricochet","floor":30,"key":"SMITH"},{"floor":32,"key":"DIG"}],"neow_cost":"","seed_source_timestamp":0,"circlet_count":0,"master_deck":["hubris:Hubris","hermit:Snipe","hermit:TrackingShot","hermit:Dive","hermit:DeadMansHand","hermit:Maintenance","hermit:HoleUp","hermit:EyeOfTheStorm","hermit:Dive","hermit:Quickdraw+1","hermit:Glare+1","hermit:RoundhouseKick","hermit:HighCaliber","hermit:ItchyTrigger","Glass Knife","hermit:Misfire","Madness","hermit:Glare+1","Enlightenment","hermit:ItchyTrigger","hermit:ItchyTrigger","hermit:CalledShot","hermit:LowProfile+1","hermit:Ricochet+1"],"special_seed":18605,"relics":["hermit:Momento","HushsDoor","GuppysHead","Replay:M_StaffOfTheSnake","Replay:Bottled Eggs","MerchantsRug","hubris:PeanutButter","halation:EternalFortune","MaYiHuaBei","Omamori"],"potions_floor_usage":[14,16,29,29],"damage_taken":[{"damage":0,"enemies":"Small Slimes","floor":1,"turns":1},{"damage":0,"enemies":"Cultist","floor":4,"turns":4},{"damage":0,"enemies":"2 Louse","floor":12,"turns":1},{"damage":23,"enemies":"Lots of Slimes","floor":14,"turns":1},{"damage":73,"enemies":"Slime Boss","floor":16,"turns":16},{"damage":21,"enemies":"theJungle:MUSHROOMGANG","floor":18,"turns":4},{"damage":0,"enemies":"theJungle:GiantWrat","floor":21,"turns":4},{"damage":0,"enemies":"theJungle:2_Snecko_Cultists","floor":29,"turns":3},{"damage":415,"enemies":"theJungle:QueenSpyder","floor":33,"turns":32}],"seed_played":"4494449258677458329","potions_obtained":[{"floor":1,"key":"hermit:Tonic"},{"floor":12,"key":"AttackPotion"},{"floor":21,"key":"SCP261:GirlTearsPotion"}],"is_trial":false,"path_per_floor":["M","?","?","M","?","R","?","R","T","?","R","M","T","M","R","B",null,"M","$","?","M","T","R","R","?","T","$","R","M","R","?","R","B"],"character_chosen":"HERMIT","items_purchased":["MerchantsRug","hubris:PeanutButter","Madness","Enlightenment","hermit:ItchyTrigger","hermit:CalledShot","hermit:LowProfile+1","SCP261:BarrettColaPotion"],"campfire_rested":3,"item_purchase_floors":[19,19,19,23,23,27,27,27],"current_hp_per_floor":[95,105,115,125,135,145,155,165,175,164,195,205,215,202,212,164,255,244,254,267,280,290,300,331,292,302,312,371,381,391,401,411,0,0],"gold":28,"neow_bonus":"","is_prod":false,"is_daily":true,"chose_seed":false,"campfire_upgraded":3,"win_rate":0,"timestamp":1607546893,"path_taken":["M","?","?","?","?","R","?","R","T","?","R","?","?","M","R","BOSS","M","$","?","?","?","R","R","?","T","$","R","?","R","?","R","BOSS"],"build_version":"2020-11-30","purchased_purges":1,"victory":false,"max_hp_per_floor":[95,105,115,125,135,145,155,165,175,185,195,205,215,225,235,245,255,265,275,288,301,311,321,331,341,351,361,371,381,391,401,411,411,411],"card_choices":[{"not_picked":[],"picked":"Bomb","floor":0},{"not_picked":["hermit:Roulette","hermit:Misfire"],"picked":"hermit:Glare","floor":1},{"not_picked":["hermit:Glare","hermit:FlashPowder"],"picked":"Bomb","floor":4},{"not_picked":["hermit:DeadMansHand","hermit:ShadowCloak"],"picked":"hermit:HighCaliber","floor":12},{"not_picked":["Outmaneuver","CutThroughFate"],"picked":"hermit:ItchyTrigger","floor":14},{"not_picked":["hermit:Gambit","hermit:FatalDesire"],"picked":"Glass Knife","floor":16},{"not_picked":["hermit:Snipe+1","hermit:Coalescence"],"picked":"hermit:Misfire","floor":18},{"not_picked":["hermit:Midnight","hermit:Showdown+1"],"picked":"hermit:Glare","floor":21},{"not_picked":["hermit:Snipe","hermit:GhostlyPresence"],"picked":"hermit:Ricochet","floor":29}],"player_experience":4810096,"relics_obtained":[{"floor":9,"key":"Dota2Spire:UrnOfShadows"},{"floor":13,"key":"aspiration:Nostalgia"},{"floor":15,"key":"Replay:Bottled Eggs"},{"floor":21,"key":"halation:EternalFortune"},{"floor":22,"key":"D6"},{"floor":26,"key":"MaYiHuaBei"},{"floor":32,"key":"Omamori"}],"event_choices":[{"damage_healed":0,"gold_gain":0,"player_choice":"Agree","damage_taken":0,"max_hp_gain":0,"max_hp_loss":0,"event_name":"conspire:LoneGhost","floor":5,"gold_loss":0},{"damage_healed":0,"gold_gain":0,"player_choice":"Leave","damage_taken":0,"max_hp_gain":0,"max_hp_loss":0,"event_name":"The Cleric","floor":7,"gold_loss":0}],"is_beta":false,"boss_relics":[{"not_picked":["halation:PinkAlligatorPlush","conspire:SeveredTorchhead","aspiration:RunicSpoon"]}],"items_purged_floors":[19],"is_endless":false,"potions_floor_spawned":[1,12,21],"killed_by":"theJungle:QueenSpyder","ascension_level":0}}