{"host":"ifd7sfhtlbe34qll","time":1607498707,"event":{"gold_per_floor":[109,109,124,124,135,135,164,164,210,242,242,258,1,1,1,77,77,87,105,26,26,43,43,43],"floor_reached":23,"playtime":672,"items_purged":["Strike_R"],"score":402,"play_id":"034413ee-5f38-4d4a-a06f-f8daf8cf23b9","local_time":"20201209012507","is_ascension_mode":true,"campfire_choices":[{"data":"Bash","floor":6,"key":"SMITH"},{"data":"Uppercut","floor":8,"key":"SMITH"},{"data":"Disarm","floor":11,"key":"SMITH"},{"data":"Immolate","floor":15,"key":"SMITH"}],"neow_cost":"NONE","seed_source_timestamp":1301056996500,"circlet_count":0,"master_deck":["AscendersBane","Strike_R","Strike_R","Strike_R","Defend_R","Defend_R","Defend_R","Defend_R","Bash+1","Disarm+1","Cleave","Exhume","Feel No Pain","Uppercut+1","Anger","Armaments","Immolate+1","Impervious","Hemokinesis+1","Dropkick","Shrug It Off","Inflame"],"relics":["Burning Blood","NeowsBlessing","Bag of Marbles","Blood Vial","The Courier","Happy Flower","Black Star"],"potions_floor_usage":[7,14,23],"damage_taken":[{"damage":0,"enemies":"Jaw Worm","floor":1,"turns":1},{"damage":0,"enemies":"Cultist","floor":3,"turns":1},{"damage":0,"enemies":"2 Louse","floor":5,"turns":1},{"damage":27,"enemies":"Gremlin Nob","floor":7,"turns":4},{"damage":32,"enemies":"Lagavulin","floor":10,"turns":6},{"damage":12,"enemies":"Exordium Wildlife","floor":12,"turns":4},{"damage":7,"enemies":"Lots of Slimes","floor":14,"turns":2},{"damage":10,"enemies":"Hexaghost","floor":16,"turns":8},{"damage":3,"enemies":"Chosen","floor":18,"turns":5},{"damage":38,"enemies":"Shell Parasite","floor":19,"turns":5},{"damage":15,"enemies":"Snecko","floor":22,"turns":4},{"damage":37,"enemies":"Gremlin Leader","floor":23,"turns":4}],"seed_played":"-4700403322519878457","potions_obtained":[{"floor":1,"key":"AttackPotion"},{"floor":7,"key":"FearPotion"},{"floor":12,"key":"SmokeBomb"},{"floor":18,"key":"PowerPotion"}],"is_trial":false,"path_per_floor":["M","?","M","?","M","R","E","R","T","E","R","M","$","M","R","B",null,"M","M","$","?","M","E"],"character_chosen":"IRONCLAD","items_purchased":["Happy Flower","Immolate","Shrug It Off"],"campfire_rested":0,"item_purchase_floors":[13,13,20],"current_hp_per_floor":[74,74,75,75,75,75,54,54,54,30,30,26,26,27,27,25,63,68,38,38,38,31,0,0],"gold":43,"neow_bonus":"THREE_ENEMY_KILL","is_prod":false,"is_daily":false,"chose_seed":false,"campfire_upgraded":4,"win_rate":0,"timestamp":1607498707,"path_taken":["M","?","?","?","?","R","E","R","T","E","R","M","$","M","R","BOSS","M","M","$","?","M","E"],"build_version":"2020-11-30","purchased_purges":1,"victory":false,"max_hp_per_floor":[75,75,75,75,75,75,75,75,75,75,75,75,75,75,75,75,75,75,75,75,75,75,75,75],"relic_stats":{"Blood Vial":16,"Happy Flower":[9],"counters":[12,45],"Black Star":0,"obtain_stats":[{"Blood Vial":9,"NeowsBlessing":0,"Happy Flower":13,"The Courier":10,"Bag of Marbles":7,"Black Star":17,"Burning Blood":0},{"Blood Vial":4,"NeowsBlessing":0,"Happy Flower":6,"The Courier":5,"Bag of Marbles":4,"Black Star":8,"Burning Blood":0},{"Blood Vial":7,"NeowsBlessing":0,"Happy Flower":17,"The Courier":13,"Bag of Marbles":7,"Black Star":27,"Burning Blood":0}],"Burning Blood":55},"card_choices":[{"not_picked":["Sentinel","Wild Strike"],"picked":"Disarm","floor":1},{"not_picked":["Flex","Body Slam"],"picked":"Cleave","floor":3},{"not_picked":["Rampage","Twin Strike"],"picked":"Feel No Pain","floor":5},{"not_picked":["Clash","Rupture"],"picked":"Uppercut","floor":7},{"not_picked":["Dual Wield","Sword Boomerang"],"picked":"Anger","floor":10},{"not_picked":["Combust","Twin Strike"],"picked":"Armaments","floor":12},{"not_picked":["Double Tap","Exhume"],"picked":"Impervious","floor":16},{"not_picked":["Perfected Strike","Sword Boomerang"],"picked":"Hemokinesis+1","floor":18},{"not_picked":["Searing Blow","Warcry"],"picked":"Dropkick","floor":19},{"not_picked":["Body Slam","Thunderclap","Sword Boomerang"],"picked":"SKIP","floor":22}],"player_experience":1394368,"relics_obtained":[{"floor":7,"key":"Bag of Marbles"},{"floor":9,"key":"Blood Vial"},{"floor":10,"key":"The Courier"}],"event_choices":[{"cards_removed":["Strike_R"],"damage_healed":0,"gold_gain":0,"player_choice":"Purged","damage_taken":0,"max_hp_gain":0,"max_hp_loss":0,"event_name":"Purifier","floor":2,"gold_loss":0},{"damage_healed":0,"gold_gain":0,"player_choice":"1 cards matched","damage_taken":0,"max_hp_gain":0,"max_hp_loss":0,"event_name":"Match and Keep!","floor":4,"gold_loss":0,"cards_obtained":["Exhume"]},{"damage_healed":0,"gold_gain":0,"player_choice":"Read","damage_taken":0,"max_hp_gain":0,"max_hp_loss":0,"event_name":"The Library","floor":21,"gold_loss":0,"cards_obtained":["Inflame"]}],"is_beta":false,"boss_relics":[{"not_picked":["Runic Dome","Busted Crown"],"picked":"Black Star"}],"items_purged_floors":[20],"is_endless":false,"potions_floor_spawned":[1,7,12,14,18],"killed_by":"Gremlin Leader","ascension_level":20}}