{"host":"jm9833yuloeli2yd","time":1607535810,"event":{"gold_per_floor":[115,142,155,48,67,92,92,106,131,149,64,89,89,116,116,195,195,205,205,33,33,3,3,28,0,51,51,71,121,134,134,134],"floor_reached":31,"playtime":779,"items_purged":[],"score":542,"play_id":"80e7eb7e-0357-4917-8298-2f4050c58f84","local_time":"20201209124330","is_ascension_mode":true,"campfire_choices":[{"floor":7.0,"key":"REST"},{"floor":13.0,"key":"REST"},{"floor":15.0,"key":"REST"},{"data":"Zap","floor":23,"key":"SMITH"},{"floor":27,"key":"REST"}],"neow_cost":"NONE","seed_source_timestamp":761505295265100,"circlet_count":0,"master_deck":["AscendersBane","Strike_B","Defend_B","Defend_B","Defend_B","Defend_B","Zap+1","Dualcast","Blizzard","Compile Driver","Streamline","Cold Snap","Echo Form+1","Loop+1","Recycle","Creative AI+1","Defragment+1","Core Surge","CurseOfTheBell","Chaos+1","Panache+1","Amplify+1","Rebound","Redo+1","Recycle+1","Coolheaded+1","Storm+1"],"special_seed":0,"relics":["Cracked Core","Bronze Scales","Frozen Egg 2","Happy Flower","Girya","Pocketwatch","Calling Bell","Pen Nib","Toxic Egg 2","CaptainsWheel","Lee\u0027s Waffle","Omamori","Vajra"],"potions_floor_usage":[24,24,31],"damage_taken":[{"damage":1.0,"enemies":"Cultist","floor":1.0,"turns":3.0},{"damage":7.0,"enemies":"2 Louse","floor":3.0,"turns":2.0},{"damage":0.0,"enemies":"Small Slimes","floor":5.0,"turns":2.0},{"damage":26.0,"enemies":"Lagavulin","floor":6.0,"turns":5.0},{"damage":6.0,"enemies":"Exordium Thugs","floor":8.0,"turns":4.0},{"damage":5.0,"enemies":"2 Fungi Beasts","floor":10.0,"turns":4.0},{"damage":28.0,"enemies":"Gremlin Nob","floor":12.0,"turns":4.0},{"damage":30.0,"enemies":"Lagavulin","floor":14.0,"turns":6.0},{"damage":21.0,"enemies":"Hexaghost","floor":16.0,"turns":8.0},{"damage":34,"enemies":"Shell Parasite","floor":18,"turns":5},{"damage":59,"enemies":"Slavers","floor":24,"turns":4},{"damage":18,"enemies":"3 Byrds","floor":28,"turns":3},{"damage":3,"enemies":"Cultist and Chosen","floor":30,"turns":7},{"damage":21,"enemies":"Shelled Parasite and Fungi","floor":31,"turns":2}],"seed_played":"8504532593503455526","potions_obtained":[{"floor":3.0,"key":"ColorlessPotion"},{"floor":6.0,"key":"SkillPotion"},{"floor":12.0,"key":"PotionOfCapacity"},{"floor":16.0,"key":"EssenceOfDarkness"},{"floor":28,"key":"BlessingOfTheForge"},{"floor":30,"key":"FocusPotion"}],"is_trial":false,"path_per_floor":["M","T","M","$","M","E","R","M","T","M","$","E","R","E","R","B",null,"M","?","$","?","$","R","E","?","T","R","M","?","M","M"],"character_chosen":"DEFECT","items_purchased":["Streamline","BlessingOfTheForge","Recycle","Lee\u0027s Waffle","Redo+1"],"campfire_rested":4,"item_purchase_floors":[4,4,11,20,22],"current_hp_per_floor":[63,63,56,56,56,30,51,45,45,40,40,12,33,3,24,3,54,20,20,78,78,78,78,19,19,19,42,24,24,21,0,0],"gold":134,"neow_bonus":"TRANSFORM_CARD","is_prod":false,"is_daily":false,"chose_seed":false,"campfire_upgraded":1,"win_rate":0,"timestamp":1607535810,"path_taken":["M","?","M","$","M","E","R","M","T","M","$","E","R","E","R","BOSS","M","?","$","?","$","R","E","?","T","R","?","?","M","M"],"build_version":"2020-11-30","purchased_purges":0,"victory":false,"max_hp_per_floor":[71,71,71,71,71,71,71,71,71,71,71,71,71,71,71,71,71,71,71,78,78,78,78,78,78,78,78,78,78,78,78,78],"card_choices":[{"not_picked":["Conserve Battery","Steam"],"picked":"Compile Driver","floor":1.0},{"not_picked":["Darkness","Skim","Heatsinks"],"picked":"SKIP","floor":3.0},{"not_picked":["Storm","Capacitor"],"picked":"Cold Snap","floor":5.0},{"not_picked":["Steam","Auto Shields"],"picked":"Echo Form+1","floor":6.0},{"not_picked":["Stack","Streamline","Rebound"],"picked":"SKIP","floor":8.0},{"not_picked":["Sunder","Coolheaded"],"picked":"Loop+1","floor":10.0},{"not_picked":["Aggregate","Cold Snap"],"picked":"Creative AI+1","floor":12.0},{"not_picked":["Stack","Force Field"],"picked":"Defragment+1","floor":14.0},{"not_picked":["Echo Form+1","All For One"],"picked":"Core Surge","floor":16.0},{"not_picked":["Turbo+1","Go for the Eyes"],"picked":"Chaos+1","floor":18},{"not_picked":["Metamorphosis+1","Secret Technique+1"],"picked":"Panache+1","floor":19},{"not_picked":["Conserve Battery+1","Consume+1"],"picked":"Recycle+1","floor":24},{"not_picked":["Redo+1","Barrage"],"picked":"Coolheaded+1","floor":28},{"not_picked":["Auto Shields+1","Steam+1"],"picked":"Storm+1","floor":30}],"player_experience":982883,"relics_obtained":[{"floor":2.0,"key":"Bronze Scales"},{"floor":6.0,"key":"Frozen Egg 2"},{"floor":9.0,"key":"Happy Flower"},{"floor":12.0,"key":"Girya"},{"floor":14.0,"key":"Pocketwatch"},{"floor":17,"key":"Pen Nib"},{"floor":17,"key":"Toxic Egg 2"},{"floor":17,"key":"CaptainsWheel"},{"floor":24,"key":"Omamori"},{"floor":26,"key":"Vajra"}],"event_choices":[{"damage_healed":0,"gold_gain":2,"player_choice":"1","damage_taken":0,"max_hp_gain":0,"max_hp_loss":0,"event_name":"betterStone:BetterStone","floor":19,"gold_loss":0},{"damage_healed":0,"gold_gain":0,"cards_transformed":["Strike_B","Strike_B"],"player_choice":"Became Test Subject","damage_taken":0,"max_hp_gain":0,"max_hp_loss":0,"event_name":"Drug Dealer","floor":21,"gold_loss":0,"cards_obtained":["Amplify","Rebound"]},{"damage_healed":0,"gold_gain":0,"player_choice":"Paid Fearfully","damage_taken":0,"max_hp_gain":0,"max_hp_loss":0,"event_name":"Masked Bandits","floor":25,"gold_loss":28},{"damage_healed":0,"gold_gain":50,"player_choice":"Stole From Cult","damage_taken":0,"max_hp_gain":0,"max_hp_loss":0,"event_name":"Nest","floor":29,"gold_loss":0}],"is_beta":false,"boss_relics":[{"not_picked":["Tiny House","Ectoplasm"],"picked":"Calling Bell"}],"items_purged_floors":[],"is_endless":false,"potions_floor_spawned":[3,5,6,12,16,18,28,30],"killed_by":"Shelled Parasite and Fungi","ascension_level":20}}