{"host":"knkiqlnt7kg6m7j2","time":1607517248,"event":{"gold_per_floor":[113,113,38,38,49,83,83,112,151,151,151],"floor_reached":10,"playtime":460,"items_purged":["Koishi:BasicStrike"],"score":104,"play_id":"b167f7bf-250b-4f4c-8ac8-874f011cfee3","local_time":"20201209203408","is_ascension_mode":true,"campfire_choices":[{"data":"Koishi:RacingHeart","floor":7.0,"key":"SMITH"}],"neow_cost":"NONE","seed_source_timestamp":425348431838200,"circlet_count":0,"master_deck":["Koishi:BasicStrike","Koishi:BasicStrike","Koishi:BasicStrike","Koishi:BasicDefend","Koishi:BasicDefend","Koishi:BasicDefend","Koishi:BasicDefend","Koishi:Provoke","Koishi:HauntingSlash","Koishi:RacingHeart+1","TheCursedMod:ReleasedStrength"],"special_seed":0,"relics":["Koishi:ImaginaryFriend","DaveBox","NeowsBlessing","Question Card","PrismaticShard","BrkXgEgg","ImprovedEquipment","Pen Nib","Dream Catcher"],"potions_floor_usage":[8,10],"damage_taken":[{"damage":0.0,"enemies":"Small Slimes","floor":1.0,"turns":1.0},{"damage":0.0,"enemies":"Jaw Worm","floor":5.0,"turns":1.0},{"damage":0.0,"enemies":"Gremlin Nob","floor":6.0,"turns":1.0},{"damage":15,"enemies":"3 Sentries","floor":8,"turns":8},{"damage":11,"enemies":"Cultist","floor":9,"turns":6},{"damage":40,"enemies":"Gremlin Nob","floor":10,"turns":4}],"seed_played":"-8588580729710576897","potions_obtained":[{"floor":6.0,"key":"Strength Potion"},{"floor":8,"key":"LiquidBronze"}],"is_trial":false,"path_per_floor":["M","?","$","?","M","E","R","E","MIM","E"],"character_chosen":"KOISHI","items_purchased":[],"campfire_rested":0,"item_purchase_floors":[],"current_hp_per_floor":[60,60,60,65,65,65,65,50,40,0,0],"gold":151,"neow_bonus":"THREE_ENEMY_KILL","is_prod":false,"is_daily":false,"chose_seed":false,"campfire_upgraded":1,"win_rate":0,"timestamp":1607517248,"path_taken":["M","?","$","?","M","E","R","E","MIM","E"],"build_version":"2020-11-30","purchased_purges":1,"victory":false,"max_hp_per_floor":[60,60,60,65,65,65,65,65,65,65,65],"card_choices":[{"not_picked":["Koishi:Prune","Koishi:EmbryosDream"],"picked":"Koishi:RacingHeart","floor":1.0},{"not_picked":["SpecialFormula","Body Slam","Luminous:Accumulation_Luminous","CherryBlossomFlashing"],"picked":"SKIP","floor":5.0},{"not_picked":["OneTimeOff","Luminous:Hero_Will_Luminous","Koishi:SubterraneanRose","Ricochet"],"picked":"SKIP","floor":6.0},{"not_picked":["Sanctity","TheCursedMod:FleshFromBone","Force Field"],"picked":"TheCursedMod:ReleasedStrength","floor":8}],"player_experience":124942,"relics_obtained":[{"floor":1.0,"key":"Question Card"},{"floor":1.0,"key":"PrismaticShard"},{"floor":6.0,"key":"ImprovedEquipment"},{"floor":8,"key":"Pen Nib"},{"floor":9,"key":"Dream Catcher"}],"event_choices":[{"damage_healed":0.0,"max_hp_gain":0.0,"max_hp_loss":0.0,"gold_gain":0.0,"event_name":"Liars Game","player_choice":"Ignored","floor":2.0,"gold_loss":0.0,"damage_taken":0.0},{"damage_healed":0.0,"max_hp_gain":5.0,"max_hp_loss":0.0,"gold_gain":0.0,"event_name":"Big Fish","player_choice":"Donut","floor":4.0,"gold_loss":0.0,"damage_taken":0.0}],"is_beta":false,"boss_relics":[],"items_purged_floors":[3],"is_endless":false,"potions_floor_spawned":[6,8],"killed_by":"Gremlin Nob","ascension_level":1}}