{"host":"udzsrhbqdxqtlypj","time":1607473728,"event":{"gold_per_floor":[212,212,228,248,21,21,54,54,108,108,126,157,170,184,184,281,281,297,297,35,35,46,46,65,65,139,166,178,208,208,235,235,336,336,350,350,366,366,172,172,198,198,223,251,251,284,634,660,660,660],"floor_reached":51,"playtime":7764,"items_purged":["Strike_G","Strike_G+1","Infinite Blades+1"],"score":1212,"play_id":"30d026c2-054e-4564-9017-5aa0e7cf479d","local_time":"20201208182848","is_ascension_mode":true,"campfire_choices":[{"data":"Neutralize","floor":6,"key":"SMITH"},{"data":"Acrobatics","floor":8,"key":"SMITH"},{"data":"Infinite Blades","floor":10,"key":"SMITH"},{"data":"Eviscerate","floor":15,"key":"SMITH"},{"data":"Survivor","floor":23,"key":"SMITH"},{"data":"Grand Finale","floor":25,"key":"SMITH"},{"data":"Underhanded Strike","floor":30,"key":"SMITH"},{"floor":32,"key":"DIG"},{"floor":40,"key":"DIG"},{"floor":42,"key":"DIG"},{"floor":45,"key":"DIG"},{"floor":49,"key":"DIG"}],"neow_cost":"NONE","seed_source_timestamp":2293888478174200,"circlet_count":0,"master_deck":["Strike_G+1","Strike_G+1","Strike_G+1","Defend_G+1","Defend_G+1","Defend_G+1","Defend_G+1","Defend_G+1","Survivor+1","Neutralize+1","Acrobatics+1","Dagger Spray","All Out Attack+1","Blade Dance+1","Glass Knife+1","Eviscerate+1","After Image","Deflect+1","Grand Finale+1","PiercingWail+1","Acrobatics","Underhanded Strike+1","Night Terror","Master of Strategy","Violence","Bandage Up","Concentrate","Reflex+1","Leg Sweep+1","PiercingWail+1","Escape Plan+1","Prepared+1"],"relics":["Ring of the Snake","Sling","Blood Vial","Nunchaku","Omamori","Runic Pyramid","WarpedTongs","War Paint","Bag of Marbles","Shovel","Du-Vu Doll","HoveringKite","Strawberry","Art of War","Boot","Bird Faced Urn","Whetstone","Molten Egg 2","Old Coin","PreservedInsect","Bottled Tornado"],"potions_floor_usage":[4,7,11,14,27,31,33,33,33,33,33,41,44],"damage_taken":[{"damage":0,"enemies":"Jaw Worm","floor":1,"turns":5},{"damage":1,"enemies":"Cultist","floor":3,"turns":5},{"damage":2,"enemies":"Small Slimes","floor":4,"turns":4},{"damage":17,"enemies":"3 Sentries","floor":7,"turns":8},{"damage":21,"enemies":"Exordium Thugs","floor":11,"turns":4},{"damage":6,"enemies":"Gremlin Nob","floor":12,"turns":3},{"damage":0,"enemies":"Large Slime","floor":13,"turns":4},{"damage":0,"enemies":"2 Fungi Beasts","floor":14,"turns":3},{"damage":9,"enemies":"Slime Boss","floor":16,"turns":7},{"damage":12,"enemies":"Chosen","floor":18,"turns":5},{"damage":12,"enemies":"2 Thieves","floor":22,"turns":4},{"damage":0,"enemies":"Centurion and Healer","floor":24,"turns":3},{"damage":0,"enemies":"Gremlin Leader","floor":27,"turns":3},{"damage":0,"enemies":"Cultist and Chosen","floor":28,"turns":3},{"damage":14,"enemies":"Book of Stabbing","floor":29,"turns":6},{"damage":0,"enemies":"Gremlin Leader","floor":31,"turns":4},{"damage":18,"enemies":"Champ","floor":33,"turns":11},{"damage":0,"enemies":"Orb Walker","floor":35,"turns":2},{"damage":0,"enemies":"3 Shapes","floor":37,"turns":6},{"damage":0,"enemies":"Reptomancer","floor":41,"turns":4},{"damage":11,"enemies":"Giant Head","floor":44,"turns":5},{"damage":1,"enemies":"Nemesis","floor":46,"turns":8},{"damage":0,"enemies":"Mind Bloom Boss Battle","floor":47,"turns":8},{"damage":0,"enemies":"Reptomancer","floor":48,"turns":3},{"damage":37,"enemies":"Time Eater","floor":50,"turns":11}],"seed_played":"3788931889339130148","potions_obtained":[{"floor":2,"key":"SpeedPotion"},{"floor":2,"key":"EntropicBrew"},{"floor":2,"key":"Regen Potion"},{"floor":4,"key":"Explosive Potion"},{"floor":11,"key":"SpeedPotion"},{"floor":13,"key":"AttackPotion"},{"floor":22,"key":"EssenceOfSteel"},{"floor":28,"key":"CunningPotion"},{"floor":31,"key":"Explosive Potion"},{"floor":33,"key":"SkillPotion"},{"floor":35,"key":"Ancient Potion"},{"floor":37,"key":"Strength Potion"},{"floor":48,"key":"Explosive Potion"}],"is_trial":false,"path_per_floor":["M","?","M","M","$","R","E","R","T","R","M","E","M","M","R","B",null,"M","?","$","?","M","R","M","R","T","E","M","E","R","E","R","B",null,"M","?","M","?","$","R","E","R","T","E","R","E","?","E","R","B",null],"character_chosen":"THE_SILENT","items_purchased":["Sling","Grand Finale","Concentrate"],"campfire_rested":0,"item_purchase_floors":[5,20,39],"current_hp_per_floor":[63,63,62,60,60,60,58,58,58,58,39,35,37,39,39,32,61,51,51,51,51,41,41,43,43,43,45,47,35,35,37,37,21,58,60,60,62,52,52,59,65,65,65,60,60,67,77,77,77,46],"gold":660,"neow_bonus":"HUNDRED_GOLD","is_prod":false,"is_daily":false,"chose_seed":false,"campfire_upgraded":7,"win_rate":0,"timestamp":1607473728,"path_taken":["M","?","M","?","$","R","E","R","T","R","M","E","M","M","R","BOSS","M","?","$","?","?","R","M","R","T","E","M","E","R","E","R","BOSS","M","?","M","?","$","R","E","R","T","E","R","E","?","E","R","BOSS"],"build_version":"2020-11-30","purchased_purges":3,"victory":true,"max_hp_per_floor":[70,70,70,70,70,70,70,70,70,70,70,70,70,70,70,70,70,70,70,70,70,70,70,70,70,70,70,70,70,70,70,70,70,70,70,70,70,70,70,77,77,77,77,77,77,77,77,77,77,77],"relic_stats":{"counters":[25,129],"HoveringKite":[31],"PreservedInsect":0,"Whetstone":["All Out Attack","Glass Knife"],"War Paint":["Blade Dance"],"Boot":[66],"WarpedTongs":[68],"Blood Vial":38,"Nunchaku":[30],"Shovel":5,"Bird Faced Urn":[10],"Art of War":[3],"obtain_stats":[{"HoveringKite":34,"PreservedInsect":48,"Omamori":12,"Whetstone":45,"War Paint":27,"Bottled Tornado":49,"Sling":5,"Boot":43,"WarpedTongs":21,"Old Coin":47,"Blood Vial":7,"Du-Vu Doll":32,"Nunchaku":9,"Shovel":31,"Strawberry":40,"Bird Faced Urn":44,"Molten Egg 2":46,"Bag of Marbles":29,"Art of War":41,"Ring of the Snake":0,"Runic Pyramid":17},{"HoveringKite":17,"PreservedInsect":24,"Omamori":6,"Whetstone":21,"War Paint":13,"Bottled Tornado":24,"Sling":3,"Boot":20,"WarpedTongs":10,"Old Coin":23,"Blood Vial":4,"Du-Vu Doll":16,"Nunchaku":4,"Shovel":16,"Strawberry":19,"Bird Faced Urn":21,"Molten Egg 2":22,"Bag of Marbles":15,"Art of War":20,"Ring of the Snake":0,"Runic Pyramid":9},{"HoveringKite":82,"PreservedInsect":118,"Omamori":29,"Whetstone":99,"War Paint":58,"Bottled Tornado":118,"Sling":14,"Boot":94,"WarpedTongs":48,"Old Coin":115,"Blood Vial":22,"Du-Vu Doll":71,"Nunchaku":22,"Shovel":71,"Strawberry":90,"Bird Faced Urn":99,"Molten Egg 2":107,"Bag of Marbles":67,"Art of War":94,"Ring of the Snake":0,"Runic Pyramid":43}],"Ring of the Snake":[50]},"card_choices":[{"not_picked":["Slice","Quick Slash"],"picked":"Infinite Blades","floor":1},{"not_picked":["Cloak And Dagger","Prepared"],"picked":"Acrobatics","floor":3},{"not_picked":["Flechettes","Dodge and Roll"],"picked":"Dagger Spray","floor":4},{"not_picked":["Expertise","Dodge and Roll","Quick Slash"],"picked":"SKIP","floor":7},{"not_picked":["Outmaneuver","Prepared"],"picked":"All Out Attack","floor":11},{"not_picked":["Deadly Poison","Backflip"],"picked":"Blade Dance","floor":12},{"not_picked":["Slice","Riddle With Holes"],"picked":"Glass Knife","floor":13},{"not_picked":["Escape Plan","Reflex"],"picked":"Eviscerate","floor":14},{"not_picked":["Malaise","Unload"],"picked":"After Image","floor":16},{"not_picked":["Dagger Spray","Poisoned Stab+1"],"picked":"Deflect+1","floor":18},{"not_picked":["Footwork","Dodge and Roll"],"picked":"PiercingWail+1","floor":22},{"not_picked":["Riddle With Holes+1","Poisoned Stab+1","Expertise"],"picked":"SKIP","floor":24},{"not_picked":["Deadly Poison","Backstab","Blade Dance"],"picked":"SKIP","floor":27},{"not_picked":["PiercingWail","Sucker Punch"],"picked":"Acrobatics","floor":28},{"not_picked":["Acrobatics","Slice"],"picked":"Underhanded Strike","floor":29},{"not_picked":["Slice","Blur","Finisher+1"],"picked":"SKIP","floor":31},{"not_picked":["Grand Finale","Unload"],"picked":"Night Terror","floor":33},{"not_picked":["Heel Hook","Catalyst+1","Cloak And Dagger"],"picked":"SKIP","floor":35},{"not_picked":["Eviscerate","Infinite Blades+1","Finisher+1"],"picked":"SKIP","floor":37},{"not_picked":["Impatience","Deep Breath"],"picked":"Master of Strategy","floor":38},{"not_picked":["Mayhem","Swift Strike"],"picked":"Violence","floor":38},{"not_picked":["Mayhem","The Bomb"],"picked":"Bandage Up","floor":38},{"not_picked":["Dagger Throw","Dagger Spray+1"],"picked":"Reflex+1","floor":41},{"not_picked":["Dagger Spray","Heel Hook+1"],"picked":"Leg Sweep+1","floor":44},{"not_picked":["Reflex","Dash+1"],"picked":"PiercingWail+1","floor":46},{"not_picked":["Acrobatics+1","Bouncing Flask+1"],"picked":"Escape Plan+1","floor":47},{"not_picked":["A Thousand Cuts","Masterful Stab+1"],"picked":"Prepared+1","floor":48}],"player_experience":2551222,"relics_obtained":[{"floor":7,"key":"Blood Vial"},{"floor":9,"key":"Nunchaku"},{"floor":12,"key":"Omamori"},{"floor":27,"key":"War Paint"},{"floor":29,"key":"Bag of Marbles"},{"floor":31,"key":"Shovel"},{"floor":32,"key":"Du-Vu Doll"},{"floor":40,"key":"Strawberry"},{"floor":41,"key":"Art of War"},{"floor":43,"key":"Boot"},{"floor":44,"key":"Bird Faced Urn"},{"floor":45,"key":"Whetstone"},{"floor":46,"key":"Molten Egg 2"},{"floor":47,"key":"Old Coin"},{"floor":48,"key":"PreservedInsect"},{"floor":49,"key":"Bottled Tornado"}],"event_choices":[{"damage_healed":0,"gold_gain":0,"player_choice":"Got Potions","damage_taken":0,"max_hp_gain":0,"max_hp_loss":0,"event_name":"Lab","floor":2,"gold_loss":0},{"damage_healed":0,"gold_gain":0,"player_choice":"Simplicity","damage_taken":0,"max_hp_gain":0,"max_hp_loss":0,"event_name":"Back to Basics","floor":19,"gold_loss":0,"cards_upgraded":["Strike_G","Strike_G","Strike_G","Strike_G","Defend_G","Defend_G","Defend_G","Defend_G","Defend_G"]},{"damage_healed":0,"gold_gain":0,"player_choice":"Rummage","damage_taken":0,"relics_obtained":["WarpedTongs"],"max_hp_gain":0,"max_hp_loss":0,"event_name":"Accursed Blacksmith","floor":21,"gold_loss":0,"cards_obtained":["Pain"]},{"damage_healed":0,"gold_gain":0,"player_choice":"Ignored","damage_taken":0,"max_hp_gain":0,"max_hp_loss":0,"event_name":"Tomb of Lord Red Mask","floor":36,"gold_loss":0},{"damage_healed":0,"gold_gain":0,"player_choice":"Memory 3","damage_taken":10,"max_hp_gain":0,"max_hp_loss":0,"event_name":"SensoryStone","floor":38,"gold_loss":0},{"damage_healed":0,"gold_gain":0,"player_choice":"Fight","damage_taken":0,"max_hp_gain":0,"max_hp_loss":0,"event_name":"MindBloom","floor":47,"gold_loss":0}],"is_beta":false,"boss_relics":[{"not_picked":["Pandora\u0027s Box","WristBlade"],"picked":"Runic Pyramid"},{"not_picked":["Cursed Key","Ring of the Serpent"],"picked":"HoveringKite"}],"items_purged_floors":[5,20,39],"is_endless":false,"potions_floor_spawned":[4,11,13,22,28,31,33,35,37,48],"ascension_level":7}}