{"host":"l4zsyynf3knc4g5z","time":1607549148,"event":{"gold_per_floor":[119,18,31,46,46,73,92,92,119,119,138,138,158,177,177,177,177],"floor_reached":16,"playtime":309,"items_purged":["Strike_B"],"score":104,"play_id":"22c5f4f9-37fe-4490-b810-88b2c42e5b95","local_time":"20201209132548","is_ascension_mode":false,"campfire_choices":[{"data":"Gash","floor":8,"key":"SMITH"},{"data":"Rebound","floor":12,"key":"SMITH"},{"data":"Steam","floor":15,"key":"SMITH"}],"neow_cost":"NONE","seed_source_timestamp":1593738961998000,"circlet_count":0,"master_deck":["Strike_B","Strike_B","Strike_B","Defend_B","Defend_B","Defend_B","Defend_B","Zap","Dualcast","Gash+1","Gash+1","Steam","Beam Cell","Rebound+1","Steam+1","Defragment"],"relics":["Cracked Core","Bag of Preparation","Smiling Mask"],"potions_floor_usage":[14,16,16,16],"damage_taken":[{"damage":6,"enemies":"Cultist","floor":1,"turns":4},{"damage":5,"enemies":"Small Slimes","floor":3,"turns":2},{"damage":5,"enemies":"2 Louse","floor":4,"turns":3},{"damage":10,"enemies":"Lagavulin","floor":6,"turns":5},{"damage":7,"enemies":"Blue Slaver","floor":7,"turns":3},{"damage":0,"enemies":"2 Fungi Beasts","floor":11,"turns":2},{"damage":10,"enemies":"Looter","floor":13,"turns":2},{"damage":0,"enemies":"3 Louse","floor":14,"turns":2},{"damage":32,"enemies":"The Guardian","floor":16,"turns":7}],"seed_played":"7546047513731188795","potions_obtained":[{"floor":1,"key":"Energy Potion"},{"floor":6,"key":"FearPotion"},{"floor":13,"key":"Block Potion"},{"floor":14,"key":"PotionOfCapacity"}],"is_trial":false,"path_per_floor":["M","$","M","M","$","E","M","R","T","?","M","R","M","M","R","B"],"character_chosen":"DEFECT","items_purchased":["Gash"],"campfire_rested":0,"item_purchase_floors":[2],"current_hp_per_floor":[69,69,64,59,59,49,42,42,42,42,42,42,32,32,32,0,0],"gold":177,"neow_bonus":"THREE_CARDS","is_prod":false,"is_daily":false,"chose_seed":false,"campfire_upgraded":3,"win_rate":0,"timestamp":1607549148,"path_taken":["M","$","M","?","$","E","M","R","T","?","M","R","?","M","R","BOSS"],"build_version":"2020-11-30","purchased_purges":1,"victory":false,"max_hp_per_floor":[75,75,75,75,75,75,75,75,75,75,75,75,75,75,75,75,75],"card_choices":[{"not_picked":["Capacitor","BasicCrystalCard"],"picked":"Gash","floor":1},{"not_picked":["Static Discharge","Hologram"],"picked":"Steam","floor":3},{"not_picked":["Ball Lightning","Tempest"],"picked":"Beam Cell","floor":4},{"not_picked":["ReplaySolidLightProjector","Skim"],"picked":"Rebound","floor":6},{"not_picked":["Fission","Cold Snap","Compile Driver"],"picked":"SKIP","floor":7},{"not_picked":["Conserve Battery","Tempest"],"picked":"Steam","floor":11},{"not_picked":["ReplayTheSpireMod:Reroute Power","Crystallizer","ReplayTheSpireMod:System Scan"],"picked":"SKIP","floor":13},{"not_picked":["Gash","Steam Power"],"picked":"Defragment","floor":14}],"player_experience":95266,"relics_obtained":[{"floor":6,"key":"Bag of Preparation"},{"floor":9,"key":"Smiling Mask"}],"event_choices":[{"damage_healed":0,"gold_gain":0,"player_choice":"Upgraded","damage_taken":0,"max_hp_gain":0,"max_hp_loss":0,"event_name":"Upgrade Shrine","floor":10,"gold_loss":0,"cards_upgraded":["Gash"]}],"is_beta":false,"boss_relics":[],"items_purged_floors":[2],"is_endless":false,"potions_floor_spawned":[1,6,13,14],"killed_by":"The Guardian","ascension_level":0}}