{"host":"6p0attdrtjqaih7v","time":1607543033,"event":{"gold_per_floor":[110,128,128,145,145,174,191,221,245,245,5,5,22,33,33,104,104,114,128,138,138,149,149,149,174,174,194,213,213,246,256,256,330,430,448,527,545,545,558,558,589,589,615,626,626,645,645,661,661,661],"floor_reached":51,"playtime":2052,"items_purged":["Strike_R"],"score":1314,"play_id":"feb5a214-51cd-4d9b-bb1b-089657885433","local_time":"20201209144353","is_ascension_mode":true,"campfire_choices":[{"data":"Whirlwind","floor":12,"key":"SMITH"},{"floor":15,"key":"REST"},{"floor":23,"key":"REST"},{"floor":29,"key":"REST"},{"data":"Demonic Infusion","floor":32,"key":"SMITH"},{"data":"Disarm","floor":40,"key":"SMITH"},{"data":"Blood for Blood","floor":42,"key":"SMITH"},{"floor":49,"key":"REST"}],"neow_cost":"PERCENT_DAMAGE","seed_source_timestamp":1935854683178400,"circlet_count":0,"master_deck":["AscendersBane","Strike_R","Strike_R","Strike_R+1","Defend_R+1","Defend_R+1","Defend_R","Defend_R","Bash+1","Pommel Strike+1","ReplayTheSpireMod:Speed Training+1","Clothesline+1","Pommel Strike+1","Whirlwind+1","Demonic Infusion+1","Anger","Blood for Blood+1","Fiend Fire+1","Carnage+1","Thunderclap+1","Necronomicurse","Flame Barrier+1","Disarm+1","ReplayTheSpireMod:Muscle Training+1","Ghostly Armor+1","True Grit+1"],"relics":["Burning Blood","construct:RocketBooster","Red Skull","ReplayTheSpireMod:Lightbulb","Bronze Scales","War Paint","TheAbacus","Busted Crown","Necronomicon","keyreminder:keyreminder","Whetstone","Replay:Mystery Machine","construct:BoolHorns","Replay:Wanted Poster","Toy Ornithopter","Toxic Egg 2","ReplayTheSpireMod:Spearhead","Bottled Lightning"],"potions_floor_usage":[6,8,8,22,30,39,44,46,50],"damage_taken":[{"damage":1,"enemies":"2 Louse","floor":1,"turns":4},{"damage":9,"enemies":"Jaw Worm","floor":2,"turns":4},{"damage":1,"enemies":"Cultist","floor":4,"turns":3},{"damage":23,"enemies":"Lagavulin","floor":6,"turns":7},{"damage":18,"enemies":"Exordium Wildlife","floor":7,"turns":5},{"damage":14,"enemies":"3 Sentries","floor":8,"turns":8},{"damage":3,"enemies":"Looter","floor":13,"turns":3},{"damage":0,"enemies":"Lots of Slimes","floor":14,"turns":1},{"damage":21,"enemies":"Slime Boss","floor":16,"turns":6},{"damage":33,"enemies":"2 Thieves","floor":18,"turns":3},{"damage":0,"enemies":"Chosen","floor":19,"turns":2},{"damage":19,"enemies":"Snecko","floor":20,"turns":5},{"damage":0,"enemies":"Centurion and Healer","floor":22,"turns":3},{"damage":26,"enemies":"Slavers","floor":25,"turns":2},{"damage":10,"enemies":"Snake Plant","floor":27,"turns":2},{"damage":0,"enemies":"Snecko","floor":28,"turns":2},{"damage":9,"enemies":"Gremlin Leader","floor":30,"turns":3},{"damage":0,"enemies":"Centurion and Healer","floor":31,"turns":4},{"damage":29,"enemies":"Champ","floor":33,"turns":8},{"damage":0,"enemies":"Orb Walker","floor":35,"turns":2},{"damage":6,"enemies":"3 Shapes","floor":37,"turns":3},{"damage":3,"enemies":"Spire Growth","floor":39,"turns":3},{"damage":13,"enemies":"Giant Head","floor":41,"turns":7},{"damage":23,"enemies":"Jaw Worm Horde","floor":44,"turns":3},{"damage":16,"enemies":"Writhing Mass","floor":46,"turns":5},{"damage":5,"enemies":"Maw","floor":48,"turns":5},{"damage":47,"enemies":"Awakened One","floor":50,"turns":11}],"seed_played":"682999188552088117","potions_obtained":[{"floor":2,"key":"BloodPotion"},{"floor":4,"key":"BlessingOfTheForge"},{"floor":7,"key":"FearPotion"},{"floor":13,"key":"CultistPotion"},{"floor":25,"key":"Milkshake"},{"floor":27,"key":"ColorlessPotion"},{"floor":28,"key":"LiquidMemories"},{"floor":31,"key":"AttackPotion"},{"floor":44,"key":"Swift Potion"},{"floor":46,"key":"Block Potion"}],"is_trial":false,"path_per_floor":["M","M","?","M","?","E","M","E","T","?","$","R","M","M","R","B",null,"M","M","M","?","M","R","?","E","T","M","M","R","E","M","R","B",null,"M","?","M","?","M","R","E","R","T","M","?","M","T","M","R","B",null],"character_chosen":"IRONCLAD","items_purchased":["TheAbacus"],"campfire_rested":4,"item_purchase_floors":[11],"current_hp_per_floor":[55,52,52,57,39,22,10,17,17,17,17,17,20,26,48,33,65,38,44,31,10,16,38,38,18,18,14,20,42,39,45,45,22,62,68,38,38,38,46,46,39,39,39,27,27,22,22,23,44,8],"gold":661,"neow_bonus":"ONE_RARE_RELIC","is_prod":false,"is_daily":false,"chose_seed":false,"campfire_upgraded":4,"win_rate":0,"timestamp":1607543033,"path_taken":["M","M","?","M","?","E","M","E","T","?","$","R","M","?","R","BOSS","M","M","M","?","M","R","?","E","T","M","M","R","E","?","R","BOSS","M","?","M","?","?","R","E","R","T","M","?","M","?","M","R","BOSS"],"build_version":"2020-11-30","purchased_purges":1,"victory":true,"max_hp_per_floor":[75,75,75,75,75,75,75,75,75,75,75,75,75,75,75,75,75,75,75,75,75,75,75,75,75,75,75,75,75,75,75,75,75,75,75,75,75,75,75,75,75,75,75,75,71,71,71,71,71,71],"relic_stats":{"TheAbacus":[78],"Busted Crown":38,"counters":[27,114],"Bronze Scales":[179],"Necronomicon":[41],"Whetstone":["Carnage","Pommel Strike"],"War Paint":["ReplayTheSpireMod:Speed Training","Defend_R"],"obtain_stats":[{"construct:BoolHorns":30,"construct:RocketBooster":0,"Whetstone":25,"War Paint":9,"Replay:Mystery Machine":26,"Burning Blood":0,"keyreminder:keyreminder":25,"Replay:Wanted Poster":34,"ReplayTheSpireMod:Spearhead":43,"TheAbacus":11,"Busted Crown":17,"Bronze Scales":8,"Necronomicon":21,"Bottled Lightning":47,"Toxic Egg 2":41,"ReplayTheSpireMod:Lightbulb":6,"Red Skull":5,"Toy Ornithopter":36},{"construct:BoolHorns":17,"construct:RocketBooster":0,"Whetstone":14,"War Paint":6,"Replay:Mystery Machine":14,"Burning Blood":0,"keyreminder:keyreminder":14,"Replay:Wanted Poster":19,"ReplayTheSpireMod:Spearhead":23,"TheAbacus":6,"Busted Crown":9,"Bronze Scales":6,"Necronomicon":12,"Bottled Lightning":25,"Toxic Egg 2":23,"ReplayTheSpireMod:Lightbulb":4,"Red Skull":3,"Toy Ornithopter":20},{"construct:BoolHorns":63,"construct:RocketBooster":0,"Whetstone":56,"War Paint":31,"Replay:Mystery Machine":56,"Burning Blood":0,"keyreminder:keyreminder":56,"Replay:Wanted Poster":75,"ReplayTheSpireMod:Spearhead":90,"TheAbacus":31,"Busted Crown":41,"Bronze Scales":31,"Necronomicon":51,"Bottled Lightning":98,"Toxic Egg 2":90,"ReplayTheSpireMod:Lightbulb":18,"Red Skull":11,"Toy Ornithopter":77}],"Burning Blood":162,"Toy Ornithopter":20},"card_choices":[{"not_picked":["Pummel","Shockwave"],"picked":"Pommel Strike","floor":1},{"not_picked":["Flex","Headbutt","Wild Strike"],"picked":"SKIP","floor":2},{"not_picked":["Havoc","Heavy Blade","Cleave"],"picked":"SKIP","floor":4},{"not_picked":["Entrench","Warcry"],"picked":"Clothesline","floor":6},{"not_picked":["Searing Blow","Rage"],"picked":"Pommel Strike","floor":7},{"not_picked":["Searing Blow","Reckless Charge"],"picked":"Whirlwind","floor":8},{"not_picked":["Twin Strike","Rage"],"picked":"Anger","floor":13},{"not_picked":["Exhume","Hemokinesis"],"picked":"Blood for Blood","floor":14},{"not_picked":["Demon Form","Brutality"],"picked":"Fiend Fire","floor":16},{"not_picked":["Perfected Strike"],"picked":"SKIP","floor":18},{"not_picked":[],"picked":"Carnage","floor":19},{"not_picked":[],"picked":"Thunderclap+1","floor":20},{"not_picked":[],"picked":"Flame Barrier+1","floor":22},{"not_picked":["Wild Strike"],"picked":"SKIP","floor":25},{"not_picked":["Reckless Charge"],"picked":"SKIP","floor":27},{"not_picked":["Armaments"],"picked":"SKIP","floor":28},{"not_picked":["Hemokinesis"],"picked":"SKIP","floor":30},{"not_picked":[],"picked":"Disarm","floor":31},{"not_picked":["Entrench"],"picked":"SKIP","floor":35},{"not_picked":[],"picked":"ReplayTheSpireMod:Muscle Training","floor":36},{"not_picked":["Clothesline"],"picked":"SKIP","floor":37},{"not_picked":["Heavy Blade+1"],"picked":"SKIP","floor":39},{"not_picked":["Heavy Blade+1"],"picked":"SKIP","floor":41},{"not_picked":[],"picked":"Ghostly Armor+1","floor":44},{"not_picked":[],"picked":"True Grit+1","floor":46},{"not_picked":["Reckless Charge"],"picked":"SKIP","floor":48}],"player_experience":793413,"relics_obtained":[{"floor":6,"key":"ReplayTheSpireMod:Lightbulb"},{"floor":8,"key":"Bronze Scales"},{"floor":9,"key":"War Paint"},{"floor":21,"key":"Necronomicon"},{"floor":25,"key":"Whetstone"},{"floor":26,"key":"Replay:Mystery Machine"},{"floor":30,"key":"construct:BoolHorns"},{"floor":36,"key":"Toy Ornithopter"},{"floor":41,"key":"Toxic Egg 2"},{"floor":43,"key":"ReplayTheSpireMod:Spearhead"},{"floor":47,"key":"Bottled Lightning"}],"event_choices":[{"damage_healed":0,"gold_gain":0,"player_choice":"Grow","damage_taken":0,"max_hp_gain":0,"max_hp_loss":0,"event_name":"Living Wall","floor":3,"gold_loss":0,"cards_upgraded":["Bash"]},{"damage_healed":0,"gold_gain":0,"player_choice":"1 cards matched","damage_taken":0,"max_hp_gain":0,"max_hp_loss":0,"event_name":"Match and Keep!","floor":10,"gold_loss":0,"cards_obtained":["Demonic Infusion"]},{"damage_healed":0,"gold_gain":0,"player_choice":"Obtained Book","damage_taken":21,"max_hp_gain":0,"max_hp_loss":0,"event_name":"Cursed Tome","floor":21,"gold_loss":0},{"cards_removed":["Strike_R"],"damage_healed":0,"gold_gain":0,"player_choice":"Purged","damage_taken":0,"max_hp_gain":0,"max_hp_loss":0,"event_name":"Purifier","floor":24,"gold_loss":0},{"damage_healed":0,"gold_gain":0,"player_choice":"Forge","damage_taken":0,"max_hp_gain":0,"max_hp_loss":0,"event_name":"Accursed Blacksmith","floor":38,"gold_loss":0,"cards_upgraded":["ReplayTheSpireMod:Muscle Training"]},{"damage_healed":0,"gold_gain":0,"player_choice":"Max HP","damage_taken":0,"max_hp_gain":0,"max_hp_loss":4,"event_name":"Winding Halls","floor":45,"gold_loss":0}],"is_beta":false,"boss_relics":[{"not_picked":["Fusion Hammer","Snecko Heart"],"picked":"Busted Crown"},{"not_picked":["Painkiller Herb","Replay:Grab Bag"],"picked":"Replay:Wanted Poster"}],"items_purged_floors":[11],"is_endless":false,"potions_floor_spawned":[2,4,7,13,25,27,28,31,35,37,44,46],"ascension_level":17}}