{"host":"htpechobqgpaugnv","time":1607485107,"event":{"gold_per_floor":[114,114,133,2,14,31,59,77,103,103,116,151,151,171,171,171,171],"floor_reached":16,"playtime":399,"items_purged":["Strike_P"],"score":228,"play_id":"7e7b72da-625e-4c7c-97a4-0cbce12c608c","local_time":"20201208213827","is_ascension_mode":true,"campfire_choices":[{"data":"Eruption","floor":10,"key":"SMITH"},{"data":"Conclude","floor":13,"key":"SMITH"},{"data":"Meditate","floor":15,"key":"SMITH"}],"neow_cost":"NONE","seed_source_timestamp":65015896407300,"circlet_count":0,"master_deck":["AscendersBane","Strike_P","Strike_P","Strike_P+1","Defend_P","Defend_P+1","Defend_P","Defend_P","Eruption+1","Vigilance","FlurryOfBlows","DevaForm","WheelKick","Meditate+1","ReachHeaven","Conclude+1","SpiritShield"],"special_seed":0,"relics":["PureWater","NeowsBlessing","Mummified Hand","MealTicket","Smiling Mask"],"potions_floor_usage":[8,12],"damage_taken":[{"damage":0.0,"enemies":"2 Louse","floor":1.0,"turns":1.0},{"damage":0.0,"enemies":"Jaw Worm","floor":3.0,"turns":1.0},{"damage":0.0,"enemies":"Small Slimes","floor":5.0,"turns":2.0},{"damage":1.0,"enemies":"Looter","floor":6.0,"turns":3.0},{"damage":12.0,"enemies":"Lagavulin","floor":7.0,"turns":5.0},{"damage":14,"enemies":"Large Slime","floor":8,"turns":4},{"damage":8,"enemies":"Blue Slaver","floor":11,"turns":4},{"damage":3,"enemies":"Gremlin Nob","floor":12,"turns":3},{"damage":12,"enemies":"3 Louse","floor":14,"turns":3},{"damage":8,"enemies":"Hexaghost","floor":16,"turns":4}],"seed_played":"8096339578871602917","potions_obtained":[{"floor":6.0,"key":"Regen Potion"},{"floor":7.0,"key":"FearPotion"},{"floor":11,"key":"GamblersBrew"}],"is_trial":false,"path_per_floor":["M","?","M","$","M","M","E","M","T","R","M","E","R","M","R","B"],"character_chosen":"WATCHER","items_purchased":["PowerPotion"],"campfire_rested":0,"item_purchase_floors":[4],"current_hp_per_floor":[61,41,41,41,41,40,42,28,28,28,20,17,17,5,5,0,0],"gold":171,"neow_bonus":"THREE_ENEMY_KILL","is_prod":false,"is_daily":false,"chose_seed":false,"campfire_upgraded":3,"win_rate":0,"timestamp":1607485107,"path_taken":["M","?","M","$","M","M","E","M","T","R","M","E","R","M","R","BOSS"],"build_version":"2020-11-30","purchased_purges":1,"victory":false,"max_hp_per_floor":[68,68,68,68,68,68,68,68,68,68,68,68,68,68,68,68,68],"relic_stats":{"counters":[10,30],"Mummified Hand":[4],"MealTicket":0,"Smiling Mask":0,"obtain_stats":[{"NeowsBlessing":0,"Mummified Hand":7,"MealTicket":9,"PureWater":0,"Smiling Mask":12},{"NeowsBlessing":0,"Mummified Hand":5,"MealTicket":6,"PureWater":0,"Smiling Mask":8},{"NeowsBlessing":0,"Mummified Hand":12,"MealTicket":16,"PureWater":0,"Smiling Mask":23}]},"card_choices":[{"not_picked":["ThirdEye","EmptyMind","SashWhip"],"picked":"SKIP","floor":1.0},{"not_picked":["Protect","ClearTheMind"],"picked":"FlurryOfBlows","floor":3.0},{"not_picked":["SignatureMove","FlyingSleeves"],"picked":"DevaForm","floor":5.0},{"not_picked":["FlyingSleeves","Protect"],"picked":"WheelKick","floor":6.0},{"not_picked":["BowlingBash","Adaptation"],"picked":"Meditate","floor":7.0},{"not_picked":["FlyingSleeves","Evaluate"],"picked":"ReachHeaven","floor":8},{"not_picked":["BowlingBash","Nirvana","Crescendo"],"picked":"SKIP","floor":11},{"not_picked":["BowlingBash","EmptyBody"],"picked":"Conclude","floor":12},{"not_picked":["BowlingBash","Protect"],"picked":"SpiritShield","floor":14}],"player_experience":1247614,"relics_obtained":[{"floor":7.0,"key":"Mummified Hand"},{"floor":9,"key":"MealTicket"},{"floor":12,"key":"Smiling Mask"}],"event_choices":[{"damage_healed":0.0,"max_hp_gain":0.0,"max_hp_loss":0.0,"gold_gain":0.0,"event_name":"Shining Light","player_choice":"Entered Light","floor":2.0,"gold_loss":0.0,"damage_taken":20.0,"cards_upgraded":["Strike_P","Defend_P"]}],"is_beta":false,"boss_relics":[],"items_purged_floors":[4],"is_endless":false,"potions_floor_spawned":[6,7,11],"killed_by":"Hexaghost","ascension_level":20}}