{"host":"dhxdkxsvr0kfcb1i","time":1607542131,"event":{"gold_per_floor":[116,128,128,128,138,138,175,190,190,33,33,61,86,98,98,206,206,230,254,254,39,84,84,111,133,133,173,173,173,197,225,225,337,337,357,14,76,92,92,109,109,25,73,73,94,134,134,149,149,149,149,149,38,76,76],"floor_reached":56,"playtime":4288,"items_purged":["alterego_mod:BigMeatyClaws","alterego_mod:BustOut"],"score":1377,"play_id":"df958047-473c-4a39-af7e-675a280ca652","local_time":"20201209122851","is_ascension_mode":false,"campfire_choices":[{"data":"alterego_mod:BrynhildrsRune","floor":6.0,"key":"SMITH"},{"data":"alterego_mod:1TonWallop","floor":11.0,"key":"SMITH"},{"data":"alterego_mod:Punishment","floor":15.0,"key":"SMITH"},{"floor":23.0,"key":"DIG"},{"floor":28.0,"key":"DIG"},{"floor":32.0,"key":"DIG"},{"floor":41.0,"key":"RECALL"},{"floor":44.0,"key":"DIG"},{"floor":47.0,"key":"DIG"},{"floor":49.0,"key":"REST"},{"floor":52.0,"key":"DIG"}],"neow_cost":"NONE","seed_source_timestamp":3732207218740,"circlet_count":0,"master_deck":["alterego_mod:Strike","alterego_mod:Strike","alterego_mod:Strike","alterego_mod:BrynhildrsRune+1","alterego_mod:BiFurious+1","alterego_mod:Mirror","alterego_mod:1TonWallop+1","alterego_mod:Punishment+1","alterego_mod:PainIsPleasure","alterego_mod:Bounce","alterego_mod:Nekomimi+1","Apotheosis","alterego_mod:Stockings","theJungle:Gourd","theJungle:Gourd","theJungle:Gourd","theJungle:Gourd","theJungle:Gourd","alterego_mod:GachaTicket+1","alterego_mod:Mirror","alterego_mod:Bounce+2","alterego_mod:Bounce+1","alterego_mod:Rake+1","alterego_mod:Complex+1","alterego_mod:IdEs","alterego_mod:Mirror","alterego_mod:Bounce+1","alterego_mod:AlterEgo","alterego_mod:Rake+1","alterego_mod:GoddessCore+1","alterego_mod:Venus+1","alterego_mod:STier"],"special_seed":0,"relics":["alterego_mod:MasochisticConstitution","CeramicFish","HornCleat","Membership Card","Happy Flower","aspiration:FutureDiary","Shovel","MealTicket","PreservedInsect","The Courier","Molten Egg 2","Matryoshka","Juzu Bracelet","Bag of Marbles","aspiration:SecretTechniqueScroll","conspire:InfiniteJournal","Unceasing Top","aspiration:AnachronicSnailShell","Whetstone","Vajra","aspiration:Lifesprig","Bronze Scales","Dream Catcher","conspire:BottledYoYo","Art of War"],"potions_floor_usage":[55,55,55],"damage_taken":[{"damage":0.0,"enemies":"2 Louse","floor":1.0,"turns":6.0},{"damage":2.0,"enemies":"Small Slimes","floor":2.0,"turns":5.0},{"damage":23.0,"enemies":"Cultist","floor":5.0,"turns":6.0},{"damage":33.0,"enemies":"Lagavulin","floor":7.0,"turns":10.0},{"damage":6.0,"enemies":"2 Fungi Beasts","floor":8.0,"turns":3.0},{"damage":17.0,"enemies":"3 Sentries","floor":12.0,"turns":7.0},{"damage":9.0,"enemies":"Looter","floor":13.0,"turns":3.0},{"damage":25.0,"enemies":"Large Slime","floor":14.0,"turns":6.0},{"damage":24.0,"enemies":"Slime Boss","floor":16.0,"turns":9.0},{"damage":8.0,"enemies":"theJungle:5_Spyders","floor":18.0,"turns":9.0},{"damage":0.0,"enemies":"theJungle:GiantWrat","floor":19.0,"turns":4.0},{"damage":11.0,"enemies":"theJungle:MamaSnecko","floor":24.0,"turns":4.0},{"damage":18.0,"enemies":"theJungle:Lyon","floor":25.0,"turns":5.0},{"damage":0.0,"enemies":"theJungle:2_Phrogs","floor":27.0,"turns":5.0},{"damage":23.0,"enemies":"theJungle:2_Snecko_Cultists","floor":30.0,"turns":6.0},{"damage":1.0,"enemies":"theJungle:JungleHuntersEncounter","floor":31.0,"turns":6.0},{"damage":66.0,"enemies":"theJungle:TotemBoss","floor":33.0,"turns":7.0},{"damage":19.0,"enemies":"Orb Walker","floor":35.0,"turns":2.0},{"damage":44.0,"enemies":"2 Orb Walkers","floor":37.0,"turns":7.0},{"damage":32.0,"enemies":"3 Shapes","floor":38.0,"turns":5.0},{"damage":17.0,"enemies":"3 Darklings","floor":40.0,"turns":3.0},{"damage":2.0,"enemies":"Maw","floor":45.0,"turns":6.0},{"damage":35.0,"enemies":"Nemesis","floor":46.0,"turns":5.0},{"damage":0.0,"enemies":"Sphere and 2 Shapes","floor":48.0,"turns":3.0},{"damage":79.0,"enemies":"Awakened One","floor":50.0,"turns":7.0},{"damage":24.0,"enemies":"Shield and Spear","floor":54.0,"turns":3.0},{"damage":82,"enemies":"The Heart","floor":55,"turns":6}],"seed_played":"5941992592467785051","potions_obtained":[{"floor":12.0,"key":"ColorlessPotion"},{"floor":14.0,"key":"Swift Potion"},{"floor":16.0,"key":"SteroidPotion"},{"floor":30.0,"key":"ColorlessPotion"},{"floor":31.0,"key":"LiquidMemories"},{"floor":33.0,"key":"ColorlessPotion"},{"floor":38.0,"key":"AttackPotion"},{"floor":40.0,"key":"Regen Potion"},{"floor":46.0,"key":"Strength Potion"}],"is_trial":false,"path_per_floor":["M","M","?","?","M","R","E","M","T","$","R","E","M","M","R","B",null,"M","M","?","$","?","R","E","M","T","E","R","?","M","M","R","B",null,"M","$","?","M","?","M","R","$","T","R","M","E","R","M","R","B",null,"R","$","E","B",null],"character_chosen":"The_Alterego","items_purchased":["Membership Card","Apotheosis","MealTicket","alterego_mod:Stockings","conspire:InfiniteJournal","Unceasing Top","alterego_mod:IdEs","Whetstone","PowerPotion","alterego_mod:Rake+1","alterego_mod:GoddessCore+1","alterego_mod:Venus+1"],"campfire_rested":1,"item_purchase_floors":[10,21,21,21,36,36,36,42,42,53,53,53],"current_hp_per_floor":[77,78,83,83,68,68,41,50,50,50,50,48,47,51,51,77,90,91,91,79,79,79,79,88,78,78,85,85,85,83,95,95,96,96,78,93,76,81,81,86,86,100,100,100,101,74,74,81,102,38,103,103,103,94,85],"gold":76,"neow_bonus":"TEN_PERCENT_HP_BONUS","is_prod":false,"is_daily":false,"chose_seed":false,"campfire_upgraded":3,"win_rate":0.0,"timestamp":1607542131,"path_taken":["M","M","?","?","M","R","E","?","T","$","R","E","M","M","R","BOSS","M","M","?","$","?","R","E","M","T","E","R","?","M","M","R","BOSS","M","$","?","M","?","M","R","$","T","R","M","E","R","M","R","BOSS","R","$","E","BOSS"],"build_version":"2020-11-30","purchased_purges":2,"victory":true,"max_hp_per_floor":[77,78,83,83,84,84,85,86,86,86,86,87,88,89,89,90,90,91,91,91,91,91,91,92,93,93,93,93,93,94,95,95,96,96,97,97,98,99,99,100,100,100,100,100,101,102,102,102,102,103,103,103,103,104,105],"card_choices":[{"not_picked":["alterego_mod:Cooking","alterego_mod:Jiggle"],"picked":"alterego_mod:BiFurious","floor":1.0},{"not_picked":["alterego_mod:BiFurious","alterego_mod:Table"],"picked":"alterego_mod:BustOut","floor":2.0},{"not_picked":["alterego_mod:SuperDuperMasochism","alterego_mod:MagicResistance"],"picked":"alterego_mod:Mirror","floor":5.0},{"not_picked":["alterego_mod:Pet","alterego_mod:BustOut"],"picked":"alterego_mod:1TonWallop","floor":7.0},{"not_picked":["alterego_mod:BusterCard","alterego_mod:Skirt","alterego_mod:DiscoLights"],"picked":"SKIP","floor":8.0},{"not_picked":["alterego_mod:GoddessCore","alterego_mod:TrashNCrash","alterego_mod:Lingerie"],"picked":"SKIP","floor":12.0},{"not_picked":["alterego_mod:Rip","alterego_mod:SakuraLabyrinth"],"picked":"alterego_mod:Punishment","floor":13.0},{"not_picked":["alterego_mod:MagicResistance","alterego_mod:Crossover","alterego_mod:VirginLaserPalladion"],"picked":"SKIP","floor":14.0},{"not_picked":["alterego_mod:Weigh","alterego_mod:Tantrum"],"picked":"alterego_mod:PainIsPleasure","floor":16.0},{"not_picked":["alterego_mod:DeftHands","alterego_mod:PresenceConcealment"],"picked":"alterego_mod:Bounce","floor":18.0},{"not_picked":["alterego_mod:DeftHands","alterego_mod:Swimsuit+1"],"picked":"alterego_mod:Nekomimi+1","floor":19.0},{"not_picked":["alterego_mod:RocketPunch","alterego_mod:GoddessCore","alterego_mod:MagicResistance+1"],"picked":"SKIP","floor":24.0},{"not_picked":["alterego_mod:Rip","alterego_mod:Birthday+1"],"picked":"alterego_mod:GachaTicket+1","floor":25.0},{"not_picked":["alterego_mod:SakuraLabyrinth","alterego_mod:Cooking+1"],"picked":"alterego_mod:Mirror","floor":27.0},{"not_picked":["alterego_mod:TrashNCrash+1","alterego_mod:Swimsuit+1"],"picked":"alterego_mod:Bounce+1","floor":30.0},{"not_picked":["alterego_mod:GoddessCore+1","alterego_mod:Rip"],"picked":"alterego_mod:Bounce+1","floor":31.0},{"not_picked":["alterego_mod:Alter","alterego_mod:Tantrum"],"picked":"alterego_mod:Rake+1","floor":33.0},{"not_picked":["alterego_mod:SuperDuperMasochism","alterego_mod:Cooking+1"],"picked":"alterego_mod:Complex+1","floor":35.0},{"not_picked":["alterego_mod:GoddessCore+1","alterego_mod:BiFurious+1"],"picked":"alterego_mod:Mirror","floor":37.0},{"not_picked":["alterego_mod:Bloomers","alterego_mod:GachaTicket","alterego_mod:Cooking"],"picked":"SKIP","floor":38.0},{"not_picked":["alterego_mod:HighServant","alterego_mod:Rip","alterego_mod:PresenceConcealment+1"],"picked":"SKIP","floor":40.0},{"not_picked":["alterego_mod:Cycle+1","alterego_mod:Punishment+1"],"picked":"alterego_mod:Bounce+1","floor":45.0},{"not_picked":["alterego_mod:Maid+1","alterego_mod:HighServant"],"picked":"alterego_mod:AlterEgo","floor":46.0},{"not_picked":["alterego_mod:Maid+1","alterego_mod:Rip+1","alterego_mod:Complex+1"],"picked":"SKIP","floor":48.0},{"not_picked":["alterego_mod:Pet","alterego_mod:Bloomers+1"],"picked":"alterego_mod:STier","floor":54.0}],"player_experience":519261,"relics_obtained":[{"floor":7.0,"key":"CeramicFish"},{"floor":9.0,"key":"HornCleat"},{"floor":12.0,"key":"Happy Flower"},{"floor":23.0,"key":"PreservedInsect"},{"floor":24.0,"key":"The Courier"},{"floor":26.0,"key":"Molten Egg 2"},{"floor":27.0,"key":"Matryoshka"},{"floor":28.0,"key":"Juzu Bracelet"},{"floor":32.0,"key":"Bag of Marbles"},{"floor":37.0,"key":"aspiration:AnachronicSnailShell"},{"floor":43.0,"key":"Vajra"},{"floor":44.0,"key":"aspiration:Lifesprig"},{"floor":46.0,"key":"Bronze Scales"},{"floor":47.0,"key":"Dream Catcher"},{"floor":52.0,"key":"conspire:BottledYoYo"},{"floor":54.0,"key":"Art of War"}],"event_choices":[{"damage_healed":0.0,"max_hp_gain":5.0,"max_hp_loss":0.0,"gold_gain":0.0,"event_name":"Big Fish","player_choice":"Donut","floor":3.0,"gold_loss":0.0,"damage_taken":0.0},{"cards_removed":["alterego_mod:Impale"],"damage_healed":0.0,"max_hp_gain":0.0,"max_hp_loss":0.0,"gold_gain":0.0,"event_name":"Purifier","player_choice":"Purged","floor":4.0,"gold_loss":0.0,"damage_taken":0.0},{"damage_healed":0.0,"max_hp_gain":0.0,"max_hp_loss":0.0,"gold_gain":0.0,"event_name":"conspire:Investor","player_choice":"Leave","floor":29.0,"gold_loss":0.0,"damage_taken":0.0},{"damage_healed":0.0,"max_hp_gain":0.0,"max_hp_loss":0.0,"gold_gain":0.0,"event_name":"Mysterious Sphere","player_choice":"Fight","floor":37.0,"gold_loss":0.0,"damage_taken":0.0},{"cards_removed":["alterego_mod:Strike"],"damage_healed":0.0,"max_hp_gain":0.0,"max_hp_loss":0.0,"gold_gain":0.0,"event_name":"Wheel of Change","player_choice":"Card Removal","floor":39.0,"gold_loss":0.0,"damage_taken":0.0}],"is_beta":false,"boss_relics":[{"not_picked":["aspiration:RunicSpoon","conspire:RoyalGoblet"],"picked":"aspiration:FutureDiary"},{"not_picked":["Coffee Dripper","conspire:SpecialSausage"],"picked":"aspiration:SecretTechniqueScroll"}],"items_purged_floors":[21,36],"is_endless":false,"potions_floor_spawned":[12,14,16,18,30,31,33,38,40,46,48,54],"ascension_level":0}}