{"host":"6z3lyu1ryohrpkr3","time":1607476013,"event":{"gold_per_floor":[111,122,122,137,147,173,173,123,123,123,140,175,190,208,208,309,309,327,12,26,26,38,73,84,84,84,102,102,201,201,215,215,319,319,331,331,81,93,93,126,138,138,138,138,170,170,205,225,225,225,225,225,80,105,105],"floor_reached":56,"playtime":3685,"items_purged":["Cleave+1"],"score":1319,"play_id":"196e6b5a-8bd2-4fdb-85f2-a907f973e4ec","local_time":"20201209020653","is_ascension_mode":false,"campfire_choices":[{"data":"Perfected Strike","floor":7.0,"key":"SMITH"},{"data":"Juggernaut","floor":10.0,"key":"SMITH"},{"data":"Dual Wield","floor":15.0,"key":"SMITH"},{"floor":25,"key":"RECALL"},{"floor":28,"key":"REST"},{"floor":32,"key":"REST"},{"floor":42,"key":"REST"},{"floor":44,"key":"REST"},{"floor":46,"key":"DIG"},{"floor":49,"key":"DIG"},{"floor":52,"key":"DIG"}],"neow_cost":"NONE","seed_source_timestamp":41109426979200,"circlet_count":0,"master_deck":["Strike_R","Strike_R","Strike_R","Strike_R","Strike_R","Defend_R","Bash","Clothesline","Perfected Strike+1","Wild Strike","Iron Wave","Juggernaut+1","Headbutt","Carnage+1","Ghostly Armor","Dual Wield+1","Juggernaut+1","Apotheosis","Perfected Strike+1","Iron Wave+1","Perfected Strike+1","Shockwave","Flame Barrier","Barricade","Strike_R+1","Shrug It Off","Reaper+1","Shrug It Off+1","Iron Wave+1","Pommel Strike+1","Shrug It Off","Rage","Spot Weakness","Bludgeon+1"],"special_seed":0,"relics":["Snecko Eye","White Beast Statue","Pantograph","Molten Egg 2","Fusion Hammer","DollysMirror","Self Forming Clay","Velvet Choker","Bottled Tornado","Shuriken","Bag of Preparation","Anchor","Shovel","Boot","Omamori","Bottled Flame","Pear","Orichalcum"],"potions_floor_usage":[18,18,22,23,23,40,45,50,55,55],"damage_taken":[{"damage":6.0,"enemies":"Jaw Worm","floor":1.0,"turns":2.0},{"damage":0.0,"enemies":"Cultist","floor":2.0,"turns":3.0},{"damage":0.0,"enemies":"Small Slimes","floor":4.0,"turns":2.0},{"damage":0.0,"enemies":"Looter","floor":5.0,"turns":1.0},{"damage":0.0,"enemies":"Gremlin Nob","floor":6.0,"turns":2.0},{"damage":0.0,"enemies":"Lots of Slimes","floor":11.0,"turns":3.0},{"damage":3.0,"enemies":"Lagavulin","floor":12.0,"turns":3.0},{"damage":0.0,"enemies":"Red Slaver","floor":13.0,"turns":2.0},{"damage":0.0,"enemies":"Blue Slaver","floor":14.0,"turns":1.0},{"damage":0.0,"enemies":"Slime Boss","floor":16.0,"turns":4.0},{"damage":16,"enemies":"Shell Parasite","floor":18,"turns":4},{"damage":0,"enemies":"Chosen","floor":20,"turns":1},{"damage":0,"enemies":"Sentry and Sphere","floor":22,"turns":3},{"damage":11,"enemies":"Gremlin Leader","floor":23,"turns":4},{"damage":6,"enemies":"Chosen and Byrds","floor":24,"turns":3},{"damage":1,"enemies":"3 Cultists","floor":27,"turns":3},{"damage":0,"enemies":"Snecko","floor":31,"turns":3},{"damage":28,"enemies":"Champ","floor":33,"turns":8},{"damage":34,"enemies":"3 Shapes","floor":35,"turns":3},{"damage":10,"enemies":"3 Darklings","floor":38,"turns":3},{"damage":0,"enemies":"Reptomancer","floor":40,"turns":5},{"damage":0,"enemies":"Maw","floor":41,"turns":4},{"damage":2,"enemies":"Nemesis","floor":45,"turns":5},{"damage":0,"enemies":"Reptomancer","floor":47,"turns":5},{"damage":0,"enemies":"Writhing Mass","floor":48,"turns":5},{"damage":21,"enemies":"Donu and Deca","floor":50,"turns":7},{"damage":42,"enemies":"Shield and Spear","floor":54,"turns":4},{"damage":68,"enemies":"The Heart","floor":55,"turns":9}],"seed_played":"6047363288251401749","potions_obtained":[{"floor":1.0,"key":"SpeedPotion"},{"floor":5.0,"key":"FairyPotion"},{"floor":6.0,"key":"SkillPotion"},{"floor":11.0,"key":"ColorlessPotion"},{"floor":12.0,"key":"Fire Potion"},{"floor":13.0,"key":"HeartOfIron"},{"floor":18,"key":"LiquidMemories"},{"floor":20,"key":"Swift Potion"},{"floor":22,"key":"SkillPotion"},{"floor":23,"key":"LiquidBronze"},{"floor":24,"key":"ElixirPotion"},{"floor":33,"key":"Strength Potion"},{"floor":40,"key":"BlessingOfTheForge"},{"floor":41,"key":"PowerPotion"},{"floor":45,"key":"SteroidPotion"},{"floor":48,"key":"AttackPotion"},{"floor":54,"key":"FearPotion"}],"is_trial":false,"path_per_floor":["M","M","?","M","M","E","R","?","T","R","M","E","M","M","R","B",null,"M","$","M","$","M","E","M","R","T","M","R","?","?","M","R","B",null,"M","T","$","M","?","E","M","R","T","R","E","R","E","M","R","B",null,"R","$","E","B",null],"character_chosen":"IRONCLAD","items_purchased":["Apotheosis","DollysMirror","Shuriken","Spot Weakness"],"campfire_rested":4,"item_purchase_floors":[19,19,37,53],"current_hp_per_floor":[74,74,74,74,74,74,74,74,74,74,74,71,71,71,71,80,80,64,64,64,64,64,53,47,47,47,46,70,70,70,70,80,52,80,68,68,68,58,58,58,58,80,80,80,78,78,80,80,80,59,80,90,90,48,23],"gold":105,"neow_bonus":"BOSS_RELIC","is_prod":false,"is_daily":false,"chose_seed":false,"campfire_upgraded":3,"win_rate":0,"timestamp":1607476013,"path_taken":["M","M","?","?","M","E","R","?","T","R","M","E","M","M","R","BOSS","M","$","M","$","M","E","M","R","T","M","R","?","?","?","R","BOSS","M","?","$","M","?","E","M","R","T","R","E","R","E","?","R","BOSS","R","$","E","BOSS"],"build_version":"2020-11-30","purchased_purges":1,"victory":true,"max_hp_per_floor":[80,80,80,80,80,80,80,80,80,80,80,80,80,80,80,80,80,80,80,80,80,80,80,80,80,80,80,80,80,80,80,80,80,80,80,80,80,80,80,80,80,80,80,80,80,80,80,80,80,80,80,90,90,90,90],"card_choices":[{"not_picked":["Battle Trance","Shrug It Off"],"picked":"Clothesline","floor":1.0},{"not_picked":["Dropkick","Headbutt"],"picked":"Perfected Strike","floor":2.0},{"not_picked":["True Grit","Clash"],"picked":"Wild Strike","floor":4.0},{"not_picked":["Anger","Thunderclap"],"picked":"Iron Wave","floor":5.0},{"not_picked":["Intimidate","Havoc"],"picked":"Juggernaut","floor":6.0},{"not_picked":["Battle Trance","Rampage"],"picked":"Headbutt","floor":11.0},{"not_picked":["Thunderclap+1","Anger+1"],"picked":"Carnage+1","floor":12.0},{"not_picked":["Clothesline+1","Headbutt+1"],"picked":"Ghostly Armor","floor":13.0},{"not_picked":["Heavy Blade+1","Combust"],"picked":"Dual Wield","floor":14.0},{"not_picked":["Berserk","Impervious"],"picked":"Juggernaut","floor":16.0},{"not_picked":["Rage","Headbutt+1"],"picked":"Cleave+1","floor":18},{"not_picked":["Power Through","Intimidate"],"picked":"Iron Wave+1","floor":20},{"not_picked":["Armaments","Wild Strike+1"],"picked":"Perfected Strike+1","floor":22},{"not_picked":["Pummel+1","Inflame"],"picked":"Shockwave","floor":23},{"not_picked":["Thunderclap+1","Armaments"],"picked":"Flame Barrier","floor":24},{"not_picked":["Havoc","Flex"],"picked":"Barricade","floor":27},{"not_picked":["Anger+1","Uppercut+1"],"picked":"Shrug It Off","floor":31},{"not_picked":["Juggernaut","Fiend Fire+1"],"picked":"Reaper+1","floor":33},{"not_picked":["Anger+1","Heavy Blade+1","Twin Strike+1"],"picked":"SKIP","floor":35},{"not_picked":["Uppercut+1","Cleave+1"],"picked":"Shrug It Off+1","floor":38},{"not_picked":["Twin Strike+1","Flex+1"],"picked":"Iron Wave+1","floor":40},{"not_picked":["Twin Strike+1","Uppercut+1"],"picked":"Pommel Strike+1","floor":41},{"not_picked":["Battle Trance","Searing Blow+1"],"picked":"Shrug It Off","floor":45},{"not_picked":["Limit Break","Dropkick+1"],"picked":"Rage","floor":47},{"not_picked":["Havoc","Heavy Blade+1","Clash+1"],"picked":"SKIP","floor":48},{"not_picked":["Warcry+1","Immolate+1"],"picked":"Bludgeon+1","floor":54}],"player_experience":306529,"relics_obtained":[{"floor":6.0,"key":"White Beast Statue"},{"floor":9.0,"key":"Pantograph"},{"floor":12.0,"key":"Molten Egg 2"},{"floor":23,"key":"Self Forming Clay"},{"floor":36,"key":"Bottled Tornado"},{"floor":40,"key":"Bag of Preparation"},{"floor":43,"key":"Anchor"},{"floor":45,"key":"Shovel"},{"floor":46,"key":"Boot"},{"floor":47,"key":"Omamori"},{"floor":49,"key":"Bottled Flame"},{"floor":52,"key":"Pear"},{"floor":54,"key":"Orichalcum"}],"event_choices":[{"cards_removed":["Defend_R"],"damage_healed":0.0,"max_hp_gain":0.0,"max_hp_loss":0.0,"gold_gain":0.0,"event_name":"Bonfire Elementals","player_choice":"Offered Basic","floor":3.0,"gold_loss":0.0,"damage_taken":0.0},{"cards_removed":["Defend_R"],"damage_healed":0.0,"max_hp_gain":0.0,"max_hp_loss":0.0,"gold_gain":0.0,"event_name":"The Cleric","player_choice":"Card Removal","floor":8.0,"gold_loss":50.0,"damage_taken":0.0},{"damage_healed":0,"gold_gain":99,"player_choice":"Stole From Cult","damage_taken":0,"max_hp_gain":0,"max_hp_loss":0,"event_name":"Nest","floor":29,"gold_loss":0},{"cards_removed":["Defend_R"],"damage_healed":0,"gold_gain":0,"player_choice":"Took Card","damage_taken":0,"max_hp_gain":0,"max_hp_loss":0,"event_name":"NoteForYourself","floor":30,"gold_loss":0,"cards_obtained":["Strike_R"]},{"damage_healed":0,"gold_gain":0,"player_choice":"Upgraded","damage_taken":0,"max_hp_gain":0,"max_hp_loss":0,"event_name":"Upgrade Shrine","floor":39,"gold_loss":0,"cards_upgraded":["Juggernaut"]}],"is_beta":false,"boss_relics":[{"not_picked":["Philosopher\u0027s Stone","SacredBark"],"picked":"Fusion Hammer"},{"not_picked":["Coffee Dripper","Calling Bell"],"picked":"Velvet Choker"}],"items_purged_floors":[53],"is_endless":false,"potions_floor_spawned":[1,5,6,11,12,13,14,16,18,20,22,23,24,27,31,33,35,38,40,41,45,47,48,54],"ascension_level":0}}