{"host":"vpnygm79y7yi43ig","time":1607478490,"event":{"gold_per_floor":[219,230,230,17,27,58,58,74,74,86,96,108,108,55,55,159,159,178,166,166,16,26,26,38,72,99,118,118,43,43,60,60,162,162,181,200,200,210,222,255,255,272,272,272,291,48,79,79,79],"floor_reached":48,"playtime":2547,"items_purged":["Strike_B","Strike_B"],"score":518,"play_id":"75823a49-59ee-4647-918c-e46c06740212","local_time":"20201208174810","is_ascension_mode":false,"campfire_choices":[{"data":"Zap","floor":7,"key":"SMITH"},{"floor":13,"key":"REST"},{"data":"White Noise","floor":15,"key":"SMITH"},{"data":"Defragment","floor":23,"key":"SMITH"},{"floor":30,"key":"REST"},{"data":"White Noise","floor":32,"key":"SMITH"},{"floor":41,"key":"REST"},{"data":"Fission","floor":44,"key":"SMITH"}],"neow_cost":"NONE","seed_source_timestamp":0,"circlet_count":0,"master_deck":["Strike_B+1","Strike_B","Defend_B","Defend_B","Defend_B","Defend_B","Zap+1","Dualcast","Steam+1","Doom and Gloom","Defragment","Leap","Ball Lightning","White Noise+1","Skim","Conserve Battery","Cold Snap","Machine Learning","Steam","Redo+1","Defragment+1","Leap","White Noise+1","Echo Form","Fission+1","Chill+1","Biased Cognition","Cold Snap"],"special_seed":0,"relics":["Cracked Core","Runic Capacitor","Ornamental Fan","White Beast Statue","Sozu","DollysMirror","Pantograph","Regal Pillow","Busted Crown","FossilizedHelix","Ginger","Strange Spoon","Bag of Marbles"],"potions_floor_usage":[6,12,12,25],"damage_taken":[{"damage":7.0,"enemies":"Small Slimes","floor":1.0,"turns":3.0},{"damage":1.0,"enemies":"Cultist","floor":2.0,"turns":3.0},{"damage":0,"enemies":"2 Louse","floor":5,"turns":2},{"damage":23,"enemies":"Gremlin Nob","floor":6,"turns":4},{"damage":13,"enemies":"Exordium Thugs","floor":8,"turns":4},{"damage":0,"enemies":"Large Slime","floor":10,"turns":4},{"damage":0,"enemies":"Looter","floor":11,"turns":3},{"damage":1,"enemies":"2 Fungi Beasts","floor":12,"turns":3},{"damage":26,"enemies":"The Guardian","floor":16,"turns":10},{"damage":7,"enemies":"Shell Parasite","floor":18,"turns":6},{"damage":2,"enemies":"2 Thieves","floor":19,"turns":4},{"damage":0,"enemies":"Centurion and Healer","floor":22,"turns":5},{"damage":47,"enemies":"Cultist and Chosen","floor":24,"turns":6},{"damage":8,"enemies":"Gremlin Leader","floor":25,"turns":7},{"damage":9,"enemies":"Snecko","floor":27,"turns":6},{"damage":19,"enemies":"Shelled Parasite and Fungi","floor":31,"turns":7},{"damage":20,"enemies":"Champ","floor":33,"turns":12},{"damage":4,"enemies":"Orb Walker","floor":35,"turns":3},{"damage":20,"enemies":"3 Darklings","floor":36,"turns":5},{"damage":7,"enemies":"Jaw Worm Horde","floor":38,"turns":5},{"damage":13,"enemies":"Maw","floor":39,"turns":7},{"damage":33,"enemies":"Reptomancer","floor":40,"turns":6},{"damage":0,"enemies":"Transient","floor":42,"turns":5},{"damage":0,"enemies":"Spire Growth","floor":45,"turns":5},{"damage":18,"enemies":"Giant Head","floor":47,"turns":6},{"damage":27,"enemies":"4 Shapes","floor":48,"turns":5}],"seed_played":"1697222793594514446","potions_obtained":[{"floor":2.0,"key":"SpeedPotion"},{"floor":5,"key":"Swift Potion"},{"floor":8,"key":"Swift Potion"},{"floor":10,"key":"FearPotion"},{"floor":12,"key":"Fruit Juice"},{"floor":16,"key":"DuplicationPotion"}],"is_trial":false,"path_per_floor":["M","M","?","$","M","E","R","M","T","M","M","M","R","$","R","B",null,"M","M","?","$","M","R","M","E","T","M","?","$","R","M","R","B",null,"M","M","?","M","M","E","R","M","T","R","M","$","E","M"],"character_chosen":"DEFECT","items_purchased":["Defragment","Runic Capacitor","Cold Snap","DollysMirror","Strange Spoon"],"campfire_rested":3,"item_purchase_floors":[4,4,14,21,46],"current_hp_per_floor":[68,67,52,52,52,29,29,16,16,16,16,20,44,44,44,18,80,73,71,71,71,71,71,24,16,16,7,7,7,46,27,27,32,80,76,56,56,49,36,3,42,42,42,42,42,42,24,0,0],"gold":79,"neow_bonus":"HUNDRED_GOLD","is_prod":false,"is_daily":false,"chose_seed":false,"campfire_upgraded":5,"win_rate":0,"timestamp":1607478490,"path_taken":["M","M","?","$","M","E","R","M","T","M","M","M","R","$","R","BOSS","M","M","?","$","M","R","M","E","T","?","?","?","R","M","R","BOSS","M","M","?","M","M","E","R","M","T","R","M","$","E","M"],"build_version":"2020-11-30","purchased_purges":2,"victory":false,"max_hp_per_floor":[75,75,75,75,75,75,75,75,75,75,75,80,80,80,80,80,80,80,80,80,80,80,80,80,80,80,80,80,80,80,80,80,80,80,80,80,80,80,80,80,80,80,80,80,80,80,80,80,80],"card_choices":[{"not_picked":["Hologram","Compile Driver"],"picked":"Steam","floor":1.0},{"not_picked":["Turbo","Recycle"],"picked":"Doom and Gloom","floor":2.0},{"not_picked":["Reinforced Body","Gash"],"picked":"Leap","floor":5},{"not_picked":["Hologram","Double Energy"],"picked":"Ball Lightning","floor":6},{"not_picked":["Steam","Sweeping Beam"],"picked":"White Noise","floor":8},{"not_picked":["Compile Driver","Hologram"],"picked":"Skim","floor":10},{"not_picked":["Turbo","Melter","Chaos"],"picked":"SKIP","floor":11},{"not_picked":["Fission","Beam Cell"],"picked":"Conserve Battery","floor":12},{"not_picked":["Core Surge","Multi-Cast"],"picked":"Machine Learning","floor":16},{"not_picked":["Scrape","Compile Driver"],"picked":"Steam","floor":18},{"not_picked":["Tempest","Barrage"],"picked":"Redo+1","floor":19},{"not_picked":["Tempest+1","Redo"],"picked":"Leap","floor":22},{"not_picked":["BootSequence","Leap"],"picked":"White Noise","floor":24},{"not_picked":["FTL","Tempest","Steam Power"],"picked":"SKIP","floor":25},{"not_picked":["Barrage","Doom and Gloom+1"],"picked":"Echo Form","floor":27},{"not_picked":["Beam Cell","Redo+1"],"picked":"Chill+1","floor":31},{"not_picked":["Seek","Echo Form"],"picked":"Biased Cognition","floor":33},{"not_picked":[],"picked":"Cold Snap","floor":35},{"not_picked":["Stack+1"],"picked":"SKIP","floor":36},{"not_picked":["Rebound+1"],"picked":"SKIP","floor":38},{"not_picked":["Rebound"],"picked":"SKIP","floor":39},{"not_picked":["Double Energy"],"picked":"SKIP","floor":40},{"not_picked":["Hologram"],"picked":"SKIP","floor":42},{"not_picked":["Stack"],"picked":"SKIP","floor":45},{"not_picked":["Steam"],"picked":"SKIP","floor":47}],"player_experience":155625,"relics_obtained":[{"floor":6,"key":"Ornamental Fan"},{"floor":9,"key":"White Beast Statue"},{"floor":25,"key":"Pantograph"},{"floor":26,"key":"Regal Pillow"},{"floor":40,"key":"FossilizedHelix"},{"floor":43,"key":"Ginger"},{"floor":47,"key":"Bag of Marbles"}],"event_choices":[{"damage_healed":0.0,"max_hp_gain":0.0,"max_hp_loss":0.0,"gold_gain":0.0,"event_name":"Shining Light","player_choice":"Entered Light","floor":3.0,"gold_loss":0.0,"damage_taken":15.0,"cards_upgraded":["Steam","Strike_B"]},{"damage_healed":0,"gold_gain":0,"player_choice":"Bought 0 Potions","damage_taken":0,"max_hp_gain":0,"max_hp_loss":0,"event_name":"The Woman in Blue","floor":20,"gold_loss":0},{"damage_healed":0,"gold_gain":0,"player_choice":"1 cards matched","damage_taken":0,"max_hp_gain":0,"max_hp_loss":0,"event_name":"Match and Keep!","floor":28,"gold_loss":0,"cards_obtained":["Fission"]},{"damage_healed":0,"gold_gain":0,"player_choice":"Ignored","damage_taken":0,"max_hp_gain":0,"max_hp_loss":0,"event_name":"Tomb of Lord Red Mask","floor":37,"gold_loss":0}],"is_beta":false,"boss_relics":[{"not_picked":["Cursed Key","Runic Dome"],"picked":"Sozu"},{"not_picked":["Snecko Eye","Tiny House"],"picked":"Busted Crown"}],"items_purged_floors":[29,46],"is_endless":false,"potions_floor_spawned":[2,5,8,10,11,12,16,18,19,22,24,25,27,31,33,35,36,38,39,40,42,45,47],"killed_by":"4 Shapes","ascension_level":0}}