{"host":"gc0o0aftdpafl7it","time":1607530439,"event":{"gold_per_floor":[117,44,60,73,85,85,120,136,183,183,183],"floor_reached":10,"playtime":345,"items_purged":[],"score":88,"play_id":"8f5a9cdf-27c6-4060-9733-7d2677daf465","local_time":"20201209171359","is_ascension_mode":true,"campfire_choices":[{"data":"Neutralize","floor":6.0,"key":"SMITH"}],"neow_cost":"NONE","seed_source_timestamp":169148838317200,"circlet_count":0,"master_deck":["Strike_G","Strike_G","Strike_G","Strike_G","Strike_G","Defend_G","Defend_G","Defend_G","Defend_G","Defend_G","Survivor","Neutralize+1","CurseOfTheBell","Backstab","Slice","Backstab","A Thousand Cuts","Blade Dance"],"special_seed":0,"relics":["Calling Bell","Potion Belt","Ginger","Ornamental Fan","Toy Ornithopter","Darkstone Periapt","Bronze Scales"],"potions_floor_usage":[7,7],"damage_taken":[{"damage":3.0,"enemies":"2 Louse","floor":1.0,"turns":3.0},{"damage":1.0,"enemies":"Cultist","floor":3.0,"turns":5.0},{"damage":0.0,"enemies":"Small Slimes","floor":4.0,"turns":3.0},{"damage":1.0,"enemies":"Red Slaver","floor":5.0,"turns":3.0},{"damage":62,"enemies":"Lagavulin","floor":7,"turns":9},{"damage":0,"enemies":"2 Fungi Beasts","floor":8,"turns":3},{"damage":8,"enemies":"Gremlin Nob","floor":10,"turns":2}],"seed_played":"-6717237189699618057","potions_obtained":[{"floor":4.0,"key":"LiquidBronze"},{"floor":5.0,"key":"Dexterity Potion"}],"is_trial":false,"path_per_floor":["M","?","M","M","M","R","E","M","T","E"],"character_chosen":"THE_SILENT","items_purchased":[],"campfire_rested":0,"item_purchase_floors":[],"current_hp_per_floor":[67,67,66,66,65,65,8,8,8,0,0],"gold":183,"neow_bonus":"BOSS_RELIC","is_prod":false,"is_daily":false,"chose_seed":false,"campfire_upgraded":1,"win_rate":0,"timestamp":1607530439,"path_taken":["M","?","M","M","M","R","E","?","T","E"],"build_version":"2020-11-30","purchased_purges":0,"victory":false,"max_hp_per_floor":[70,70,70,70,70,70,70,70,70,70,70],"relic_stats":{"Darkstone Periapt":0,"counters":[7,28],"Ornamental Fan":[60],"Bronze Scales":[0],"Ginger":[2],"obtain_stats":[{"Calling Bell":0,"Potion Belt":0,"Darkstone Periapt":7,"Ornamental Fan":0,"Bronze Scales":9,"Ginger":0,"Toy Ornithopter":2,"Ring of the Snake":0},{"Calling Bell":0,"Potion Belt":0,"Darkstone Periapt":5,"Ornamental Fan":0,"Bronze Scales":6,"Ginger":0,"Toy Ornithopter":1,"Ring of the Snake":0},{"Calling Bell":0,"Potion Belt":0,"Darkstone Periapt":23,"Ornamental Fan":0,"Bronze Scales":26,"Ginger":0,"Toy Ornithopter":3,"Ring of the Snake":0}],"Toy Ornithopter":5},"card_choices":[{"not_picked":["Expertise","Underhanded Strike","Bouncing Flask"],"picked":"SKIP","floor":1.0},{"not_picked":["Prepared","Sucker Punch"],"picked":"Backstab","floor":3.0},{"not_picked":["Acrobatics","Footwork"],"picked":"Slice","floor":4.0},{"not_picked":["Dodge and Roll","Prepared"],"picked":"Backstab","floor":5.0},{"not_picked":["Riddle With Holes","Dagger Spray"],"picked":"A Thousand Cuts","floor":7},{"not_picked":["Masterful Stab","Infinite Blades"],"picked":"Blade Dance","floor":8}],"player_experience":337982,"relics_obtained":[{"floor":0.0,"key":"Potion Belt"},{"floor":0.0,"key":"Ginger"},{"floor":0.0,"key":"Ornamental Fan"},{"floor":7,"key":"Darkstone Periapt"},{"floor":9,"key":"Bronze Scales"}],"event_choices":[{"damage_healed":0.0,"max_hp_gain":0.0,"max_hp_loss":0.0,"gold_gain":0.0,"event_name":"WeMeetAgain","player_choice":"Paid Gold","floor":2.0,"gold_loss":73.0,"damage_taken":0.0,"relics_obtained":["Toy Ornithopter"]}],"is_beta":false,"boss_relics":[],"items_purged_floors":[],"is_endless":false,"potions_floor_spawned":[4,5],"killed_by":"Gremlin Nob","ascension_level":5}}