{"host":"ec2wu4mdnvke243f","time":1607516388,"event":{"gold_per_floor":[99,109,135,135,150,179,202,202,236,236,247,522,534,534,552,649,649,649,460,460,478,490,502,502,277,308,308,293,393,393,297,314,314,314],"floor_reached":33,"playtime":2215,"items_purged":[],"score":245,"play_id":"fc65c6d7-d469-49f1-ab51-5ae26594bb45","local_time":"20201209131948","is_ascension_mode":true,"campfire_choices":[{"floor":1.0,"key":"RECALL"},{"floor":10.0,"key":"REST"},{"data":"hermit:Magnum","floor":18.0,"key":"SMITH"},{"data":"expansioncontent:DashGenerateEvil","floor":20.0,"key":"SMITH"},{"data":"hermit:Malice","floor":25.0,"key":"SMITH"},{"data":"Transmutation","floor":27.0,"key":"SMITH"}],"neow_cost":"PERCENT_DAMAGE","seed_source_timestamp":0,"circlet_count":0,"master_deck":["hermit:Strike_Hermit","hermit:Strike_Hermit","hermit:Strike_Hermit","hermit:Defend_Hermit","hermit:Defend_Hermit","hermit:Defend_Hermit","hermit:Snapshot","hermit:Covet","expansioncontent:DashGenerateEvil+1","hermit:SprayPray","hermit:Malice+1","Pain","hermit:Misfire","hermit:Glare","hermit:Enervate","hermit:Enervate","Regret","hermit:TrackingShot","hermit:Snipe","hermit:Magnum+1","Transmutation+1","hermit:Deadeye+1","hermit:CalledShot+1","hermit:BigShot+1","hermit:Manifest","hermit:HighCaliber","hermit:GhostlyPresence","J.A.X.","hermit:Combo","hermit:Determination"],"special_seed":0,"relics":["hermit:Momento","infinitespire:Satchel","infinitespire:BottledMercury","PreservedInsect","TungstenRod","downfall:HeartBlessingRed","downfall:HeartBlessingGreen","downfall:HeartBlessingBlue","Singing Bowl","MutagenicStrength"],"potions_floor_usage":[32],"damage_taken":[{"damage":0.0,"enemies":"Small Slimes","floor":2.0,"turns":2.0},{"damage":18.0,"enemies":"Gremlin Nob","floor":3.0,"turns":4.0},{"damage":0.0,"enemies":"Cultist","floor":5.0,"turns":3.0},{"damage":14.0,"enemies":"Lagavulin","floor":6.0,"turns":4.0},{"damage":9.0,"enemies":"3 Sentries","floor":9.0,"turns":4.0},{"damage":5.0,"enemies":"Jaw Worm","floor":11.0,"turns":2.0},{"damage":0.0,"enemies":"Red Slaver","floor":13.0,"turns":3.0},{"damage":6.0,"enemies":"Gremlin Gang","floor":15.0,"turns":3.0},{"damage":15.0,"enemies":"downfall:CharBossDefect","floor":16.0,"turns":4.0},{"damage":2.0,"enemies":"downfall:FleeingMerchant","floor":19.0,"turns":4.0},{"damage":0.0,"enemies":"3 Byrds","floor":21.0,"turns":4.0},{"damage":4.0,"enemies":"Chosen","floor":22.0,"turns":4.0},{"damage":13.0,"enemies":"3 Cultists","floor":23.0,"turns":5.0},{"damage":13.0,"enemies":"Gremlin Leader","floor":26.0,"turns":5.0},{"damage":0.0,"enemies":"downfall:FleeingMerchant","floor":28.0,"turns":4.0},{"damage":26.0,"enemies":"downfall:Augmenter","floor":29.0,"turns":5.0},{"damage":11,"enemies":"downfall:FleeingMerchant","floor":31,"turns":4},{"damage":12,"enemies":"Snake Plant","floor":32,"turns":3},{"damage":37,"enemies":"downfall:CharBossSilent","floor":33,"turns":4}],"seed_played":"2544966812864107302","potions_obtained":[{"floor":2.0,"key":"Fire Potion"},{"floor":3.0,"key":"hermit:Tonic"},{"floor":9.0,"key":"Regen Potion"},{"floor":22.0,"key":"SkillPotion"},{"floor":32,"key":"Slimebound:ThreeZeroPotion"}],"is_trial":false,"path_per_floor":["R","M","E","?","M","E","T","?","E","R","M","?","M","?","M","B",null,"R","$","R","M","M","M","T","R","E","R","$","?","?","$","M","B"],"character_chosen":"HERMIT","items_purchased":["Transmutation","hermit:Combo"],"campfire_rested":1,"item_purchase_floors":[19,31],"current_hp_per_floor":[54,54,36,36,36,22,22,22,13,35,30,30,30,30,24,9,75,75,73,73,73,69,56,56,66,53,53,53,29,58,47,35,0,0],"gold":314,"neow_bonus":"RANDOM_COLORLESS_2","is_prod":false,"is_daily":false,"chose_seed":false,"campfire_upgraded":4,"win_rate":0,"timestamp":1607516388,"path_taken":["R","M","E","?","M","E","T","?","E","R","M","?","?","?","M","BOSS","R","?","R","M","?","M","T","R","E","R","$","?","?","$","M","BOSS"],"build_version":"2020-11-30","purchased_purges":0,"victory":false,"max_hp_per_floor":[75,75,75,75,75,75,75,75,75,75,75,75,75,75,75,75,75,75,75,75,75,75,75,75,85,85,85,85,87,87,87,87,87,87],"card_choices":[{"not_picked":["Violence","Master of Strategy"],"picked":"expansioncontent:DashGenerateEvil","floor":0.0},{"not_picked":["hermit:Midnight","hermit:Desperado"],"picked":"hermit:SprayPray","floor":2.0},{"not_picked":["hermit:TrackingShot","hermit:RoundhouseKick"],"picked":"hermit:Malice","floor":3.0},{"not_picked":["infinitespire:Punishment","infinitespire:Oblivion"],"picked":"infinitespire:SealOfDarkness+","floor":4.0},{"not_picked":["hermit:LowProfile","hermit:Deadeye"],"picked":"hermit:Misfire","floor":5.0},{"not_picked":["hermit:Scavenge","hermit:SprayPray"],"picked":"hermit:Glare","floor":6.0},{"not_picked":["hermit:Manifest","hermit:Quickdraw"],"picked":"hermit:Enervate","floor":9.0},{"not_picked":["hermit:Horror","hermit:Feint"],"picked":"hermit:Enervate","floor":11.0},{"not_picked":["hermit:DeadMansHand","hermit:PistolWhip"],"picked":"hermit:TrackingShot","floor":13.0},{"not_picked":["hermit:SprayPray","hermit:ItchyTrigger"],"picked":"hermit:Snipe","floor":15.0},{"not_picked":["hermit:RoundhouseKick","hermit:FinalCanter"],"picked":"hermit:Magnum","floor":16.0},{"not_picked":["hermit:Feint","hermit:SprayPray"],"picked":"hermit:Deadeye+1","floor":21.0},{"not_picked":["hermit:ItchyTrigger+1","hermit:LowProfile"],"picked":"hermit:CalledShot+1","floor":22.0},{"not_picked":["hermit:Scavenge","hermit:Coalescence+1"],"picked":"hermit:BigShot+1","floor":23.0},{"not_picked":["hermit:Glare","hermit:Ricochet"],"picked":"hermit:Manifest","floor":26.0},{"not_picked":[],"picked":"J.A.X.","floor":29.0},{"not_picked":["hermit:LoneWolf","hermit:Misfire+1","hermit:Glare"],"picked":"Singing Bowl","floor":29.0},{"not_picked":["hermit:TrackingShot","hermit:HoleUp+1"],"picked":"hermit:Determination","floor":32}],"player_experience":488010,"relics_obtained":[{"floor":3.0,"key":"infinitespire:Satchel"},{"floor":6.0,"key":"infinitespire:BottledMercury"},{"floor":7.0,"key":"PreservedInsect"},{"floor":9.0,"key":"TungstenRod"},{"floor":26.0,"key":"Singing Bowl"},{"floor":29.0,"key":"MutagenicStrength"}],"event_choices":[{"cards_removed":["Normality"],"damage_healed":0.0,"max_hp_gain":0.0,"max_hp_loss":0.0,"gold_gain":0.0,"event_name":"Purifier","player_choice":"Purged","floor":14.0,"gold_loss":0.0,"damage_taken":0.0},{"damage_healed":29.0,"max_hp_gain":0.0,"max_hp_loss":0.0,"gold_gain":0.0,"event_name":"The Library","player_choice":"Heal","floor":30.0,"gold_loss":0.0,"damage_taken":0.0}],"is_beta":false,"boss_relics":[{"not_picked":["Fusion Hammer","infinitespire:Cupcake","Velvet Choker"]}],"items_purged_floors":[],"is_endless":false,"potions_floor_spawned":[2,3,9,11,22,32],"killed_by":"downfall:CharBossSilent","ascension_level":1}}