{"host":"qwttrqaysb380yri","time":1607551061,"event":{"gold_per_floor":[115,290,302,302,302,346,365,365,392,392,392],"floor_reached":10,"playtime":353,"items_purged":[],"score":106,"play_id":"c451aeb7-c972-4e68-9c8c-167c7936a3c8","local_time":"20201209225741","is_ascension_mode":true,"campfire_choices":[{"floor":8,"key":"REST"}],"neow_cost":"NONE","seed_source_timestamp":19004363733000,"circlet_count":0,"master_deck":["AscendersBane","Strike_P","Strike_P+1","Strike_P","Strike_P","Defend_P+1","Defend_P","Defend_P+1","Defend_P","Eruption","Vigilance+1","Scrawl","EmptyBody","Doubt","CutThroughFate","Pain","CutThroughFate","ThirdEye"],"relics":["PureWater","WarpedTongs","CeramicFish","War Paint"],"potions_floor_usage":[6,10],"damage_taken":[{"damage":0,"enemies":"Small Slimes","floor":1,"turns":3},{"damage":7,"enemies":"2 Louse","floor":3,"turns":3},{"damage":35,"enemies":"3 Sentries","floor":6,"turns":8},{"damage":0,"enemies":"Cultist","floor":7,"turns":2},{"damage":27,"enemies":"Lagavulin","floor":10,"turns":8}],"seed_played":"3398742042012231141","potions_obtained":[{"floor":3,"key":"GamblersBrew"},{"floor":7,"key":"FearPotion"}],"is_trial":false,"path_per_floor":["M","?","M","?","?","E","M","R","T","E"],"character_chosen":"WATCHER","items_purchased":[],"campfire_rested":1,"item_purchase_floors":[],"current_hp_per_floor":[65,65,58,44,44,9,9,30,30,3,3],"gold":392,"neow_bonus":"ONE_RANDOM_RARE_CARD","is_prod":false,"is_daily":false,"chose_seed":false,"campfire_upgraded":0,"win_rate":0,"timestamp":1607551061,"path_taken":["M","?","M","?","?","E","?","R","T","E"],"build_version":"2020-11-30","purchased_purges":0,"victory":false,"max_hp_per_floor":[72,72,72,72,72,72,72,72,72,72,72],"relic_stats":{"counters":[5,24],"CeramicFish":18,"War Paint":["Vigilance","Defend_P"],"obtain_stats":[{"CeramicFish":6,"PureWater":0,"War Paint":9,"WarpedTongs":5},{"CeramicFish":3,"PureWater":0,"War Paint":4,"WarpedTongs":2},{"CeramicFish":14,"PureWater":0,"War Paint":16,"WarpedTongs":6}],"WarpedTongs":[18]},"card_choices":[{"not_picked":["Prostrate","JustLucky"],"picked":"EmptyBody","floor":1},{"not_picked":["FollowUp","BattleHymn"],"picked":"CutThroughFate","floor":3},{"not_picked":["CrushJoints","Protect"],"picked":"CutThroughFate","floor":6},{"not_picked":["WaveOfTheHand","WheelKick"],"picked":"ThirdEye","floor":7}],"player_experience":1795258,"relics_obtained":[{"floor":6,"key":"CeramicFish"},{"floor":9,"key":"War Paint"}],"event_choices":[{"damage_healed":0,"gold_gain":175,"player_choice":"AGREE","damage_taken":0,"max_hp_gain":0,"max_hp_loss":0,"event_name":"Liars Game","floor":2,"gold_loss":0,"cards_obtained":["Doubt"]},{"damage_healed":0,"gold_gain":0,"player_choice":"Entered Light","damage_taken":14,"max_hp_gain":0,"max_hp_loss":0,"event_name":"Shining Light","floor":4,"gold_loss":0,"cards_upgraded":["Defend_P","Strike_P"]},{"damage_healed":0,"gold_gain":0,"player_choice":"Rummage","damage_taken":0,"relics_obtained":["WarpedTongs"],"max_hp_gain":0,"max_hp_loss":0,"event_name":"Accursed Blacksmith","floor":5,"gold_loss":0,"cards_obtained":["Pain"]}],"is_beta":false,"boss_relics":[],"items_purged_floors":[],"is_endless":false,"potions_floor_spawned":[3,7],"killed_by":"Lagavulin","ascension_level":12}}