{"host":"k5dhp0bkccqfauyu","time":1607524029,"event":{"gold_per_floor":[115,133,133,157,82,115,115,129,129,163,163,206,206,239,239,332,332,353,371,371,371,389,427,427,427,427,427,463,388,388,422,422,520,520,535,596,623,639,659,697,697,710,710,710,749,1049,1089,1104,1104,1104,1104,1104,1104,69,102,102],"floor_reached":57,"playtime":2147,"items_purged":["Defend_G"],"score":3048,"play_id":"9cb5cd65-1872-463d-b25f-c037bbc559dc","local_time":"20201210012709","is_ascension_mode":true,"campfire_choices":[{"data":"Blade Dance","floor":7,"key":"SMITH"},{"data":"Accuracy","floor":11,"key":"SMITH"},{"data":"Neutralize","floor":15,"key":"SMITH"},{"data":"Burst","floor":25,"key":"SMITH"},{"data":"Accuracy","floor":27,"key":"SMITH"},{"data":"Accuracy","floor":30,"key":"SMITH"},{"data":"Wraith Form v2","floor":32,"key":"SMITH"},{"data":"1","floor":41,"key":"LIFT"},{"data":"2","floor":44,"key":"LIFT"},{"floor":49,"key":"RECALL"},{"data":"3","floor":53,"key":"LIFT"}],"neow_cost":"NONE","seed_source_timestamp":17031708274199,"circlet_count":0,"master_deck":["AscendersBane","Defend_G","Defend_G","Survivor","Neutralize+1","Backflip+1","Blade Dance+1","Accuracy+1","Escape Plan","Blade Dance+1","Burst+1","After Image+1","Doppelganger+1","Storm of Steel+1","Accuracy+1","Accuracy+1","Wraith Form v2+1","Leg Sweep","Acrobatics+1","Finisher+1","Dodge and Roll","Deep Breath"],"relics":["Empty Cage","Golden Idol","Letter Opener","Eternal Feather","Sundial","Potion Belt","Strawberry","Astrolabe","White Beast Statue","Singing Bowl","Meat on the Bone","InkBottle","Mercury Hourglass","Philosopher\u0027s Stone","Girya","Gremlin Horn","Kunai","HornCleat","Toy Ornithopter","Mummified Hand","TheAbacus","Akabeko","StoneCalendar"],"potions_floor_usage":[6,10,22,23,31,36,38,38,54,56,56,56,56],"damage_taken":[{"damage":6,"enemies":"Cultist","floor":1,"turns":5},{"damage":0,"enemies":"Small Slimes","floor":2,"turns":7},{"damage":0,"enemies":"Jaw Worm","floor":4,"turns":4},{"damage":20,"enemies":"3 Sentries","floor":6,"turns":6},{"damage":0,"enemies":"Looter","floor":8,"turns":2},{"damage":7,"enemies":"Lagavulin","floor":10,"turns":7},{"damage":0,"enemies":"3 Sentries","floor":12,"turns":6},{"damage":0,"enemies":"Lagavulin","floor":14,"turns":3},{"damage":22,"enemies":"Slime Boss","floor":16,"turns":4},{"damage":0,"enemies":"3 Byrds","floor":18,"turns":3},{"damage":0,"enemies":"Spheric Guardian","floor":19,"turns":2},{"damage":0,"enemies":"Cultist and Chosen","floor":22,"turns":4},{"damage":27,"enemies":"Slavers","floor":23,"turns":3},{"damage":21,"enemies":"Gremlin Leader","floor":28,"turns":3},{"damage":22,"enemies":"Slavers","floor":31,"turns":3},{"damage":4,"enemies":"Automaton","floor":33,"turns":4},{"damage":0,"enemies":"Orb Walker","floor":35,"turns":2},{"damage":17,"enemies":"2 Orb Walkers","floor":36,"turns":5},{"damage":13,"enemies":"3 Darklings","floor":38,"turns":4},{"damage":2,"enemies":"4 Shapes","floor":39,"turns":3},{"damage":3,"enemies":"Giant Head","floor":40,"turns":4},{"damage":0,"enemies":"Maw","floor":42,"turns":5},{"damage":9,"enemies":"Reptomancer","floor":45,"turns":2},{"damage":0,"enemies":"Giant Head","floor":47,"turns":2},{"damage":2,"enemies":"Jaw Worm Horde","floor":48,"turns":2},{"damage":16,"enemies":"Donu and Deca","floor":50,"turns":5},{"damage":20,"enemies":"Awakened One","floor":51,"turns":4},{"damage":2,"enemies":"Shield and Spear","floor":55,"turns":5},{"damage":38,"enemies":"The Heart","floor":56,"turns":8}],"seed_played":"-1286302824009696298","potions_obtained":[{"floor":1,"key":"AttackPotion"},{"floor":8,"key":"AttackPotion"},{"floor":12,"key":"LiquidMemories"},{"floor":16,"key":"FearPotion"},{"floor":28,"key":"ColorlessPotion"},{"floor":31,"key":"SkillPotion"},{"floor":33,"key":"Fire Potion"},{"floor":35,"key":"Weak Potion"},{"floor":36,"key":"Poison Potion"},{"floor":38,"key":"EssenceOfSteel"},{"floor":39,"key":"Swift Potion"},{"floor":40,"key":"FearPotion"},{"floor":45,"key":"CultistPotion"},{"floor":47,"key":"DuplicationPotion"}],"is_trial":false,"path_per_floor":["M","M","?","M","?","E","R","M","T","E","R","E","?","E","R","B",null,"M","M","?","?","M","E","?","R","T","R","E","?","R","E","R","B",null,"M","?","T","M","M","E","R","M","T","R","E","?","E","M","R","B","B",null,"R","$","E","B",null],"character_chosen":"THE_SILENT","items_purchased":["Mummified Hand","TheAbacus","Fruit Juice","Dodge and Roll","SpeedPotion","Weak Potion","Akabeko","Deep Breath"],"campfire_rested":0,"item_purchase_floors":[54,54,54,54,54,54,54,54],"current_hp_per_floor":[53,53,53,53,53,33,33,33,33,26,32,32,14,21,30,8,52,52,52,52,42,42,15,15,24,24,33,26,26,35,25,34,44,64,64,49,49,50,50,47,59,61,61,73,64,64,66,66,78,62,42,73,83,88,88,60],"gold":102,"neow_bonus":"BOSS_RELIC","is_prod":false,"is_daily":false,"chose_seed":false,"campfire_upgraded":7,"win_rate":0,"timestamp":1607524029,"path_taken":["M","M","?","M","?","E","R","M","T","E","R","E","?","E","R","BOSS","M","M","?","?","?","E","?","R","T","R","E","?","R","E","R","BOSS","M","?","?","M","M","E","R","M","T","R","E","?","E","M","R","BOSS","BOSS","R","$","E","BOSS"],"build_version":"2020-11-30","purchased_purges":1,"victory":true,"max_hp_per_floor":[66,66,60,60,60,60,60,60,60,60,60,60,60,67,67,67,67,67,67,67,67,67,67,67,67,67,67,69,69,69,69,69,71,71,71,73,73,75,77,77,77,79,79,79,79,79,81,83,83,83,83,83,83,88,90,90],"card_choices":[{"not_picked":["Infinite Blades","Underhanded Strike"],"picked":"Backflip","floor":1},{"not_picked":["Cloak And Dagger","Underhanded Strike"],"picked":"Blade Dance","floor":2},{"not_picked":["All Out Attack","Dodge and Roll"],"picked":"Accuracy","floor":4},{"not_picked":["Dagger Spray","Predator"],"picked":"Escape Plan","floor":6},{"not_picked":["Riddle With Holes","Skewer","Heel Hook"],"picked":"SKIP","floor":8},{"not_picked":["Flying Knee","Doppelganger","Deadly Poison"],"picked":"SKIP","floor":10},{"not_picked":["Dagger Throw","Terror"],"picked":"Blade Dance","floor":12},{"not_picked":["Bane","Catalyst","Eviscerate"],"picked":"SKIP","floor":14},{"not_picked":["Malaise","Adrenaline"],"picked":"Burst","floor":16},{"not_picked":["Poisoned Stab","Caltrops+1"],"picked":"Accuracy","floor":18},{"not_picked":["Sucker Punch","Flying Knee","Flechettes"],"picked":"SKIP","floor":19},{"not_picked":["Masterful Stab","Cloak And Dagger","Bane+1"],"picked":"SKIP","floor":22},{"not_picked":["Reflex","Dagger Spray"],"picked":"Accuracy","floor":23},{"not_picked":["Heel Hook+1","Outmaneuver","Crippling Poison"],"picked":"Singing Bowl","floor":28},{"not_picked":["Tactician","Bane"],"picked":"Wraith Form v2","floor":31},{"not_picked":["Unload","Doppelganger","Die Die Die"],"picked":"Singing Bowl","floor":33},{"not_picked":["Quick Slash","Dagger Spray+1"],"picked":"Leg Sweep","floor":35},{"not_picked":["Noxious Fumes","All Out Attack","Dagger Spray"],"picked":"Singing Bowl","floor":36},{"not_picked":["Poisoned Stab+1","Endless Agony","All Out Attack"],"picked":"Singing Bowl","floor":38},{"not_picked":["Dagger Throw","Slice+1","Quick Slash"],"picked":"Singing Bowl","floor":39},{"not_picked":["Footwork","Tactician"],"picked":"Acrobatics+1","floor":40},{"not_picked":["Bane","Deflect","Skewer+1"],"picked":"Singing Bowl","floor":42},{"not_picked":["Grand Finale","Deflect"],"picked":"Finisher+1","floor":45},{"not_picked":["Bane","Underhanded Strike","Finisher"],"picked":"Singing Bowl","floor":47},{"not_picked":["Deflect","Bane+1","Cloak And Dagger"],"picked":"Singing Bowl","floor":48},{"not_picked":["Deadly Poison+1","Choke","Outmaneuver"],"picked":"Singing Bowl","floor":55}],"player_experience":1742227,"relics_obtained":[{"floor":6,"key":"Letter Opener"},{"floor":9,"key":"Eternal Feather"},{"floor":10,"key":"Sundial"},{"floor":12,"key":"Potion Belt"},{"floor":14,"key":"Strawberry"},{"floor":23,"key":"White Beast Statue"},{"floor":26,"key":"Meat on the Bone"},{"floor":28,"key":"InkBottle"},{"floor":31,"key":"Mercury Hourglass"},{"floor":36,"key":"Girya"},{"floor":40,"key":"Gremlin Horn"},{"floor":43,"key":"Kunai"},{"floor":45,"key":"HornCleat"},{"floor":47,"key":"Toy Ornithopter"},{"floor":55,"key":"StoneCalendar"}],"event_choices":[{"damage_healed":0,"gold_gain":0,"player_choice":"Lose Max HP","damage_taken":0,"relics_obtained":["Golden Idol"],"max_hp_gain":0,"max_hp_loss":6,"event_name":"Golden Idol","floor":3,"gold_loss":0},{"cards_removed":["Strike_G"],"damage_healed":0,"gold_gain":0,"player_choice":"Card Removal","damage_taken":0,"max_hp_gain":0,"max_hp_loss":0,"event_name":"The Cleric","floor":5,"gold_loss":75},{"damage_healed":0,"gold_gain":0,"player_choice":"Entered Light","damage_taken":18,"max_hp_gain":0,"max_hp_loss":0,"event_name":"Shining Light","floor":13,"gold_loss":0,"cards_upgraded":["Blade Dance","Backflip"]},{"cards_removed":["Defend_G"],"damage_healed":0,"gold_gain":0,"player_choice":"Elegance","damage_taken":0,"max_hp_gain":0,"max_hp_loss":0,"event_name":"Back to Basics","floor":20,"gold_loss":0},{"damage_healed":0,"gold_gain":0,"player_choice":"Damaged","damage_taken":10,"max_hp_gain":0,"max_hp_loss":0,"event_name":"Wheel of Change","floor":21,"gold_loss":0},{"damage_healed":0,"gold_gain":0,"player_choice":"Opened","damage_taken":0,"relics_obtained":["Singing Bowl"],"max_hp_gain":0,"max_hp_loss":0,"event_name":"The Mausoleum","floor":24,"gold_loss":0,"cards_obtained":["Writhe"]},{"cards_removed":["Writhe"],"damage_healed":0,"gold_gain":0,"player_choice":"Gave Gold","damage_taken":0,"max_hp_gain":0,"max_hp_loss":0,"event_name":"Beggar","floor":29,"gold_loss":75},{"damage_healed":0,"gold_gain":0,"player_choice":"Fight","damage_taken":0,"max_hp_gain":0,"max_hp_loss":0,"event_name":"Mysterious Sphere","floor":36,"gold_loss":0},{"damage_healed":0,"gold_gain":300,"player_choice":"Gold","damage_taken":0,"max_hp_gain":0,"max_hp_loss":0,"event_name":"Wheel of Change","floor":46,"gold_loss":0}],"is_beta":false,"boss_relics":[{"not_picked":["SacredBark","Velvet Choker"],"picked":"Astrolabe"},{"not_picked":["Snecko Eye","HoveringKite"],"picked":"Philosopher\u0027s Stone"}],"items_purged_floors":[54],"is_endless":false,"potions_floor_spawned":[1,8,12,16,28,31,33,35,36,38,39,40,42,45,47,48,55],"ascension_level":20}}