{"host":"7dtjrvqh4jncvsue","time":1607556666,"event":{"gold_per_floor":[117,117,136,59,79,111,111,76,129,129,156,166,166,178,178,283,283,299,299,310,321,72,72,86,86,166,178,211,211,229,264,264,363,363,376,426,426,442,458,458,458,458],"floor_reached":41,"playtime":17559,"items_purged":[],"score":491,"play_id":"9c6cc461-7a28-4df2-81f6-7f230d2ae72b","local_time":"20201209183106","is_ascension_mode":true,"campfire_choices":[{"floor":10.0,"key":"REST"},{"data":"After Image","floor":13.0,"key":"SMITH"},{"data":"Noxious Fumes","floor":15.0,"key":"SMITH"},{"data":"Footwork","floor":23,"key":"SMITH"},{"data":"Night Terror","floor":25,"key":"SMITH"},{"data":"Well Laid Plans","floor":29,"key":"SMITH"},{"floor":32,"key":"REST"},{"floor":40,"key":"REST"}],"neow_cost":"NONE","seed_source_timestamp":280783050498067,"circlet_count":0,"master_deck":["Strike_G","Strike_G","Strike_G+1","Defend_G","Defend_G+1","Defend_G+1","Defend_G","Survivor","Neutralize","Backflip","Terror","Footwork+1","Deadly Poison","Sucker Punch+1","Noxious Fumes+1","After Image+1","Well Laid Plans+1","Night Terror+1","Quick Slash","Deadly Poison","Deadly Poison+1","Infinite Blades+1","Noxious Fumes+1","Catalyst+1"],"special_seed":0,"relics":["Black Star","Happy Flower","Ninja Scroll","Bag of Preparation","MealTicket","Tingsha","SlaversCollar","Mercury Hourglass","Frozen Egg 2","Whetstone","Dream Catcher","Centennial Puzzle","Darkstone Periapt","Empty Cage","Calipers"],"potions_floor_usage":[27,28,28,31,33,38],"damage_taken":[{"damage":8.0,"enemies":"Small Slimes","floor":1.0,"turns":4.0},{"damage":0.0,"enemies":"Cultist","floor":3.0,"turns":5.0},{"damage":0.0,"enemies":"Jaw Worm","floor":5.0,"turns":4.0},{"damage":28.0,"enemies":"Lagavulin","floor":6.0,"turns":9.0},{"damage":26.0,"enemies":"Gremlin Nob","floor":11.0,"turns":6.0},{"damage":2.0,"enemies":"2 Fungi Beasts","floor":12.0,"turns":3.0},{"damage":0.0,"enemies":"Large Slime","floor":14.0,"turns":5.0},{"damage":18.0,"enemies":"Slime Boss","floor":16.0,"turns":10.0},{"damage":7.0,"enemies":"Spheric Guardian","floor":18.0,"turns":4.0},{"damage":12.0,"enemies":"Shell Parasite","floor":20.0,"turns":7.0},{"damage":5,"enemies":"Snecko","floor":21,"turns":6},{"damage":4,"enemies":"Snake Plant","floor":24,"turns":5},{"damage":0,"enemies":"Chosen and Byrds","floor":27,"turns":5},{"damage":1,"enemies":"Gremlin Leader","floor":28,"turns":7},{"damage":8,"enemies":"Centurion and Healer","floor":30,"turns":8},{"damage":10,"enemies":"Slavers","floor":31,"turns":6},{"damage":26,"enemies":"Champ","floor":33,"turns":10},{"damage":0,"enemies":"3 Shapes","floor":35,"turns":4},{"damage":11,"enemies":"Mind Bloom Boss Battle","floor":36,"turns":6},{"damage":28,"enemies":"3 Darklings","floor":38,"turns":5},{"damage":16,"enemies":"4 Shapes","floor":39,"turns":4},{"damage":38,"enemies":"Giant Head","floor":41,"turns":6}],"seed_played":"-3504533374947595729","potions_obtained":[{"floor":1.0,"key":"CunningPotion"},{"floor":3.0,"key":"Weak Potion"},{"floor":11.0,"key":"Fire Potion"},{"floor":14.0,"key":"Swift Potion"},{"floor":16.0,"key":"SkillPotion"},{"floor":24,"key":"Energy Potion"},{"floor":27,"key":"DistilledChaos"},{"floor":31,"key":"SkillPotion"},{"floor":33,"key":"Explosive Potion"}],"is_trial":false,"path_per_floor":["M","?","M","$","M","E","?","?","T","R","E","M","R","M","R","B",null,"M","?","M","M","$","R","M","R","T","M","E","R","M","E","R","B",null,"M","?","?","M","M","R","E"],"character_chosen":"THE_SILENT","items_purchased":["Footwork","Mercury Hourglass"],"campfire_rested":3,"item_purchase_floors":[4,22],"current_hp_per_floor":[62,62,62,62,62,34,20,37,37,58,32,30,30,30,30,12,70,63,63,51,46,61,61,57,57,57,57,56,56,48,38,59,33,70,70,59,59,31,15,36,0,0],"gold":458,"neow_bonus":"BOSS_RELIC","is_prod":false,"is_daily":false,"chose_seed":false,"campfire_upgraded":5,"win_rate":0,"timestamp":1607556666,"path_taken":["M","?","?","$","M","E","?","?","T","R","E","M","R","M","R","BOSS","M","?","M","M","$","R","M","R","T","M","E","R","M","E","R","BOSS","M","?","?","M","?","R","E"],"build_version":"2020-11-30","purchased_purges":0,"victory":false,"max_hp_per_floor":[70,70,70,70,70,70,70,70,70,70,70,70,70,70,70,70,70,70,70,70,70,70,70,70,70,70,70,70,70,70,70,70,70,70,70,70,70,70,70,70,70,70],"card_choices":[{"not_picked":["Choke","Blade Dance"],"picked":"Backflip","floor":1.0},{"not_picked":["Poisoned Stab","Dagger Throw"],"picked":"Terror","floor":3.0},{"not_picked":["Terror","PiercingWail"],"picked":"Deadly Poison","floor":5.0},{"not_picked":["Dagger Throw","Deflect"],"picked":"Sucker Punch","floor":6.0},{"not_picked":["Skewer","Catalyst"],"picked":"Noxious Fumes","floor":11.0},{"not_picked":["All Out Attack","Sucker Punch"],"picked":"After Image","floor":12.0},{"not_picked":["Choke","Slice"],"picked":"Well Laid Plans","floor":14.0},{"not_picked":["Burst","Unload"],"picked":"Night Terror","floor":16.0},{"not_picked":["Reflex","Flechettes","Acrobatics"],"picked":"SKIP","floor":18.0},{"not_picked":["Acrobatics","Flying Knee+1"],"picked":"Quick Slash","floor":20},{"not_picked":["Masterful Stab","Calculated Gamble"],"picked":"Deadly Poison","floor":21},{"not_picked":["Flechettes","PiercingWail"],"picked":"Deadly Poison+1","floor":24},{"not_picked":["Backflip","PiercingWail+1"],"picked":"Infinite Blades+1","floor":27},{"not_picked":["Prepared+1","Endless Agony+1","Cloak And Dagger"],"picked":"SKIP","floor":28},{"not_picked":["Sucker Punch","All Out Attack"],"picked":"Noxious Fumes+1","floor":30},{"not_picked":["Infinite Blades+1","Deadly Poison","Bane"],"picked":"SKIP","floor":31},{"not_picked":["Quick Slash","Dagger Spray+1","Flying Knee"],"picked":"SKIP","floor":35},{"not_picked":["Crippling Poison+1","Calculated Gamble"],"picked":"Catalyst+1","floor":38},{"not_picked":["PiercingWail+1","Deadly Poison","Reflex"],"picked":"SKIP","floor":39}],"player_experience":211519,"relics_obtained":[{"floor":6.0,"key":"Ninja Scroll"},{"floor":6.0,"key":"Bag of Preparation"},{"floor":11.0,"key":"MealTicket"},{"floor":11.0,"key":"Tingsha"},{"floor":26,"key":"Frozen Egg 2"},{"floor":28,"key":"Whetstone"},{"floor":28,"key":"Dream Catcher"},{"floor":31,"key":"Centennial Puzzle"},{"floor":31,"key":"Darkstone Periapt"},{"floor":36,"key":"Calipers"}],"event_choices":[{"damage_healed":0.0,"max_hp_gain":0.0,"max_hp_loss":0.0,"gold_gain":0.0,"event_name":"WeMeetAgain","player_choice":"Gave Potion","floor":2.0,"gold_loss":0.0,"damage_taken":0.0,"relics_obtained":["Happy Flower"]},{"damage_healed":0.0,"max_hp_gain":0.0,"max_hp_loss":0.0,"gold_gain":0.0,"event_name":"Shining Light","player_choice":"Entered Light","floor":7.0,"gold_loss":0.0,"damage_taken":14.0,"cards_upgraded":["Defend_G","Defend_G"]},{"damage_healed":17.0,"max_hp_gain":0.0,"max_hp_loss":0.0,"gold_gain":0.0,"event_name":"The Cleric","player_choice":"Healed","floor":8.0,"gold_loss":35.0,"damage_taken":0.0},{"damage_healed":0.0,"max_hp_gain":0.0,"max_hp_loss":0.0,"gold_gain":0.0,"event_name":"The Mausoleum","player_choice":"Ignored","floor":19.0,"gold_loss":0.0,"damage_taken":0.0},{"damage_healed":0,"gold_gain":0,"player_choice":"Fight","damage_taken":0,"max_hp_gain":0,"max_hp_loss":0,"event_name":"MindBloom","floor":36,"gold_loss":0},{"cards_removed":["Strike_G"],"damage_healed":0,"gold_gain":0,"player_choice":"Offered Basic","damage_taken":0,"max_hp_gain":0,"max_hp_loss":0,"event_name":"Bonfire Elementals","floor":37,"gold_loss":0}],"is_beta":false,"boss_relics":[{"not_picked":["Fusion Hammer","SacredBark"],"picked":"SlaversCollar"},{"not_picked":["Snecko Eye","Tiny House"],"picked":"Empty Cage"}],"items_purged_floors":[],"is_endless":false,"potions_floor_spawned":[1,3,11,14,16,24,27,31,33],"killed_by":"Giant Head","ascension_level":1}}