{"host":"3a1ypf1irl30q4k8","time":1607550023,"event":{"gold_per_floor":[14,25,25,25,49,49,85,85,85,109,125,125,12,35,35,159,159,178,197,47,68,91,91,91,91],"floor_reached":24,"playtime":1207,"items_purged":["Strike_P"],"score":288,"play_id":"fa4aa9e1-907c-4da5-b7b6-1e5ee8598f2f","local_time":"20201209214023","is_ascension_mode":true,"campfire_choices":[{"data":"CrushJoints","floor":6,"key":"SMITH"},{"data":"Vault","floor":8,"key":"SMITH"},{"floor":12,"key":"REST"},{"data":"Strike_P","floor":15,"key":"PURGE"},{"floor":23,"key":"REST"}],"neow_cost":"NO_GOLD","seed_source_timestamp":2384693939521300,"circlet_count":0,"master_deck":["Eruption","Vigilance+1","ThirdEye+1","FollowUp","CrushJoints+1","Vault+1","EmptyFist","SashWhip","FearNoEvil","LessonLearned","ReachHeaven","Meditate","Study","DeceiveReality","BattleHymn","MentalFortress","Halt+1","Wallop","Tantrum+1","Halt","ThirdEye","EmptyFist+1","Protect"],"relics":["PureWater","GoldenEye","Golden Idol","Question Card","Peace Pipe","Pandora\u0027s Box","Orrery"],"potions_floor_usage":[7,7],"damage_taken":[{"damage":16,"enemies":"Jaw Worm","floor":1,"turns":2},{"damage":0,"enemies":"2 Louse","floor":2,"turns":2},{"damage":0,"enemies":"Cultist","floor":5,"turns":2},{"damage":16,"enemies":"3 Sentries","floor":7,"turns":8},{"damage":16,"enemies":"Exordium Thugs","floor":10,"turns":4},{"damage":0,"enemies":"Gremlin Gang","floor":11,"turns":4},{"damage":3,"enemies":"Large Slime","floor":14,"turns":3},{"damage":0,"enemies":"Slime Boss","floor":16,"turns":6},{"damage":44,"enemies":"2 Thieves","floor":18,"turns":3},{"damage":18,"enemies":"Spheric Guardian","floor":19,"turns":4},{"damage":4,"enemies":"Snake Plant","floor":21,"turns":4},{"damage":0,"enemies":"Chosen and Byrds","floor":22,"turns":4},{"damage":22,"enemies":"Slavers","floor":24,"turns":1}],"seed_played":"6132982015734970270","potions_obtained":[{"floor":1,"key":"Strength Potion"},{"floor":5,"key":"Regen Potion"}],"is_trial":false,"path_per_floor":["M","M","?","?","M","R","E","R","T","M","M","R","$","M","R","B",null,"M","M","$","M","M","R","E"],"character_chosen":"WATCHER","items_purchased":["FearNoEvil","Orrery"],"campfire_rested":2,"item_purchase_floors":[13,20],"current_hp_per_floor":[56,56,56,43,43,43,42,42,42,26,26,46,46,43,43,43,67,23,5,5,1,1,21,0,0],"gold":91,"neow_bonus":"ONE_RARE_RELIC","is_prod":false,"is_daily":false,"chose_seed":false,"campfire_upgraded":2,"win_rate":0,"timestamp":1607550023,"path_taken":["M","M","?","?","M","R","E","R","T","M","M","R","?","M","R","BOSS","M","M","$","M","M","R","E"],"build_version":"2020-11-30","purchased_purges":1,"victory":false,"max_hp_per_floor":[72,72,67,67,67,67,67,67,67,67,67,67,67,67,67,67,67,67,67,67,67,67,67,67,67],"relic_stats":{"Peace Pipe":1,"counters":[13,47],"Golden Idol":67,"Pandora\u0027s Box":["ReachHeaven","Meditate","Study","DeceiveReality","BattleHymn","MentalFortress"],"GoldenEye":[15],"Question Card":13,"obtain_stats":[{"Peace Pipe":9,"Golden Idol":3,"Orrery":20,"Pandora\u0027s Box":17,"PureWater":0,"GoldenEye":0,"Question Card":7},{"Peace Pipe":4,"Golden Idol":2,"Orrery":10,"Pandora\u0027s Box":8,"PureWater":0,"GoldenEye":0,"Question Card":4},{"Peace Pipe":14,"Golden Idol":4,"Orrery":38,"Pandora\u0027s Box":31,"PureWater":0,"GoldenEye":0,"Question Card":14}]},"card_choices":[{"not_picked":["ForeignInfluence","Protect"],"picked":"ThirdEye","floor":1},{"not_picked":["Evaluate","BowlingBash"],"picked":"FollowUp","floor":2},{"not_picked":["EmptyBody","Crescendo"],"picked":"CrushJoints","floor":5},{"not_picked":["PathToVictory","Evaluate"],"picked":"Vault","floor":7},{"not_picked":["FlyingSleeves","JustLucky","Conclude"],"picked":"EmptyFist","floor":10},{"not_picked":["FollowUp","Evaluate","Conclude"],"picked":"SashWhip","floor":11},{"not_picked":["EmptyBody","Prostrate","Indignation","FlurryOfBlows"],"picked":"SKIP","floor":14},{"not_picked":["DeusExMachina","Wish","DevaForm"],"picked":"LessonLearned","floor":16},{"not_picked":["CutThroughFate","Consecrate+1","ThirdEye"],"picked":"Halt+1","floor":18},{"not_picked":["Crescendo","CutThroughFate+1","JustLucky"],"picked":"Wallop","floor":19},{"not_picked":["EmptyBody","Protect","Worship"],"picked":"Tantrum+1","floor":20},{"not_picked":["JustLucky","Alpha","Meditate"],"picked":"Halt","floor":20},{"not_picked":["Devotion","PathToVictory","Crescendo"],"picked":"ThirdEye","floor":20},{"not_picked":["WreathOfFlame","PathToVictory","Crescendo+1"],"picked":"EmptyFist+1","floor":20},{"not_picked":["Sanctity+1","ThirdEye","Swivel","Crescendo"],"picked":"SKIP","floor":21},{"not_picked":["EmptyFist+1","FlyingSleeves+1","Collect"],"picked":"Protect","floor":22}],"player_experience":801176,"relics_obtained":[{"floor":7,"key":"Question Card"},{"floor":9,"key":"Peace Pipe"}],"event_choices":[{"damage_healed":0,"gold_gain":0,"player_choice":"Lose Max HP","damage_taken":0,"relics_obtained":["Golden Idol"],"max_hp_gain":0,"max_hp_loss":5,"event_name":"Golden Idol","floor":3,"gold_loss":0},{"damage_healed":0,"gold_gain":0,"player_choice":"Entered Light","damage_taken":13,"max_hp_gain":0,"max_hp_loss":0,"event_name":"Shining Light","floor":4,"gold_loss":0,"cards_upgraded":["ThirdEye","Vigilance"]}],"is_beta":false,"boss_relics":[{"not_picked":["Black Star","Sozu"],"picked":"Pandora\u0027s Box"}],"items_purged_floors":[13],"is_endless":false,"potions_floor_spawned":[1,5],"killed_by":"Slavers","ascension_level":3}}