{"host":"ci7ivtocgfxh0ueo","time":1607515544,"event":{"gold_per_floor":[115,115,21,21,41,79,79,229,302,318,46,46,5,32,32,122,122,136,136,136,149,149,169,85,85,85,11,29,79,118,118,118],"floor_reached":31,"playtime":629,"items_purged":[],"score":448,"play_id":"7dbe28d3-e401-4e66-adf7-08b224dbc1c8","local_time":"20201209200544","is_ascension_mode":true,"campfire_choices":[{"floor":7,"key":"REST"},{"data":"Sunder","floor":12,"key":"SMITH"},{"data":"FTL","floor":15,"key":"SMITH"}],"neow_cost":"NONE","seed_source_timestamp":90981718616100,"circlet_count":0,"master_deck":["AscendersBane","Strike_B","Strike_B","Strike_B","Strike_B","Defend_B","Defend_B","Defend_B+1","Defend_B","Zap+1","Dualcast","Redo","Sunder+1","Sweeping Beam","Ball Lightning","FTL+1","Core Surge","CurseOfTheBell","Conserve Battery","Cold Snap","Chaos","BootSequence","Defragment","Hyperbeam","Heatsinks"],"relics":["Cracked Core","Bag of Marbles","Golden Idol","MealTicket","Darkstone Periapt","Toy Ornithopter","War Paint","Calling Bell","Nunchaku","Sundial","TungstenRod","Nilry\u0027s Codex","Bottled Flame","Bird Faced Urn"],"potions_floor_usage":[6,6,16,16,16,30,31],"damage_taken":[{"damage":12,"enemies":"Jaw Worm","floor":1,"turns":3},{"damage":1,"enemies":"2 Louse","floor":5,"turns":2},{"damage":40,"enemies":"Lagavulin","floor":6,"turns":4},{"damage":0,"enemies":"Cultist","floor":10,"turns":2},{"damage":20,"enemies":"Slime Boss","floor":16,"turns":7},{"damage":30,"enemies":"2 Thieves","floor":18,"turns":3},{"damage":14,"enemies":"3 Byrds","floor":21,"turns":4},{"damage":4,"enemies":"Centurion and Healer","floor":23,"turns":6},{"damage":21,"enemies":"Snake Plant","floor":28,"turns":5},{"damage":41,"enemies":"Gremlin Leader","floor":30,"turns":6},{"damage":58,"enemies":"3 Cultists","floor":31,"turns":4}],"seed_played":"-4358590896652749405","potions_obtained":[{"floor":5,"key":"AttackPotion"},{"floor":6,"key":"LiquidMemories"},{"floor":10,"key":"DuplicationPotion"},{"floor":16,"key":"PowerPotion"},{"floor":30,"key":"Energy Potion"}],"is_trial":false,"path_per_floor":["M","?","$","?","M","E","R","?","T","M","$","R","$","T","R","B",null,"M","?","$","M","?","M","$","?","T","$","M","?","E","M"],"character_chosen":"DEFECT","items_purchased":["Sunder","Energy Potion","Toy Ornithopter","EntropicBrew","FTL","BootSequence","Defragment"],"campfire_rested":1,"item_purchase_floors":[3,3,11,11,13,24,27],"current_hp_per_floor":[52,52,52,52,51,11,32,32,32,32,47,47,62,62,62,57,74,44,44,59,45,60,56,71,54,54,69,48,48,12,0,0],"gold":118,"neow_bonus":"RANDOM_COMMON_RELIC","is_prod":false,"is_daily":false,"chose_seed":false,"campfire_upgraded":2,"win_rate":0,"timestamp":1607515544,"path_taken":["M","?","$","?","?","E","R","?","T","M","?","R","$","?","R","BOSS","M","?","$","M","?","M","?","?","T","$","?","?","E","M"],"build_version":"2020-11-30","purchased_purges":0,"victory":false,"max_hp_per_floor":[71,71,71,71,71,71,71,71,71,71,71,71,71,71,71,71,77,77,77,77,77,77,77,77,77,77,77,77,77,77,77,77],"card_choices":[{"not_picked":["Gash","FTL"],"picked":"Redo","floor":1},{"not_picked":["Streamline","Barrage"],"picked":"Sweeping Beam","floor":5},{"not_picked":["Blizzard","Thunder Strike","Fusion"],"picked":"SKIP","floor":6},{"not_picked":["Beam Cell","Hologram"],"picked":"Ball Lightning","floor":10},{"not_picked":["Amplify","Echo Form"],"picked":"Core Surge","floor":16},{"not_picked":["Rebound","Barrage"],"picked":"Conserve Battery","floor":18},{"not_picked":["Sweeping Beam","Compile Driver"],"picked":"Cold Snap","floor":21},{"not_picked":["Barrage","Force Field"],"picked":"Chaos","floor":23},{"not_picked":["Stack","Redo"],"picked":"Hyperbeam","floor":28},{"not_picked":["Ball Lightning","Rebound"],"picked":"Heatsinks","floor":30}],"player_experience":1240051,"relics_obtained":[{"floor":6,"key":"MealTicket"},{"floor":9,"key":"Darkstone Periapt"},{"floor":14,"key":"War Paint"},{"floor":17,"key":"Nunchaku"},{"floor":17,"key":"Sundial"},{"floor":17,"key":"TungstenRod"},{"floor":25,"key":"Nilry\u0027s Codex"},{"floor":26,"key":"Bottled Flame"},{"floor":30,"key":"Bird Faced Urn"}],"event_choices":[{"damage_healed":0,"gold_gain":0,"player_choice":"Take Wound","damage_taken":0,"relics_obtained":["Golden Idol"],"max_hp_gain":0,"max_hp_loss":0,"event_name":"Golden Idol","floor":2,"gold_loss":0,"cards_obtained":["Injury"]},{"cards_removed":["Injury"],"damage_healed":0,"gold_gain":0,"player_choice":"Removed Curses","damage_taken":0,"max_hp_gain":0,"max_hp_loss":0,"event_name":"Fountain of Cleansing","floor":4,"gold_loss":0},{"damage_healed":0,"gold_gain":150,"player_choice":"AGREE","damage_taken":0,"max_hp_gain":0,"max_hp_loss":0,"event_name":"Liars Game","floor":8,"gold_loss":0,"cards_obtained":["Doubt"]},{"cards_removed":["Doubt"],"damage_healed":0,"gold_gain":0,"player_choice":"Elegance","damage_taken":0,"max_hp_gain":0,"max_hp_loss":0,"event_name":"Back to Basics","floor":19,"gold_loss":0},{"damage_healed":15,"gold_gain":0,"player_choice":"Heal","damage_taken":0,"max_hp_gain":0,"max_hp_loss":0,"event_name":"The Library","floor":22,"gold_loss":0},{"damage_healed":0,"gold_gain":0,"player_choice":"Obtained Book","damage_taken":21,"max_hp_gain":0,"max_hp_loss":0,"event_name":"Cursed Tome","floor":25,"gold_loss":0},{"damage_healed":0,"gold_gain":50,"player_choice":"Stole From Cult","damage_taken":0,"max_hp_gain":0,"max_hp_loss":0,"event_name":"Nest","floor":29,"gold_loss":0}],"is_beta":false,"boss_relics":[{"not_picked":["SlaversCollar","Velvet Choker"],"picked":"Calling Bell"}],"items_purged_floors":[],"is_endless":false,"potions_floor_spawned":[5,6,10,16,21,23,30],"killed_by":"3 Cultists","ascension_level":16}}