{"host":"dz1qwalix8eproj8","time":1607545817,"event":{"gold_per_floor":[116,131,147,162,180,180,209,224,224,239,414,444,77,102,102,197,197,215,231,250,250,250,250,250],"floor_reached":23,"playtime":1646,"items_purged":["Doubt"],"score":280,"play_id":"e4ac3181-d759-47cf-8f3d-10af92bc9da7","local_time":"20201209213017","is_ascension_mode":true,"campfire_choices":[{"floor":6.0,"key":"REST"},{"floor":15,"key":"REST"}],"neow_cost":"NONE","seed_source_timestamp":24023006766300,"circlet_count":0,"master_deck":["Strike_G+1","Strike_G+1","Strike_G+1","Strike_G+1","Strike_G+1","Defend_G+1","Defend_G+1","Defend_G+1","Defend_G+1","Defend_G+1","Survivor","Neutralize","Tools of the Trade","Poisoned Stab","Endless Agony","Blade Dance","Prepared","Quick Slash","Dash","Backflip","Tactician","Crippling Poison","Blade Dance","PiercingWail","Die Die Die","CurseOfTheBell","Quick Slash","Dagger Throw","Poisoned Stab"],"special_seed":0,"relics":["Ring of the Snake","Eternal Feather","Mummified Hand","Strawberry","Ornamental Fan","Turnip","Calling Bell","Akabeko","The Courier","StoneCalendar"],"potions_floor_usage":[12,16,20],"damage_taken":[{"damage":0.0,"enemies":"2 Louse","floor":1.0,"turns":6.0},{"damage":0.0,"enemies":"Jaw Worm","floor":2.0,"turns":6.0},{"damage":3.0,"enemies":"Small Slimes","floor":3.0,"turns":4.0},{"damage":1.0,"enemies":"Red Slaver","floor":4.0,"turns":3.0},{"damage":17.0,"enemies":"3 Louse","floor":5.0,"turns":3.0},{"damage":14.0,"enemies":"3 Sentries","floor":7.0,"turns":7.0},{"damage":13.0,"enemies":"Gremlin Gang","floor":8.0,"turns":4.0},{"damage":4.0,"enemies":"Looter","floor":10.0,"turns":3.0},{"damage":24,"enemies":"Gremlin Nob","floor":12,"turns":4},{"damage":13,"enemies":"Lagavulin","floor":14,"turns":7},{"damage":22,"enemies":"Slime Boss","floor":16,"turns":16},{"damage":27,"enemies":"Chosen","floor":18,"turns":7},{"damage":5,"enemies":"Spheric Guardian","floor":19,"turns":4},{"damage":30,"enemies":"Snecko","floor":20,"turns":6},{"damage":47,"enemies":"Book of Stabbing","floor":23,"turns":7}],"seed_played":"8429047279957711539","potions_obtained":[{"floor":1.0,"key":"SteroidPotion"},{"floor":4.0,"key":"FairyPotion"},{"floor":5.0,"key":"SpeedPotion"},{"floor":7.0,"key":"Strength Potion"},{"floor":16,"key":"FairyPotion"},{"floor":19,"key":"Explosive Potion"},{"floor":20,"key":"LiquidMemories"}],"is_trial":false,"path_per_floor":["M","M","M","M","M","R","E","M","T","M","?","E","$","E","R","B",null,"M","M","M","?","?","E"],"character_chosen":"THE_SILENT","items_purchased":["Ornamental Fan","Blade Dance"],"campfire_rested":2,"item_purchase_floors":[13,13],"current_hp_per_floor":[63,63,60,59,42,63,49,36,36,32,32,15,15,2,37,15,62,35,30,23,23,48,1,1],"gold":250,"neow_bonus":"ONE_RANDOM_RARE_CARD","is_prod":false,"is_daily":false,"chose_seed":false,"campfire_upgraded":0,"win_rate":0,"timestamp":1607545817,"path_taken":["M","M","M","M","M","R","E","M","T","M","?","E","$","E","R","BOSS","M","M","M","?","?","E"],"build_version":"2020-11-30","purchased_purges":1,"victory":false,"max_hp_per_floor":[70,70,70,70,70,70,70,70,70,70,70,77,77,77,77,77,77,77,77,77,77,77,77,77],"relic_stats":{"counters":[15,86],"Mummified Hand":[7],"Ornamental Fan":[112],"Eternal Feather":12,"StoneCalendar":[0],"Turnip":[18],"obtain_stats":[{"Calling Bell":17,"Mummified Hand":9,"Ornamental Fan":13,"Strawberry":12,"Eternal Feather":7,"StoneCalendar":17,"Turnip":14,"The Courier":17,"Akabeko":17,"Ring of the Snake":0},{"Calling Bell":11,"Mummified Hand":7,"Ornamental Fan":9,"Strawberry":9,"Eternal Feather":6,"StoneCalendar":11,"Turnip":10,"The Courier":11,"Akabeko":11,"Ring of the Snake":0},{"Calling Bell":63,"Mummified Hand":33,"Ornamental Fan":40,"Strawberry":40,"Eternal Feather":29,"StoneCalendar":63,"Turnip":47,"The Courier":63,"Akabeko":63,"Ring of the Snake":0}],"Ring of the Snake":[31]},"card_choices":[{"not_picked":["Masterful Stab","Dagger Throw"],"picked":"Poisoned Stab","floor":1.0},{"not_picked":["Sucker Punch","Wraith Form v2"],"picked":"Endless Agony","floor":2.0},{"not_picked":["Escape Plan","Predator"],"picked":"Blade Dance","floor":3.0},{"not_picked":["Slice","Outmaneuver"],"picked":"Prepared","floor":4.0},{"not_picked":["Bouncing Flask","Footwork"],"picked":"Quick Slash","floor":5.0},{"not_picked":["Dodge and Roll","Expertise"],"picked":"Dash","floor":7.0},{"not_picked":["Bouncing Flask","Sucker Punch"],"picked":"Backflip","floor":8.0},{"not_picked":["Glass Knife","Deadly Poison"],"picked":"Tactician","floor":10.0},{"not_picked":["Backflip","Bane"],"picked":"Crippling Poison","floor":12},{"not_picked":["Outmaneuver","Endless Agony"],"picked":"PiercingWail","floor":14},{"not_picked":["Bullet Time","Tools of the Trade"],"picked":"Die Die Die","floor":16},{"not_picked":["Slice","Backflip"],"picked":"Quick Slash","floor":18},{"not_picked":["Riddle With Holes","Sucker Punch"],"picked":"Dagger Throw","floor":19},{"not_picked":["Slice","Sucker Punch"],"picked":"Poisoned Stab","floor":20}],"player_experience":537137,"relics_obtained":[{"floor":7.0,"key":"Eternal Feather"},{"floor":9.0,"key":"Mummified Hand"},{"floor":12,"key":"Strawberry"},{"floor":14,"key":"Turnip"},{"floor":17,"key":"Akabeko"},{"floor":17,"key":"The Courier"},{"floor":17,"key":"StoneCalendar"}],"event_choices":[{"damage_healed":0.0,"max_hp_gain":0.0,"max_hp_loss":0.0,"gold_gain":175.0,"event_name":"Liars Game","player_choice":"AGREE","floor":11.0,"gold_loss":0.0,"damage_taken":0.0,"cards_obtained":["Doubt"]},{"damage_healed":0,"gold_gain":0,"player_choice":"Simplicity","damage_taken":0,"max_hp_gain":0,"max_hp_loss":0,"event_name":"Back to Basics","floor":21,"gold_loss":0,"cards_upgraded":["Strike_G","Strike_G","Strike_G","Strike_G","Strike_G","Defend_G","Defend_G","Defend_G","Defend_G","Defend_G"]},{"damage_healed":25,"gold_gain":0,"player_choice":"Heal","damage_taken":0,"max_hp_gain":0,"max_hp_loss":0,"event_name":"The Library","floor":22,"gold_loss":0}],"is_beta":false,"boss_relics":[{"not_picked":["Philosopher\u0027s Stone","Busted Crown"],"picked":"Calling Bell"}],"items_purged_floors":[13],"is_endless":false,"potions_floor_spawned":[1,4,5,7,10,16,19,20],"killed_by":"Book of Stabbing","ascension_level":6}}