{"host":"Ansgar","time":1607537086,"event":{"gold_per_floor":[118,131,149,163,163,188,188,217,241,254,271,271,54,4,4,77,77,92,92,103,118,68,68,68],"floor_reached":23,"playtime":2383,"items_purged":["Strike_G","Strike_G","Endless Agony"],"score":406,"play_id":"e4d0db43-cfb9-44c7-a49d-827a3d409e26","local_time":"20201209190446","is_ascension_mode":true,"campfire_choices":[{"data":"Neutralize","floor":7,"key":"SMITH"},{"floor":12,"key":"REST"},{"data":"Backflip","floor":15,"key":"SMITH"}],"neow_cost":"NONE","seed_source_timestamp":1164699203100,"circlet_count":0,"master_deck":["AscendersBane","Strike_G+1","Strike_G+1","Strike_G+1","Defend_G+1","Defend_G+1","Defend_G+1","Defend_G+1","Defend_G+1","Survivor","Neutralize+1","CurseOfTheBell","PiercingWail","Dagger Throw","Backflip+1","Poisoned Stab","Deadly Poison","MasterReality","Flex","Anger","Caltrops"],"relics":["Calling Bell","Orichalcum","Mercury Hourglass","Gambling Chip","Smiling Mask","Snake Skull","Blood Vial","Happy Flower","PrismaticShard","Cursed Key"],"potions_floor_usage":[6,6,10,16,23],"damage_taken":[{"damage":0,"enemies":"Small Slimes","floor":1,"turns":3},{"damage":0,"enemies":"Cultist","floor":2,"turns":3},{"damage":0,"enemies":"Jaw Worm","floor":3,"turns":4},{"damage":2,"enemies":"Large Slime","floor":4,"turns":6},{"damage":14,"enemies":"Lagavulin","floor":6,"turns":10},{"damage":33,"enemies":"Gremlin Nob","floor":8,"turns":5},{"damage":0,"enemies":"Exordium Thugs","floor":10,"turns":4},{"damage":3,"enemies":"Blue Slaver","floor":11,"turns":2},{"damage":13,"enemies":"The Guardian","floor":16,"turns":10},{"damage":17,"enemies":"2 Thieves","floor":18,"turns":5},{"damage":7,"enemies":"Chosen","floor":20,"turns":6},{"damage":11,"enemies":"Snecko","floor":21,"turns":8},{"damage":33,"enemies":"Slavers","floor":23,"turns":6}],"seed_played":"2590220651989691458","potions_obtained":[{"floor":2,"key":"Dexterity Potion"},{"floor":3,"key":"BlessingOfTheForge"},{"floor":10,"key":"Fruit Juice"},{"floor":11,"key":"SkillPotion"},{"floor":21,"key":"Weak Potion"}],"is_trial":false,"path_per_floor":["M","M","M","M","?","E","R","E","T","M","M","R","$","$","R","B",null,"M","?","M","M","$","E"],"character_chosen":"THE_SILENT","items_purchased":["PrismaticShard"],"campfire_rested":1,"item_purchase_floors":[13],"current_hp_per_floor":[59,59,59,57,57,43,43,10,10,17,16,37,37,37,37,26,60,45,45,40,31,31,0,0],"gold":68,"neow_bonus":"BOSS_RELIC","is_prod":false,"is_daily":false,"chose_seed":false,"campfire_upgraded":2,"win_rate":0,"timestamp":1607537086,"path_taken":["M","M","M","M","?","E","R","E","T","?","M","R","?","$","R","BOSS","M","?","M","M","$","E"],"build_version":"2020-12-07","purchased_purges":3,"victory":false,"max_hp_per_floor":[66,66,66,66,66,66,66,66,66,71,71,71,71,71,71,71,71,71,71,71,71,71,71,71],"card_choices":[{"not_picked":["Outmaneuver","Choke"],"picked":"Endless Agony","floor":1},{"not_picked":["Deflect","Prepared"],"picked":"PiercingWail","floor":2},{"not_picked":["Poisoned Stab","Heel Hook"],"picked":"Dagger Throw","floor":3},{"not_picked":["Blade Dance","Prepared"],"picked":"Backflip","floor":4},{"not_picked":["Infinite Blades","Prepared","Outmaneuver"],"picked":"SKIP","floor":6},{"not_picked":["Catalyst","Glass Knife"],"picked":"Poisoned Stab","floor":8},{"not_picked":["Riddle With Holes","Prepared"],"picked":"Deadly Poison","floor":10},{"not_picked":["Slice","Blade Dance","Dodge and Roll"],"picked":"SKIP","floor":11},{"not_picked":["Reboot","Corruption"],"picked":"MasterReality","floor":16},{"not_picked":["Armaments","Backflip"],"picked":"Flex","floor":18},{"not_picked":["Rip and Tear","Fasting2"],"picked":"Anger","floor":20},{"not_picked":["Combust","CrushJoints"],"picked":"Caltrops","floor":21}],"player_experience":1177674,"relics_obtained":[{"floor":0,"key":"Orichalcum"},{"floor":0,"key":"Mercury Hourglass"},{"floor":0,"key":"Gambling Chip"},{"floor":5,"key":"Smiling Mask"},{"floor":6,"key":"Snake Skull"},{"floor":8,"key":"Blood Vial"},{"floor":9,"key":"Happy Flower"}],"event_choices":[{"damage_healed":0,"gold_gain":0,"player_choice":"Relic","damage_taken":0,"max_hp_gain":0,"max_hp_loss":0,"event_name":"Wheel of Change","floor":5,"gold_loss":0},{"damage_healed":0,"gold_gain":0,"player_choice":"Simplicity","damage_taken":0,"max_hp_gain":0,"max_hp_loss":0,"event_name":"Back to Basics","floor":19,"gold_loss":0,"cards_upgraded":["Strike_G","Strike_G","Strike_G","Defend_G","Defend_G","Defend_G","Defend_G","Defend_G"]}],"is_beta":true,"boss_relics":[{"not_picked":["Runic Pyramid","Empty Cage"],"picked":"Cursed Key"}],"items_purged_floors":[13,14,22],"is_endless":false,"potions_floor_spawned":[2,3,10,11,21],"killed_by":"Slavers","ascension_level":20}}