{"host":"xeomgo6joa8vwt8r","time":1607490284,"event":{"gold_per_floor":[119,119,132,132,132,157,170,170,170,170],"floor_reached":9,"playtime":297,"items_purged":[],"score":99,"play_id":"99694a18-7a8b-4afe-af64-38dfc4ca6a79","local_time":"20201209000444","is_ascension_mode":true,"campfire_choices":[{"floor":8,"key":"REST"}],"neow_cost":"NONE","seed_source_timestamp":1156680668299000,"circlet_count":0,"master_deck":["Strike_R","Strike_R","Strike_R","Strike_R+1","Strike_R+1","Defend_R","Defend_R","Defend_R","Defend_R","Bash","infinitespire:OneForAll","infinitespire:OneForAll","infinitespire:FutureSight","Metallicize","Ghostly Armor"],"special_seed":0,"relics":["Burning Blood","NeowsBlessing","infinitespire:BottledMercury","InkBottle"],"potions_floor_usage":[],"damage_taken":[{"damage":0,"enemies":"2 Louse","floor":1,"turns":1},{"damage":0,"enemies":"Small Slimes","floor":3,"turns":1},{"damage":0,"enemies":"Lagavulin","floor":6,"turns":2},{"damage":6,"enemies":"Jaw Worm","floor":7,"turns":4}],"seed_played":"7430420398303962745","potions_obtained":[{"floor":6,"key":"Regen Potion"}],"is_trial":false,"path_per_floor":["M","?","M","?","?","E","M","R","T"],"character_chosen":"IRONCLAD","items_purchased":[],"campfire_rested":1,"item_purchase_floors":[],"current_hp_per_floor":[80,85,85,68,48,54,54,79,79,79],"gold":170,"neow_bonus":"THREE_ENEMY_KILL","is_prod":false,"is_daily":false,"chose_seed":false,"campfire_upgraded":0,"win_rate":0,"timestamp":1607490284,"path_taken":["M","?","M","?","?","E","M","R","T"],"build_version":"2020-11-30","purchased_purges":0,"victory":false,"max_hp_per_floor":[80,85,85,85,85,85,85,85,85,85],"card_choices":[{"not_picked":["Spot Weakness","Headbutt"],"picked":"infinitespire:OneForAll","floor":1},{"not_picked":["Wild Strike","Battle Trance"],"picked":"infinitespire:OneForAll","floor":3},{"not_picked":["infinitespire:TheBestDefense","infinitespire:DeathsTouch"],"picked":"infinitespire:FutureSight","floor":5},{"not_picked":["Second Wind","Uppercut"],"picked":"Metallicize","floor":6},{"not_picked":["Uppercut","Iron Wave"],"picked":"Ghostly Armor","floor":7}],"player_experience":97605,"relics_obtained":[{"floor":6,"key":"infinitespire:BottledMercury"},{"floor":9,"key":"InkBottle"}],"event_choices":[{"damage_healed":0,"gold_gain":0,"player_choice":"Donut","damage_taken":0,"max_hp_gain":5,"max_hp_loss":0,"event_name":"Big Fish","floor":2,"gold_loss":0},{"damage_healed":0,"gold_gain":0,"player_choice":"Entered Light","damage_taken":17,"max_hp_gain":0,"max_hp_loss":0,"event_name":"Shining Light","floor":4,"gold_loss":0,"cards_upgraded":["Strike_R","Strike_R"]}],"is_beta":false,"boss_relics":[],"items_purged_floors":[],"is_endless":false,"potions_floor_spawned":[6],"ascension_level":3}}