{"host":"7pe9xwx78c6nlay8","time":1607531800,"event":{"gold_per_floor":[111,124,124,140,5,39,39,67,104,116,160,192,204,233,245,359,371,394,424,7,25,25,50,64,75,101,101,101],"floor_reached":27,"playtime":2064,"items_purged":["Strike_P"],"score":397,"play_id":"8ac4c43e-4348-49b7-9051-f424a3058bc9","local_time":"20201210003640","is_ascension_mode":true,"campfire_choices":[{"data":"LessonLearned","floor":7.0,"key":"SMITH"},{"data":"Eruption","floor":10.0,"key":"SMITH"},{"floor":15.0,"key":"REST"}],"neow_cost":"TEN_PERCENT_HP_LOSS","seed_source_timestamp":1199670616955800,"circlet_count":0,"master_deck":["Strike_P+1","Defend_P+1","Defend_P+1","Eruption+1","Vigilance","ThirdEye+1","Protect+1","Wireheading+1","LessonLearned+1","Wallop+1","SandsOfTime","Prostrate","ForeignInfluence+1","Magnetism","ReachHeaven","MentalFortress","CutThroughFate+1","WindmillStrike+1","PathToVictory"],"special_seed":0,"relics":["PureWater","Vajra","MawBank","Bag of Marbles","Shuriken","SlaversCollar","Matryoshka","Bag of Preparation","Tiny Chest"],"potions_floor_usage":[21,23,23,24,25],"damage_taken":[{"damage":0.0,"enemies":"Cultist","floor":1.0,"turns":3.0},{"damage":3.0,"enemies":"Jaw Worm","floor":2.0,"turns":4.0},{"damage":0.0,"enemies":"Small Slimes","floor":4.0,"turns":2.0},{"damage":16.0,"enemies":"Lagavulin","floor":6.0,"turns":11.0},{"damage":5.0,"enemies":"3 Sentries","floor":8.0,"turns":9.0},{"damage":36.0,"enemies":"Gremlin Nob","floor":11.0,"turns":3.0},{"damage":0.0,"enemies":"Looter","floor":12.0,"turns":3.0},{"damage":2.0,"enemies":"Exordium Thugs","floor":14.0,"turns":7.0},{"damage":0.0,"enemies":"Slime Boss","floor":16.0,"turns":4.0},{"damage":22.0,"enemies":"3 Byrds","floor":18.0,"turns":9.0},{"damage":20,"enemies":"Shell Parasite","floor":19,"turns":5},{"damage":0,"enemies":"Cultist and Chosen","floor":21,"turns":4},{"damage":9,"enemies":"Book of Stabbing","floor":23,"turns":7},{"damage":14,"enemies":"Shelled Parasite and Fungi","floor":24,"turns":5},{"damage":18,"enemies":"Snake Plant","floor":25,"turns":5},{"damage":0,"enemies":"Gremlin Leader","floor":27,"turns":1}],"seed_played":"7465485578033287857","potions_obtained":[{"floor":2.0,"key":"Block Potion"},{"floor":4.0,"key":"BlessingOfTheForge"},{"floor":6.0,"key":"SneckoOil"},{"floor":11.0,"key":"DuplicationPotion"},{"floor":16.0,"key":"FairyPotion"},{"floor":19,"key":"LiquidBronze"},{"floor":21,"key":"LiquidMemories"},{"floor":23,"key":"CultistPotion"},{"floor":24,"key":"SkillPotion"}],"is_trial":false,"path_per_floor":["M","M","?","M","$","E","R","E","T","R","E","M","?","M","R","B",null,"M","M","$","M","?","E","M","M","T","E"],"character_chosen":"WATCHER","items_purchased":["LessonLearned","Magnetism","ReachHeaven","MentalFortress","ColorlessPotion"],"campfire_rested":1,"item_purchase_floors":[5,20,20,20,20],"current_hp_per_floor":[65,62,62,62,62,46,46,41,41,41,5,5,5,3,22,22,54,32,12,12,12,12,3,19,1,1,1,1],"gold":101,"neow_bonus":"REMOVE_TWO","is_prod":false,"is_daily":false,"chose_seed":false,"campfire_upgraded":2,"win_rate":0,"timestamp":1607531800,"path_taken":["M","?","?","?","$","E","R","E","T","R","E","M","?","?","R","BOSS","M","M","$","M","?","E","M","M","T","E"],"build_version":"2020-11-30","purchased_purges":1,"victory":false,"max_hp_per_floor":[65,65,65,65,65,65,65,65,65,65,65,65,65,65,65,65,65,65,65,65,65,65,65,65,65,65,65,65],"card_choices":[{"not_picked":["Halt","SignatureMove"],"picked":"ThirdEye","floor":1.0},{"not_picked":["EmptyFist","SashWhip"],"picked":"Protect","floor":2.0},{"not_picked":["Adaptation","Tantrum"],"picked":"Wireheading","floor":4.0},{"not_picked":["FlurryOfBlows","Consecrate"],"picked":"Wallop","floor":6.0},{"not_picked":["Protect","EmptyBody"],"picked":"SandsOfTime","floor":8.0},{"not_picked":["SashWhip","Evaluate"],"picked":"Prostrate","floor":11.0},{"not_picked":["EmptyMind","Crescendo","EmptyFist"],"picked":"SKIP","floor":12.0},{"not_picked":["Prostrate","EmptyMind"],"picked":"ForeignInfluence","floor":14.0},{"not_picked":["Adaptation+1","EmptyBody+1","FearNoEvil"],"picked":"SKIP","floor":18.0},{"not_picked":["ClearTheMind","Swivel","Crescendo+1"],"picked":"SKIP","floor":19},{"not_picked":["ReachHeaven+1","LikeWater"],"picked":"CutThroughFate+1","floor":21},{"not_picked":["CrushJoints","Alpha"],"picked":"WindmillStrike+1","floor":23},{"not_picked":["Halt","Consecrate"],"picked":"PathToVictory","floor":24},{"not_picked":["Swivel","FlurryOfBlows","Study"],"picked":"SKIP","floor":25}],"player_experience":1477757,"relics_obtained":[{"floor":6.0,"key":"Vajra"},{"floor":8.0,"key":"MawBank"},{"floor":9.0,"key":"Bag of Marbles"},{"floor":11.0,"key":"Shuriken"},{"floor":23,"key":"Matryoshka"},{"floor":26,"key":"Bag of Preparation"},{"floor":26,"key":"Tiny Chest"}],"event_choices":[{"cards_removed":["Defend_P"],"damage_healed":0.0,"max_hp_gain":0.0,"max_hp_loss":0.0,"gold_gain":0.0,"event_name":"Bonfire Elementals","player_choice":"Offered Basic","floor":3.0,"gold_loss":0.0,"damage_taken":0.0},{"cards_removed":["Strike_P"],"damage_healed":0.0,"max_hp_gain":0.0,"max_hp_loss":0.0,"gold_gain":0.0,"event_name":"Purifier","player_choice":"Purged","floor":13.0,"gold_loss":0.0,"damage_taken":0.0},{"damage_healed":0,"gold_gain":0,"player_choice":"Ignored","damage_taken":0,"max_hp_gain":0,"max_hp_loss":0,"event_name":"Ghosts","floor":22,"gold_loss":0}],"is_beta":false,"boss_relics":[{"not_picked":["Fusion Hammer","Cursed Key"],"picked":"SlaversCollar"}],"items_purged_floors":[20],"is_endless":false,"potions_floor_spawned":[2,4,6,11,16,19,21,23,24],"killed_by":"Gremlin Leader","ascension_level":6}}