{"host":"a484oiac96svwyi6","time":1607477636,"event":{"gold_per_floor":[1643,1643,1643,1643,1659,1672,1672,1704,1715,1743,1743,1743,1777,1777,1811,926,982,1078,1078,1097,1197,1197,1112,1132,1161,1161,1201,1201,1239,463,484,494,520,520,617,617,629,629,651,662,679,705,716,716,739,739,771,789,819,830,830,830],"floor_reached":53,"playtime":2431,"items_purged":[],"score":915,"play_id":"3043e8fb-6971-44ca-b754-2b5e1698403b","local_time":"20201208203356","is_ascension_mode":true,"campfire_choices":[{"floor":12,"key":"REST"},{"data":"Summon_Undead","floor":14,"key":"SMITH"},{"data":"relicPack:StarPlatinum","floor":51,"key":"SMITH"}],"neow_cost":"NONE","seed_source_timestamp":760765714881900,"circlet_count":0,"master_deck":["Strike_W","Strike_W","Strike_W","Strike_W","Defend_W","Defend_W","Defend_W","Defend_W","Negative_Energy_Arrows+1","Bone_Wall","Toxic_Smoke_Screen","Necrotic_Claws","Toxic_Smoke_Screen","Finger_Of_Death","Bone_Armor","Summon_Undead+1","Life_Drain","Death_March_Dance","Bone_Armory+1","Cloudkill+1","Exploit","Replay:Fractal Strike+1","Whirlwind_of_Bones","Summon_Undead_Army+1","Pandemic","Finger_Of_Death+1","Summon_Undead_Army+1","Mayhem+1","Negative_Energy_Burst+1","Bone_Armor+1","Summon_Undead+1","infinitespire:Menacing+1","Bone_Prison+1","Summon_Death_Knight+1","Bone_Bullets","Negative_Energy_Javelin","Spectral_Armor+1","Summon_Vampire_Lady","Toxic_Smoke_Screen+1","Life_Drain","relicPack:StarPlatinum+1","Life_Drain","Acid_Javelin+1","Necromantic_Selection+1","Consume_Illness+1"],"relics":["Vampire_Amulet","vexMod:RedPlottingStone","relicPack:DSword","HowToJump","conspire:TopHat","Toy Ornithopter","vexMod:ScavengeHelm","conspire:Dentures","PreservedInsect","infinitespire:CheckeredPen","Replay:Lucky Slots","vexMod:RetaliationKit","MerchantsRug","hubris:TerracottaHorce","Medical Kit","Philosopher\u0027s Stone","ReplayTheSpireMod:TigerMarble","StuffTheSpire:Gunfinga","Quantum Egg","Toxic Egg 2","Pocketwatch","Strange Spoon","Replay:Towering Pillar of Hats","RoseTintedShades","vexMod:ImprovementManual","Ancient Tea Set","infinitespire:Lucky Rock","relicPack:StarArrow","vexMod:TimeEaterHat","Orichalcum","Bag of Preparation","StuffTheSpire:PointBlank"],"potions_floor_usage":[],"damage_taken":[{"damage":19,"enemies":"Hallownest:2_Tiktiks_and_1_Crawlid","floor":1,"turns":5},{"damage":0,"enemies":"Hallownest:monsterHuskWarrior","floor":5,"turns":4},{"damage":0,"enemies":"Hallownest:monsterHuskGuard","floor":6,"turns":4},{"damage":2,"enemies":"Hallownest:eliteVengeflyKing","floor":8,"turns":5},{"damage":10,"enemies":"Hallownest:1_Ooma_and_2_Uuma","floor":9,"turns":6},{"damage":0,"enemies":"Hallownest:eliteMossKnight","floor":10,"turns":6},{"damage":0,"enemies":"Hallownest:eliteVengeflyKing","floor":13,"turns":4},{"damage":2,"enemies":"Hallownest:eliteMossKnight","floor":15,"turns":5},{"damage":24,"enemies":"Hallownest:BossBrokenVessel","floor":18,"turns":9},{"damage":0,"enemies":"Chosen","floor":20,"turns":4},{"damage":8,"enemies":"Shell Parasite","floor":24,"turns":4},{"damage":0,"enemies":"conspire:Head Lice","floor":25,"turns":5},{"damage":12,"enemies":"Book of Stabbing","floor":27,"turns":3},{"damage":18,"enemies":"Slavers","floor":29,"turns":3},{"damage":7,"enemies":"Snecko","floor":31,"turns":3},{"damage":7,"enemies":"Snake Plant","floor":32,"turns":3},{"damage":1,"enemies":"Nightmare","floor":33,"turns":4},{"damage":32,"enemies":"hubris:MusketHawk","floor":35,"turns":6},{"damage":8,"enemies":"Orb Walker","floor":37,"turns":3},{"damage":7,"enemies":"3 Darklings","floor":39,"turns":3},{"damage":0,"enemies":"Spire Growth","floor":40,"turns":4},{"damage":0,"enemies":"Jaw Worm Horde","floor":41,"turns":3},{"damage":3,"enemies":"Giant Head","floor":42,"turns":5},{"damage":15,"enemies":"Transient","floor":43,"turns":5},{"damage":38,"enemies":"Nightmare","floor":47,"turns":5},{"damage":1,"enemies":"4 Shapes","floor":48,"turns":3},{"damage":9,"enemies":"Giant Head","floor":49,"turns":5},{"damage":16,"enemies":"Jaw Worm Horde","floor":50,"turns":4},{"damage":0,"enemies":"hubris:GrandSnecko","floor":52,"turns":1}],"seed_played":"3233989594033802138","potions_obtained":[{"floor":5,"key":"SmokeBomb"},{"floor":8,"key":"GamblersBrew"},{"floor":9,"key":"Toxic Potion"},{"floor":24,"key":"LifebloodPotion"},{"floor":25,"key":"GamblersBrew"},{"floor":32,"key":"PowerPotion"},{"floor":39,"key":"infinitespire:BlackPotion"}],"is_trial":false,"path_per_floor":["M","?","PTL","PTL","M","M","?","E","M","E","T","R","E","R","E","$","R_BF","B",null,"M","?","AVR","?","M","E","?","E","T","E","$","M","M","NM","R_BF","B",null,"M","?","M","M","M","E","M","AVR","T","$","NM","M","E","M","R_BF","B",null],"character_chosen":"NECROMANCER","items_purchased":["infinitespire:CheckeredPen","Bone_Armory","Replay:Lucky Slots","vexMod:RetaliationKit","MerchantsRug","Strange Spoon","Replay:Towering Pillar of Hats","Summon_Undead_Army","Mayhem","Negative_Energy_Burst+1"],"campfire_rested":1,"item_purchase_floors":[16,16,16,16,16,30,30,30,30,30],"current_hp_per_floor":[62,62,62,62,64,66,31,33,29,33,33,55,59,59,75,75,75,67,73,75,75,75,75,71,75,75,71,71,59,59,60,55,65,75,51,69,69,69,70,72,75,75,62,62,62,62,38,57,62,52,52,52],"gold":830,"neow_bonus":"RANDOM_COMMON_RELIC","is_prod":false,"is_daily":false,"chose_seed":false,"campfire_upgraded":2,"win_rate":0,"timestamp":1607477636,"path_taken":["M","?","PTL","PTL","M","?","?","E","M","E","T","R","E","R","E","$","R_BF","BOSS","M","?","AVR","?","M","E","?","E","T","E","$","M","?","NM","R_BF","BOSS","M","?","?","M","M","E","M","AVR","T","$","NM","M","E","M","R_BF","BOSS"],"build_version":"2020-11-30","purchased_purges":0,"victory":true,"max_hp_per_floor":[75,75,75,75,75,75,75,75,75,75,75,75,75,75,75,75,75,75,75,75,75,75,75,75,75,75,75,75,75,75,75,75,75,75,75,75,75,75,75,75,75,75,75,75,75,75,75,75,75,75,75,75],"relic_stats":{"Strange Spoon":[27],"counters":[29,124],"PreservedInsect":496,"Bag of Preparation":[8],"Orichalcum":[36],"Medical Kit":[0],"obtain_stats":[{"relicPack:DSword":7,"relicPack:StarArrow":44,"RoseTintedShades":33,"Bag of Preparation":47,"Ancient Tea Set":38,"conspire:TopHat":0,"hubris:TerracottaHorce":19,"StuffTheSpire:Gunfinga":25,"vexMod:RedPlottingStone":8,"Philosopher\u0027s Stone":22,"Vampire_Amulet":0,"Replay:Lucky Slots":16,"Toxic Egg 2":28,"vexMod:RetaliationKit":16,"conspire:Dentures":13,"MerchantsRug":16,"HowToJump":0,"Replay:Towering Pillar of Hats":30,"vexMod:ScavengeHelm":11,"Quantum Egg":27,"vexMod:TimeEaterHat":44,"PreservedInsect":15,"infinitespire:CheckeredPen":16,"infinitespire:Lucky Rock":42,"Orichalcum":45,"Medical Kit":22,"Strange Spoon":30,"ReplayTheSpireMod:TigerMarble":23,"StuffTheSpire:PointBlank":49,"Toy Ornithopter":10,"vexMod:ImprovementManual":36,"Pocketwatch":29},{"relicPack:DSword":3,"relicPack:StarArrow":24,"RoseTintedShades":17,"Bag of Preparation":25,"Ancient Tea Set":19,"conspire:TopHat":0,"hubris:TerracottaHorce":9,"StuffTheSpire:Gunfinga":12,"vexMod:RedPlottingStone":4,"Philosopher\u0027s Stone":10,"Vampire_Amulet":0,"Replay:Lucky Slots":8,"Toxic Egg 2":13,"vexMod:RetaliationKit":8,"conspire:Dentures":7,"MerchantsRug":8,"HowToJump":0,"Replay:Towering Pillar of Hats":14,"vexMod:ScavengeHelm":6,"Quantum Egg":13,"vexMod:TimeEaterHat":24,"PreservedInsect":8,"infinitespire:CheckeredPen":8,"infinitespire:Lucky Rock":23,"Orichalcum":24,"Medical Kit":10,"Strange Spoon":14,"ReplayTheSpireMod:TigerMarble":10,"StuffTheSpire:PointBlank":27,"Toy Ornithopter":6,"vexMod:ImprovementManual":18,"Pocketwatch":14},{"relicPack:DSword":13,"relicPack:StarArrow":106,"RoseTintedShades":77,"Bag of Preparation":111,"Ancient Tea Set":86,"conspire:TopHat":0,"hubris:TerracottaHorce":48,"StuffTheSpire:Gunfinga":61,"vexMod:RedPlottingStone":18,"Philosopher\u0027s Stone":52,"Vampire_Amulet":0,"Replay:Lucky Slots":39,"Toxic Egg 2":64,"vexMod:RetaliationKit":39,"conspire:Dentures":34,"MerchantsRug":39,"HowToJump":0,"Replay:Towering Pillar of Hats":67,"vexMod:ScavengeHelm":30,"Quantum Egg":64,"vexMod:TimeEaterHat":106,"PreservedInsect":39,"infinitespire:CheckeredPen":39,"infinitespire:Lucky Rock":101,"Orichalcum":106,"Medical Kit":52,"Strange Spoon":67,"ReplayTheSpireMod:TigerMarble":52,"StuffTheSpire:PointBlank":119,"Toy Ornithopter":30,"vexMod:ImprovementManual":83,"Pocketwatch":67}],"Toy Ornithopter":0,"Pocketwatch":[39]},"card_choices":[{"not_picked":["Strike_from_Beyond","Thousand_Bone_Knives"],"picked":"Toxic_Smoke_Screen","floor":1},{"not_picked":["Toxic_Smoke_Screen","Negative_Energy_Sphere"],"picked":"Necrotic_Claws","floor":5},{"not_picked":["Strike_from_Beyond","Scare"],"picked":"Toxic_Smoke_Screen","floor":6},{"not_picked":["Violent_Necrosis","Grasp_Heart"],"picked":"Finger_Of_Death","floor":8},{"not_picked":["Chill_Blood","Negative_Energy_Sphere"],"picked":"Bone_Armor","floor":9},{"not_picked":["Bone_Prison","Violent_Necrosis"],"picked":"Summon_Undead","floor":10},{"not_picked":["Bone_Bullets","Flesh_Made_Foul"],"picked":"Life_Drain","floor":13},{"not_picked":["Strike_from_Beyond","Blood_Wake"],"picked":"Death_March_Dance","floor":15},{"not_picked":["Blood_Wake","Blood_Magic"],"picked":"Cloudkill","floor":18},{"not_picked":["Negative_Energy_Sphere","Blood_Whip"],"picked":"Exploit","floor":20},{"not_picked":["Shackles_Of_Pain","Bone_Bullets"],"picked":"Whirlwind_of_Bones","floor":24},{"not_picked":["Chill_Blood","Shackles_Of_Pain+1"],"picked":"Summon_Undead_Army","floor":25},{"not_picked":["Blood_Curse+1","Violent_Necrosis"],"picked":"Pandemic","floor":27},{"not_picked":["Strike_from_Beyond","Death_Coil"],"picked":"Finger_Of_Death+1","floor":29},{"not_picked":["Exploit","Death_March_Dance"],"picked":"Bone_Armor+1","floor":31},{"not_picked":["Life_Tap+1","Stop_Heart+1"],"picked":"Summon_Undead+1","floor":32},{"not_picked":["ReplayTheSpireMod:??????????????????????","infinitespire:Execution"],"picked":"infinitespire:Menacing","floor":33},{"not_picked":["Negative_Energy_Javelin","Shackles_Of_Pain+1"],"picked":"Bone_Prison+1","floor":33},{"not_picked":["Summon_Vampire_Lady","Negative_Energy_Bomb"],"picked":"Summon_Death_Knight","floor":35},{"not_picked":["Bone_Armor+1","Scare+1"],"picked":"Bone_Bullets","floor":37},{"not_picked":["Bones_to_Steel+1","Shackles_Of_Pain+1"],"picked":"Negative_Energy_Javelin","floor":39},{"not_picked":["Bone_Prison+1","Flesh_Made_Foul"],"picked":"Spectral_Armor+1","floor":40},{"not_picked":["Negative_Energy_Shield+1","Slay_Living+1"],"picked":"Summon_Vampire_Lady","floor":41},{"not_picked":["Scare+1","Shackles_Of_Pain+1"],"picked":"Toxic_Smoke_Screen+1","floor":42},{"not_picked":["Vampiric_Strike","Scare+1"],"picked":"Life_Drain","floor":43},{"not_picked":["Slay_Living","Flesh_Made_Foul"],"picked":"Life_Drain","floor":47},{"not_picked":["Bone_Bullets+1","Bone_Prison+1"],"picked":"Acid_Javelin+1","floor":48},{"not_picked":["Spectral_Walk+1","Slay_Living+1"],"picked":"Necromantic_Selection+1","floor":49},{"not_picked":["Toxic_Smoke_Screen+1","Exploit"],"picked":"Consume_Illness+1","floor":50}],"player_experience":243921,"relics_obtained":[{"floor":8,"key":"vexMod:RedPlottingStone"},{"floor":10,"key":"Toy Ornithopter"},{"floor":11,"key":"vexMod:ScavengeHelm"},{"floor":13,"key":"conspire:Dentures"},{"floor":15,"key":"PreservedInsect"},{"floor":25,"key":"StuffTheSpire:Gunfinga"},{"floor":27,"key":"Quantum Egg"},{"floor":28,"key":"Toxic Egg 2"},{"floor":29,"key":"Pocketwatch"},{"floor":33,"key":"RoseTintedShades"},{"floor":38,"key":"Ancient Tea Set"},{"floor":42,"key":"infinitespire:Lucky Rock"},{"floor":45,"key":"Orichalcum"},{"floor":47,"key":"Bag of Preparation"},{"floor":49,"key":"StuffTheSpire:PointBlank"}],"event_choices":[{"damage_healed":0,"gold_gain":100,"player_choice":"Pray","damage_taken":0,"max_hp_gain":0,"max_hp_loss":0,"event_name":"Golden Shrine","floor":21,"gold_loss":0},{"damage_healed":0,"gold_gain":0,"player_choice":"Obtained Relic","damage_taken":0,"relics_obtained":["ReplayTheSpireMod:TigerMarble"],"max_hp_gain":0,"max_hp_loss":0,"event_name":"Addict","floor":23,"gold_loss":85},{"damage_healed":0,"gold_gain":0,"player_choice":"Relic","damage_taken":0,"max_hp_gain":0,"max_hp_loss":0,"event_name":"Wheel of Change","floor":38,"gold_loss":0}],"is_beta":false,"boss_relics":[{"not_picked":["hubris:BlackHole","Replay:Grab Bag"],"picked":"hubris:TerracottaHorce"},{"not_picked":["Ring of Chaos","Busted Crown"],"picked":"vexMod:ImprovementManual"}],"items_purged_floors":[],"is_endless":false,"potions_floor_spawned":[5,8,9,13,15,24,25,29,32,35,39,40,41,43],"ascension_level":1}}