{"host":"gkh5j5k5w4qf7k7n","time":1607518930,"event":{"gold_per_floor":[109,109,109,119,119,119,144,160,160,208,234,264,297,312,312,423,423,448,151,171,71,82,109,127,127,127,127,150,150,185,185,185,303,303,321,321,321,321,343,370,370,412,465,488,488,505,505,546,34,34,40,40,40,40,92,122],"floor_reached":57,"playtime":2833,"items_purged":["DTMod:Strike","DTMod:Strike","DTMod:Strike"],"score":1500,"play_id":"ae3222e4-d872-4001-b134-9266bbc8cff8","local_time":"20201209220210","is_ascension_mode":false,"metric_token":991,"campfire_choices":[{"data":"DTMod:LowKick","floor":6,"key":"SMITH"},{"data":"DTMod:RepeatStrike","floor":15,"key":"SMITH"},{"data":"DTMod:Conduct","floor":25,"key":"SMITH"},{"data":"DTMod:Adaptation","floor":32,"key":"SMITH"},{"data":"DTMod:HeadStart","floor":41,"key":"SMITH"},{"data":"Purity","floor":45,"key":"SMITH"},{"data":"DTMod:HeadStart","floor":47,"key":"SMITH"},{"floor":50,"key":"RECALL"},{"data":"Purity","floor":53,"key":"SMITH"}],"neow_cost":"NONE","dtmod_dragon_data":[50,50,2,3,4,2],"seed_source_timestamp":420274610100300,"circlet_count":0,"master_deck":["DTMod:Strike","DTMod:DoubleHit+1","DTMod:TargetDefense","DTMod:TargetDefense","DTMod:TargetDefense","DTMod:TargetDefense","DTMod:SwitchingTactic+1","REME_Flogging+1","DTMod:WarmUp","DTMod:LowKick+1","DTMod:HeadStart+1","DTMod:Weaken","DTMod:RepeatStrike+1","DTMod:Weaken","DTMod:Adaptation+1","DTMod:GearUp","DTMod:HeadStart+1","DTMod:Conduct+1","DTMod:Observe+1","Writhe","DTMod:Conduct","DTMod:ResonanceForm","REME_FirmDetermination","Purity+1","Madness","Madness","DTMod:CrossStep+1","DTMod:Cover+1","DTMod:BalancedStrike","Purity+1","DTMod:Threaten"],"relics":["DTMod:PactStone","REME_ComplimentaryCards","NeowsBlessing","Pantograph","Pear","REME_ArchaeologicalTools","Akabeko","Odd Mushroom","Sozu","TheAbacus","Bird Faced Urn","Potion Belt","Nloth\u0027s Gift","construct:WeddingRing","Bag of Marbles","Happy Flower","Vajra","Unceasing Top","Oddly Smooth Stone"],"potions_floor_usage":[55,56,56],"damage_taken":[{"damage":0,"enemies":"2 Louse","floor":1,"turns":1},{"damage":0,"enemies":"Jaw Worm","floor":4,"turns":1},{"damage":0,"enemies":"Lagavulin","floor":7,"turns":1},{"damage":0,"enemies":"Cultist","floor":8,"turns":2},{"damage":0,"enemies":"2 Fungi Beasts","floor":10,"turns":2},{"damage":0,"enemies":"3 Louse","floor":11,"turns":2},{"damage":0,"enemies":"The Mushroom Lair","floor":13,"turns":3},{"damage":0,"enemies":"Blue Slaver","floor":14,"turns":2},{"damage":0,"enemies":"Slime Boss","floor":16,"turns":5},{"damage":0,"enemies":"Chosen","floor":18,"turns":2},{"damage":0,"enemies":"Shell Parasite","floor":20,"turns":2},{"damage":0,"enemies":"Snake Plant","floor":22,"turns":3},{"damage":0,"enemies":"Book of Stabbing","floor":23,"turns":3},{"damage":0,"enemies":"Sentry and Sphere","floor":24,"turns":3},{"damage":0,"enemies":"Centurion and Healer","floor":28,"turns":4},{"damage":5,"enemies":"REME_1_Revenger","floor":30,"turns":4},{"damage":0,"enemies":"Champ","floor":33,"turns":7},{"damage":0,"enemies":"3 Shapes","floor":35,"turns":3},{"damage":0,"enemies":"Orb Walker","floor":39,"turns":2},{"damage":0,"enemies":"Sphere and 2 Shapes","floor":40,"turns":2},{"damage":7,"enemies":"Nemesis","floor":42,"turns":5},{"damage":0,"enemies":"Mind Bloom Boss Battle","floor":43,"turns":4},{"damage":0,"enemies":"Maw","floor":46,"turns":5},{"damage":0,"enemies":"Giant Head","floor":48,"turns":3},{"damage":0,"enemies":"Time Eater","floor":51,"turns":7},{"damage":1,"enemies":"Shield and Spear","floor":55,"turns":4},{"damage":19,"enemies":"The Heart","floor":56,"turns":6}],"seed_played":"-7162076579564260608","potions_obtained":[{"floor":1,"key":"FearPotion"},{"floor":7,"key":"SkillPotion"},{"floor":11,"key":"BlessingOfTheForge"},{"floor":13,"key":"GamblersBrew"}],"is_trial":false,"path_per_floor":["M","?","T","M","?","R","E","M","T","M","M","?","?","M","R","B",null,"M","$","M","$","M","E","M","R","T","?","M","?","E","?","R","B",null,"M","?","?","?","M","M","R","E","?","T","R","M","R","E","$","R","B",null,"R","$","E","B",null],"character_chosen":"THE_DT","items_purchased":["TheAbacus","DTMod:HeadStart","Purity","Unceasing Top"],"campfire_rested":0,"item_purchase_floors":[19,19,49,49],"current_hp_per_floor":[45,36,36,36,36,36,46,46,46,46,46,46,46,46,46,55,55,55,55,55,55,55,55,55,55,55,55,55,55,52,52,52,55,55,55,55,45,38,44,55,55,50,55,55,55,55,55,55,55,55,55,55,55,55,54,36],"gold":122,"neow_bonus":"THREE_ENEMY_KILL","is_prod":false,"is_daily":false,"chose_seed":false,"campfire_upgraded":8,"win_rate":1,"timestamp":1607518930,"path_taken":["M","?","?","M","?","R","E","M","T","?","M","?","?","M","R","BOSS","M","$","M","$","M","E","M","R","T","?","M","?","E","?","R","BOSS","M","?","?","?","M","M","R","E","?","T","R","M","R","E","$","R","BOSS","R","$","E","BOSS"],"build_version":"2020-11-30","purchased_purges":3,"victory":true,"max_hp_per_floor":[45,45,45,45,45,45,55,55,55,55,55,55,55,55,55,55,55,55,55,55,55,55,55,55,55,55,55,55,55,55,55,55,55,55,55,55,55,55,55,55,55,55,55,55,55,55,55,55,55,55,55,55,55,55,55,55],"card_choices":[{"not_picked":["DTMod:Shift","DTMod:CleansingStrike"],"picked":"DTMod:WarmUp","floor":1},{"not_picked":["DTMod:BreakAttack","DTMod:FlameSlash"],"picked":"DTMod:LowKick","floor":4},{"not_picked":["DTMod:FlameSlash","DTMod:BalancedStrike"],"picked":"DTMod:HeadStart","floor":7},{"not_picked":["DTMod:CalculatedDefense","DTMod:Cover","DTMod:CleansingStrike"],"picked":"SKIP","floor":8},{"not_picked":["DTMod:TauntingStrike","DTMod:Adaptation"],"picked":"DTMod:Weaken","floor":10},{"not_picked":["DTMod:BreakAttack","DTMod:BizarreTactic"],"picked":"DTMod:RepeatStrike","floor":11},{"not_picked":["DTMod:WarmUp","DTMod:Hide"],"picked":"DTMod:Weaken","floor":13},{"not_picked":["DTMod:ShieldDrain","DTMod:Punisher"],"picked":"DTMod:Adaptation","floor":14},{"not_picked":["DTMod:ExcessFootwork","DTMod:Inferno"],"picked":"DTMod:GearUp","floor":16},{"not_picked":["DTMod:BizarreTactic","DTMod:MasterPlan+1","DTMod:Overwhelm+1"],"picked":"SKIP","floor":18},{"not_picked":["DTMod:Weaken","DTMod:Coolant","DTMod:Cover+1"],"picked":"SKIP","floor":20},{"not_picked":["DTMod:Observe","DTMod:Dissolve+1","DTMod:BizarreTactic+1"],"picked":"SKIP","floor":22},{"not_picked":["DTMod:GearUp","DTMod:LightShield"],"picked":"DTMod:Conduct","floor":23},{"not_picked":["DTMod:MagiciansMark","DTMod:MagicField+1"],"picked":"DTMod:Observe+1","floor":24},{"not_picked":["DTMod:GhostSkin","DTMod:MasterPlan","DTMod:BurningEnergy"],"picked":"SKIP","floor":28},{"not_picked":["DTMod:GhostSkin","DTMod:MasterPlan","DTMod:BurningEnergy"],"picked":"SKIP","floor":28},{"not_picked":["DTMod:MagiciansMark","DTMod:StarRain"],"picked":"DTMod:ResonanceForm","floor":30},{"not_picked":["DTMod:Hide","DTMod:Astonish","DTMod:FlameSlash+1"],"picked":"SKIP","floor":35},{"not_picked":["Mayhem","Apotheosis"],"picked":"REME_FirmDetermination","floor":37},{"not_picked":["Mind Blast","Dramatic Entrance"],"picked":"Purity","floor":37},{"not_picked":["DTMod:MaximumCharge+1","DTMod:MagicField+1"],"picked":"DTMod:CrossStep+1","floor":39},{"not_picked":["DTMod:MasterPlan","DTMod:Hide"],"picked":"DTMod:Cover+1","floor":40},{"not_picked":["DTMod:MaximumCharge+1","DTMod:DarkBreath","DTMod:GhostSkin+1"],"picked":"SKIP","floor":42},{"not_picked":["DTMod:BreakAttack","DTMod:WarmUp"],"picked":"DTMod:BalancedStrike","floor":46},{"not_picked":["DTMod:ForkedFire+1","DTMod:FierySynthesis","DTMod:Prediction"],"picked":"SKIP","floor":48},{"not_picked":["DTMod:RecklessFlurry+1","DTMod:Weaken+1"],"picked":"DTMod:Threaten","floor":55}],"player_experience":907973,"relics_obtained":[{"floor":3,"key":"Pantograph"},{"floor":7,"key":"Pear"},{"floor":9,"key":"REME_ArchaeologicalTools"},{"floor":13,"key":"Odd Mushroom"},{"floor":23,"key":"Bird Faced Urn"},{"floor":30,"key":"Potion Belt"},{"floor":42,"key":"Bag of Marbles"},{"floor":44,"key":"Happy Flower"},{"floor":48,"key":"Vajra"},{"floor":55,"key":"Oddly Smooth Stone"}],"event_choices":[{"damage_healed":0,"gold_gain":0,"player_choice":"Entered Light","damage_taken":9,"max_hp_gain":0,"max_hp_loss":0,"event_name":"Shining Light","floor":2,"gold_loss":0,"cards_upgraded":["DTMod:DoubleHit","DTMod:SwitchingTactic"]},{"damage_healed":0,"gold_gain":0,"player_choice":"Upgraded","damage_taken":0,"max_hp_gain":0,"max_hp_loss":0,"event_name":"Upgrade Shrine","floor":5,"gold_loss":0,"cards_upgraded":["REME_Flogging"]},{"damage_healed":0,"gold_gain":30,"player_choice":"Searched \u00273\u0027 times","damage_taken":0,"relics_obtained":["Akabeko"],"max_hp_gain":0,"max_hp_loss":0,"event_name":"Dead Adventurer","floor":12,"gold_loss":0},{"damage_healed":0,"gold_gain":0,"player_choice":"Fought Mushrooms","damage_taken":0,"max_hp_gain":0,"max_hp_loss":0,"event_name":"Mushrooms","floor":13,"gold_loss":0},{"damage_healed":0,"gold_gain":0,"player_choice":"Opened","damage_taken":0,"relics_obtained":["Girya"],"max_hp_gain":0,"max_hp_loss":0,"event_name":"The Mausoleum","floor":27,"gold_loss":0,"cards_obtained":["Writhe"]},{"damage_healed":0,"gold_gain":0,"player_choice":"Read","damage_taken":0,"max_hp_gain":0,"max_hp_loss":0,"event_name":"The Library","floor":29,"gold_loss":0,"cards_obtained":["DTMod:Conduct"]},{"damage_healed":0,"gold_gain":0,"player_choice":"Traded Relic","damage_taken":0,"relics_obtained":["Nloth\u0027s Gift"],"max_hp_gain":0,"max_hp_loss":0,"event_name":"N\u0027loth","floor":31,"relics_lost":["Girya"],"gold_loss":0},{"damage_healed":0,"gold_gain":0,"player_choice":"Ignored","damage_taken":0,"max_hp_gain":0,"max_hp_loss":0,"event_name":"Tomb of Lord Red Mask","floor":36,"gold_loss":0},{"damage_healed":0,"gold_gain":0,"player_choice":"Memory 3","damage_taken":10,"max_hp_gain":0,"max_hp_loss":0,"event_name":"SensoryStone","floor":37,"gold_loss":0},{"damage_healed":0,"gold_gain":0,"player_choice":"Embrace Madness","damage_taken":7,"max_hp_gain":0,"max_hp_loss":0,"event_name":"Winding Halls","floor":38,"gold_loss":0,"cards_obtained":["Madness","Madness"]},{"damage_healed":0,"gold_gain":0,"player_choice":"Fight","damage_taken":0,"max_hp_gain":0,"max_hp_loss":0,"event_name":"MindBloom","floor":43,"gold_loss":0}],"is_beta":false,"boss_relics":[{"not_picked":["Ectoplasm","Coffee Dripper"],"picked":"Sozu"},{"not_picked":["REME_DuelDisc","Calling Bell"],"picked":"construct:WeddingRing"}],"items_purged_floors":[19,21,49],"is_endless":false,"potions_floor_spawned":[1,7,11,13,18,30,33,35,40,42,55],"ascension_level":0}}