{"host":"u2dm6glrpyjr66v9","time":1607497772,"event":{"gold_per_floor":[20,36,211,211,65,65,65,78,78,88,103,133,153,5,5,107,107,121,121,140,25,25,25,25],"floor_reached":22,"playtime":931,"items_purged":["Doubt"],"score":186,"play_id":"66fe8b45-e952-49d3-94e9-a808a59156b1","local_time":"20201209160932","is_ascension_mode":false,"campfire_choices":[{"floor":6,"key":"RECALL"},{"floor":15,"key":"REST"}],"neow_cost":"NO_GOLD","seed_source_timestamp":1177861536022100,"circlet_count":0,"master_deck":["MokouMod:Strike","MokouMod:Strike","MokouMod:Strike","MokouMod:Strike","MokouMod:Strike","MokouMod:Defend","MokouMod:Defend","MokouMod:Defend","MokouMod:Defend","MokouMod:HeatSpark","MokouMod:TemporalFireSeal","MokouMod:SearingShot","MokouMod:PhoenixFeathers","MokouMod:CrimsonFlare","MokouMod:IgnitionBarrier","MokouMod:Trailblazer","MokouMod:FujiyamaVolcano","MokouMod:RisingSunBarrier","MokouMod:SpontaneousHumanCombustion","MokouMod:FusionFlare","MokouMod:RoaringFlare","MokouMod:ResonatingAura","MokouMod:UncontrollableSolarReaction"],"relics":["MokouMod:PhoenixFeather","Ice Cream","Nunchaku","Toy Ornithopter","FossilizedHelix","SlaversCollar","Calipers"],"potions_floor_usage":[12,12,16],"damage_taken":[{"damage":6,"enemies":"Jaw Worm","floor":1,"turns":3},{"damage":7,"enemies":"2 Louse","floor":2,"turns":2},{"damage":3,"enemies":"Cultist","floor":8,"turns":4},{"damage":15,"enemies":"Red Slaver","floor":10,"turns":4},{"damage":16,"enemies":"Looter","floor":11,"turns":4},{"damage":26,"enemies":"Lagavulin","floor":12,"turns":7},{"damage":0,"enemies":"2 Fungi Beasts","floor":13,"turns":4},{"damage":18,"enemies":"The Guardian","floor":16,"turns":11},{"damage":38,"enemies":"Spheric Guardian","floor":18,"turns":8},{"damage":21,"enemies":"2 Thieves","floor":20,"turns":5},{"damage":94,"enemies":"3 Cultists","floor":22,"turns":6}],"seed_played":"-3241173314847876656","potions_obtained":[{"floor":2,"key":"Energy Potion"},{"floor":10,"key":"CultistPotion"},{"floor":11,"key":"BlessingOfTheForge"},{"floor":13,"key":"AttackPotion"},{"floor":20,"key":"Explosive Potion"}],"is_trial":false,"path_per_floor":["M","M","?","?","?","R","$","M","T","M","M","E","M","$","R","B",null,"M","T","M","$","M"],"character_chosen":"MKU","items_purchased":["MokouMod:RisingSunBarrier","MokouMod:ResonatingAura","MokouMod:UncontrollableSolarReaction"],"campfire_rested":1,"item_purchase_floors":[14,21,21],"current_hp_per_floor":[69,62,62,59,59,59,59,56,56,41,25,9,9,9,31,18,75,37,37,16,16,0,0,0],"gold":25,"neow_bonus":"ONE_RARE_RELIC","is_prod":false,"is_daily":false,"chose_seed":false,"campfire_upgraded":0,"win_rate":0.0,"timestamp":1607497772,"path_taken":["M","M","?","?","?","R","$","?","T","M","M","E","M","$","R","BOSS","M","?","M","$","M"],"build_version":"2020-11-30","purchased_purges":1,"victory":false,"max_hp_per_floor":[75,75,75,75,75,75,75,75,75,75,75,75,75,75,75,75,75,75,75,75,75,75,75,75],"card_choices":[{"not_picked":["MokouMod:BurningDraft","MokouMod:ResoluteFlare"],"picked":"MokouMod:TemporalFireSeal","floor":1},{"not_picked":["MokouMod:PhoenixFeathers","MokouMod:Overheat"],"picked":"MokouMod:SearingShot","floor":2},{"not_picked":["MokouMod:CrimsonFlare","MokouMod:SearingShot"],"picked":"MokouMod:PhoenixFeathers","floor":8},{"not_picked":["MokouMod:EternalBurstReactor","MokouMod:PhoenixFeathers"],"picked":"MokouMod:CrimsonFlare","floor":10},{"not_picked":["MokouMod:ScorchingColumn","MokouMod:IcarusDive"],"picked":"MokouMod:IgnitionBarrier","floor":11},{"not_picked":["MokouMod:TemporalFireSeal","MokouMod:SubterraneanCore"],"picked":"MokouMod:Trailblazer","floor":12},{"not_picked":["MokouMod:EternalBurstReactor","MokouMod:IgnitionBarrier"],"picked":"MokouMod:FujiyamaVolcano","floor":13},{"not_picked":["MokouMod:EnchantingBambooForest","MokouMod:SearingBlow"],"picked":"MokouMod:SpontaneousHumanCombustion","floor":16},{"not_picked":["MokouMod:FlickeringFlame","MokouMod:WarmUp"],"picked":"MokouMod:FusionFlare","floor":18},{"not_picked":["MokouMod:PhoenixFeathers","MokouMod:FlickeringFlame"],"picked":"MokouMod:RoaringFlare","floor":20}],"player_experience":31866,"relics_obtained":[{"floor":12,"key":"FossilizedHelix"},{"floor":19,"key":"Calipers"}],"event_choices":[{"damage_healed":0,"gold_gain":175,"player_choice":"AGREE","damage_taken":0,"max_hp_gain":0,"max_hp_loss":0,"event_name":"Liars Game","floor":3,"gold_loss":0,"cards_obtained":["Doubt"]},{"damage_healed":0,"gold_gain":0,"player_choice":"Success","damage_taken":3,"relics_obtained":["Nunchaku"],"max_hp_gain":0,"max_hp_loss":0,"event_name":"Scrap Ooze","floor":4,"gold_loss":0},{"damage_healed":0,"gold_gain":0,"player_choice":"Paid Gold","damage_taken":0,"relics_obtained":["Toy Ornithopter"],"max_hp_gain":0,"max_hp_loss":0,"event_name":"WeMeetAgain","floor":5,"gold_loss":146}],"is_beta":false,"boss_relics":[{"not_picked":["Cursed Key","Velvet Choker"],"picked":"SlaversCollar"}],"items_purged_floors":[14],"is_endless":false,"potions_floor_spawned":[2,10,11,13,20],"killed_by":"3 Cultists","ascension_level":0}}