{"host":"a9gsz7kv8aebwp1f","time":1607491222,"event":{"gold_per_floor":[117,117,117,132,145,145,145,145,168,187,216,216,216,42,42,140,140,150,164,16,26,36,36,70,82,82,107,107,107,107,107,107,207,207,221,191,211,211,11,41,41,91,91,106,106,106],"floor_reached":45,"playtime":2291,"items_purged":["Decay"],"score":792,"play_id":"b9ce457b-7edb-4dbd-95ff-58770b646fe3","local_time":"20201209142022","is_ascension_mode":true,"campfire_choices":[{"data":"Reprogram","floor":6,"key":"SMITH"},{"data":"Conserve Battery","floor":8,"key":"SMITH"},{"data":"Dualcast","floor":12,"key":"SMITH"},{"floor":15,"key":"REST"},{"floor":23,"key":"REST"},{"floor":28,"key":"REST"},{"data":"Hyperbeam","floor":30,"key":"SMITH"},{"data":"Reprogram","floor":32,"key":"SMITH"},{"floor":41,"key":"REST"}],"neow_cost":"NONE","seed_source_timestamp":101859643644200,"circlet_count":0,"master_deck":["AscendersBane","Dualcast+1","Reprogram+1","Leap+1","Conserve Battery+1","Ball Lightning","All For One","Flash of Steel","Scrape+1","Hologram","Core Surge+1","Steam+1","Rainbow+1","Gash+1","Leap","Steam","Go for the Eyes","BootSequence","Stack","Steam","Reprogram+1","Hyperbeam+1","Hyperbeam","Beam Cell","Chaos","Melter","Glacier","Amplify","Hologram","Genetic Algorithm","Amplify","Stack","Rebound","Panache","Rebound","Steam","Gash"],"relics":["Cracked Core","Nunchaku","Art of War","Symbiotic Virus","Astrolabe","Vajra","HornCleat","Whetstone","Pandora\u0027s Box","Akabeko","Thread and Needle","Pantograph"],"potions_floor_usage":[24,24,27,33,40,40,44,44,45,45,45,45,45],"damage_taken":[{"damage":2,"enemies":"Jaw Worm","floor":1,"turns":3},{"damage":2,"enemies":"2 Louse","floor":4,"turns":2},{"damage":0,"enemies":"Cultist","floor":5,"turns":4},{"damage":7,"enemies":"2 Fungi Beasts","floor":10,"turns":6},{"damage":9,"enemies":"3 Sentries","floor":11,"turns":10},{"damage":30,"enemies":"Hexaghost","floor":16,"turns":9},{"damage":0,"enemies":"Spheric Guardian","floor":18,"turns":3},{"damage":0,"enemies":"3 Byrds","floor":19,"turns":5},{"damage":4,"enemies":"Cultist and Chosen","floor":21,"turns":6},{"damage":0,"enemies":"Centurion and Healer","floor":22,"turns":5},{"damage":13,"enemies":"Slavers","floor":24,"turns":9},{"damage":8,"enemies":"3 Cultists","floor":25,"turns":5},{"damage":24,"enemies":"Book of Stabbing","floor":27,"turns":6},{"damage":1,"enemies":"Champ","floor":33,"turns":13},{"damage":5,"enemies":"3 Darklings","floor":35,"turns":3},{"damage":0,"enemies":"3 Shapes","floor":37,"turns":2},{"damage":41,"enemies":"Reptomancer","floor":40,"turns":7},{"damage":19,"enemies":"Mind Bloom Boss Battle","floor":42,"turns":7},{"damage":31,"enemies":"Maw","floor":44,"turns":8},{"damage":18,"enemies":"Spire Growth","floor":45,"turns":4}],"seed_played":"-6457465522356253547","potions_obtained":[{"floor":5,"key":"ColorlessPotion"},{"floor":11,"key":"FocusPotion"},{"floor":24,"key":"Fire Potion"},{"floor":27,"key":"DistilledChaos"},{"floor":36,"key":"Energy Potion"},{"floor":36,"key":"EssenceOfSteel"},{"floor":40,"key":"PowerPotion"},{"floor":42,"key":"DuplicationPotion"},{"floor":44,"key":"EntropicBrew"}],"is_trial":false,"path_per_floor":["M","?","?","M","M","R","?","R","T","M","E","R","?","$","R","B",null,"M","M","$","M","M","R","E","M","T","E","R","?","R","?","R","B",null,"M","?","M","?","$","E","R","?","T","M","M"],"character_chosen":"DEFECT","items_purchased":["Scrape","Hologram","Steam","Go for the Eyes","BootSequence","Panache","Rebound"],"campfire_rested":4,"item_purchase_floors":[14,14,20,20,20,39,39],"current_hp_per_floor":[66,66,66,64,64,64,49,49,49,42,33,33,33,33,55,25,63,63,63,63,59,59,75,62,54,54,30,52,38,38,64,64,63,76,71,71,71,71,71,30,54,35,35,4,0,0],"gold":106,"neow_bonus":"RANDOM_COMMON_RELIC","is_prod":false,"is_daily":false,"chose_seed":false,"campfire_upgraded":5,"win_rate":0,"timestamp":1607491222,"path_taken":["M","?","?","M","?","R","?","R","T","M","E","R","?","$","R","BOSS","M","?","?","M","M","R","E","?","T","E","R","?","R","?","R","BOSS","M","?","?","?","$","E","R","?","T","M","M"],"build_version":"2020-11-30","purchased_purges":1,"victory":false,"max_hp_per_floor":[75,75,75,75,75,75,75,75,75,75,75,75,75,75,75,75,75,75,75,75,75,75,75,75,75,75,75,75,80,80,80,80,80,80,80,80,80,80,80,80,80,80,80,80,80,80],"card_choices":[{"not_picked":["Streamline","Heatsinks"],"picked":"Reprogram","floor":1},{"not_picked":["Doom and Gloom","Lockon"],"picked":"Leap","floor":4},{"not_picked":["Aggregate","Ball Lightning"],"picked":"Conserve Battery","floor":5},{"not_picked":["Redo","Compile Driver"],"picked":"Ball Lightning","floor":10},{"not_picked":["Double Energy","Beam Cell"],"picked":"All For One","floor":11},{"not_picked":["Seek","Multi-Cast"],"picked":"Biased Cognition","floor":16},{"not_picked":["Rip and Tear","Chill+1"],"picked":"Gash+1","floor":18},{"not_picked":["Redo","Turbo"],"picked":"Leap","floor":19},{"not_picked":["Heatsinks","Redo","Glacier"],"picked":"SKIP","floor":21},{"not_picked":["Beam Cell","Steam"],"picked":"Stack","floor":22},{"not_picked":["Static Discharge+1","Force Field+1"],"picked":"Steam","floor":24},{"not_picked":["Rip and Tear+1","Leap"],"picked":"Reprogram","floor":25},{"not_picked":["Rip and Tear","Barrage"],"picked":"Hyperbeam","floor":27},{"not_picked":["All For One","Seek"],"picked":"Hyperbeam","floor":33},{"not_picked":["Go for the Eyes","Turbo"],"picked":"Stack","floor":35},{"not_picked":["Ball Lightning+1","Redo+1"],"picked":"Rebound","floor":37},{"not_picked":["Creative AI","Buffer","Coolheaded+1"],"picked":"SKIP","floor":40},{"not_picked":["Redo+1","Cold Snap"],"picked":"Steam","floor":42},{"not_picked":["Compile Driver+1","Sweeping Beam+1"],"picked":"Gash","floor":44}],"player_experience":412083,"relics_obtained":[{"floor":9,"key":"Art of War"},{"floor":11,"key":"Symbiotic Virus"},{"floor":24,"key":"Vajra"},{"floor":26,"key":"HornCleat"},{"floor":27,"key":"Whetstone"},{"floor":40,"key":"Akabeko"},{"floor":42,"key":"Thread and Needle"},{"floor":43,"key":"Pantograph"}],"event_choices":[{"damage_healed":0,"gold_gain":0,"player_choice":"Ignored","damage_taken":0,"max_hp_gain":0,"max_hp_loss":0,"event_name":"Golden Wing","floor":2,"gold_loss":0},{"damage_healed":0,"gold_gain":0,"player_choice":"Cursed","damage_taken":0,"max_hp_gain":0,"max_hp_loss":0,"event_name":"Wheel of Change","floor":3,"gold_loss":0,"cards_obtained":["Decay"]},{"damage_healed":0,"gold_gain":0,"player_choice":"Entered Light","damage_taken":15,"max_hp_gain":0,"max_hp_loss":0,"event_name":"Shining Light","floor":7,"gold_loss":0,"cards_upgraded":["Leap","Defend_B"]},{"damage_healed":0,"gold_gain":0,"player_choice":"2 cards matched","damage_taken":0,"max_hp_gain":0,"max_hp_loss":0,"event_name":"Match and Keep!","floor":13,"gold_loss":0,"cards_obtained":["Flash of Steel","Zap"]},{"damage_healed":0,"gold_gain":0,"player_choice":"Shed Blood","damage_taken":19,"max_hp_gain":5,"max_hp_loss":0,"event_name":"Forgotten Altar","floor":29,"gold_loss":0},{"damage_healed":26,"gold_gain":0,"player_choice":"Heal","damage_taken":0,"max_hp_gain":0,"max_hp_loss":0,"event_name":"The Library","floor":31,"gold_loss":0},{"damage_healed":0,"gold_gain":0,"player_choice":"Bought 2 Potions","damage_taken":0,"max_hp_gain":0,"max_hp_loss":0,"event_name":"The Woman in Blue","floor":36,"gold_loss":0},{"damage_healed":0,"gold_gain":0,"player_choice":"Ignored","damage_taken":0,"max_hp_gain":0,"max_hp_loss":0,"event_name":"Tomb of Lord Red Mask","floor":38,"gold_loss":0},{"damage_healed":0,"gold_gain":0,"player_choice":"Fight","damage_taken":0,"max_hp_gain":0,"max_hp_loss":0,"event_name":"MindBloom","floor":42,"gold_loss":0}],"is_beta":false,"boss_relics":[{"not_picked":["Busted Crown","Runic Pyramid"],"picked":"Astrolabe"},{"not_picked":["Fusion Hammer","Runic Dome"],"picked":"Pandora\u0027s Box"}],"items_purged_floors":[14],"is_endless":false,"potions_floor_spawned":[5,11,18,24,27,37,40,42,44],"killed_by":"Spire Growth","ascension_level":11}}