{"host":"9h8npza6ronlejsv","time":1607482471,"event":{"gold_per_floor":[116,116,116,34,109,152,152,186,186,186,186],"floor_reached":10,"playtime":193,"items_purged":[],"score":207,"play_id":"4b365935-3984-4aaa-814d-f0a988bfe1c8","local_time":"20201208215431","is_ascension_mode":true,"campfire_choices":[{"data":"Well Laid Plans","floor":7,"key":"SMITH"}],"neow_cost":"NONE","seed_source_timestamp":187753335872300,"circlet_count":0,"master_deck":["AscendersBane","Strike_G","Strike_G","Strike_G","Strike_G","Strike_G","Defend_G","Defend_G","Defend_G+1","Defend_G","Survivor","Neutralize","Backflip+1","Well Laid Plans+1","Outmaneuver","Dash"],"relics":["Ring of the Snake","NeowsBlessing","Golden Idol","Letter Opener","War Paint","InkBottle"],"potions_floor_usage":[10,10],"damage_taken":[{"damage":0,"enemies":"2 Louse","floor":1,"turns":1},{"damage":0,"enemies":"Gremlin Nob","floor":6,"turns":1},{"damage":0,"enemies":"Lagavulin","floor":8,"turns":2},{"damage":34,"enemies":"Gremlin Nob","floor":10,"turns":5}],"seed_played":"5662179208702029861","potions_obtained":[{"floor":1,"key":"SkillPotion"},{"floor":8,"key":"SkillPotion"}],"is_trial":false,"path_per_floor":["M","?","?","$","?","E","R","E","T","E"],"character_chosen":"THE_SILENT","items_purchased":["Well Laid Plans"],"campfire_rested":0,"item_purchase_floors":[4],"current_hp_per_floor":[59,59,59,59,48,48,48,48,48,14,14],"gold":186,"neow_bonus":"THREE_ENEMY_KILL","is_prod":false,"is_daily":false,"chose_seed":false,"campfire_upgraded":1,"win_rate":0,"timestamp":1607482471,"path_taken":["M","?","?","$","?","E","R","E","T","E"],"build_version":"2020-11-30","purchased_purges":0,"victory":false,"max_hp_per_floor":[66,66,61,61,61,61,61,61,61,61,61],"card_choices":[{"not_picked":["All Out Attack","Slice"],"picked":"Backflip","floor":1},{"not_picked":["Dagger Spray","Masterful Stab"],"picked":"Outmaneuver","floor":6},{"not_picked":["Prepared","Storm of Steel"],"picked":"Dash","floor":8}],"player_experience":226938,"relics_obtained":[{"floor":6,"key":"Letter Opener"},{"floor":8,"key":"War Paint"},{"floor":9,"key":"InkBottle"}],"event_choices":[{"cards_removed":["Defend_G"],"damage_healed":0,"gold_gain":0,"player_choice":"Forget","damage_taken":0,"max_hp_gain":0,"max_hp_loss":0,"event_name":"Living Wall","floor":2,"gold_loss":0},{"damage_healed":0,"gold_gain":0,"player_choice":"Lose Max HP","damage_taken":0,"relics_obtained":["Golden Idol"],"max_hp_gain":0,"max_hp_loss":5,"event_name":"Golden Idol","floor":3,"gold_loss":0},{"damage_healed":0,"gold_gain":75,"player_choice":"Gather Gold","damage_taken":11,"max_hp_gain":0,"max_hp_loss":0,"event_name":"World of Goop","floor":5,"gold_loss":0}],"is_beta":false,"boss_relics":[],"items_purged_floors":[],"is_endless":false,"potions_floor_spawned":[1,8],"killed_by":"Gremlin Nob","ascension_level":14}}