{"host":"hoz3ngw650fbea07","time":1607547503,"event":{"gold_per_floor":[109,109,135,135,163,198,224,224,253,32,32,46,46,46,46],"floor_reached":16,"playtime":758,"items_purged":[],"score":198,"play_id":"a57b1661-798a-4769-9966-2208dbbaf4be","local_time":"20201209135823","is_ascension_mode":true,"campfire_choices":[{"floor":10,"key":"REST"}],"neow_cost":"","seed_source_timestamp":2183005777278400,"circlet_count":0,"master_deck":["Strike_P","Strike_P","Strike_P+1","Defend_P","Defend_P","Defend_P","Defend_P","Eruption","Vigilance","Consecrate","FlurryOfBlows+1","MentalFortress","TalkToTheHand+1","PathToVictory","Prostrate","LessonLearned","Replay:Battleflow"],"relics":["PureWater","hubris:Teleporter","Gremlin Food","Shovel","StuffTheSpire:Experiment12","hubris:PeanutButter","ReplayFunnel","Art of War","hubris:EmptyBottle"],"potions_floor_usage":[],"damage_taken":[{"damage":0,"enemies":"2 Louse","floor":1,"turns":1},{"damage":17,"enemies":"3 Sentries","floor":6,"turns":6},{"damage":43,"enemies":"Gremlin Nob","floor":8,"turns":4},{"damage":0,"enemies":"3 Sentries","floor":11,"turns":5},{"damage":0,"enemies":"Jaw Worm","floor":14,"turns":6},{"damage":57,"enemies":"Fading Forest","floor":16,"turns":10}],"seed_played":"-853056452689614334","potions_obtained":[{"floor":1,"key":"SneckoOil"},{"floor":8,"key":"Strength Potion"}],"is_trial":false,"path_per_floor":["M","?","T","T","E","E","T","R","E","$","?","M","R","B"],"character_chosen":"WATCHER","items_purchased":["Prostrate","LessonLearned","hubris:EmptyBottle"],"campfire_rested":1,"item_purchase_floors":[12,12,12],"current_hp_per_floor":[72,72,72,72,55,12,12,33,33,33,36,36,36,0,0],"gold":46,"neow_bonus":"","is_prod":false,"is_daily":false,"chose_seed":false,"campfire_upgraded":0,"win_rate":0,"timestamp":1607547503,"path_taken":["M","?","?","?","E","E","T","R","E","$","?","M","R","BOSS"],"build_version":"2020-11-30","purchased_purges":0,"victory":false,"max_hp_per_floor":[72,72,72,72,72,72,72,72,72,72,75,75,75,75,75],"card_choices":[{"not_picked":["Replay:ManipulateFuture","Replay:DivineShield"],"picked":"Consecrate","floor":1},{"not_picked":["FollowUp","Replay:Anticipation"],"picked":"MentalFortress","floor":6},{"not_picked":["FearNoEvil","BowlingBash"],"picked":"TalkToTheHand","floor":8},{"not_picked":["Crescendo","JustLucky"],"picked":"PathToVictory","floor":11},{"not_picked":["WreathOfFlame","DeusExMachina"],"picked":"Replay:Battleflow","floor":14}],"player_experience":98991,"relics_obtained":[{"floor":3,"key":"Gremlin Food"},{"floor":4,"key":"Shovel"},{"floor":6,"key":"StuffTheSpire:Experiment12"},{"floor":8,"key":"hubris:PeanutButter"},{"floor":9,"key":"ReplayFunnel"},{"floor":11,"key":"Art of War"}],"event_choices":[],"is_beta":false,"boss_relics":[],"items_purged_floors":[],"is_endless":false,"potions_floor_spawned":[1,8],"killed_by":"Fading Forest","ascension_level":1}}