{"host":"0msxzbajcl1c78mb","time":1607485398,"event":{"gold_per_floor":[113,113,113,137,160,160,178,178,229,272,291,291,291],"floor_reached":12,"playtime":335,"items_purged":[],"score":104,"play_id":"0d5a126c-8dc7-43b0-9999-b5663b793a4b","local_time":"20201208224318","is_ascension_mode":true,"campfire_choices":[{"data":"Bandage Up","floor":6,"key":"SMITH"},{"data":"Neutralize","floor":8,"key":"SMITH"}],"neow_cost":"NONE","seed_source_timestamp":468296498538000,"circlet_count":0,"master_deck":["Strike_G","Strike_G","Strike_G","Strike_G","Strike_G","Defend_G","Defend_G+1","Defend_G+1","Defend_G","Defend_G","Survivor","Neutralize+1","Flying Knee","Bandage Up+1","Dagger Throw","Dodge and Roll","Well Laid Plans"],"relics":["Ring of the Snake","NeowsBlessing","Golden Idol","Art of War","War Paint"],"potions_floor_usage":[10],"damage_taken":[{"damage":0,"enemies":"2 Louse","floor":1,"turns":1},{"damage":0,"enemies":"Cultist","floor":4,"turns":1},{"damage":0,"enemies":"Small Slimes","floor":5,"turns":1},{"damage":12,"enemies":"Looter","floor":7,"turns":4},{"damage":32,"enemies":"Gremlin Nob","floor":10,"turns":6},{"damage":22,"enemies":"Large Slime","floor":11,"turns":9},{"damage":0,"enemies":"Lagavulin","floor":12,"turns":1}],"seed_played":"-4483627818945114811","potions_obtained":[{"floor":7,"key":"EssenceOfSteel"}],"is_trial":false,"path_per_floor":["M","?","?","M","M","R","M","R","T","E","M","E"],"character_chosen":"THE_SILENT","items_purchased":[],"campfire_rested":0,"item_purchase_floors":[],"current_hp_per_floor":[63,63,63,63,63,63,56,56,56,30,14,20,20],"gold":291,"neow_bonus":"THREE_ENEMY_KILL","is_prod":false,"is_daily":false,"chose_seed":false,"campfire_upgraded":2,"win_rate":0,"timestamp":1607485398,"path_taken":["M","?","?","M","?","R","?","R","T","E","M","E"],"build_version":"2020-11-30","purchased_purges":0,"victory":false,"max_hp_per_floor":[70,65,65,65,65,65,65,65,65,65,65,65,65],"relic_stats":{"counters":[7,23],"Golden Idol":27,"Art of War":[1],"War Paint":["Defend_G","Defend_G"],"obtain_stats":[{"NeowsBlessing":0,"Golden Idol":2,"Art of War":9,"War Paint":10,"Ring of the Snake":0},{"NeowsBlessing":0,"Golden Idol":1,"Art of War":4,"War Paint":5,"Ring of the Snake":0},{"NeowsBlessing":0,"Golden Idol":1,"Art of War":7,"War Paint":13,"Ring of the Snake":0}],"Ring of the Snake":[14]},"card_choices":[{"not_picked":["Deadly Poison","Slice"],"picked":"Flying Knee","floor":1},{"not_picked":["Slice","Prepared","Riddle With Holes"],"picked":"SKIP","floor":4},{"not_picked":["Cloak And Dagger","Heel Hook"],"picked":"Dagger Throw","floor":5},{"not_picked":["Prepared","Outmaneuver"],"picked":"Dodge and Roll","floor":7},{"not_picked":["Catalyst","Underhanded Strike","Tactician"],"picked":"SKIP","floor":10},{"not_picked":["Outmaneuver","Crippling Poison"],"picked":"Well Laid Plans","floor":11}],"player_experience":225472,"relics_obtained":[{"floor":9,"key":"Art of War"},{"floor":10,"key":"War Paint"}],"event_choices":[{"damage_healed":0,"gold_gain":0,"player_choice":"Lose Max HP","damage_taken":0,"relics_obtained":["Golden Idol"],"max_hp_gain":0,"max_hp_loss":5,"event_name":"Golden Idol","floor":2,"gold_loss":0},{"damage_healed":0,"gold_gain":0,"player_choice":"1 cards matched","damage_taken":0,"max_hp_gain":0,"max_hp_loss":0,"event_name":"Match and Keep!","floor":3,"gold_loss":0,"cards_obtained":["Bandage Up"]}],"is_beta":false,"boss_relics":[],"items_purged_floors":[],"is_endless":false,"potions_floor_spawned":[7],"killed_by":"Lagavulin","ascension_level":6}}