{"host":"9373kjg5yrouhim6","time":1607552699,"event":{"gold_per_floor":[117,46,46,61,80,80,93,110,149,163,197,43,43,56,56,155,155,175,194,207,207,234,234,15,15,15,49,59,59,79,119,119,222,222,246,279,312,362,362,105,129,129,172,172,233,233,276,276,276],"floor_reached":51,"playtime":2883,"items_purged":["Strike_G","Strike_G"],"score":1067,"play_id":"f1a12a98-9696-4766-970c-a034dbc91b33","local_time":"20201209172459","is_ascension_mode":true,"campfire_choices":[{"data":"Caltrops","floor":6,"key":"SMITH"},{"data":"Neutralize","floor":15,"key":"SMITH"},{"data":"A Thousand Cuts","floor":23,"key":"SMITH"},{"floor":25,"key":"REST"},{"data":"Cloak And Dagger","floor":32,"key":"SMITH"},{"data":"Blade Dance","floor":40,"key":"SMITH"},{"floor":45,"key":"REST"},{"data":"Survivor","floor":47,"key":"SMITH"},{"floor":49,"key":"REST"}],"neow_cost":"NONE","seed_source_timestamp":32166761158200,"circlet_count":0,"master_deck":["Strike_G","Strike_G","Strike_G","Defend_G","Defend_G","Defend_G","Defend_G","Defend_G","Survivor+1","Neutralize+1","Footwork+1","Cloak And Dagger+1","Caltrops+1","Blade Dance+1","A Thousand Cuts+1","Cloak And Dagger+1","Cloak And Dagger+1","Footwork+1"],"relics":["Ring of the Snake","aspiration:Nostalgia","Replay:M_StaffOfTheSnake","aspiration:HiddenCompartment","TungstenRod","Blue Doll","vexMod:BigBerry","hubris:Icosahedron","Red Mask","Sling","aspiration:SeaSaltIceCream","Centennial Puzzle","Snake Skull","Replay:Bottled Flurry","infinitespire:EvilPickle","hubris:Backtick","Shuriken","hubris:Teleporter","hubris:EmptyBottle","Pantograph","White Beast Statue","Akabeko"],"potions_floor_usage":[8,8,11,11,16,16,22,44,44,44,44,44,44,48,48,48,48,48,48,48,50,50,50,50,50,50,50,50,50,50,50],"damage_taken":[{"damage":0,"enemies":"Small Slimes","floor":1,"turns":4},{"damage":0,"enemies":"Cultist","floor":4,"turns":4},{"damage":0,"enemies":"2 Louse","floor":5,"turns":4},{"damage":16,"enemies":"Exordium Thugs","floor":7,"turns":7},{"damage":0,"enemies":"Gremlin Gang","floor":8,"turns":6},{"damage":0,"enemies":"Large Slime","floor":9,"turns":11},{"damage":10,"enemies":"Large Slime","floor":10,"turns":7},{"damage":12,"enemies":"Lagavulin","floor":11,"turns":8},{"damage":0,"enemies":"Looter","floor":14,"turns":3},{"damage":5,"enemies":"Hexaghost","floor":16,"turns":9},{"damage":1,"enemies":"3 Byrds","floor":18,"turns":3},{"damage":3,"enemies":"Shell Parasite","floor":19,"turns":6},{"damage":28,"enemies":"Snake Plant","floor":20,"turns":4},{"damage":28,"enemies":"Masked Bandits","floor":22,"turns":4},{"damage":2,"enemies":"Book of Stabbing","floor":27,"turns":6},{"damage":5,"enemies":"Centurion and Healer","floor":28,"turns":5},{"damage":1,"enemies":"Snecko","floor":30,"turns":5},{"damage":0,"enemies":"Shelled Parasite and Fungi","floor":31,"turns":6},{"damage":3,"enemies":"Pondfish","floor":33,"turns":9},{"damage":6,"enemies":"3 Darklings","floor":35,"turns":3},{"damage":0,"enemies":"3 Shapes","floor":36,"turns":3},{"damage":14,"enemies":"Jaw Worm Horde","floor":37,"turns":3},{"damage":0,"enemies":"Mind Bloom Boss Battle","floor":38,"turns":6},{"damage":12,"enemies":"Spire Growth","floor":42,"turns":4},{"damage":2,"enemies":"Reptomancer","floor":44,"turns":3},{"damage":0,"enemies":"Nemesis","floor":48,"turns":5},{"damage":2,"enemies":"Awakened One","floor":50,"turns":8}],"seed_played":"3122309892462762315","potions_obtained":[{"floor":3,"key":"LiquidBronze"},{"floor":3,"key":"DistilledChaos"},{"floor":3,"key":"Regen Potion"},{"floor":5,"key":"SkillPotion"},{"floor":7,"key":"DuplicationPotion"},{"floor":8,"key":"PowerPotion"},{"floor":10,"key":"Explosive Potion"},{"floor":11,"key":"Strength Potion"},{"floor":18,"key":"ColorlessPotion"},{"floor":30,"key":"Milkshake"},{"floor":33,"key":"Poison Potion"},{"floor":36,"key":"Fire Potion"},{"floor":46,"key":"EntropicBrew"},{"floor":46,"key":"BlessingOfTheForge"},{"floor":46,"key":"Block Potion"},{"floor":48,"key":"BlessingOfTheForge"}],"is_trial":false,"path_per_floor":["M","$","?","M","M","R","M","M","MIM","M","E","$","?","M","R","B",null,"M","M","M","?","?","R","$","R","T","E","M","$","M","MIM","R","B",null,"M","M","M","?","R","$","M","T","E","R","?","R","E","R","B",null],"character_chosen":"THE_SILENT","items_purchased":["Footwork+1","Blue Doll","Sling","hubris:EmptyBottle"],"campfire_rested":3,"item_purchase_floors":[2,12,24,41],"current_hp_per_floor":[70,70,70,70,70,70,54,69,69,59,47,47,47,47,47,42,100,99,96,68,68,40,40,40,70,70,68,63,63,62,62,62,59,100,94,94,80,80,80,80,68,68,66,96,72,72,72,100,98],"gold":276,"neow_bonus":"NOSTALGIA","is_prod":false,"is_daily":false,"chose_seed":false,"campfire_upgraded":6,"win_rate":0,"timestamp":1607552699,"path_taken":["M","$","?","M","?","R","M","M","MIM","M","E","$","?","M","R","BOSS","M","M","?","?","?","R","$","R","T","E","M","$","M","?","R","BOSS","M","M","M","?","R","$","M","T","E","R","?","R","E","R","BOSS"],"build_version":"2020-11-30","purchased_purges":2,"victory":true,"max_hp_per_floor":[70,70,70,70,70,70,70,70,70,70,70,70,70,70,70,70,100,100,100,100,100,100,100,100,100,100,100,100,100,100,100,100,100,100,100,100,100,100,100,100,100,100,100,100,100,100,100,100,100],"card_choices":[{"not_picked":["Sucker Punch","SashWhip","Backflip"],"picked":"SKIP","floor":1},{"not_picked":["Finisher","hubris:TrickCloak"],"picked":"Cloak And Dagger","floor":4},{"not_picked":["Deadly Poison","Dagger Throw"],"picked":"Caltrops","floor":5},{"not_picked":["Prepared","Heel Hook","ReplayTheSpireMod:Exploit Weakness"],"picked":"SKIP","floor":7},{"not_picked":["WaveOfTheHand","Terror","Poisoned Stab"],"picked":"SKIP","floor":8},{"not_picked":["Atom Bomb","Dodge and Roll"],"picked":"Blade Dance","floor":10},{"not_picked":["Prepared","Poisoned Stab","Expertise"],"picked":"SKIP","floor":11},{"not_picked":["Unload","Deflect","Bane"],"picked":"SKIP","floor":14},{"not_picked":["ReplayTheSpireMod:From All Sides","infinitespire:Neurotoxin"],"picked":"A Thousand Cuts","floor":16},{"not_picked":["Sucker Punch","Underhanded Strike","Slice"],"picked":"SKIP","floor":18},{"not_picked":["Wraith Form v2","Quick Slash","Deflect"],"picked":"SKIP","floor":19},{"not_picked":["Dash+1","Hidden Blade"],"picked":"Cloak And Dagger+1","floor":20},{"not_picked":["Acrobatics","Underhanded Strike"],"picked":"Cloak And Dagger","floor":27},{"not_picked":["conspire:PoisonWeapons+1","Finisher+1","Sucker Punch"],"picked":"SKIP","floor":28},{"not_picked":["Backflip","Slice","Well Laid Plans+1"],"picked":"SKIP","floor":30},{"not_picked":["Noxious Fumes+1","Poisoned Stab","Quick Slash"],"picked":"SKIP","floor":35},{"not_picked":["Hidden Blade","Deflect","ReplayTheSpireMod:Necrosis"],"picked":"SKIP","floor":36},{"not_picked":["Hidden Blade+1","Choke+1","Dagger Spray"],"picked":"SKIP","floor":37},{"not_picked":["Replay:Poison Smokescreen+1","Flechettes+1","Hidden Blade+1"],"picked":"SKIP","floor":42},{"not_picked":["infinitespire:Neurotoxin","ReplayTheSpireMod:Shiv Toss+1"],"picked":"Footwork+1","floor":44},{"not_picked":["Calculated Gamble","Endless Agony+1","Poisoned Stab+1"],"picked":"SKIP","floor":48}],"player_experience":223039,"relics_obtained":[{"floor":9,"key":"aspiration:HiddenCompartment"},{"floor":11,"key":"TungstenRod"},{"floor":22,"key":"Red Mask"},{"floor":26,"key":"aspiration:SeaSaltIceCream"},{"floor":27,"key":"Snake Skull"},{"floor":31,"key":"Replay:Bottled Flurry"},{"floor":38,"key":"hubris:Teleporter"},{"floor":43,"key":"Pantograph"},{"floor":44,"key":"White Beast Statue"},{"floor":48,"key":"Akabeko"}],"event_choices":[{"damage_healed":0,"gold_gain":0,"player_choice":"Got Potions","damage_taken":0,"max_hp_gain":0,"max_hp_loss":0,"event_name":"Lab","floor":3,"gold_loss":0},{"damage_healed":0,"gold_gain":0,"player_choice":"Upgraded","damage_taken":0,"max_hp_gain":0,"max_hp_loss":0,"event_name":"Upgrade Shrine","floor":13,"gold_loss":0,"cards_upgraded":["Cloak And Dagger"]},{"damage_healed":0,"gold_gain":0,"player_choice":"Fought Bandits","damage_taken":0,"max_hp_gain":0,"max_hp_loss":0,"event_name":"Masked Bandits","floor":22,"gold_loss":0},{"damage_healed":0,"gold_gain":0,"player_choice":"Fight","damage_taken":0,"max_hp_gain":0,"max_hp_loss":0,"event_name":"MindBloom","floor":38,"gold_loss":0}],"is_beta":false,"boss_relics":[{"not_picked":["Snecko Scales","vexMod:MegatonBomb"],"picked":"vexMod:BigBerry"},{"not_picked":["Black Star","Replay:Drink Me"],"picked":"hubris:Backtick"}],"items_purged_floors":[24,41],"is_endless":false,"potions_floor_spawned":[5,7,8,10,11,18,30,33,36,38,48],"ascension_level":2}}