{"host":"q9718omregw4er46","time":1607531118,"event":{"gold_per_floor":[114,14,14,14,28,61,61,89,89,89,89,105,136,136,136,234,234,250,205,226,249,263,263,296,308,388,400,412,448,475,521,533,641,653,690,718,750,762,774,786,829,841,877,913,943,995,1028,930,942,954,966,978,4,40,40,40],"floor_reached":55,"playtime":2110,"items_purged":["Strike_P"],"score":1612,"play_id":"a964dea1-16bc-4980-a52d-68edbb9443a3","local_time":"20201209212518","is_ascension_mode":true,"campfire_choices":[{"data":"Blasphemy","floor":7.0,"key":"SMITH"},{"data":"Consecrate","floor":11.0,"key":"SMITH"},{"data":"Meditate","floor":15.0,"key":"SMITH"},{"data":"LikeWater","floor":23.0,"key":"SMITH"},{"data":"MentalFortress","floor":25.0,"key":"SMITH"},{"data":"Adaptation","floor":27.0,"key":"SMITH"},{"data":"Establishment","floor":32.0,"key":"SMITH"},{"floor":40.0,"key":"REST"},{"floor":42.0,"key":"RECALL"},{"floor":49.0,"key":"REST"},{"floor":52,"key":"REST"}],"neow_cost":"NONE","seed_source_timestamp":43750750653971,"circlet_count":0,"master_deck":["AscendersBane","Defend_P","Eruption","Vigilance","Consecrate+1","EmptyFist+1","Blasphemy+1","Meditate+1","CutThroughFate","Establishment+1","Weave+1","Consecrate+1","SignatureMove+1","MentalFortress+1","LikeWater+1","Adaptation+1","DevaForm","Tantrum","InnerPeace+1","CutThroughFate+1","Evaluate+1","SpiritShield+1","Omniscience","Meditate"],"special_seed":0,"relics":["PureWater","NeowsBlessing","Mummified Hand","Juzu Bracelet","Ornamental Fan","Meat on the Bone","Gremlin Horn","Golden Idol","Astrolabe","MawBank","CaptainsWheel","Fusion Hammer","The Courier","Bag of Preparation","Bottled Lightning","Sundial","Strawberry","Art of War","Pen Nib","Turnip","Blue Candle"],"potions_floor_usage":[54,55],"damage_taken":[{"damage":0.0,"enemies":"Cultist","floor":1.0,"turns":1.0},{"damage":0.0,"enemies":"2 Louse","floor":5.0,"turns":1.0},{"damage":0.0,"enemies":"3 Sentries","floor":6.0,"turns":2.0},{"damage":2.0,"enemies":"Lagavulin","floor":8.0,"turns":5.0},{"damage":0.0,"enemies":"Small Slimes","floor":12.0,"turns":2.0},{"damage":10.0,"enemies":"3 Sentries","floor":13.0,"turns":5.0},{"damage":20.0,"enemies":"The Guardian","floor":16.0,"turns":12.0},{"damage":0.0,"enemies":"Spheric Guardian","floor":18.0,"turns":2.0},{"damage":22.0,"enemies":"Shell Parasite","floor":20.0,"turns":3.0},{"damage":0.0,"enemies":"Snecko","floor":21.0,"turns":2.0},{"damage":15.0,"enemies":"Snake Plant","floor":22.0,"turns":3.0},{"damage":0.0,"enemies":"Gremlin Leader","floor":24.0,"turns":3.0},{"damage":0.0,"enemies":"Sentry and Sphere","floor":29.0,"turns":2.0},{"damage":0.0,"enemies":"Snecko","floor":30.0,"turns":3.0},{"damage":14.0,"enemies":"Book of Stabbing","floor":31.0,"turns":4.0},{"damage":14.0,"enemies":"Collector","floor":33.0,"turns":5.0},{"damage":2.0,"enemies":"3 Shapes","floor":35.0,"turns":3.0},{"damage":23.0,"enemies":"3 Darklings","floor":36.0,"turns":4.0},{"damage":6.0,"enemies":"Spire Growth","floor":37.0,"turns":3.0},{"damage":4.0,"enemies":"Nemesis","floor":41.0,"turns":3.0},{"damage":34.0,"enemies":"Writhing Mass","floor":44.0,"turns":5.0},{"damage":2.0,"enemies":"Maw","floor":45.0,"turns":4.0},{"damage":0.0,"enemies":"Reptomancer","floor":46.0,"turns":3.0},{"damage":0.0,"enemies":"Spire Growth","floor":47.0,"turns":2.0},{"damage":23,"enemies":"Donu and Deca","floor":50,"turns":7},{"damage":69,"enemies":"Shield and Spear","floor":54,"turns":7},{"damage":66,"enemies":"The Heart","floor":55,"turns":2}],"seed_played":"4978486962752553455","potions_obtained":[{"floor":6.0,"key":"Swift Potion"},{"floor":8.0,"key":"PowerPotion"},{"floor":16.0,"key":"BlessingOfTheForge"},{"floor":24.0,"key":"SkillPotion"},{"floor":29.0,"key":"LiquidMemories"},{"floor":36.0,"key":"Explosive Potion"},{"floor":47.0,"key":"Fire Potion"}],"is_trial":false,"path_per_floor":["M","$","T","?","M","E","R","E","T","?","R","M","E","?","R","B",null,"M","$","M","M","M","R","E","R","T","R","?","M","M","E","R","B",null,"M","M","M","?","?","R","E","R","T","M","M","E","M","?","R","B",null,"R","$","E","B"],"character_chosen":"WATCHER","items_purchased":["EmptyFist","MentalFortress","Omniscience","Sundial","Strawberry","Art of War","Pen Nib","Turnip","Energy Potion","Meditate"],"campfire_rested":3,"item_purchase_floors":[2,19,53,53,53,53,53,53,53,53],"current_hp_per_floor":[61,61,61,61,61,61,61,59,59,59,59,59,49,26,26,18,56,56,56,46,46,43,43,43,43,43,43,43,43,43,41,41,39,61,59,36,42,42,42,62,58,58,58,36,46,46,46,46,66,43,62,68,75,18,0,0],"gold":40,"neow_bonus":"THREE_ENEMY_KILL","is_prod":false,"is_daily":false,"chose_seed":false,"campfire_upgraded":7,"win_rate":0,"timestamp":1607531118,"path_taken":["M","$","?","?","?","E","R","E","T","?","R","M","E","?","R","BOSS","M","$","M","M","M","R","E","R","T","R","?","M","M","E","R","BOSS","M","M","M","?","?","R","E","R","T","M","M","E","M","?","R","BOSS","R","$","E","BOSS"],"build_version":"2020-11-30","purchased_purges":1,"victory":false,"max_hp_per_floor":[68,68,68,68,68,68,68,68,68,68,68,68,68,68,68,68,68,68,68,68,68,68,68,68,68,68,68,68,68,68,68,68,68,68,68,68,68,68,68,68,68,68,68,68,68,68,68,68,68,68,68,68,75,75,75,75],"relic_stats":{"Gremlin Horn":[19,19],"counters":[27,98],"Golden Idol":141,"Astrolabe":["Weave","Consecrate","SignatureMove"],"Blue Candle":[0],"Pen Nib":[2],"Juzu Bracelet":1,"Bag of Preparation":[14],"MawBank":348,"Mummified Hand":[94],"Ornamental Fan":[272],"Sundial":[2],"Turnip":[2],"Art of War":[1],"obtain_stats":[{"NeowsBlessing":0,"Gremlin Horn":13,"Golden Idol":14,"Astrolabe":17,"Blue Candle":54,"The Courier":41,"Pen Nib":53,"Juzu Bracelet":6,"Bag of Preparation":43,"MawBank":24,"CaptainsWheel":31,"Mummified Hand":3,"Ornamental Fan":8,"Sundial":53,"Strawberry":53,"Fusion Hammer":34,"Turnip":53,"Art of War":53,"Bottled Lightning":46,"PureWater":0,"Meat on the Bone":9},{"NeowsBlessing":0,"Gremlin Horn":6,"Golden Idol":6,"Astrolabe":7,"Blue Candle":26,"The Courier":20,"Pen Nib":25,"Juzu Bracelet":3,"Bag of Preparation":20,"MawBank":12,"CaptainsWheel":15,"Mummified Hand":1,"Ornamental Fan":4,"Sundial":25,"Strawberry":25,"Fusion Hammer":16,"Turnip":25,"Art of War":25,"Bottled Lightning":23,"PureWater":0,"Meat on the Bone":4},{"NeowsBlessing":0,"Gremlin Horn":16,"Golden Idol":16,"Astrolabe":28,"Blue Candle":96,"The Courier":68,"Pen Nib":89,"Juzu Bracelet":4,"Bag of Preparation":68,"MawBank":41,"CaptainsWheel":50,"Mummified Hand":1,"Ornamental Fan":9,"Sundial":89,"Strawberry":89,"Fusion Hammer":55,"Turnip":89,"Art of War":89,"Bottled Lightning":80,"PureWater":0,"Meat on the Bone":9}],"Meat on the Bone":108},"card_choices":[{"not_picked":["JustLucky","LikeWater"],"picked":"Consecrate","floor":1.0},{"not_picked":["PathToVictory","EmptyBody","CutThroughFate"],"picked":"SKIP","floor":5.0},{"not_picked":["PathToVictory","EmptyBody","CutThroughFate"],"picked":"SKIP","floor":5.0},{"not_picked":["Brilliance","Protect"],"picked":"Blasphemy","floor":6.0},{"not_picked":["JustLucky","EmptyFist","EmptyBody"],"picked":"SKIP","floor":8.0},{"not_picked":["Consecrate","FollowUp"],"picked":"Meditate","floor":12.0},{"not_picked":["Crescendo","Wireheading"],"picked":"CutThroughFate","floor":13.0},{"not_picked":["ConjureBlade","Judgement"],"picked":"Establishment","floor":16.0},{"not_picked":["JustLucky","Consecrate","Nirvana"],"picked":"SKIP","floor":18.0},{"not_picked":["CutThroughFate","SashWhip"],"picked":"LikeWater","floor":20.0},{"not_picked":["Study","Protect"],"picked":"Adaptation","floor":21.0},{"not_picked":["CutThroughFate","FollowUp","JustLucky"],"picked":"SKIP","floor":22.0},{"not_picked":["FollowUp","Prostrate"],"picked":"DevaForm","floor":24.0},{"not_picked":["CrushJoints","ClearTheMind","Protect"],"picked":"SKIP","floor":29.0},{"not_picked":["Evaluate","JustLucky","CrushJoints"],"picked":"SKIP","floor":30.0},{"not_picked":["ClearTheMind","Prostrate"],"picked":"Tantrum","floor":31.0},{"not_picked":["Consecrate","FollowUp+1","Indignation"],"picked":"SKIP","floor":35.0},{"not_picked":["DeceiveReality","Halt","FearNoEvil"],"picked":"SKIP","floor":36.0},{"not_picked":["SashWhip","Tantrum","Worship"],"picked":"SKIP","floor":37.0},{"not_picked":["Halt","Prostrate"],"picked":"InnerPeace+1","floor":41.0},{"not_picked":["Prostrate+1","FlurryOfBlows"],"picked":"CutThroughFate+1","floor":44.0},{"not_picked":["BowlingBash","PathToVictory"],"picked":"Evaluate+1","floor":45.0},{"not_picked":["SignatureMove+1","ForeignInfluence"],"picked":"SpiritShield","floor":46.0},{"not_picked":["BowlingBash+1","FlurryOfBlows","PathToVictory"],"picked":"SKIP","floor":47.0},{"not_picked":["WreathOfFlame","EmptyBody","JustLucky+1"],"picked":"SKIP","floor":54}],"player_experience":977412,"relics_obtained":[{"floor":3.0,"key":"Mummified Hand"},{"floor":6.0,"key":"Juzu Bracelet"},{"floor":8.0,"key":"Ornamental Fan"},{"floor":9.0,"key":"Meat on the Bone"},{"floor":13.0,"key":"Gremlin Horn"},{"floor":24.0,"key":"MawBank"},{"floor":31.0,"key":"CaptainsWheel"},{"floor":41.0,"key":"The Courier"},{"floor":43.0,"key":"Bag of Preparation"},{"floor":46.0,"key":"Bottled Lightning"},{"floor":54,"key":"Blue Candle"}],"event_choices":[{"damage_healed":0.0,"max_hp_gain":0.0,"max_hp_loss":0.0,"gold_gain":0.0,"event_name":"Upgrade Shrine","player_choice":"Upgraded","floor":4.0,"gold_loss":0.0,"damage_taken":0.0,"cards_upgraded":["EmptyFist"]},{"cards_removed":["Strike_P"],"damage_healed":0.0,"max_hp_gain":0.0,"max_hp_loss":0.0,"gold_gain":0.0,"event_name":"Purifier","player_choice":"Purged","floor":10.0,"gold_loss":0.0,"damage_taken":0.0},{"damage_healed":0.0,"max_hp_gain":0.0,"max_hp_loss":0.0,"gold_gain":0.0,"event_name":"Golden Idol","player_choice":"Take Damage","floor":14.0,"gold_loss":0.0,"damage_taken":23.0,"relics_obtained":["Golden Idol"]},{"damage_healed":0.0,"max_hp_gain":0.0,"max_hp_loss":0.0,"gold_gain":0.0,"event_name":"The Mausoleum","player_choice":"Ignored","floor":28.0,"gold_loss":0.0,"damage_taken":0.0},{"damage_healed":0.0,"max_hp_gain":0.0,"max_hp_loss":0.0,"gold_gain":0.0,"event_name":"Tomb of Lord Red Mask","player_choice":"Ignored","floor":38.0,"gold_loss":0.0,"damage_taken":0.0},{"cards_removed":["Defend_P"],"damage_healed":0.0,"max_hp_gain":0.0,"max_hp_loss":0.0,"gold_gain":0.0,"event_name":"Falling","player_choice":"Removed Skill","floor":39.0,"gold_loss":0.0,"damage_taken":0.0},{"cards_removed":["Defend_P"],"damage_healed":0.0,"max_hp_gain":0.0,"max_hp_loss":0.0,"gold_gain":0.0,"event_name":"Designer","player_choice":"Upgrade and Remove","floor":48.0,"gold_loss":110.0,"damage_taken":0.0,"cards_upgraded":["SpiritShield"]}],"is_beta":false,"boss_relics":[{"not_picked":["Ectoplasm","SacredBark"],"picked":"Astrolabe"},{"not_picked":["Busted Crown","Coffee Dripper"],"picked":"Fusion Hammer"}],"items_purged_floors":[2],"is_endless":false,"potions_floor_spawned":[6,8,16,22,24,29,36,45,47],"killed_by":"The Heart","ascension_level":18}}