{"host":"y3h3n3f7seyagppx","time":1607541159,"event":{"gold_per_floor":[118,144,166,15,15,40,40,69,93,93,111,140,159,172,172,172,172],"floor_reached":16,"playtime":1609,"items_purged":[],"score":240,"play_id":"2c0a03b9-b9a8-4d3e-985f-42cc6f10b573","local_time":"20201209141239","is_ascension_mode":true,"campfire_choices":[{"data":"Eruption","floor":7.0,"key":"SMITH"},{"floor":10.0,"key":"REST"},{"data":"Vigilance","floor":15.0,"key":"SMITH"}],"neow_cost":"NONE","seed_source_timestamp":1238951103051800,"circlet_count":0,"master_deck":["AscendersBane","Strike_P","Strike_P","Strike_P","Strike_P","Defend_P","Defend_P","Defend_P","Eruption+1","Vigilance+1","FlurryOfBlows","FlurryOfBlows","JustLucky","EmptyFist","FlurryOfBlows","Wireheading","Wish"],"special_seed":0,"relics":["SacredBark","MawBank","Dream Catcher","Toy Ornithopter","Nunchaku","MealTicket","Ancient Tea Set"],"potions_floor_usage":[16],"damage_taken":[{"damage":7.0,"enemies":"Cultist","floor":1.0,"turns":4.0},{"damage":0.0,"enemies":"Jaw Worm","floor":3.0,"turns":4.0},{"damage":15.0,"enemies":"3 Sentries","floor":6.0,"turns":3.0},{"damage":20.0,"enemies":"Lagavulin","floor":8.0,"turns":6.0},{"damage":0.0,"enemies":"Small Slimes","floor":11.0,"turns":2.0},{"damage":13.0,"enemies":"3 Sentries","floor":12.0,"turns":7.0},{"damage":12.0,"enemies":"2 Fungi Beasts","floor":13.0,"turns":2.0},{"damage":9.0,"enemies":"Exordium Wildlife","floor":14.0,"turns":4.0},{"damage":13,"enemies":"Hexaghost","floor":16,"turns":9}],"seed_played":"5254858341583794858","potions_obtained":[{"floor":3.0,"key":"Explosive Potion"},{"floor":8.0,"key":"ColorlessPotion"},{"floor":11.0,"key":"SkillPotion"}],"is_trial":false,"path_per_floor":["M","T","M","$","?","E","R","E","T","R","M","E","M","M","R","B"],"character_chosen":"WATCHER","items_purchased":["Dream Catcher"],"campfire_rested":1,"item_purchase_floors":[4],"current_hp_per_floor":[54,54,54,54,47,32,32,12,12,32,32,24,12,3,3,0,0],"gold":172,"neow_bonus":"BOSS_RELIC","is_prod":false,"is_daily":false,"chose_seed":false,"campfire_upgraded":2,"win_rate":0,"timestamp":1607541159,"path_taken":["M","?","M","$","?","E","R","E","T","R","M","E","M","M","R","BOSS"],"build_version":"2020-11-30","purchased_purges":0,"victory":false,"max_hp_per_floor":[68,68,68,68,68,68,68,68,68,68,68,68,68,68,68,68,68],"relic_stats":{"Dream Catcher":1,"Nunchaku":[8],"counters":[9,41],"MealTicket":0,"MawBank":24,"obtain_stats":[{"Dream Catcher":4,"Nunchaku":8,"SacredBark":0,"MealTicket":9,"PureWater":0,"MawBank":2,"Ancient Tea Set":12,"Toy Ornithopter":6},{"Dream Catcher":2,"Nunchaku":4,"SacredBark":0,"MealTicket":4,"PureWater":0,"MawBank":1,"Ancient Tea Set":6,"Toy Ornithopter":3},{"Dream Catcher":8,"Nunchaku":17,"SacredBark":0,"MealTicket":17,"PureWater":0,"MawBank":4,"Ancient Tea Set":26,"Toy Ornithopter":11}],"Toy Ornithopter":10},"card_choices":[{"not_picked":["ThirdEye","Crescendo"],"picked":"FlurryOfBlows","floor":1.0},{"not_picked":["JustLucky","ThirdEye"],"picked":"FlurryOfBlows","floor":3.0},{"not_picked":["Prostrate","Study","SashWhip"],"picked":"SKIP","floor":6.0},{"not_picked":["Prostrate","Study","SashWhip"],"picked":"SKIP","floor":6.0},{"not_picked":["Devotion","Weave"],"picked":"JustLucky","floor":8.0},{"not_picked":["LikeWater","WindmillStrike"],"picked":"EmptyFist","floor":10.0},{"not_picked":["Halt","ReachHeaven"],"picked":"FlurryOfBlows","floor":11.0},{"not_picked":["Vengeance","WindmillStrike"],"picked":"Wireheading","floor":12.0},{"not_picked":["Collect","Fasting2","Protect"],"picked":"SKIP","floor":13.0},{"not_picked":["PathToVictory","Crescendo"],"picked":"Wish","floor":14.0}],"player_experience":19870490,"relics_obtained":[{"floor":2.0,"key":"MawBank"},{"floor":6.0,"key":"Toy Ornithopter"},{"floor":8.0,"key":"Nunchaku"},{"floor":9.0,"key":"MealTicket"},{"floor":12.0,"key":"Ancient Tea Set"}],"event_choices":[{"cards_removed":["Defend_P"],"damage_healed":0.0,"max_hp_gain":0.0,"max_hp_loss":0.0,"gold_gain":0.0,"event_name":"Golden Wing","player_choice":"Card Removal","floor":5.0,"gold_loss":0.0,"damage_taken":7.0}],"is_beta":false,"boss_relics":[],"items_purged_floors":[],"is_endless":false,"potions_floor_spawned":[3,8,11],"killed_by":"Hexaghost","ascension_level":20}}