{"host":"lyzyr6cv4ove76ms","time":1607474279,"event":{"gold_per_floor":[119,130,148,161,173,198,198,198,244,24,3,14,47,66,66,164,214,234,234,234,63,78,78,108,108,108,134,144,69,99,199,199,301,301,316,316,55,70,83,83,112,130,130,159,159,0,0,17,17,17,17,17,17,43,43,43],"floor_reached":55,"playtime":4713,"items_purged":[],"score":807,"play_id":"01817341-802d-4d03-9069-559e039f8ef5","local_time":"20201209013759","is_ascension_mode":true,"campfire_choices":[{"floor":7.0,"key":"REST"},{"data":"A Thousand Cuts","floor":15.0,"key":"SMITH"},{"data":"Apotheosis","floor":23.0,"key":"SMITH"},{"floor":25.0,"key":"REST"},{"data":"Terror","floor":32,"key":"SMITH"},{"floor":40,"key":"RECALL"},{"floor":45,"key":"REST"},{"data":"After Image","floor":49,"key":"SMITH"},{"data":"Backstab","floor":52,"key":"SMITH"}],"neow_cost":"NONE","seed_source_timestamp":0,"circlet_count":0,"master_deck":["Strike_G","Strike_G","Strike_G","Defend_G","Defend_G","Defend_G+1","Defend_G","Survivor+1","Neutralize","Cloak And Dagger","Backstab+1","Infinite Blades","Cloak And Dagger+1","Die Die Die","A Thousand Cuts+1","Malaise+1","Leg Sweep","Apotheosis+1","Terror+1","Infinite Blades+1","Cloak And Dagger+1","After Image+1"],"special_seed":0,"relics":["Empty Cage","Omamori","Bronze Scales","Chemical X","White Beast Statue","Tiny House","Centennial Puzzle","War Paint","Pantograph","Smiling Mask","Bird Faced Urn","Pear","WristBlade","Singing Bowl","InkBottle","Ninja Scroll","Sundial","Red Mask","Eternal Feather"],"potions_floor_usage":[31,31,31,33,39,41,42,44,50,55],"damage_taken":[{"damage":1.0,"enemies":"Cultist","floor":1.0,"turns":4.0},{"damage":0.0,"enemies":"Jaw Worm","floor":2.0,"turns":4.0},{"damage":0.0,"enemies":"2 Louse","floor":3.0,"turns":3.0},{"damage":1.0,"enemies":"Blue Slaver","floor":4.0,"turns":5.0},{"damage":8.0,"enemies":"Red Slaver","floor":5.0,"turns":5.0},{"damage":30.0,"enemies":"Lagavulin","floor":6.0,"turns":8.0},{"damage":3.0,"enemies":"Large Slime","floor":12.0,"turns":5.0},{"damage":12.0,"enemies":"3 Sentries","floor":13.0,"turns":5.0},{"damage":6.0,"enemies":"2 Fungi Beasts","floor":14.0,"turns":2.0},{"damage":23.0,"enemies":"The Guardian","floor":16.0,"turns":10.0},{"damage":8.0,"enemies":"Shell Parasite","floor":18.0,"turns":5.0},{"damage":0.0,"enemies":"3 Byrds","floor":22.0,"turns":3.0},{"damage":17.0,"enemies":"Slavers","floor":24.0,"turns":4.0},{"damage":2.0,"enemies":"Book of Stabbing","floor":27.0,"turns":6.0},{"damage":3.0,"enemies":"Snecko","floor":28.0,"turns":4.0},{"damage":2.0,"enemies":"Gremlin Leader","floor":30.0,"turns":5.0},{"damage":26,"enemies":"Colosseum Slavers","floor":31,"turns":5},{"damage":12,"enemies":"Colosseum Nobs","floor":31,"turns":4},{"damage":63,"enemies":"Champ","floor":33,"turns":14},{"damage":7,"enemies":"Orb Walker","floor":35,"turns":3},{"damage":3,"enemies":"3 Shapes","floor":38,"turns":4},{"damage":5,"enemies":"Maw","floor":39,"turns":6},{"damage":25,"enemies":"Reptomancer","floor":41,"turns":5},{"damage":3,"enemies":"Writhing Mass","floor":42,"turns":5},{"damage":21,"enemies":"Nemesis","floor":44,"turns":7},{"damage":3,"enemies":"4 Shapes","floor":48,"turns":4},{"damage":39,"enemies":"Awakened One","floor":50,"turns":12},{"damage":17,"enemies":"Shield and Spear","floor":54,"turns":7},{"damage":178,"enemies":"The Heart","floor":55,"turns":11}],"seed_played":"3013527935059519070","potions_obtained":[{"floor":2.0,"key":"DistilledChaos"},{"floor":4.0,"key":"Strength Potion"},{"floor":6.0,"key":"SteroidPotion"},{"floor":14.0,"key":"BlessingOfTheForge"},{"floor":24.0,"key":"Regen Potion"},{"floor":27.0,"key":"Explosive Potion"},{"floor":28.0,"key":"Explosive Potion"},{"floor":30.0,"key":"Regen Potion"},{"floor":31,"key":"FearPotion"},{"floor":33,"key":"Ancient Potion"},{"floor":35,"key":"Energy Potion"},{"floor":38,"key":"FairyPotion"},{"floor":39,"key":"Swift Potion"},{"floor":41,"key":"SneckoOil"},{"floor":42,"key":"BlessingOfTheForge"},{"floor":44,"key":"BlessingOfTheForge"},{"floor":48,"key":"BlessingOfTheForge"},{"floor":54,"key":"FairyPotion"}],"is_trial":false,"path_per_floor":["M","M","M","M","M","E","R","?","T","$","?","M","E","M","R","B",null,"M","?","?","$","M","R","E","R","T","E","M","?","E","?","R","B",null,"M","?","$","M","M","R","E","M","T","E","R","?","T","M","R","B",null,"R","$","E","B"],"character_chosen":"THE_SILENT","items_purchased":["Die Die Die","Chemical X","Apotheosis","Singing Bowl"],"campfire_rested":3,"item_purchase_floors":[10,10,21,37],"current_hp_per_floor":[69,69,69,68,60,30,51,68,68,68,68,65,53,47,47,24,75,67,67,67,67,67,67,50,72,72,70,67,67,65,63,63,24,85,82,82,82,85,86,86,71,78,78,67,95,95,95,97,97,60,97,97,97,84,0,0],"gold":43,"neow_bonus":"BOSS_RELIC","is_prod":false,"is_daily":false,"chose_seed":false,"campfire_upgraded":5,"win_rate":0,"timestamp":1607474279,"path_taken":["M","M","M","M","M","E","R","?","T","$","?","M","E","M","R","BOSS","M","?","?","$","M","R","E","R","T","E","?","?","E","?","R","BOSS","M","?","$","M","M","R","E","?","T","E","R","?","?","M","R","BOSS","R","$","E","BOSS"],"build_version":"2020-11-30","purchased_purges":0,"victory":false,"max_hp_per_floor":[70,70,70,70,70,70,70,70,70,70,70,70,70,70,70,70,75,75,75,75,75,75,75,75,75,75,75,75,75,75,85,85,85,85,85,85,85,87,89,89,91,93,93,95,95,95,95,97,97,97,97,97,97,99,99,99],"card_choices":[{"not_picked":["Slice","Quick Slash","Bane"],"picked":"SKIP","floor":1.0},{"not_picked":["Dagger Spray","Quick Slash"],"picked":"Cloak And Dagger","floor":2.0},{"not_picked":["Dagger Spray","Bane","Distraction"],"picked":"SKIP","floor":3.0},{"not_picked":["Outmaneuver","Deadly Poison"],"picked":"Backstab","floor":4.0},{"not_picked":["Deadly Poison","Caltrops"],"picked":"Infinite Blades","floor":5.0},{"not_picked":["Acrobatics","Setup"],"picked":"Cloak And Dagger","floor":6.0},{"not_picked":["Caltrops","Calculated Gamble"],"picked":"A Thousand Cuts","floor":12.0},{"not_picked":["Flying Knee","Skewer","Bane"],"picked":"SKIP","floor":13.0},{"not_picked":["Choke","PiercingWail","Deadly Poison"],"picked":"SKIP","floor":14.0},{"not_picked":["Night Terror","Glass Knife"],"picked":"Malaise","floor":16.0},{"not_picked":["Poisoned Stab","Well Laid Plans","Dagger Spray+1"],"picked":"SKIP","floor":18.0},{"not_picked":["Dash","Dagger Spray"],"picked":"Terror","floor":22.0},{"not_picked":["Dagger Throw","Underhanded Strike","Sucker Punch+1"],"picked":"SKIP","floor":24.0},{"not_picked":["Deadly Poison","Dagger Spray"],"picked":"Infinite Blades+1","floor":27.0},{"not_picked":["Outmaneuver","Finisher+1","Deadly Poison"],"picked":"SKIP","floor":28.0},{"not_picked":["Flying Knee","Dodge and Roll","Bullet Time"],"picked":"SKIP","floor":30.0},{"not_picked":["Riddle With Holes","Slice+1"],"picked":"Cloak And Dagger+1","floor":31},{"not_picked":["Die Die Die","Bullet Time"],"picked":"After Image","floor":33},{"not_picked":["Backflip+1","Deadly Poison","PiercingWail"],"picked":"SKIP","floor":35},{"not_picked":["Choke+1","Dagger Throw","Sucker Punch"],"picked":"Singing Bowl","floor":38},{"not_picked":["Flying Knee+1","Underhanded Strike+1","Acrobatics+1"],"picked":"Singing Bowl","floor":39},{"not_picked":["Prepared+1","Reflex+1","Endless Agony+1"],"picked":"Singing Bowl","floor":41},{"not_picked":["PiercingWail","Deadly Poison+1","Dagger Spray"],"picked":"Singing Bowl","floor":42},{"not_picked":["Endless Agony","Calculated Gamble","All Out Attack"],"picked":"Singing Bowl","floor":44},{"not_picked":["Eviscerate","Acrobatics","Tactician"],"picked":"Singing Bowl","floor":48},{"not_picked":["PiercingWail","Prepared+1","Slice+1"],"picked":"Singing Bowl","floor":54}],"player_experience":554865,"relics_obtained":[{"floor":6.0,"key":"Omamori"},{"floor":9.0,"key":"Bronze Scales"},{"floor":13.0,"key":"White Beast Statue"},{"floor":24.0,"key":"Centennial Puzzle"},{"floor":26.0,"key":"War Paint"},{"floor":27.0,"key":"Pantograph"},{"floor":30.0,"key":"Smiling Mask"},{"floor":31,"key":"Bird Faced Urn"},{"floor":31,"key":"Pear"},{"floor":41,"key":"InkBottle"},{"floor":43,"key":"Ninja Scroll"},{"floor":44,"key":"Sundial"},{"floor":54,"key":"Eternal Feather"}],"event_choices":[{"damage_healed":17.0,"max_hp_gain":0.0,"max_hp_loss":0.0,"gold_gain":0.0,"event_name":"Mushrooms","player_choice":"Healed and dodged fight","floor":8.0,"gold_loss":0.0,"damage_taken":0.0,"cards_obtained":["Parasite"]},{"damage_healed":0.0,"max_hp_gain":0.0,"max_hp_loss":0.0,"gold_gain":0.0,"event_name":"World of Goop","player_choice":"Left Gold","floor":11.0,"gold_loss":21.0,"damage_taken":0.0},{"damage_healed":0.0,"max_hp_gain":0.0,"max_hp_loss":0.0,"gold_gain":0.0,"event_name":"The Library","player_choice":"Read","floor":19.0,"gold_loss":0.0,"damage_taken":0.0,"cards_obtained":["Leg Sweep"]},{"damage_healed":0.0,"max_hp_gain":0.0,"max_hp_loss":0.0,"gold_gain":0.0,"event_name":"Upgrade Shrine","player_choice":"Upgraded","floor":20.0,"gold_loss":0.0,"damage_taken":0.0,"cards_upgraded":["Malaise"]},{"cards_removed":["Strike_G"],"damage_healed":0.0,"max_hp_gain":0.0,"max_hp_loss":0.0,"gold_gain":0.0,"event_name":"Beggar","player_choice":"Gave Gold","floor":29.0,"gold_loss":75.0,"damage_taken":0.0},{"damage_healed":0,"gold_gain":0,"player_choice":"Fight","damage_taken":0,"max_hp_gain":0,"max_hp_loss":0,"event_name":"Colosseum","floor":31,"gold_loss":0},{"damage_healed":0,"gold_gain":0,"player_choice":"Fought Nobs","damage_taken":0,"max_hp_gain":0,"max_hp_loss":0,"event_name":"Colosseum","floor":31,"gold_loss":0},{"damage_healed":0,"gold_gain":0,"player_choice":"Ignored","damage_taken":0,"max_hp_gain":0,"max_hp_loss":0,"event_name":"NoteForYourself","floor":36,"gold_loss":0},{"damage_healed":0,"gold_gain":0,"player_choice":"Paid","damage_taken":0,"relics_obtained":["Red Mask"],"max_hp_gain":0,"max_hp_loss":0,"event_name":"Tomb of Lord Red Mask","floor":46,"gold_loss":159}],"is_beta":false,"boss_relics":[{"not_picked":["SlaversCollar","Philosopher\u0027s Stone"],"picked":"Tiny House"},{"not_picked":["Fusion Hammer","Pandora\u0027s Box"],"picked":"WristBlade"}],"items_purged_floors":[],"is_endless":false,"potions_floor_spawned":[2,4,6,14,16,18,22,24,27,28,30,31,31,33,35,38,39,41,42,44,48,54],"killed_by":"The Heart","ascension_level":1}}