{"host":"d7qmn60fs48wu5y6","time":1607551221,"event":{"gold_per_floor":[109,109,13,24,44,44,75,75,75,104,114,141,141,159,159,260,260,280,42,53,53,66,97,97,97,97,97,112,37,37,64,64,160,160,177,190,9,59,59,93,93,104,104,23,23,374,3,22,22,22,22,22,22,22,22],"floor_reached":54,"playtime":2223,"items_purged":["Strike_B","Strike_B","Strike_B"],"score":861,"play_id":"81f50ada-3d6a-4e8f-8a36-8656d1bba586","local_time":"20201209140021","is_ascension_mode":true,"campfire_choices":[{"data":"Blind","floor":6,"key":"SMITH"},{"data":"Glacier","floor":8,"key":"SMITH"},{"data":"Zap","floor":13,"key":"SMITH"},{"data":"Conserve Battery","floor":15,"key":"SMITH"},{"floor":24,"key":"RECALL"},{"data":"Coolheaded","floor":32,"key":"SMITH"},{"data":"Conserve Battery","floor":41,"key":"SMITH"},{"data":"Biased Cognition","floor":45,"key":"SMITH"},{"data":"Electrodynamics","floor":49,"key":"SMITH"},{"data":"Conserve Battery","floor":52,"key":"SMITH"}],"neow_cost":"NONE","seed_source_timestamp":450317971618900,"circlet_count":0,"master_deck":["Strike_B","Defend_B","Defend_B","Defend_B","Defend_B","Zap+1","Dualcast+1","Biased Cognition+1","Conserve Battery+1","Conserve Battery+1","BootSequence","Blind+1","Conserve Battery+1","Doom and Gloom","Glacier+1","Coolheaded+1","Electrodynamics+1","Self Repair","CurseOfTheBell","Ball Lightning","Loop+1","Tempest","Loop+1","Coolheaded","Buffer+1","expansioncontent:Chronoboost+1","expansioncontent:CaCaw+1","Self Repair+1","Loop+1","expansioncontent:DefensiveMode+1","Buffer+1","Multi-Cast+1"],"relics":["Cracked Core","Eternal Feather","Centennial Puzzle","Thread and Needle","Calling Bell","Anchor","Frozen Egg 2","Calipers","Mummified Hand","Shuriken","Meat on the Bone","Art of War","Black Star","Incense Burner","Toxic Egg 2","Regal Pillow","Blue Candle","Old Coin","DollysMirror"],"potions_floor_usage":[46,46],"damage_taken":[{"damage":6,"enemies":"Jaw Worm","floor":1,"turns":3},{"damage":0,"enemies":"Cultist","floor":4,"turns":3},{"damage":7,"enemies":"2 Louse","floor":5,"turns":3},{"damage":18,"enemies":"Lagavulin","floor":7,"turns":8},{"damage":21,"enemies":"Gremlin Nob","floor":10,"turns":6},{"damage":0,"enemies":"Large Slime","floor":11,"turns":5},{"damage":7,"enemies":"3 Sentries","floor":12,"turns":5},{"damage":0,"enemies":"3 Louse","floor":14,"turns":3},{"damage":25,"enemies":"Hexaghost","floor":16,"turns":13},{"damage":0,"enemies":"2 Thieves","floor":18,"turns":5},{"damage":0,"enemies":"Shell Parasite","floor":20,"turns":6},{"damage":0,"enemies":"Centurion and Healer","floor":22,"turns":3},{"damage":19,"enemies":"Gremlin Leader","floor":23,"turns":7},{"damage":4,"enemies":"Snake Plant","floor":28,"turns":3},{"damage":0,"enemies":"Book of Stabbing","floor":31,"turns":6},{"damage":20,"enemies":"Champ","floor":33,"turns":12},{"damage":9,"enemies":"Orb Walker","floor":35,"turns":4},{"damage":0,"enemies":"3 Shapes","floor":36,"turns":3},{"damage":22,"enemies":"Mind Bloom Boss Battle","floor":38,"turns":9},{"damage":48,"enemies":"Reptomancer","floor":40,"turns":6},{"damage":24,"enemies":"Writhing Mass","floor":42,"turns":5},{"damage":11,"enemies":"2 Orb Walkers","floor":46,"turns":5},{"damage":0,"enemies":"Spire Growth","floor":48,"turns":5},{"damage":1,"enemies":"Donu and Deca","floor":50,"turns":11},{"damage":79,"enemies":"Shield and Spear","floor":54,"turns":8}],"seed_played":"-3278231613046552950","potions_obtained":[{"floor":1,"key":"SteroidPotion"},{"floor":5,"key":"SpeedPotion"},{"floor":12,"key":"DistilledChaos"},{"floor":23,"key":"FocusPotion"},{"floor":28,"key":"FocusPotion"},{"floor":31,"key":"PotionOfCapacity"},{"floor":40,"key":"Regen Potion"},{"floor":48,"key":"LiquidMemories"}],"is_trial":false,"path_per_floor":["M","?","$","M","M","R","E","R","T","E","M","E","R","M","R","B",null,"M","$","M","?","M","E","R","?","T","?","M","$","?","E","R","B",null,"M","M","$","?","?","E","R","M","T","$","R","?","$","M","R","B",null,"R","$","E"],"character_chosen":"DEFECT","items_purchased":["Blind","Mummified Hand","expansioncontent:Chronoboost+1","Loop+1","expansioncontent:DefensiveMode+1","DollysMirror"],"campfire_rested":0,"item_purchase_floors":[3,19,37,44,47,47],"current_hp_per_floor":[69,69,69,69,62,62,44,53,53,32,32,25,37,44,56,38,75,75,75,75,75,75,63,75,75,75,75,75,75,75,75,75,62,75,73,75,75,60,60,31,46,41,41,41,59,75,75,75,75,75,75,75,75,0,0],"gold":22,"neow_bonus":"ONE_RANDOM_RARE_CARD","is_prod":false,"is_daily":false,"chose_seed":false,"campfire_upgraded":9,"win_rate":0,"timestamp":1607551221,"path_taken":["M","?","$","M","?","R","E","R","T","E","M","E","R","M","R","BOSS","M","?","M","?","M","E","R","?","T","?","?","$","?","E","R","BOSS","M","M","$","?","?","E","R","M","T","$","R","?","$","M","R","BOSS","R","$","E"],"build_version":"2020-11-30","purchased_purges":3,"victory":false,"max_hp_per_floor":[75,75,75,75,75,75,75,75,75,75,75,75,75,75,75,75,75,75,75,75,75,75,75,75,75,75,75,75,75,75,75,75,75,75,75,75,75,75,75,75,75,75,75,75,75,75,75,75,75,75,75,75,75,75,75],"card_choices":[{"not_picked":["BootSequence","Gash"],"picked":"Conserve Battery","floor":1},{"not_picked":["Go for the Eyes","Coolheaded"],"picked":"Conserve Battery","floor":4},{"not_picked":["Stack","Leap"],"picked":"Doom and Gloom","floor":5},{"not_picked":["Blizzard","Reinforced Body"],"picked":"Glacier","floor":7},{"not_picked":["Cold Snap","Stack"],"picked":"Coolheaded","floor":10},{"not_picked":["Barrage","Darkness"],"picked":"Electrodynamics","floor":11},{"not_picked":["Cold Snap","Conserve Battery"],"picked":"Self Repair","floor":12},{"not_picked":["Barrage","Streamline","Sweeping Beam"],"picked":"SKIP","floor":14},{"not_picked":["Redo","Beam Cell"],"picked":"Ball Lightning","floor":18},{"not_picked":["Recycle","Sweeping Beam","Rebound"],"picked":"SKIP","floor":20},{"not_picked":["Coolheaded+1","Doom and Gloom"],"picked":"Loop+1","floor":22},{"not_picked":["Coolheaded","Redo"],"picked":"Tempest","floor":23},{"not_picked":["Hello World+1","Gash+1"],"picked":"Loop+1","floor":28},{"not_picked":["Biased Cognition+1","BootSequence+1"],"picked":"Coolheaded","floor":31},{"not_picked":["Meteor Strike","Fission"],"picked":"Buffer+1","floor":33},{"not_picked":["Sunder","Auto Shields+1","Compile Driver"],"picked":"SKIP","floor":35},{"not_picked":["Redo","Chaos+1","Streamline+1"],"picked":"SKIP","floor":36},{"not_picked":["Secret Weapon","expansioncontent:StudyTheSpire+1"],"picked":"expansioncontent:CaCaw+1","floor":39},{"not_picked":["Redo+1","Cold Snap+1","Hologram+1"],"picked":"SKIP","floor":40},{"not_picked":["BootSequence+1","Melter+1"],"picked":"Self Repair+1","floor":42},{"not_picked":["Turbo+1","Redo+1"],"picked":"Multi-Cast+1","floor":48}],"player_experience":818487,"relics_obtained":[{"floor":7,"key":"Eternal Feather"},{"floor":10,"key":"Centennial Puzzle"},{"floor":12,"key":"Thread and Needle"},{"floor":17,"key":"Anchor"},{"floor":17,"key":"Frozen Egg 2"},{"floor":17,"key":"Calipers"},{"floor":23,"key":"Shuriken"},{"floor":26,"key":"Meat on the Bone"},{"floor":31,"key":"Art of War"},{"floor":38,"key":"Incense Burner"},{"floor":40,"key":"Toxic Egg 2"},{"floor":40,"key":"Regal Pillow"},{"floor":43,"key":"Blue Candle"},{"floor":46,"key":"Old Coin"}],"event_choices":[{"damage_healed":0,"gold_gain":0,"player_choice":"2 cards matched","damage_taken":0,"max_hp_gain":0,"max_hp_loss":0,"event_name":"Match and Keep!","floor":2,"gold_loss":0,"cards_obtained":["Conserve Battery","BootSequence"]},{"damage_healed":0,"gold_gain":0,"player_choice":"Ignored","damage_taken":0,"max_hp_gain":0,"max_hp_loss":0,"event_name":"Ghosts","floor":21,"gold_loss":0},{"damage_healed":0,"gold_gain":0,"player_choice":"Ignored","damage_taken":0,"max_hp_gain":0,"max_hp_loss":0,"event_name":"Vampires","floor":25,"gold_loss":0},{"damage_healed":0,"gold_gain":0,"player_choice":"Forge","damage_taken":0,"max_hp_gain":0,"max_hp_loss":0,"event_name":"Accursed Blacksmith","floor":27,"gold_loss":0,"cards_upgraded":["Dualcast"]},{"damage_healed":0,"gold_gain":0,"player_choice":"Fight","damage_taken":0,"max_hp_gain":0,"max_hp_loss":0,"event_name":"MindBloom","floor":38,"gold_loss":0},{"damage_healed":0,"gold_gain":0,"player_choice":"Memory 1","damage_taken":0,"max_hp_gain":0,"max_hp_loss":0,"event_name":"SensoryStone","floor":39,"gold_loss":0},{"damage_healed":0,"gold_gain":0,"player_choice":"Fight","damage_taken":0,"max_hp_gain":0,"max_hp_loss":0,"event_name":"Mysterious Sphere","floor":46,"gold_loss":0}],"is_beta":false,"boss_relics":[{"not_picked":["Runic Dome","Philosopher\u0027s Stone"],"picked":"Calling Bell"},{"not_picked":["Runic Pyramid","Pandora\u0027s Box"],"picked":"Black Star"}],"items_purged_floors":[29,37,47],"is_endless":false,"potions_floor_spawned":[1,5,12,16,18,23,28,31,38,40,42,48],"killed_by":"Shield and Spear","ascension_level":1}}