{"host":"csp9nt53rootlkah","time":1607497887,"event":{"gold_per_floor":[18,37,37,49,49,75,89,89,89,119,119,136,162,190,190,292,292,302,377,302,302,302],"floor_reached":21,"playtime":943,"items_purged":["ShootingEcho"],"score":259,"play_id":"e94a5f24-9973-405b-bd15-b5b8798bf096","local_time":"20201209151127","is_ascension_mode":true,"campfire_choices":[{"data":"FinalSpark","floor":8.0,"key":"SMITH"},{"data":"PropBag","floor":11.0,"key":"SMITH"},{"data":"MachineGunSpark","floor":15.0,"key":"SMITH"}],"neow_cost":"NO_GOLD","seed_source_timestamp":154221688663300,"circlet_count":0,"master_deck":["MasterSpark","UpSweep","MagicAbsorber","FinalSpark+1","PowerUp","PropBag+1","DoubleSpark","MachineGunSpark+1","SprinkleStarSeal","Singularity","DC","AbsoluteMagnitude","SprinkleStarSeal","CasketOfStar","Singularity"],"special_seed":0,"relics":["MiniHakkero","Orichalcum","Question Card","WingedGreaves","Ancient Tea Set","Singing Bowl","Pandora\u0027s Box"],"potions_floor_usage":[],"damage_taken":[{"damage":0.0,"enemies":"Cultist","floor":1.0,"turns":3.0},{"damage":0.0,"enemies":"2 Louse","floor":2.0,"turns":3.0},{"damage":2.0,"enemies":"Jaw Worm","floor":4.0,"turns":3.0},{"damage":10.0,"enemies":"Gremlin Nob","floor":6.0,"turns":3.0},{"damage":3.0,"enemies":"Blue Slaver","floor":7.0,"turns":3.0},{"damage":16.0,"enemies":"3 Sentries","floor":10.0,"turns":4.0},{"damage":0.0,"enemies":"Exordium Wildlife","floor":12.0,"turns":2.0},{"damage":10.0,"enemies":"Lagavulin","floor":13.0,"turns":6.0},{"damage":9.0,"enemies":"Gremlin Nob","floor":14.0,"turns":3.0},{"damage":12.0,"enemies":"Hexaghost","floor":16.0,"turns":8.0},{"damage":36.0,"enemies":"2 Thieves","floor":18.0,"turns":4.0},{"damage":0,"enemies":"3 Byrds","floor":21,"turns":1}],"seed_played":"-5493443618651101060","potions_obtained":[{"floor":6.0,"key":"Energy Potion"},{"floor":7.0,"key":"DistilledChaos"},{"floor":12.0,"key":"LiquidBronze"},{"floor":13.0,"key":"Energy Potion"},{"floor":14.0,"key":"AttackPotion"},{"floor":16.0,"key":"EssenceOfSteel"}],"is_trial":false,"path_per_floor":["M","M","$","M","?","E","M","R","T","E","R","M","E","E","R","B",null,"M","?","$","M"],"character_chosen":"MARISA","items_purchased":[],"campfire_rested":0,"item_purchase_floors":[],"current_hp_per_floor":[75,75,75,73,78,68,65,65,65,49,49,49,39,32,32,22,69,35,27,27,27,27],"gold":302,"neow_bonus":"TRANSFORM_TWO_CARDS","is_prod":false,"is_daily":false,"chose_seed":false,"campfire_upgraded":3,"win_rate":0,"timestamp":1607497887,"path_taken":["M","?","$","M","?","E","M","R","T","E","R","M","E","E","R","BOSS","M","?","$","?"],"build_version":"2020-11-30","purchased_purges":1,"victory":false,"max_hp_per_floor":[75,75,75,75,80,80,80,80,80,80,80,80,80,82,82,84,84,86,86,86,86,86],"card_choices":[{"not_picked":["IllusionStar","AsteroidBelt"],"picked":"PowerUp","floor":1.0},{"not_picked":["NonDirectionalLaser","DoubleSpark"],"picked":"PropBag","floor":2.0},{"not_picked":["FairyDestructionRay","SuperPerseids"],"picked":"DoubleSpark","floor":4.0},{"not_picked":["DeepEcoloBomb","RefractionSpark"],"picked":"MachineGunSpark","floor":6.0},{"not_picked":["EnergyFlow","IllusionStar"],"picked":"SprinkleStarSeal","floor":7.0},{"not_picked":["AbsoluteMagnitude","NonDirectionalLaser","WitchLeyline","PulseMagic"],"picked":"SKIP","floor":10.0},{"not_picked":["MagicAbsorber","StarBarrage","IllusionStar"],"picked":"Singularity","floor":12.0},{"not_picked":["UnstableBomb","SuperPerseids","MaximisePower","GravityBeat"],"picked":"SKIP","floor":13.0},{"not_picked":["UnstableBomb","SuperPerseids","MaximisePower","GravityBeat"],"picked":"SKIP","floor":13.0},{"not_picked":["AsteroidBelt","GravityBeat","ShootingEcho","GrandCross"],"picked":"Singing Bowl","floor":14.0},{"not_picked":["BlazingStar","SuperNova","MillisecondPulsars","BigCrunch"],"picked":"Singing Bowl","floor":16.0},{"not_picked":["WitchOfGreed","MysteriousBeam","AsteroidBelt+1","SprinkleStarSeal"],"picked":"Singing Bowl","floor":18.0}],"player_experience":142837,"relics_obtained":[{"floor":6.0,"key":"Orichalcum"},{"floor":9.0,"key":"Question Card"},{"floor":10.0,"key":"WingedGreaves"},{"floor":13.0,"key":"Ancient Tea Set"},{"floor":14.0,"key":"Singing Bowl"}],"event_choices":[{"damage_healed":0.0,"max_hp_gain":5.0,"max_hp_loss":0.0,"gold_gain":0.0,"event_name":"Big Fish","player_choice":"Donut","floor":5.0,"gold_loss":0.0,"damage_taken":0.0},{"damage_healed":0.0,"max_hp_gain":0.0,"max_hp_loss":0.0,"gold_gain":75.0,"event_name":"FaceTrader","player_choice":"Touch","floor":19.0,"gold_loss":0.0,"damage_taken":8.0}],"is_beta":false,"boss_relics":[{"not_picked":["Fusion Hammer","Ectoplasm"],"picked":"Pandora\u0027s Box"}],"items_purged_floors":[20],"is_endless":false,"potions_floor_spawned":[6,7,12,13,14,16],"killed_by":"3 Byrds","ascension_level":5}}