{"host":"w6ebodudjlk2jwu4","time":1607480294,"event":{"gold_per_floor":[113,128,144,144,159,192,209,209,209,226,236,236,236,236,297,316,316,413,413,428,444,190,209,209,241,241,272,272,272,322,354,404,423,423,423,423],"floor_reached":35,"playtime":4655,"items_purged":[],"score":346,"play_id":"7b8d3e7e-542e-4d21-8348-56c5771df516","local_time":"20201208181814","is_ascension_mode":false,"campfire_choices":[{"floor":8,"key":"REST"},{"data":"Clothesline","floor":17,"key":"SMITH"},{"floor":26,"key":"REST"},{"floor":29,"key":"REST"},{"data":"Armaments","floor":34,"key":"SMITH"}],"neow_cost":"","seed_source_timestamp":2169135964896100,"circlet_count":0,"master_deck":["Strike_R","Strike_R","Strike_R","Strike_R","Strike_R","Defend_R","Defend_R","Defend_R","Defend_R","Bash","Shrug It Off","infinitespire:OneForAll+1","Clothesline+1","Headbutt","Anger","Whirlwind","ReplayTheSpireMod:Stacked","Cleave","Impervious","ReplayTheSpireMod:Limb From Limb","Juggernaut","Anger+1","Body Slam","Armaments+1","Iron Wave","Dropkick","Replay:Fractal Strike","Dual Wield+1","ReplayTheSpireMod:Corrosion Curse+1","Pot Of Greed","Pot Of Greed","Pot Of Greed","ReplayTheSpireMod:Stacked","Delirium","Iron Wave+1"],"special_seed":0,"relics":["Burning Blood","Replay:Baseball","Strawberry","SsserpentHead","Honey Jar","ClockworkSouvenir","Girya","infinitespire:Lucky Rock","Ginger","MutagenicStrength","Grinning Jar","ReplayTheSpireMod:Ring of Exchange","Ring of Hypnosis"],"potions_floor_usage":[10,18,23,33,35],"damage_taken":[{"damage":2.0,"enemies":"Small Slimes","floor":1.0,"turns":4.0},{"damage":0,"enemies":"2 Louse","floor":2,"turns":3},{"damage":0,"enemies":"Cultist","floor":3,"turns":5},{"damage":4,"enemies":"Looter","floor":5,"turns":4},{"damage":38,"enemies":"Lagavulin","floor":6,"turns":10},{"damage":13,"enemies":"2 Fungi Beasts","floor":7,"turns":3},{"damage":13,"enemies":"Exordium Wildlife","floor":10,"turns":4},{"damage":3,"enemies":"Large Slime","floor":11,"turns":5},{"damage":25,"enemies":"Gremlin Gang","floor":15,"turns":4},{"damage":7,"enemies":"Blue Slaver","floor":16,"turns":3},{"damage":54,"enemies":"The Guardian","floor":18,"turns":13},{"damage":17,"enemies":"2 Thieves","floor":20,"turns":3},{"damage":12,"enemies":"Shell Parasite","floor":21,"turns":6},{"damage":19,"enemies":"Shelled Parasite and Fungi","floor":23,"turns":6},{"damage":19,"enemies":"Nightmare","floor":25,"turns":7},{"damage":50,"enemies":"Book of Stabbing","floor":27,"turns":6},{"damage":3,"enemies":"HollowMod:Nosk","floor":31,"turns":6},{"damage":4,"enemies":"Centurion and Healer","floor":33,"turns":6},{"damage":77,"enemies":"Champ","floor":35,"turns":13}],"seed_played":"-6776644735894119018","potions_obtained":[{"floor":5,"key":"infinitespire:BlackPotion"},{"floor":6,"key":"ColorlessPotion"},{"floor":7,"key":"Strength Potion"},{"floor":16,"key":"Fruit Juice"},{"floor":18,"key":"blueLaboratory:EntrenchedPotion"},{"floor":20,"key":"Strength Potion"},{"floor":23,"key":"blueLaboratory:AbyssPotion"},{"floor":27,"key":"blueLaboratory:PolymorphPotion"},{"floor":31,"key":"LifebloodPotion"}],"is_trial":false,"path_per_floor":["M","M","M","?","M","E","M","R","T","M","M","?","PTL","PTL","M","M","R_BF","B",null,"M","M","$","M","AVR","NM","R","E","T","R","?","E","?","M","R","B"],"character_chosen":"IRONCLAD","items_purchased":["ClockworkSouvenir","Armaments","Iron Wave"],"campfire_rested":3,"item_purchase_floors":[22,22,22],"current_hp_per_floor":[80,80,80,80,80,48,41,65,72,75,78,78,78,78,59,58,58,15,92,81,75,75,62,62,49,76,32,32,59,59,62,62,64,64,0,0],"gold":423,"neow_bonus":"","is_prod":false,"is_daily":false,"chose_seed":false,"campfire_upgraded":2,"win_rate":0.0,"timestamp":1607480294,"path_taken":["M","M","M","?","M","E","M","R","T","M","M","?","PTL","PTL","?","M","R_BF","BOSS","M","M","$","M","AVR","NM","R","E","T","R","?","E","?","M","R","BOSS"],"build_version":"2020-11-30","purchased_purges":0,"victory":false,"max_hp_per_floor":[80,80,80,80,80,80,80,80,87,87,87,87,87,87,87,87,87,92,92,92,92,92,92,92,92,92,92,92,92,92,92,92,92,92,92,92],"relic_stats":{"SsserpentHead":150,"counters":[19,111],"Ginger":[6],"obtain_stats":[{"Girya":25,"ReplayTheSpireMod:Ring of Exchange":32,"Ring of Hypnosis":32,"infinitespire:Lucky Rock":27,"Ginger":28,"Burning Blood":0,"ClockworkSouvenir":22,"SsserpentHead":12,"Replay:Baseball":6,"Strawberry":9,"MutagenicStrength":30,"Honey Jar":19,"Grinning Jar":31},{"Girya":15,"ReplayTheSpireMod:Ring of Exchange":17,"Ring of Hypnosis":17,"infinitespire:Lucky Rock":16,"Ginger":16,"Burning Blood":0,"ClockworkSouvenir":13,"SsserpentHead":8,"Replay:Baseball":5,"Strawberry":6,"MutagenicStrength":16,"Honey Jar":11,"Grinning Jar":17},{"Girya":80,"ReplayTheSpireMod:Ring of Exchange":92,"Ring of Hypnosis":92,"infinitespire:Lucky Rock":86,"Ginger":86,"Burning Blood":0,"ClockworkSouvenir":67,"SsserpentHead":38,"Replay:Baseball":26,"Strawberry":29,"MutagenicStrength":86,"Honey Jar":58,"Grinning Jar":92}],"Burning Blood":90},"card_choices":[{"not_picked":["Body Slam","Sword Boomerang"],"picked":"Shrug It Off","floor":1.0},{"not_picked":["Anger","Second Wind"],"picked":"infinitespire:OneForAll","floor":2},{"not_picked":["ReplayReversal","Flex"],"picked":"Clothesline","floor":3},{"not_picked":["Pommel Strike","Massacre"],"picked":"Headbutt","floor":5},{"not_picked":["Thunderclap","ReplayTheSpireMod:LeadingStrike"],"picked":"Anger","floor":6},{"not_picked":["Perfected Strike","ReplayTheSpireMod:Strike From Hell"],"picked":"Whirlwind","floor":7},{"not_picked":["Searing Blow","Dual Wield"],"picked":"ReplayTheSpireMod:Stacked","floor":10},{"not_picked":["Defy Death","ReplayTheSpireMod:Corrosion Curse"],"picked":"Cleave","floor":11},{"not_picked":["Shrug It Off","Metallicize"],"picked":"Impervious","floor":15},{"not_picked":["Shrug It Off","Dark Embrace"],"picked":"ReplayTheSpireMod:Limb From Limb","floor":16},{"not_picked":["Barricade","Corruption"],"picked":"Juggernaut","floor":18},{"not_picked":["ReplayTheSpireMod:Strike From Hell","Perfected Strike","Second Wind+1"],"picked":"Anger+1","floor":20},{"not_picked":["Run Through","Feel No Pain","Twin Strike"],"picked":"Body Slam","floor":21},{"not_picked":["Thunderclap","ReplayReversal","Headbutt"],"picked":"Dropkick","floor":23},{"not_picked":["infinitespire:FinalStrike","infinitespire:TheBestDefense"],"picked":"Replay:Fractal Strike","floor":25},{"not_picked":["Rupture","ReplayTheSpireMod:Strike From Hell","Bludgeon"],"picked":"Dual Wield+1","floor":25},{"not_picked":["Pummel","Twin Strike","Juggernaut"],"picked":"ReplayTheSpireMod:Corrosion Curse+1","floor":27},{"not_picked":["Cleave+1","Anger","Bludgeon"],"picked":"ReplayTheSpireMod:Stacked","floor":31},{"not_picked":["ReplayTheSpireMod:Strike From Hell","Sever Soul","Replay:Undeath\u0027s Touch"],"picked":"Iron Wave+1","floor":33}],"player_experience":0,"relics_obtained":[{"floor":6,"key":"Replay:Baseball"},{"floor":9,"key":"Strawberry"},{"floor":25,"key":"Girya"},{"floor":27,"key":"infinitespire:Lucky Rock"},{"floor":28,"key":"Ginger"},{"floor":31,"key":"Grinning Jar"},{"floor":32,"key":"ReplayTheSpireMod:Ring of Exchange"},{"floor":32,"key":"Ring of Hypnosis"}],"event_choices":[{"damage_healed":0,"gold_gain":0,"player_choice":"Grow","damage_taken":0,"max_hp_gain":0,"max_hp_loss":0,"event_name":"Living Wall","floor":4,"gold_loss":0,"cards_upgraded":["infinitespire:OneForAll"]},{"damage_healed":0,"gold_gain":0,"player_choice":"Trade","damage_taken":0,"relics_obtained":["SsserpentHead"],"max_hp_gain":0,"max_hp_loss":0,"event_name":"FaceTrader","floor":12,"gold_loss":0},{"damage_healed":0,"gold_gain":0,"player_choice":"Inject Mutagens","damage_taken":0,"relics_obtained":["MutagenicStrength"],"max_hp_gain":0,"max_hp_loss":0,"event_name":"Drug Dealer","floor":30,"gold_loss":0}],"is_beta":false,"boss_relics":[{"not_picked":["Black Blood","construct:ClawGrip"],"picked":"Honey Jar"}],"items_purged_floors":[],"is_endless":false,"potions_floor_spawned":[5,6,7,16,18,20,23,27,31],"killed_by":"Champ","ascension_level":0}}