{"host":"i9wanet4r0ff4t9y","time":1607503512,"event":{"gold_per_floor":[111,131,131,187,187,187,187,197,197,43,62,62,62,28,40,40,40,85,85],"floor_reached":18,"playtime":1285,"items_purged":[],"score":152,"play_id":"35c0c22b-7406-4a60-9933-38f8d39eb6b2","local_time":"20201209094512","is_ascension_mode":false,"campfire_choices":[{"floor":6,"key":"REST"},{"floor":17,"key":"REST"}],"neow_cost":"","seed_source_timestamp":7151724351978,"circlet_count":0,"master_deck":["Strike_Br","Strike_Br","Strike_Br","Strike_Br","Defend_Br","Defend_Br","Defend_Br","Defend_Br","SecondHand","PatternShift","LockedWarPaint","WakeUpCall","DaylightSavings","Hallucinations","LockedBlood","Regret","Pain","OldTimer","Pot Of Greed","Pot Of Greed","Parity","Engulf+1","ResonantCall"],"relics":["Chronometer","PreservedInsect","Ring of Fangs","ReplayTheSpireMod:Ring of Challenge","Durian","WarpedTongs","Meat on the Bone","Grinning Jar"],"potions_floor_usage":[11],"damage_taken":[{"damage":2,"enemies":"Jaw Worm","floor":1,"turns":6},{"damage":0,"enemies":"Small Slimes","floor":2,"turns":5},{"damage":38,"enemies":"Cultist","floor":4,"turns":7},{"damage":25,"enemies":"Red Slaver","floor":8,"turns":8},{"damage":2,"enemies":"3 Louse","floor":11,"turns":3},{"damage":31,"enemies":"Large Slime","floor":15,"turns":13},{"damage":60,"enemies":"Fading Forest","floor":18,"turns":6}],"seed_played":"6456826299811359467","potions_obtained":[{"floor":4,"key":"Explosive Potion"},{"floor":15,"key":"Energy Potion"}],"is_trial":false,"path_per_floor":["M","M","?","M","?","R","?","M","T","$","M","PTL","PTL","$","M","$","R","B"],"character_chosen":"CHRONO_CLASS","items_purchased":["PreservedInsect","LockedWarPaint","Grinning Jar","Engulf+1"],"campfire_rested":2,"item_purchase_floors":[0,0,10,14],"current_hp_per_floor":[56,56,56,24,29,50,50,31,31,31,41,41,41,41,28,28,49,0,0],"gold":85,"neow_bonus":"","is_prod":false,"is_daily":false,"chose_seed":false,"campfire_upgraded":0,"win_rate":0.0,"timestamp":1607503512,"path_taken":["M","M","?","M","?","R","?","?","T","?","M","PTL","PTL","$","M","$","R","BOSS"],"build_version":"2020-11-30","purchased_purges":0,"victory":false,"max_hp_per_floor":[65,65,65,65,70,70,70,70,70,70,70,70,70,70,70,70,70,70,70],"relic_stats":{"counters":[22,131],"PreservedInsect":0,"obtain_stats":[{"Gremlin Food":26,"StoneCalendar":0,"PreservedInsect":0,"Replay:Ancient Bell":17,"White Beast Statue":9,"WarpedTongs":7,"Replay:Baseball":24,"Matryoshka":32,"Ring of Fangs":3,"FaceOfCleric":14,"Chronometer":0,"Garlic":17,"Durian":17,"Replay:Wax Seal":17,"ReplayTheSpireMod:Ring of Challenge":3,"Grinning Jar":10,"Meat on the Bone":9},{"Gremlin Food":11,"StoneCalendar":0,"PreservedInsect":15,"Replay:Ancient Bell":8,"White Beast Statue":5,"WarpedTongs":18,"Replay:Baseball":11,"Matryoshka":14,"Ring of Fangs":17,"FaceOfCleric":7,"Chronometer":0,"Garlic":8,"Durian":8,"Replay:Wax Seal":8,"ReplayTheSpireMod:Ring of Challenge":17,"Grinning Jar":19,"Meat on the Bone":19},{"Gremlin Food":54,"StoneCalendar":0,"PreservedInsect":83,"Replay:Ancient Bell":39,"White Beast Statue":18,"WarpedTongs":101,"Replay:Baseball":54,"Matryoshka":74,"Ring of Fangs":94,"FaceOfCleric":29,"Chronometer":0,"Garlic":39,"Durian":39,"Replay:Wax Seal":39,"ReplayTheSpireMod:Ring of Challenge":94,"Grinning Jar":109,"Meat on the Bone":109}],"WarpedTongs":[30],"Meat on the Bone":24},"card_choices":[{"not_picked":["LockedBlood","ReapSow"],"picked":"WakeUpCall","floor":1},{"not_picked":["PrimeTime","LockedPlans"],"picked":"DaylightSavings","floor":2},{"not_picked":["WindUp","LockedPlans"],"picked":"LockedBlood","floor":4},{"not_picked":["LockedTurtyl","Echoward"],"picked":"OldTimer","floor":8},{"not_picked":["LockedAnchor","BiteCommand"],"picked":"Parity","floor":11},{"not_picked":["LockedScales","LockedMedicine"],"picked":"ResonantCall","floor":15}],"player_experience":308986,"relics_obtained":[{"floor":3,"key":"Ring of Fangs"},{"floor":3,"key":"ReplayTheSpireMod:Ring of Challenge"},{"floor":9,"key":"Meat on the Bone"}],"event_choices":[{"damage_healed":0,"gold_gain":0,"player_choice":"Box","damage_taken":0,"relics_obtained":["Durian"],"max_hp_gain":0,"max_hp_loss":0,"event_name":"Big Fish","floor":5,"gold_loss":0,"cards_obtained":["Regret"]},{"damage_healed":0,"gold_gain":0,"player_choice":"Rummage","damage_taken":0,"relics_obtained":["WarpedTongs"],"max_hp_gain":0,"max_hp_loss":0,"event_name":"Accursed Blacksmith","floor":7,"gold_loss":0,"cards_obtained":["Pain"]}],"is_beta":false,"boss_relics":[],"items_purged_floors":[],"is_endless":false,"potions_floor_spawned":[4,15],"killed_by":"Fading Forest","ascension_level":0}}