{"host":"899crud3100o27sg","time":1607522964,"event":{"gold_per_floor":[128,152,178,187,92,112,147,170,170,192,192,242,242,276,276,364,364,378,13,33,59,73,73,73],"floor_reached":23,"playtime":1069,"items_purged":["Strike_G","Strike_G"],"score":400,"play_id":"9dbbb4a1-34d2-402c-8075-5dfc529296f7","local_time":"20201210003924","is_ascension_mode":true,"campfire_choices":[{"floor":11.0,"key":"REST"},{"data":"Crippling Poison","floor":13.0,"key":"SMITH"},{"data":"Distraction","floor":15.0,"key":"SMITH"}],"neow_cost":"NONE","seed_source_timestamp":684920191819000,"circlet_count":0,"master_deck":["AscendersBane","Strike_G","Strike_G","Defend_G","Defend_G","Defend_G","Defend_G","Defend_G","Survivor","Neutralize","Distraction","Crippling Poison+1","Bane","Unload","Bane","Dagger Throw","Catalyst","PiercingWail","Dagger Throw","Distraction+1","Adrenaline","Dodge and Roll","Well Laid Plans"],"special_seed":0,"relics":["Ring of the Snake","CeramicFish","Blood Vial","Sundial","Bottled Flame","Coffee Dripper","Bottled Lightning"],"potions_floor_usage":[],"damage_taken":[{"damage":7.0,"enemies":"Small Slimes","floor":1.0,"turns":4.0},{"damage":1.0,"enemies":"Cultist","floor":2.0,"turns":4.0},{"damage":1.0,"enemies":"Jaw Worm","floor":3.0,"turns":5.0},{"damage":3.0,"enemies":"Red Slaver","floor":6.0,"turns":3.0},{"damage":24.0,"enemies":"Gremlin Nob","floor":7.0,"turns":4.0},{"damage":7.0,"enemies":"Blue Slaver","floor":8.0,"turns":3.0},{"damage":8.0,"enemies":"3 Louse","floor":10.0,"turns":3.0},{"damage":15.0,"enemies":"Lagavulin","floor":14.0,"turns":5.0},{"damage":12.0,"enemies":"Hexaghost","floor":16.0,"turns":9.0},{"damage":13.0,"enemies":"Chosen","floor":18.0,"turns":6.0},{"damage":19.0,"enemies":"2 Thieves","floor":20.0,"turns":3.0},{"damage":8.0,"enemies":"Snake Plant","floor":21.0,"turns":4.0},{"damage":7.0,"enemies":"Centurion and Healer","floor":22.0,"turns":5.0},{"damage":16,"enemies":"Slavers","floor":23,"turns":3}],"seed_played":"-7639539626671170186","potions_obtained":[{"floor":1.0,"key":"ColorlessPotion"},{"floor":3.0,"key":"Energy Potion"},{"floor":10.0,"key":"Energy Potion"}],"is_trial":false,"path_per_floor":["M","M","M","?","$","M","E","M","T","M","R","?","R","E","R","B",null,"M","$","M","M","M","E"],"character_chosen":"THE_SILENT","items_purchased":["Bane","Bottled Lightning"],"campfire_rested":1,"item_purchase_floors":[5,19],"current_hp_per_floor":[52,51,50,50,50,47,23,18,18,12,31,31,31,18,18,8,52,41,41,24,18,13,0,0],"gold":73,"neow_bonus":"RANDOM_COMMON_RELIC","is_prod":false,"is_daily":false,"chose_seed":false,"campfire_upgraded":2,"win_rate":0,"timestamp":1607522964,"path_taken":["M","M","M","?","$","M","E","M","T","?","R","?","R","E","R","BOSS","M","?","?","M","M","E"],"build_version":"2020-11-30","purchased_purges":2,"victory":false,"max_hp_per_floor":[66,66,66,66,66,66,66,66,66,66,66,66,66,66,66,66,66,66,66,66,66,66,66,66],"relic_stats":{"Blood Vial":18,"counters":[14,61],"Sundial":[4],"CeramicFish":117,"obtain_stats":[{"Blood Vial":7,"Bottled Flame":14,"Sundial":9,"CeramicFish":0,"Coffee Dripper":17,"Bottled Lightning":19,"Ring of the Snake":0},{"Blood Vial":5,"Bottled Flame":8,"Sundial":6,"CeramicFish":0,"Coffee Dripper":9,"Bottled Lightning":10,"Ring of the Snake":0},{"Blood Vial":20,"Bottled Flame":31,"Sundial":23,"CeramicFish":0,"Coffee Dripper":40,"Bottled Lightning":46,"Ring of the Snake":0}],"Ring of the Snake":[28]},"card_choices":[{"not_picked":["Dagger Throw","Skewer"],"picked":"Distraction","floor":1.0},{"not_picked":["Acrobatics","Endless Agony"],"picked":"Crippling Poison","floor":2.0},{"not_picked":["Footwork","Slice"],"picked":"Bane","floor":3.0},{"not_picked":["Infinite Blades","Dagger Spray"],"picked":"Dagger Throw","floor":6.0},{"not_picked":["Prepared","Phantasmal Killer"],"picked":"Catalyst","floor":7.0},{"not_picked":["Distraction","Infinite Blades"],"picked":"PiercingWail","floor":8.0},{"not_picked":["Setup","Heel Hook"],"picked":"Dagger Throw","floor":10.0},{"not_picked":["Dagger Spray","Riddle With Holes"],"picked":"Distraction","floor":14.0},{"not_picked":["Phantasmal Killer","Doppelganger"],"picked":"Adrenaline","floor":16.0},{"not_picked":["Flying Knee","Deflect","Acrobatics"],"picked":"SKIP","floor":18.0},{"not_picked":["Dagger Throw","Finisher"],"picked":"Dodge and Roll","floor":20.0},{"not_picked":["Underhanded Strike","Acrobatics"],"picked":"Well Laid Plans","floor":21.0},{"not_picked":["Slice","Blade Dance","Quick Slash"],"picked":"SKIP","floor":22.0}],"player_experience":974027,"relics_obtained":[{"floor":7.0,"key":"Blood Vial"},{"floor":9.0,"key":"Sundial"},{"floor":14.0,"key":"Bottled Flame"}],"event_choices":[{"damage_healed":0.0,"max_hp_gain":0.0,"max_hp_loss":0.0,"gold_gain":0.0,"cards_transformed":["Strike_G"],"event_name":"Transmorgrifier","player_choice":"Transformed","floor":4.0,"gold_loss":0.0,"damage_taken":0.0,"cards_obtained":["Unload"]},{"damage_healed":0.0,"max_hp_gain":0.0,"max_hp_loss":0.0,"gold_gain":50.0,"event_name":"Golden Shrine","player_choice":"Pray","floor":12.0,"gold_loss":0.0,"damage_taken":0.0}],"is_beta":false,"boss_relics":[{"not_picked":["Calling Bell","Ectoplasm"],"picked":"Coffee Dripper"}],"items_purged_floors":[5,19],"is_endless":false,"potions_floor_spawned":[1,3,6,10,14],"killed_by":"Slavers","ascension_level":19}}