{"host":"dz1qwalix8eproj8","time":1607547325,"event":{"gold_per_floor":[111,123,49,68,84,111,122,122,122,150,150,164,199,199,199,199,199],"floor_reached":16,"playtime":770,"items_purged":[],"score":214,"play_id":"9a47512a-e1b7-4a07-978b-c615710809ec","local_time":"20201209215525","is_ascension_mode":true,"campfire_choices":[{"floor":8.0,"key":"REST"},{"floor":11.0,"key":"REST"},{"floor":15.0,"key":"REST"}],"neow_cost":"NONE","seed_source_timestamp":26285236787000,"circlet_count":0,"master_deck":["AscendersBane","Strike_R","Strike_R","Strike_R","Strike_R","Strike_R","Defend_R","Defend_R","Defend_R","Defend_R","Bash","Perfected Strike","Carnage","Sever Soul","Feed","Twin Strike","Seeing Red","Flame Barrier","Intimidate","Battle Trance"],"special_seed":0,"relics":["Burning Blood","Question Card","Sundial","Mercury Hourglass","CaptainsWheel","Mummified Hand"],"potions_floor_usage":[16,16],"damage_taken":[{"damage":3.0,"enemies":"Small Slimes","floor":1.0,"turns":4.0},{"damage":9.0,"enemies":"Jaw Worm","floor":2.0,"turns":3.0},{"damage":1.0,"enemies":"2 Louse","floor":4.0,"turns":3.0},{"damage":9.0,"enemies":"Red Slaver","floor":5.0,"turns":5.0},{"damage":40.0,"enemies":"Lagavulin","floor":6.0,"turns":5.0},{"damage":30.0,"enemies":"Exordium Thugs","floor":7.0,"turns":4.0},{"damage":29.0,"enemies":"Gremlin Nob","floor":10.0,"turns":4.0},{"damage":8.0,"enemies":"Blue Slaver","floor":12.0,"turns":3.0},{"damage":28.0,"enemies":"Lagavulin","floor":13.0,"turns":7.0},{"damage":35,"enemies":"The Guardian","floor":16,"turns":8}],"seed_played":"8147407686160613186","potions_obtained":[{"floor":5.0,"key":"Dexterity Potion"},{"floor":6.0,"key":"Explosive Potion"},{"floor":10.0,"key":"PowerPotion"},{"floor":12.0,"key":"Explosive Potion"}],"is_trial":false,"path_per_floor":["M","M","$","M","M","E","M","R","T","E","R","M","E","?","R","B"],"character_chosen":"IRONCLAD","items_purchased":["Carnage"],"campfire_rested":3,"item_purchase_floors":[3],"current_hp_per_floor":[78,75,75,80,77,46,25,51,51,31,58,56,34,8,35,0,0],"gold":199,"neow_bonus":"TEN_PERCENT_HP_BONUS","is_prod":false,"is_daily":false,"chose_seed":false,"campfire_upgraded":0,"win_rate":0,"timestamp":1607547325,"path_taken":["M","M","$","M","M","E","M","R","T","E","R","M","E","?","R","BOSS"],"build_version":"2020-11-30","purchased_purges":0,"victory":false,"max_hp_per_floor":[82,82,82,82,82,85,88,88,88,91,91,91,91,91,91,91,91],"relic_stats":{"counters":[10,46],"Sundial":[2],"Mummified Hand":[2],"Question Card":4,"obtain_stats":[{"CaptainsWheel":13,"Sundial":9,"Mummified Hand":14,"Question Card":6,"Burning Blood":0,"Mercury Hourglass":10},{"CaptainsWheel":9,"Sundial":6,"Mummified Hand":9,"Question Card":5,"Burning Blood":0,"Mercury Hourglass":7},{"CaptainsWheel":38,"Sundial":24,"Mummified Hand":38,"Question Card":20,"Burning Blood":0,"Mercury Hourglass":28}],"Burning Blood":54,"Mercury Hourglass":[45]},"card_choices":[{"not_picked":["Thunderclap","Anger"],"picked":"Perfected Strike","floor":1.0},{"not_picked":["Havoc","True Grit","Heavy Blade"],"picked":"SKIP","floor":2.0},{"not_picked":["Clothesline","Reckless Charge"],"picked":"Sever Soul","floor":4.0},{"not_picked":["Entrench","Uppercut"],"picked":"Feed","floor":5.0},{"not_picked":["Anger","Clothesline"],"picked":"Twin Strike","floor":6.0},{"not_picked":["Warcry","True Grit","Feel No Pain"],"picked":"Seeing Red","floor":7.0},{"not_picked":["Searing Blow","Reckless Charge","Thunderclap"],"picked":"Flame Barrier","floor":10.0},{"not_picked":["Seeing Red","Power Through","Shrug It Off"],"picked":"Intimidate","floor":12.0},{"not_picked":["Anger","Searing Blow","Wild Strike"],"picked":"Battle Trance","floor":13.0}],"player_experience":539276,"relics_obtained":[{"floor":6.0,"key":"Question Card"},{"floor":9.0,"key":"Sundial"},{"floor":10.0,"key":"Mercury Hourglass"},{"floor":13.0,"key":"CaptainsWheel"}],"event_choices":[{"damage_healed":0.0,"max_hp_gain":0.0,"max_hp_loss":0.0,"gold_gain":0.0,"event_name":"Scrap Ooze","player_choice":"Success","floor":14.0,"gold_loss":0.0,"damage_taken":26.0,"relics_obtained":["Mummified Hand"]}],"is_beta":false,"boss_relics":[],"items_purged_floors":[],"is_endless":false,"potions_floor_spawned":[5,6,10,12],"killed_by":"The Guardian","ascension_level":15}}