{"host":"xeqp5qblrc63z4ze","time":1607481040,"event":{"gold_per_floor":[118,44,58,76,88,88,123,123,147,164,178,178,17,192,192,292,292,275,19,30,30,30,30,49,49,72,24,24,24,124,141,141,236,236,252,270,48,64,114,114,142,154,154,165,184,184,154,168,168,168],"floor_reached":51,"playtime":2100,"items_purged":["Parasite","Doubt"],"score":899,"play_id":"047a2dc8-b35d-422d-a6a5-e0a594fd8150","local_time":"20201208233040","is_ascension_mode":true,"campfire_choices":[{"floor":6,"key":"REST"},{"floor":8,"key":"REST"},{"floor":15,"key":"REST"},{"data":"Creative AI","floor":23,"key":"SMITH"},{"data":"Storm","floor":25,"key":"SMITH"},{"data":"Seek","floor":28,"key":"SMITH"},{"floor":32,"key":"REST"},{"data":"Storm","floor":40,"key":"SMITH"},{"data":"Storm","floor":46,"key":"SMITH"},{"data":"Thunder Strike","floor":49,"key":"SMITH"}],"neow_cost":"PERCENT_DAMAGE","seed_source_timestamp":122792027660800,"circlet_count":0,"master_deck":["Strike_B","Strike_B","Defend_B","Defend_B","Defend_B","Defend_B","Zap","Dualcast","Defragment","Hello World","Creative AI+1","Storm+1","Hello World","Self Repair","Seek+1","Heatsinks","Lockon","Loop","BootSequence","Storm+1","Seek","Heatsinks+1","Storm+1","Thunder Strike+1","Self Repair+1","Self Repair","Hello World+1"],"relics":["Cracked Core","Bird Faced Urn","Dream Catcher","Regal Pillow","Velvet Choker","FossilizedHelix","Bronze Scales","Turnip","Question Card","Empty Cage","ClockworkSouvenir","Lizard Tail","PreservedInsect","Singing Bowl"],"potions_floor_usage":[7,10,16,16,30,33,38,39,50],"damage_taken":[{"damage":0,"enemies":"Small Slimes","floor":1,"turns":2},{"damage":13,"enemies":"Jaw Worm","floor":3,"turns":4},{"damage":1,"enemies":"Cultist","floor":4,"turns":3},{"damage":33,"enemies":"Exordium Wildlife","floor":5,"turns":6},{"damage":27,"enemies":"3 Sentries","floor":7,"turns":7},{"damage":10,"enemies":"2 Fungi Beasts","floor":10,"turns":3},{"damage":23,"enemies":"3 Louse","floor":11,"turns":4},{"damage":31,"enemies":"Hexaghost","floor":16,"turns":8},{"damage":43,"enemies":"2 Thieves","floor":18,"turns":4},{"damage":27,"enemies":"Shell Parasite","floor":20,"turns":4},{"damage":31,"enemies":"Sentry and Sphere","floor":24,"turns":5},{"damage":9,"enemies":"Colosseum Slavers","floor":30,"turns":3},{"damage":40,"enemies":"Colosseum Nobs","floor":30,"turns":5},{"damage":10,"enemies":"Cultist and Chosen","floor":31,"turns":4},{"damage":14,"enemies":"Champ","floor":33,"turns":8},{"damage":68,"enemies":"3 Darklings","floor":35,"turns":4},{"damage":0,"enemies":"Orb Walker","floor":36,"turns":3},{"damage":11,"enemies":"Jaw Worm Horde","floor":38,"turns":3},{"damage":0,"enemies":"Mind Bloom Boss Battle","floor":39,"turns":3},{"damage":13,"enemies":"Giant Head","floor":41,"turns":4},{"damage":0,"enemies":"Transient","floor":42,"turns":5},{"damage":0,"enemies":"Spire Growth","floor":44,"turns":3},{"damage":28,"enemies":"Sphere and 2 Shapes","floor":45,"turns":4},{"damage":36,"enemies":"Jaw Worm Horde","floor":48,"turns":3},{"damage":31,"enemies":"Awakened One","floor":50,"turns":4}],"seed_played":"9081975532668047032","potions_obtained":[{"floor":5,"key":"BlessingOfTheForge"},{"floor":7,"key":"Explosive Potion"},{"floor":11,"key":"Dexterity Potion"},{"floor":18,"key":"FairyPotion"},{"floor":24,"key":"Fire Potion"},{"floor":31,"key":"ColorlessPotion"},{"floor":35,"key":"PowerPotion"},{"floor":38,"key":"Dexterity Potion"},{"floor":39,"key":"SpeedPotion"},{"floor":47,"key":"PowerPotion"},{"floor":47,"key":"SkillPotion"}],"is_trial":false,"path_per_floor":["M","$","M","M","M","R","E","R","T","M","M","?","$","?","R","B",null,"M","$","M","?","T","R","M","R","T","$","R","?","?","M","R","B",null,"M","M","$","M","?","R","E","M","T","M","M","R","?","M","R","B",null],"character_chosen":"DEFECT","items_purchased":["Hello World","Self Repair","BlessingOfTheForge","Lockon","Loop","BlessingOfTheForge","Storm","ClockworkSouvenir"],"campfire_rested":4,"item_purchase_floors":[2,13,13,19,19,27,37,37],"current_hp_per_floor":[50,50,41,44,15,37,12,34,34,26,7,25,25,25,61,55,68,46,46,40,40,40,40,42,42,42,42,42,29,23,34,72,77,77,19,40,40,45,59,59,71,77,77,77,73,73,73,64,64,56],"gold":168,"neow_bonus":"ONE_RARE_RELIC","is_prod":false,"is_daily":false,"chose_seed":false,"campfire_upgraded":6,"win_rate":0,"timestamp":1607481040,"path_taken":["M","$","M","M","M","R","E","R","T","M","M","?","$","?","R","BOSS","M","$","M","?","?","R","M","R","T","$","R","?","?","M","R","BOSS","M","M","$","M","?","R","E","M","T","M","M","R","?","M","R","BOSS"],"build_version":"2020-11-30","purchased_purges":2,"victory":true,"max_hp_per_floor":[75,75,75,75,75,75,75,75,75,75,75,75,72,72,72,72,72,72,72,72,72,72,72,72,72,72,72,72,77,77,77,77,77,77,77,77,77,77,77,77,77,77,77,77,79,79,79,81,81,81],"card_choices":[{"not_picked":["Streamline","Darkness"],"picked":"Defragment","floor":1},{"not_picked":["Blizzard","Turbo","FTL"],"picked":"SKIP","floor":3},{"not_picked":["Coolheaded","Rebound","Gash"],"picked":"SKIP","floor":4},{"not_picked":["Gash","Leap","Redo"],"picked":"SKIP","floor":5},{"not_picked":["Storm","Redo"],"picked":"Creative AI","floor":7},{"not_picked":["Streamline","Gash"],"picked":"Storm","floor":8},{"not_picked":["Conserve Battery","Rebound","Leap"],"picked":"SKIP","floor":10},{"not_picked":["Cold Snap","Sweeping Beam"],"picked":"Hello World","floor":11},{"not_picked":["Core Surge","Hyperbeam"],"picked":"Seek","floor":16},{"not_picked":["Cold Snap","Melter+1"],"picked":"Heatsinks","floor":18},{"not_picked":["Coolheaded","Hologram","Undo"],"picked":"SKIP","floor":20},{"not_picked":["Stack","Melter"],"picked":"BootSequence","floor":24},{"not_picked":["Go for the Eyes","Ball Lightning","Chaos+1","Sweeping Beam"],"picked":"SKIP","floor":31},{"not_picked":["Hologram","Heatsinks+1","Darkness"],"picked":"Storm","floor":32},{"not_picked":["Creative AI","Rainbow","Fission"],"picked":"Seek","floor":33},{"not_picked":["Steam Power+1","Beam Cell+1","Redo","Sweeping Beam"],"picked":"SKIP","floor":35},{"not_picked":["Melter","Streamline+1","Beam Cell"],"picked":"Heatsinks+1","floor":36},{"not_picked":["Barrage","Melter","Streamline+1"],"picked":"Thunder Strike","floor":38},{"not_picked":["Beam Cell","Gash","Genetic Algorithm+1"],"picked":"Self Repair+1","floor":41},{"not_picked":["Doom and Gloom+1","Leap","Fission"],"picked":"Self Repair","floor":42},{"not_picked":["Static Discharge","Doom and Gloom+1","Hologram+1"],"picked":"Hello World+1","floor":44},{"not_picked":["Steam+1","Go for the Eyes","Sweeping Beam+1","Gash"],"picked":"Singing Bowl","floor":45},{"not_picked":["Recycle","Ball Lightning+1","Steam","Beam Cell"],"picked":"Singing Bowl","floor":48}],"player_experience":321294,"relics_obtained":[{"floor":7,"key":"Dream Catcher"},{"floor":9,"key":"Regal Pillow"},{"floor":22,"key":"FossilizedHelix"},{"floor":26,"key":"Bronze Scales"},{"floor":30,"key":"Turnip"},{"floor":30,"key":"Question Card"},{"floor":39,"key":"Lizard Tail"},{"floor":41,"key":"PreservedInsect"},{"floor":43,"key":"Singing Bowl"}],"event_choices":[{"damage_healed":18,"gold_gain":0,"player_choice":"Healed and dodged fight","damage_taken":0,"max_hp_gain":0,"max_hp_loss":0,"event_name":"Mushrooms","floor":12,"gold_loss":0,"cards_obtained":["Parasite"]},{"damage_healed":0,"gold_gain":175,"player_choice":"AGREE","damage_taken":0,"max_hp_gain":0,"max_hp_loss":0,"event_name":"Liars Game","floor":14,"gold_loss":0,"cards_obtained":["Doubt"]},{"damage_healed":0,"gold_gain":0,"player_choice":"Ignored","damage_taken":0,"max_hp_gain":0,"max_hp_loss":0,"event_name":"Vampires","floor":21,"gold_loss":0},{"damage_healed":0,"gold_gain":0,"player_choice":"Shed Blood","damage_taken":18,"max_hp_gain":5,"max_hp_loss":0,"event_name":"Forgotten Altar","floor":29,"gold_loss":0},{"damage_healed":0,"gold_gain":0,"player_choice":"Fight","damage_taken":0,"max_hp_gain":0,"max_hp_loss":0,"event_name":"Colosseum","floor":30,"gold_loss":0},{"damage_healed":0,"gold_gain":0,"player_choice":"Fought Nobs","damage_taken":0,"max_hp_gain":0,"max_hp_loss":0,"event_name":"Colosseum","floor":30,"gold_loss":0},{"damage_healed":0,"gold_gain":0,"player_choice":"Fight","damage_taken":0,"max_hp_gain":0,"max_hp_loss":0,"event_name":"MindBloom","floor":39,"gold_loss":0},{"damage_healed":0,"gold_gain":0,"player_choice":"Bought 2 Potions","damage_taken":0,"max_hp_gain":0,"max_hp_loss":0,"event_name":"The Woman in Blue","floor":47,"gold_loss":0}],"is_beta":false,"boss_relics":[{"not_picked":["Philosopher\u0027s Stone","Coffee Dripper"],"picked":"Velvet Choker"},{"not_picked":["FrozenCore","SacredBark"],"picked":"Empty Cage"}],"items_purged_floors":[13,19],"is_endless":false,"potions_floor_spawned":[5,7,11,18,24,30,31,35,38,39,42,48],"ascension_level":7}}