{"host":"2lo6hma6kymb0g9i","time":1607494007,"event":{"gold_per_floor":[111,129,54,74,92,119,133,149,172,191,191,205,205,235,235,306,306,316,316,331,256,270,270,287,299,299,319,319,79,91,105,105,184,184,197,210,229,277,277,277,293,293,344,344,362,379,379,379],"floor_reached":47,"playtime":4798,"items_purged":["Strike_R"],"score":918,"play_id":"015ced98-873c-4e49-b522-3e07625a5477","local_time":"20201209150647","is_ascension_mode":true,"campfire_choices":[{"data":"Apotheosis","floor":15,"key":"SMITH"},{"floor":23,"key":"REST"},{"floor":28,"key":"RECALL"},{"data":"True Grit","floor":32,"key":"SMITH"},{"floor":40,"key":"REST"},{"data":"Pommel Strike","floor":42,"key":"SMITH"},{"data":"Infernal Blade","floor":44,"key":"SMITH"}],"neow_cost":"CURSE","seed_source_timestamp":655094309700,"circlet_count":0,"master_deck":["AscendersBane","Bash","Apotheosis+1","Fire Breathing","Bloodletting","Flame Barrier","Pommel Strike","Infernal Blade+1","Seeing Red","True Grit+1","Reaper","Cleave","Shrug It Off","Impervious","RitualDagger","Warcry","Dual Wield","Shrug It Off","Warcry","Warcry","Clothesline","Immolate","Uppercut","Exhume","Power Through","Metallicize+1","Metallicize+1","Flame Barrier","Heavy Blade+1","Metallicize+1","Pommel Strike+1","Metamorphosis","Feel No Pain+1","Inflame+1"],"relics":["Burning Blood","Frozen Egg 2","Oddly Smooth Stone","Regal Pillow","Busted Crown","Question Card","ClockworkSouvenir","Pandora\u0027s Box","Champion Belt"],"potions_floor_usage":[10,11,16,24,30,36,38,47],"damage_taken":[{"damage":7,"enemies":"Jaw Worm","floor":1,"turns":6},{"damage":2,"enemies":"2 Louse","floor":2,"turns":3},{"damage":6,"enemies":"Cultist","floor":4,"turns":3},{"damage":18,"enemies":"Blue Slaver","floor":5,"turns":5},{"damage":8,"enemies":"3 Sentries","floor":6,"turns":5},{"damage":12,"enemies":"2 Fungi Beasts","floor":7,"turns":3},{"damage":0,"enemies":"Large Slime","floor":8,"turns":4},{"damage":5,"enemies":"Lots of Slimes","floor":10,"turns":2},{"damage":11,"enemies":"Gremlin Nob","floor":11,"turns":3},{"damage":1,"enemies":"Red Slaver","floor":12,"turns":4},{"damage":35,"enemies":"3 Sentries","floor":14,"turns":6},{"damage":22,"enemies":"Slime Boss","floor":16,"turns":10},{"damage":8,"enemies":"Chosen","floor":18,"turns":5},{"damage":41,"enemies":"Shell Parasite","floor":20,"turns":6},{"damage":18,"enemies":"Cultist and Chosen","floor":22,"turns":7},{"damage":11,"enemies":"Snake Plant","floor":24,"turns":4},{"damage":10,"enemies":"3 Cultists","floor":25,"turns":5},{"damage":18,"enemies":"Centurion and Healer","floor":27,"turns":8},{"damage":18,"enemies":"Shelled Parasite and Fungi","floor":30,"turns":4},{"damage":0,"enemies":"Sentry and Sphere","floor":31,"turns":5},{"damage":71,"enemies":"Automaton","floor":33,"turns":13},{"damage":0,"enemies":"Orb Walker","floor":35,"turns":5},{"damage":47,"enemies":"3 Darklings","floor":36,"turns":4},{"damage":3,"enemies":"Spire Growth","floor":37,"turns":5},{"damage":45,"enemies":"2 Orb Walkers","floor":38,"turns":4},{"damage":11,"enemies":"4 Shapes","floor":41,"turns":8},{"damage":62,"enemies":"Transient","floor":45,"turns":6},{"damage":15,"enemies":"Sphere and 2 Shapes","floor":46,"turns":7},{"damage":55,"enemies":"Reptomancer","floor":47,"turns":6}],"seed_played":"-5991114737698134822","potions_obtained":[{"floor":2,"key":"Explosive Potion"},{"floor":5,"key":"ColorlessPotion"},{"floor":6,"key":"LiquidMemories"},{"floor":10,"key":"SmokeBomb"},{"floor":14,"key":"Weak Potion"},{"floor":22,"key":"Weak Potion"},{"floor":25,"key":"Strength Potion"},{"floor":27,"key":"DistilledChaos"},{"floor":33,"key":"Energy Potion"},{"floor":37,"key":"Ancient Potion"},{"floor":46,"key":"Strength Potion"}],"is_trial":false,"path_per_floor":["M","M","?","M","M","E","M","M","T","M","E","M","?","E","R","B",null,"M","?","M","?","M","R","M","M","T","M","R","$","M","M","R","B",null,"M","M","M","?","?","R","M","R","T","R","M","M","E"],"character_chosen":"IRONCLAD","items_purchased":["ClockworkSouvenir"],"campfire_rested":2,"item_purchase_floors":[29],"current_hp_per_floor":[67,71,71,71,59,57,51,57,57,58,57,62,62,48,48,32,64,69,63,28,28,29,66,64,71,71,69,69,69,68,75,75,10,59,65,49,59,30,30,67,72,72,72,72,16,7,0,0],"gold":379,"neow_bonus":"RANDOM_COLORLESS_2","is_prod":false,"is_daily":false,"chose_seed":false,"campfire_upgraded":4,"win_rate":0,"timestamp":1607494007,"path_taken":["M","M","?","M","M","E","M","M","T","M","E","M","?","E","R","BOSS","M","?","M","?","M","R","?","M","T","M","R","$","M","M","R","BOSS","M","M","M","?","?","R","M","R","T","R","M","M","E"],"build_version":"2020-11-30","purchased_purges":1,"victory":false,"max_hp_per_floor":[75,75,75,75,75,75,75,75,75,75,75,75,75,75,75,75,75,75,75,75,75,75,75,75,75,75,75,75,75,75,75,75,75,75,75,75,75,75,75,75,75,75,75,75,75,75,75,75],"card_choices":[{"not_picked":["Panache","Master of Strategy"],"picked":"Apotheosis","floor":0},{"not_picked":["Blood for Blood","Sever Soul"],"picked":"Fire Breathing","floor":1},{"not_picked":["Perfected Strike","Anger"],"picked":"Bloodletting","floor":2},{"not_picked":["Dual Wield","Havoc"],"picked":"Flame Barrier","floor":4},{"not_picked":["Blood for Blood","Havoc"],"picked":"Pommel Strike","floor":5},{"not_picked":["Wild Strike","Intimidate"],"picked":"Infernal Blade","floor":6},{"not_picked":["Fire Breathing+1","Havoc"],"picked":"Seeing Red","floor":7},{"not_picked":["Heavy Blade","Twin Strike"],"picked":"True Grit","floor":8},{"not_picked":["Warcry","Anger"],"picked":"Reaper","floor":10},{"not_picked":["Seeing Red","Flex"],"picked":"Cleave","floor":12},{"not_picked":["Inflame+1","Perfected Strike"],"picked":"Shrug It Off","floor":14},{"not_picked":["Corruption+1","Exhume"],"picked":"Impervious","floor":16},{"not_picked":["Sword Boomerang"],"picked":"SKIP","floor":18},{"not_picked":["Thunderclap"],"picked":"SKIP","floor":20},{"not_picked":[],"picked":"Shrug It Off","floor":22},{"not_picked":["Clash+1"],"picked":"SKIP","floor":24},{"not_picked":["Clash+1"],"picked":"SKIP","floor":24},{"not_picked":[],"picked":"Warcry","floor":25},{"not_picked":["Cleave","Sword Boomerang+1"],"picked":"SKIP","floor":27},{"not_picked":["Anger"],"picked":"Warcry","floor":30},{"not_picked":["Cleave"],"picked":"Clothesline","floor":31},{"not_picked":["Corruption+1"],"picked":"Immolate","floor":33},{"not_picked":["Heavy Blade","Twin Strike"],"picked":"SKIP","floor":35},{"not_picked":["Dark Embrace+1"],"picked":"Heavy Blade+1","floor":36},{"not_picked":["Uppercut+1"],"picked":"Metallicize+1","floor":37},{"not_picked":["Heavy Blade"],"picked":"Pommel Strike","floor":38},{"not_picked":["Panacea"],"picked":"Metamorphosis","floor":39},{"not_picked":["Clash"],"picked":"Feel No Pain+1","floor":41},{"not_picked":["Iron Wave","True Grit"],"picked":"SKIP","floor":45},{"not_picked":["Thunderclap"],"picked":"Inflame+1","floor":46}],"player_experience":713361,"relics_obtained":[{"floor":6,"key":"Frozen Egg 2"},{"floor":9,"key":"Oddly Smooth Stone"},{"floor":14,"key":"Regal Pillow"},{"floor":26,"key":"Question Card"},{"floor":38,"key":"Champion Belt"}],"event_choices":[{"cards_removed":["Shame"],"damage_healed":0,"gold_gain":0,"player_choice":"Card Removal","damage_taken":0,"max_hp_gain":0,"max_hp_loss":0,"event_name":"The Cleric","floor":3,"gold_loss":75},{"damage_healed":0,"gold_gain":0,"player_choice":"Ignored","damage_taken":0,"max_hp_gain":0,"max_hp_loss":0,"event_name":"Golden Idol","floor":13,"gold_loss":0},{"damage_healed":0,"gold_gain":0,"player_choice":"Joined the Cult","damage_taken":6,"max_hp_gain":0,"max_hp_loss":0,"event_name":"Nest","floor":19,"gold_loss":0,"cards_obtained":["RitualDagger"]},{"damage_healed":0,"gold_gain":0,"cards_transformed":["Strike_R","Strike_R"],"player_choice":"Transformed Cards","damage_taken":0,"max_hp_gain":0,"max_hp_loss":0,"event_name":"Designer","floor":21,"gold_loss":75,"cards_obtained":["Warcry","Dual Wield"]},{"damage_healed":0,"gold_gain":0,"player_choice":"Fight","damage_taken":0,"max_hp_gain":0,"max_hp_loss":0,"event_name":"Mysterious Sphere","floor":38,"gold_loss":0},{"damage_healed":0,"gold_gain":0,"player_choice":"Memory 1","damage_taken":0,"max_hp_gain":0,"max_hp_loss":0,"event_name":"SensoryStone","floor":39,"gold_loss":0}],"is_beta":false,"boss_relics":[{"not_picked":["Cursed Key","SlaversCollar"],"picked":"Busted Crown"},{"not_picked":["Tiny House","Philosopher\u0027s Stone"],"picked":"Pandora\u0027s Box"}],"items_purged_floors":[29],"is_endless":false,"potions_floor_spawned":[2,5,6,10,14,22,25,27,33,35,37,46],"killed_by":"Reptomancer","ascension_level":20}}