{"host":"xenpv6dj5x1yxp66","time":1607526320,"event":{"gold_per_floor":[119,119,119,137,152,152,152,173,199,199,228,262,15,38,38,172,172,202,202,202,110,110,160,160,188,211,211,211],"floor_reached":27,"playtime":720,"items_purged":[],"score":223,"play_id":"7901e836-04fe-4304-9ac1-fc717d8226b5","local_time":"20201209160520","is_ascension_mode":false,"campfire_choices":[{"data":"Loop","floor":6,"key":"SMITH"},{"data":"Dualcast","floor":10,"key":"SMITH"},{"floor":15,"key":"REST"},{"data":"Biased Cognition","floor":24,"key":"SMITH"}],"neow_cost":"NONE","seed_source_timestamp":2240708791090000,"circlet_count":0,"master_deck":["Strike_B","Strike_B","Strike_B","Strike_B","Defend_B","Defend_B","Defend_B","Defend_B","Zap+1","Dualcast+1","Skim","Rebound","Loop+1","Metamorphosis","Streamline","Ball Lightning","Barrage","FIFO Queue","Consume+1","Conserve Battery","Fission","Gash+1","Gash","Gash","Defragment","Biased Cognition+1","Static Discharge"],"relics":["Cracked Core","NeowsBlessing","Golden Idol","CeramicFish","Sling","ChewingGum","HollowMod:PaleOreRelic","Bronze Scales"],"potions_floor_usage":[16,16,25,27],"damage_taken":[{"damage":0,"enemies":"Jaw Worm","floor":1,"turns":1},{"damage":0,"enemies":"2 Louse","floor":4,"turns":1},{"damage":0,"enemies":"Cultist","floor":5,"turns":1},{"damage":11,"enemies":"Large Slime","floor":8,"turns":3},{"damage":8,"enemies":"Exordium Thugs","floor":11,"turns":5},{"damage":1,"enemies":"3 Louse","floor":12,"turns":3},{"damage":11,"enemies":"Large Slime","floor":14,"turns":4},{"damage":18,"enemies":"Slime Boss","floor":16,"turns":6},{"damage":22,"enemies":"Shell Parasite","floor":18,"turns":4},{"damage":27,"enemies":"Gremlin Leader","floor":23,"turns":4},{"damage":28,"enemies":"2 Thieves","floor":25,"turns":3},{"damage":23,"enemies":"Snecko","floor":27,"turns":3}],"seed_played":"-4659958069375013212","potions_obtained":[{"floor":1,"key":"FocusPotion"},{"floor":8,"key":"SteroidPotion"},{"floor":12,"key":"Block Potion"},{"floor":14,"key":"LifebloodPotion"},{"floor":16,"key":"Fire Potion"},{"floor":18,"key":"Energy Potion"},{"floor":23,"key":"LiquidBronze"}],"is_trial":false,"path_per_floor":["M","?","?","M","M","R","?","M","T","R","M","M","$","M","R","B",null,"M","?","?","$","?","E","R","M","T","M"],"character_chosen":"DEFECT","items_purchased":["FIFO Queue","Sling","Consume","Gash","Defragment"],"campfire_rested":1,"item_purchase_floors":[13,13,13,21,21],"current_hp_per_floor":[75,57,57,57,57,57,57,46,46,46,38,37,37,26,48,30,75,53,75,75,75,75,48,48,20,20,0,0],"gold":211,"neow_bonus":"THREE_ENEMY_KILL","is_prod":false,"is_daily":false,"chose_seed":false,"campfire_upgraded":3,"win_rate":0,"timestamp":1607526320,"path_taken":["M","?","?","M","?","R","?","M","T","R","M","M","$","M","R","BOSS","M","?","?","$","?","E","R","M","T","M"],"build_version":"2020-11-30","purchased_purges":0,"victory":false,"max_hp_per_floor":[75,75,75,75,75,75,75,75,75,75,75,75,75,75,75,75,75,75,75,75,75,75,75,75,75,75,75,75],"card_choices":[{"not_picked":["ReplayTheSpireMod:System Scan","Leap"],"picked":"Skim","floor":1},{"not_picked":["Steam","Sweeping Beam"],"picked":"Rebound","floor":4},{"not_picked":["Streamline","Gash"],"picked":"Loop","floor":5},{"not_picked":["Secret Technique","ReplayTheSpireMod:Brewmster"],"picked":"Metamorphosis","floor":7},{"not_picked":["Reprogram","Doom and Gloom"],"picked":"Streamline","floor":8},{"not_picked":["Turbo","Sunder"],"picked":"Ball Lightning","floor":11},{"not_picked":["Compile Driver","aspiration:Polymerization"],"picked":"Barrage","floor":12},{"not_picked":["ReplayTheSpireMod:GoodbyeWorld","Self Repair"],"picked":"Conserve Battery","floor":14},{"not_picked":["Thunder Strike","hubris:Prefetch"],"picked":"Fission","floor":16},{"not_picked":["Streamline+1","Conserve Battery"],"picked":"Gash+1","floor":18},{"not_picked":["Cold Snap","Gash"],"picked":"Biased Cognition","floor":23},{"not_picked":["Leap","Compile Driver"],"picked":"Static Discharge","floor":25}],"player_experience":120401,"relics_obtained":[{"floor":9,"key":"CeramicFish"},{"floor":23,"key":"HollowMod:PaleOreRelic"},{"floor":26,"key":"Bronze Scales"}],"event_choices":[{"damage_healed":0,"gold_gain":0,"player_choice":"Take Damage","damage_taken":18,"relics_obtained":["Golden Idol"],"max_hp_gain":0,"max_hp_loss":0,"event_name":"Golden Idol","floor":2,"gold_loss":0},{"damage_healed":0,"gold_gain":0,"player_choice":"Upgraded","damage_taken":0,"max_hp_gain":0,"max_hp_loss":0,"event_name":"Upgrade Shrine","floor":3,"gold_loss":0,"cards_upgraded":["Zap"]},{"damage_healed":0,"gold_gain":1,"player_choice":"1","damage_taken":0,"max_hp_gain":0,"max_hp_loss":0,"event_name":"betterStone:BetterStone","floor":7,"gold_loss":0},{"damage_healed":25,"gold_gain":0,"player_choice":"Heal","damage_taken":0,"max_hp_gain":0,"max_hp_loss":0,"event_name":"The Library","floor":19,"gold_loss":0}],"is_beta":false,"boss_relics":[{"not_picked":["hubris:HollowSoul","conspire:SeveredTorchhead"],"picked":"ChewingGum"}],"items_purged_floors":[],"is_endless":false,"potions_floor_spawned":[1,8,12,14,16,18,23],"killed_by":"Snecko","ascension_level":0}}