{"host":"bg0cyinkrjnqf173","time":1607557077,"event":{"gold_per_floor":[119,135,152,171,19,52,66,21,21,21,34,34,51,64,64,163,163,174,184,145,145,165,165,165,165],"floor_reached":24,"playtime":1750,"items_purged":[],"score":202,"play_id":"71afab9d-d7a8-4e6a-97b1-cde71ef8fbba","local_time":"20201209183757","is_ascension_mode":false,"campfire_choices":[{"floor":12,"key":"REST"},{"data":"hermit:CursedWeapon","floor":15,"key":"SMITH"},{"floor":23,"key":"REST"}],"neow_cost":"NONE","seed_source_timestamp":17855427201300,"circlet_count":0,"master_deck":["hermit:Strike_Hermit","hermit:Strike_Hermit","hermit:Strike_Hermit","hermit:Strike_Hermit","hermit:Defend_Hermit","hermit:Defend_Hermit","hermit:Defend_Hermit","hermit:Defend_Hermit","hermit:Snapshot","hermit:Covet","hermit:Deadeye","hermit:Ricochet","hermit:ItchyTrigger","hermit:DeadMansHand","hermit:EyeOfTheStorm","hermit:FlashPowder","hermit:Glare","hermit:Snipe","Demonic Infusion+1","hermit:CursedWeapon+1","hermit:Ricochet","hermit:HighNoon","hermit:TrackingShot","hermit:TrackingShot","hermit:Desperado+1","hermit:HoleUp","hermit:Feint"],"relics":["hermit:Momento","jedi:crownofsimplicity","Winged Necklace","Durian","beaked:SacredDeck","Art of War"],"potions_floor_usage":[16,19],"damage_taken":[{"damage":1,"enemies":"Cultist","floor":1,"turns":3},{"damage":6,"enemies":"Jaw Worm","floor":2,"turns":3},{"damage":1,"enemies":"2 Louse","floor":3,"turns":3},{"damage":0,"enemies":"Exordium Wildlife","floor":4,"turns":3},{"damage":30,"enemies":"Lagavulin","floor":6,"turns":6},{"damage":0,"enemies":"Looter","floor":7,"turns":2},{"damage":4,"enemies":"conspire:2 RoseBushes","floor":11,"turns":4},{"damage":6,"enemies":"Blue Slaver","floor":13,"turns":4},{"damage":2,"enemies":"2 Fungi Beasts","floor":14,"turns":4},{"damage":44,"enemies":"Slime Boss","floor":16,"turns":11},{"damage":6,"enemies":"Chosen","floor":18,"turns":4},{"damage":25,"enemies":"3 Byrds","floor":19,"turns":6},{"damage":43,"enemies":"Snecko","floor":22,"turns":5},{"damage":31,"enemies":"conspire:Head Lice","floor":24,"turns":11}],"seed_played":"2660539675236969037","potions_obtained":[{"floor":6,"key":"FearPotion"},{"floor":11,"key":"Swift Potion"},{"floor":13,"key":"Block Potion"},{"floor":16,"key":"GamblersBrew"},{"floor":19,"key":"FearPotion"}],"is_trial":false,"path_per_floor":["M","M","M","M","$","E","M","$","T","?","M","R","M","M","R","B",null,"M","M","$","?","M","R","E"],"character_chosen":"HERMIT","items_purchased":["jedi:crownofsimplicity","hermit:Snipe","hermit:HoleUp"],"campfire_rested":2,"item_purchase_floors":[5,8,20],"current_hp_per_floor":[74,68,67,67,67,37,37,37,42,37,33,57,51,49,49,5,80,74,49,49,49,6,30,0,0],"gold":165,"neow_bonus":"RANDOM_EVENT","is_prod":false,"is_daily":false,"chose_seed":false,"campfire_upgraded":1,"win_rate":0.0,"timestamp":1607557077,"path_taken":["M","?","M","M","$","E","M","$","T","?","M","R","?","M","R","BOSS","M","M","$","?","M","R","E"],"build_version":"2020-11-30","purchased_purges":0,"victory":false,"max_hp_per_floor":[75,75,75,75,75,75,75,75,80,80,80,80,80,80,80,80,80,80,80,80,80,80,80,80,80],"card_choices":[{"not_picked":["hermit:LuckOfTheDraw","hermit:Grudge"],"picked":"hermit:Ricochet","floor":1},{"not_picked":["hermit:Horror","hermit:WideOpen"],"picked":"hermit:ItchyTrigger","floor":2},{"not_picked":["hermit:Dive","hermit:Headshot"],"picked":"hermit:DeadMansHand","floor":3},{"not_picked":["hermit:Dive","hermit:Shortfuse"],"picked":"hermit:EyeOfTheStorm","floor":4},{"not_picked":["hermit:HighNoon","hermit:Desperado"],"picked":"hermit:FlashPowder","floor":6},{"not_picked":["hermit:BodyArmor","hermit:HighCaliber"],"picked":"hermit:Glare","floor":7},{"not_picked":["hermit:Ricochet","hermit:ItchyTrigger"],"picked":"hermit:CursedWeapon","floor":11},{"not_picked":["hermit:LoneWolf","hermit:DeadOrAlive"],"picked":"hermit:Ricochet","floor":13},{"not_picked":["hermit:FlashPowder","hermit:Vantage","hermit:Feint"],"picked":"SKIP","floor":14},{"not_picked":["hermit:Purgatory","hermit:Adapt"],"picked":"hermit:HighNoon","floor":16},{"not_picked":["hermit:LowProfile","hermit:BodyArmor"],"picked":"hermit:TrackingShot","floor":18},{"not_picked":["hermit:LowProfile","hermit:Shortfuse"],"picked":"hermit:Desperado+1","floor":19},{"not_picked":["hermit:ItchyTrigger","hermit:Vantage"],"picked":"hermit:Feint","floor":22}],"player_experience":730817,"relics_obtained":[{"floor":6,"key":"Winged Necklace"},{"floor":9,"key":"Durian"}],"event_choices":[{"damage_healed":0,"gold_gain":0,"player_choice":"Card ","damage_taken":5,"max_hp_gain":0,"max_hp_loss":0,"event_name":"betterThird:BetterScrap","floor":10,"gold_loss":0,"cards_obtained":["Demonic Infusion"]},{"damage_healed":0,"gold_gain":0,"player_choice":"Opened","damage_taken":0,"relics_obtained":["Art of War"],"max_hp_gain":0,"max_hp_loss":0,"event_name":"The Mausoleum","floor":21,"gold_loss":0}],"is_beta":false,"boss_relics":[{"not_picked":["conspire:RunicOctahedron","hubris:CrackedHourglass"],"picked":"beaked:SacredDeck"}],"items_purged_floors":[],"is_endless":false,"potions_floor_spawned":[6,11,13,16,19,22],"killed_by":"conspire:Head Lice","ascension_level":0}}