{"host":"07ljfmttuzqopd7f","time":1607479985,"event":{"gold_per_floor":[111,111,111,125,138,167,167,12,12,32,32,47,75,85,85,184,184,201,116,116,26,26,26,58,76,76,88,8,43,43,55,55,152,152,163,180,180,2,18,48,48,48,121,121,150,26,26,51,51,51],"floor_reached":51,"playtime":4756,"items_purged":["TheCursedMod:Strike_TheCursed","TheCursedMod:Defend_TheCursed","TheCursedMod:Defend_TheCursed"],"score":845,"play_id":"cae43724-73f9-4add-83fb-9e387edc4aea","local_time":"20201208211305","is_ascension_mode":true,"campfire_choices":[{"data":"TheCursedMod:CursedShiv","floor":7,"key":"SMITH"},{"floor":11,"key":"REST"},{"data":"TheCursedMod:SoulCrush","floor":15,"key":"SMITH"},{"data":"TheCursedMod:VoidForm","floor":23,"key":"SMITH"},{"data":"TheCursedMod:SpitefulPray","floor":30,"key":"SMITH"},{"data":"TheCursedMod:LuckyCharm","floor":32,"key":"SMITH"},{"data":"TheCursedMod:LuckyCharm","floor":41,"key":"SMITH"},{"data":"TheCursedMod:CursedStaff","floor":44,"key":"SMITH"},{"data":"TheCursedMod:SpitefulPlan","floor":47,"key":"SMITH"},{"data":"TheCursedMod:Defend_TheCursed","floor":49,"key":"PURGE"}],"neow_cost":"NONE","seed_source_timestamp":3822211460800,"circlet_count":0,"master_deck":["TheCursedMod:Strike_TheCursed","TheCursedMod:Strike_TheCursed","TheCursedMod:Strike_TheCursed","TheCursedMod:Defend_TheCursed+1","TheCursedMod:CursedWand+1","TheCursedMod:CleanUpWorkshop","TheCursedMod:Dregs","TheCursedMod:WearCloak","TheCursedMod:CursedShiv+1","TheCursedMod:SpitefulPray+1","TheCursedMod:SoulCrush+1","TheCursedMod:LuckyCharm+1","TheCursedMod:LuckyCharm+1","TheCursedMod:SmokeScreen+1","TheCursedMod:VoidForm+1","TheCursedMod:CursedStaff+1","TheCursedMod:SoulReap","TheCursedMod:CursedSpellbook","TheCursedMod:DoubleShield+1","TheCursedMod:StingEye","TheCursedMod:NeowsMight","TheCursedMod:SpitefulPlan+1","TheCursedMod:CursedArmor+1","Clumsy"],"relics":["TheCursedMod:BlackMagic101","Anchor","Akabeko","The Courier","Meat on the Bone","Black Star","Eternal Feather","PreservedInsect","Vajra","Mango","War Paint","StoneCalendar","Cursed Key","Membership Card","Calipers","Du-Vu Doll","Ornamental Fan","Peace Pipe","Orichalcum","Cauldron","TungstenRod","Smiling Mask"],"potions_floor_usage":[24,33,35],"damage_taken":[{"damage":0,"enemies":"2 Louse","floor":1,"turns":3},{"damage":0,"enemies":"Small Slimes","floor":4,"turns":3},{"damage":0,"enemies":"Cultist","floor":5,"turns":3},{"damage":41,"enemies":"3 Sentries","floor":6,"turns":14},{"damage":0,"enemies":"Looter","floor":10,"turns":3},{"damage":0,"enemies":"3 Louse","floor":12,"turns":3},{"damage":9,"enemies":"Gremlin Nob","floor":13,"turns":4},{"damage":3,"enemies":"Exordium Wildlife","floor":14,"turns":4},{"damage":15,"enemies":"The Guardian","floor":16,"turns":14},{"damage":8,"enemies":"Chosen","floor":18,"turns":6},{"damage":29,"enemies":"Slavers","floor":24,"turns":7},{"damage":12,"enemies":"3 Byrds","floor":25,"turns":9},{"damage":7,"enemies":"Centurion and Healer","floor":27,"turns":5},{"damage":0,"enemies":"Book of Stabbing","floor":29,"turns":4},{"damage":19,"enemies":"3 Cultists","floor":31,"turns":5},{"damage":18,"enemies":"Champ","floor":33,"turns":12},{"damage":17,"enemies":"3 Darklings","floor":35,"turns":6},{"damage":0,"enemies":"3 Shapes","floor":36,"turns":7},{"damage":1,"enemies":"Writhing Mass","floor":39,"turns":6},{"damage":20,"enemies":"Nemesis","floor":40,"turns":7},{"damage":8,"enemies":"Giant Head","floor":45,"turns":7},{"damage":35,"enemies":"Reptomancer","floor":48,"turns":4},{"damage":23,"enemies":"Donu and Deca","floor":50,"turns":7}],"seed_played":"-811587284386458317","potions_obtained":[{"floor":1,"key":"CultistPotion"},{"floor":10,"key":"SmokeBomb"},{"floor":14,"key":"Weak Potion"},{"floor":24,"key":"PowerPotion"},{"floor":29,"key":"Fire Potion"},{"floor":33,"key":"BlessingOfTheForge"},{"floor":35,"key":"Fruit Juice"},{"floor":46,"key":"SpeedPotion"},{"floor":46,"key":"TheCursedMod:DregsPotion"}],"is_trial":false,"path_per_floor":["M","?","?","M","M","E","R","$","T","M","R","M","E","M","R","B",null,"M","?","?","$","?","R","E","M","T","M","$","E","R","M","R","B",null,"M","M","?","$","M","E","R","?","T","R","E","$","R","E","R","B",null],"character_chosen":"THE_CURSED","items_purchased":["TheCursedMod:SoulCrush","TheCursedMod:LuckyCharm","TheCursedMod:CursedStaff","TheCursedMod:SpitefulPlan","Membership Card","Cauldron"],"campfire_rested":1,"item_purchase_floors":[8,8,21,38,38,46],"current_hp_per_floor":[75,80,80,80,80,39,39,39,39,39,63,63,54,51,51,48,80,72,72,72,72,72,80,51,42,56,58,58,73,85,72,84,77,94,94,99,99,99,98,78,93,93,93,94,93,93,94,76,91,71],"gold":51,"neow_bonus":"RANDOM_COMMON_RELIC","is_prod":false,"is_daily":false,"chose_seed":false,"campfire_upgraded":8,"win_rate":0,"timestamp":1607479985,"path_taken":["M","?","?","M","M","E","R","$","T","M","R","?","E","M","R","BOSS","M","?","?","$","?","R","E","M","T","M","$","E","R","?","R","BOSS","M","M","?","$","?","E","R","?","T","R","E","?","R","E","R","BOSS"],"build_version":"2020-11-30","purchased_purges":3,"victory":true,"max_hp_per_floor":[75,80,80,80,80,80,80,80,80,80,80,80,80,80,80,80,80,80,80,80,80,80,80,80,80,94,94,94,94,94,94,94,94,94,99,99,99,99,99,99,99,94,94,94,94,94,94,94,94,94],"relic_stats":{"counters":[23,143],"Eternal Feather":64,"StoneCalendar":[131],"PreservedInsect":272,"War Paint":["TheCursedMod:SmokeScreen","TheCursedMod:Defend_TheCursed"],"Orichalcum":[6],"Cursed Key":1,"Smiling Mask":0,"Peace Pipe":2,"Ornamental Fan":[32],"Black Star":5,"obtain_stats":[{"TheCursedMod:BlackMagic101":0,"Calipers":40,"Vajra":24,"Eternal Feather":19,"Mango":26,"StoneCalendar":29,"The Courier":9,"PreservedInsect":24,"War Paint":29,"Orichalcum":45,"Cursed Key":34,"Smiling Mask":48,"Akabeko":6,"Du-Vu Doll":40,"Peace Pipe":45,"Cauldron":46,"Anchor":0,"Ornamental Fan":43,"Black Star":17,"Membership Card":38,"TungstenRod":48,"Meat on the Bone":13},{"TheCursedMod:BlackMagic101":0,"Calipers":20,"Vajra":11,"Eternal Feather":10,"Mango":12,"StoneCalendar":14,"The Courier":4,"PreservedInsect":11,"War Paint":14,"Orichalcum":21,"Cursed Key":16,"Smiling Mask":22,"Akabeko":4,"Du-Vu Doll":20,"Peace Pipe":21,"Cauldron":21,"Anchor":0,"Ornamental Fan":20,"Black Star":9,"Membership Card":18,"TungstenRod":22,"Meat on the Bone":7},{"TheCursedMod:BlackMagic101":0,"Calipers":125,"Vajra":64,"Eternal Feather":57,"Mango":73,"StoneCalendar":82,"The Courier":23,"PreservedInsect":64,"War Paint":82,"Orichalcum":132,"Cursed Key":99,"Smiling Mask":136,"Akabeko":23,"Du-Vu Doll":125,"Peace Pipe":132,"Cauldron":132,"Anchor":0,"Ornamental Fan":125,"Black Star":51,"Membership Card":112,"TungstenRod":136,"Meat on the Bone":33}],"TungstenRod":3,"Meat on the Bone":12},"card_choices":[{"not_picked":["TheCursedMod:CircleOfCorruption","TheCursedMod:RavingStaff"],"picked":"TheCursedMod:WearCloak","floor":1},{"not_picked":["TheCursedMod:CircleOfFocus","TheCursedMod:Torture"],"picked":"TheCursedMod:CursedShiv","floor":4},{"not_picked":["TheCursedMod:VitalStrike","TheCursedMod:CursedAmulet"],"picked":"TheCursedMod:SpitefulPray","floor":5},{"not_picked":["TheCursedMod:FleshFromBone","TheCursedMod:CircleOfFlame","TheCursedMod:CursedAmulet"],"picked":"SKIP","floor":6},{"not_picked":["TheCursedMod:DemonicPact","TheCursedMod:CursedMace"],"picked":"TheCursedMod:LuckyCharm","floor":10},{"not_picked":["TheCursedMod:CircleOfFlame","TheCursedMod:CursedAmulet","TheCursedMod:CursedShiv"],"picked":"SKIP","floor":12},{"not_picked":["TheCursedMod:VitalStrike","TheCursedMod:Hemoplague","TheCursedMod:SpreadPlague"],"picked":"SKIP","floor":13},{"not_picked":["TheCursedMod:CursedMace","TheCursedMod:Torture"],"picked":"TheCursedMod:SmokeScreen","floor":14},{"not_picked":["TheCursedMod:UltimatePain","TheCursedMod:AntiAging"],"picked":"TheCursedMod:VoidForm","floor":16},{"not_picked":["TheCursedMod:CircleOfCorruption","TheCursedMod:BlessingInDisguise","TheCursedMod:Torture+1"],"picked":"SKIP","floor":18},{"not_picked":["TheCursedMod:HellsGateOpen","TheCursedMod:Neurasthenia"],"picked":"TheCursedMod:SoulReap","floor":24},{"not_picked":["TheCursedMod:Mangle+1","TheCursedMod:CircleOfBlood"],"picked":"TheCursedMod:CursedSpellbook","floor":25},{"not_picked":["TheCursedMod:ReleasedKnowledge","TheCursedMod:TacticalStrike"],"picked":"TheCursedMod:DoubleShield+1","floor":27},{"not_picked":["TheCursedMod:EmpowerCircles","TheCursedMod:HellsGateOpen"],"picked":"TheCursedMod:StingEye","floor":29},{"not_picked":["TheCursedMod:EmpowerCircles","TheCursedMod:RavingStaff","TheCursedMod:TacticalStrike"],"picked":"SKIP","floor":31},{"not_picked":["TheCursedMod:ShockAndAwe","TheCursedMod:VoidForm"],"picked":"TheCursedMod:NeowsMight","floor":33},{"not_picked":["TheCursedMod:CircleOfFlame+1","TheCursedMod:CircleOfWindfury","TheCursedMod:CursedShiv+1"],"picked":"SKIP","floor":35},{"not_picked":["TheCursedMod:ReleasedStrength","TheCursedMod:CircleOfCorruption+1","TheCursedMod:CursedStaff"],"picked":"SKIP","floor":36},{"not_picked":["TheCursedMod:Stigma+1","TheCursedMod:SpitefulPray+1","TheCursedMod:CursedAmulet"],"picked":"SKIP","floor":39},{"not_picked":["TheCursedMod:StingEye+1","TheCursedMod:LuckyCharm+1"],"picked":"TheCursedMod:CursedArmor+1","floor":40},{"not_picked":["TheCursedMod:Obscuration","TheCursedMod:DemonicPact","TheCursedMod:CursedSpellbook+1"],"picked":"SKIP","floor":45},{"not_picked":["TheCursedMod:Stigma","TheCursedMod:RavingStaff+1","TheCursedMod:VitalStrike+1"],"picked":"SKIP","floor":48}],"player_experience":354633,"relics_obtained":[{"floor":6,"key":"Akabeko"},{"floor":9,"key":"The Courier"},{"floor":13,"key":"Meat on the Bone"},{"floor":24,"key":"PreservedInsect"},{"floor":24,"key":"Vajra"},{"floor":26,"key":"Mango"},{"floor":29,"key":"War Paint"},{"floor":29,"key":"StoneCalendar"},{"floor":40,"key":"Calipers"},{"floor":40,"key":"Du-Vu Doll"},{"floor":43,"key":"Ornamental Fan"},{"floor":45,"key":"Peace Pipe"},{"floor":45,"key":"Orichalcum"},{"floor":48,"key":"TungstenRod"},{"floor":48,"key":"Smiling Mask"}],"event_choices":[{"damage_healed":0,"gold_gain":0,"player_choice":"Donut","damage_taken":0,"max_hp_gain":5,"max_hp_loss":0,"event_name":"Big Fish","floor":2,"gold_loss":0},{"damage_healed":0,"gold_gain":0,"player_choice":"Upgraded","damage_taken":0,"max_hp_gain":0,"max_hp_loss":0,"event_name":"Upgrade Shrine","floor":3,"gold_loss":0,"cards_upgraded":["TheCursedMod:CursedWand"]},{"damage_healed":0,"gold_gain":0,"player_choice":"Obtained Relic","damage_taken":0,"relics_obtained":["Eternal Feather"],"max_hp_gain":0,"max_hp_loss":0,"event_name":"Addict","floor":19,"gold_loss":85},{"damage_healed":0,"gold_gain":0,"player_choice":"Ignored","damage_taken":0,"max_hp_gain":0,"max_hp_loss":0,"event_name":"Vampires","floor":20,"gold_loss":0},{"damage_healed":0,"gold_gain":0,"player_choice":"Ignored","damage_taken":0,"max_hp_gain":0,"max_hp_loss":0,"event_name":"Ghosts","floor":22,"gold_loss":0},{"damage_healed":0,"gold_gain":0,"player_choice":"0 cards matched","damage_taken":0,"max_hp_gain":0,"max_hp_loss":0,"event_name":"Match and Keep!","floor":37,"gold_loss":0,"cards_obtained":[]},{"damage_healed":0,"gold_gain":0,"player_choice":"Max HP","damage_taken":0,"max_hp_gain":0,"max_hp_loss":5,"event_name":"Winding Halls","floor":42,"gold_loss":0}],"is_beta":false,"boss_relics":[{"not_picked":["Calling Bell","SacredBark"],"picked":"Black Star"},{"not_picked":["Pandora\u0027s Box","Astrolabe"],"picked":"Cursed Key"}],"items_purged_floors":[21,28,46],"is_endless":false,"potions_floor_spawned":[1,10,14,24,25,27,29,33,35],"ascension_level":1}}