{"host":"svwqvw2il1zfkkg0","time":1607557882,"event":{"gold_per_floor":[119,129,144,157,173,201,201,221,221,221,252,263,228,228,327,327,346,363,316,316,336,336,364,379,379,408,408,408,408,503,503,323,124,144,144,144,144,144,144,164,206,206,206,206,206],"floor_reached":50,"playtime":1940,"items_purged":["Writhe"],"score":718,"play_id":"3685c5ec-a77f-47cd-9b2d-5f0bf868ee87","local_time":"20201209155122","is_ascension_mode":false,"campfire_choices":[{"floor":7,"key":"REST"},{"floor":10,"key":"REST"},{"floor":15,"key":"REST"},{"data":"Burst","floor":23,"key":"SMITH"},{"floor":30,"key":"REST"},{"floor":32,"key":"REST"},{"floor":40,"key":"REST"},{"data":"ReplayTheSpireMod:Necrosis","floor":42,"key":"SMITH"},{"floor":47,"key":"REST"},{"floor":49,"key":"REST"}],"neow_cost":"NONE","seed_source_timestamp":469454190338100,"circlet_count":0,"master_deck":["Strike_G+1","Strike_G","Strike_G","Strike_G","Strike_G","Defend_G","Defend_G","Defend_G","Defend_G","Defend_G","Survivor","Neutralize","Deadly Poison","Dagger Spray","Bane","Burst+1","Dagger Spray","Replay:Poison Smokescreen","Bouncing Flask","Bane","ReplayTheSpireMod:Necrosis+1","Leg Sweep","Poisoned Stab+1","Bane","infinitespire:Neurotoxin","Crippling Poison+1","Writhe","Bane+1","Catalyst+1"],"relics":["Ring of the Snake","infinitespire:WardingShard","Torii","hubris:Teleporter","Painkiller Herb","Matryoshka","hubris:DeckOfHolding","hubris:Reverence","Replay:Rubber Ducky","Replay:Ancient Bell","MealTicket","Gremlin Horn","Pocketwatch","Happy Flower","Unceasing Top","hubris:ScarierMask","infinitespire:EvilPickle","Whetstone","Darkstone Periapt","infinitespire:Lucky Rock"],"potions_floor_usage":[6,6,11,16,22,24,25,33,45],"damage_taken":[{"damage":0,"enemies":"Cultist","floor":1,"turns":4},{"damage":1,"enemies":"2 Louse","floor":2,"turns":2},{"damage":2,"enemies":"Small Slimes","floor":3,"turns":3},{"damage":10,"enemies":"Looter","floor":4,"turns":2},{"damage":9,"enemies":"Blue Slaver","floor":5,"turns":4},{"damage":24,"enemies":"Gremlin Nob","floor":6,"turns":4},{"damage":18,"enemies":"Large Slime","floor":8,"turns":5},{"damage":19,"enemies":"Lagavulin","floor":11,"turns":5},{"damage":19,"enemies":"Exordium Wildlife","floor":12,"turns":4},{"damage":43,"enemies":"Hexaghost","floor":16,"turns":8},{"damage":1,"enemies":"Chosen","floor":18,"turns":4},{"damage":0,"enemies":"3 Byrds","floor":19,"turns":3},{"damage":2,"enemies":"Snake Plant","floor":22,"turns":5},{"damage":15,"enemies":"Book of Stabbing","floor":24,"turns":6},{"damage":19,"enemies":"Snecko","floor":25,"turns":7},{"damage":33,"enemies":"Slavers","floor":27,"turns":6},{"damage":34,"enemies":"Pondfish","floor":33,"turns":13},{"damage":26,"enemies":"3 Darklings","floor":35,"turns":7},{"damage":49,"enemies":"3 Shapes","floor":38,"turns":5},{"damage":33,"enemies":"Maw","floor":45,"turns":9},{"damage":0,"enemies":"Nemesis","floor":46,"turns":1},{"damage":88,"enemies":"Donu and Deca","floor":50,"turns":7}],"seed_played":"3558312746955853437","potions_obtained":[{"floor":1,"key":"CunningPotion"},{"floor":2,"key":"Regen Potion"},{"floor":6,"key":"AttackPotion"},{"floor":11,"key":"Reflective Coating"},{"floor":16,"key":"GhostInAJar"},{"floor":18,"key":"LiquidMemories"},{"floor":22,"key":"ColorlessPotion"},{"floor":27,"key":"Adrenaline Potion"},{"floor":35,"key":"Milkshake"}],"is_trial":false,"path_per_floor":["M","M","M","M","M","E","R","M","T","R","E","M","?","R","B",null,"?","?","T","?","?","T","E","?","T","E","?","T","T","B",null,"?","T","?","AVR","T","?","T","T","?","E","T","T","B"],"character_chosen":"THE_SILENT","items_purchased":["Poisoned Stab","Happy Flower","Energy Potion"],"campfire_rested":8,"item_purchase_floors":[20,37,37],"current_hp_per_floor":[77,76,74,64,55,43,66,48,48,71,52,33,52,75,32,77,76,76,76,76,74,74,59,40,40,7,7,30,53,19,77,51,66,17,17,40,59,59,59,26,26,49,72,0,0],"gold":206,"neow_bonus":"TEN_PERCENT_HP_BONUS","is_prod":false,"is_daily":false,"chose_seed":false,"campfire_upgraded":2,"win_rate":0,"timestamp":1607557882,"path_taken":["M","M","M","M","M","E","R","M","T","R","E","M","?","R","BOSS","?","?","T","?","?","T","E","?","T","E","?","T","T","BOSS","?","T","?","AVR","T","?","T","T","?","E","T","T","BOSS"],"build_version":"2020-11-30","purchased_purges":1,"victory":false,"max_hp_per_floor":[77,77,77,77,77,77,77,77,77,77,77,77,77,77,77,77,77,77,77,77,77,77,77,77,77,77,77,77,77,77,77,77,77,77,77,77,77,77,77,77,77,77,77,77,77],"card_choices":[{"not_picked":["Calculated Gamble","hubris:SlightOfHand"],"picked":"Deadly Poison","floor":1},{"not_picked":["Hidden Blade","Replay:Poison Smokescreen"],"picked":"Dagger Spray","floor":2},{"not_picked":["Hidden Blade","Quick Slash"],"picked":"Bane","floor":3},{"not_picked":["Outmaneuver","Expertise"],"picked":"Burst","floor":4},{"not_picked":["Dagger Throw","Reflex"],"picked":"Dagger Spray","floor":5},{"not_picked":["Quick Slash","Cloak And Dagger"],"picked":"Replay:Poison Smokescreen","floor":6},{"not_picked":["Slice","Heel Hook"],"picked":"Bouncing Flask","floor":8},{"not_picked":["Outmaneuver","Slice"],"picked":"Bane","floor":11},{"not_picked":["Fluid Movement","Dodge and Roll","Prepared"],"picked":"SKIP","floor":12},{"not_picked":["Grand Finale","Replay:Bag of Tricks"],"picked":"ReplayTheSpireMod:Necrosis","floor":16},{"not_picked":["hubris:TrickCloak","Backflip","Hidden Blade"],"picked":"SKIP","floor":18},{"not_picked":["ReplayTheSpireMod:Exploit Weakness+1","Caltrops"],"picked":"Leg Sweep","floor":19},{"not_picked":["Eviscerate","Dodge and Roll+1","Slice"],"picked":"SKIP","floor":22},{"not_picked":["A Thousand Cuts","Acrobatics+1","Flechettes"],"picked":"SKIP","floor":24},{"not_picked":["Caltrops","Calculated Gamble","Escape Plan+1"],"picked":"SKIP","floor":25},{"not_picked":["Sucker Punch","Finisher"],"picked":"Bane","floor":27},{"not_picked":["Storm of Steel","Atom Bomb"],"picked":"infinitespire:Neurotoxin","floor":33},{"not_picked":["hubris:Gluttony","Delirium"],"picked":"Writhe","floor":34},{"not_picked":["Languid","Amnesia"],"picked":"ReplayTheSpireMod:IOU","floor":34},{"not_picked":["ReplayTheSpireMod:Doomed","Amnesia"],"picked":"ReplayTheSpireMod:IOU","floor":34},{"not_picked":["Hidden Blade","PiercingWail","Cloak And Dagger"],"picked":"SKIP","floor":35},{"not_picked":["Flying Knee","Sucker Punch+1"],"picked":"Crippling Poison+1","floor":38},{"not_picked":["Skewer+1","ReplayTheSpireMod:Scrap Shanks"],"picked":"Bane+1","floor":45},{"not_picked":["Acrobatics+1","Deflect"],"picked":"Catalyst+1","floor":46}],"player_experience":351962,"relics_obtained":[{"floor":6,"key":"infinitespire:WardingShard"},{"floor":9,"key":"Torii"},{"floor":11,"key":"hubris:Teleporter"},{"floor":24,"key":"Matryoshka"},{"floor":26,"key":"hubris:DeckOfHolding"},{"floor":26,"key":"hubris:Reverence"},{"floor":27,"key":"Replay:Rubber Ducky"},{"floor":43,"key":"Whetstone"},{"floor":43,"key":"Darkstone Periapt"},{"floor":46,"key":"infinitespire:Lucky Rock"}],"event_choices":[{"damage_healed":19,"gold_gain":0,"player_choice":"Healed","damage_taken":0,"max_hp_gain":0,"max_hp_loss":0,"event_name":"The Cleric","floor":14,"gold_loss":35},{"damage_healed":0,"gold_gain":0,"player_choice":"Ignored","damage_taken":0,"max_hp_gain":0,"max_hp_loss":0,"event_name":"Cursed Tome","floor":21,"gold_loss":0},{"damage_healed":19,"gold_gain":0,"player_choice":"Writhe","damage_taken":0,"max_hp_gain":0,"max_hp_loss":0,"event_name":"Winding Halls","floor":41,"gold_loss":0,"cards_obtained":["Writhe"]}],"is_beta":false,"boss_relics":[{"not_picked":["Velvet Choker","Kintsugi"],"picked":"Painkiller Herb"},{"not_picked":["Tiny House","Empty Cage"],"picked":"Replay:Ancient Bell"},{"not_picked":["Pet Ghost","Dream Catcher"],"picked":"MealTicket"},{"not_picked":["Replay:WaspNest","infinitespire:Eraser"],"picked":"Gremlin Horn"},{"not_picked":["hubris:CuriousFeather","Bird Faced Urn"],"picked":"Pocketwatch"}],"items_purged_floors":[39],"is_endless":false,"potions_floor_spawned":[1,2,6,11,16,18,22,27,35],"killed_by":"Donu and Deca","ascension_level":0}}