{"host":"htpechobqgpaugnv","time":1607491514,"event":{"gold_per_floor":[369,56,56,56,56,88,104,104,152,181,181,181],"floor_reached":11,"playtime":183,"items_purged":["Shame"],"score":208,"play_id":"9ad97d0b-c9e0-4d7b-a622-8f84da87ad70","local_time":"20201208232514","is_ascension_mode":true,"campfire_choices":[{"data":"Tantrum","floor":8.0,"key":"SMITH"}],"neow_cost":"CURSE","seed_source_timestamp":71573309753800,"circlet_count":0,"master_deck":["AscendersBane","Strike_P","Strike_P","Strike_P","Defend_P","Defend_P","Defend_P","Eruption","Vigilance","Weave","Tantrum+1","ThirdEye","JustLucky","FlurryOfBlows","FlurryOfBlows","CutThroughFate"],"special_seed":0,"relics":["PureWater","Membership Card","Bird Faced Urn","Happy Flower","Nunchaku"],"potions_floor_usage":[],"damage_taken":[{"damage":4.0,"enemies":"Small Slimes","floor":1.0,"turns":3.0},{"damage":34.0,"enemies":"Gremlin Nob","floor":6.0,"turns":4.0},{"damage":9.0,"enemies":"2 Louse","floor":7.0,"turns":3.0},{"damage":0.0,"enemies":"Lagavulin","floor":10.0,"turns":3.0},{"damage":24,"enemies":"Jaw Worm","floor":11,"turns":1}],"seed_played":"2367802397504844617","potions_obtained":[{"floor":6.0,"key":"FearPotion"},{"floor":10.0,"key":"SpeedPotion"}],"is_trial":false,"path_per_floor":["M","$","?","?","?","E","M","R","T","E","M"],"character_chosen":"WATCHER","items_purchased":["Membership Card","Tantrum","ThirdEye","JustLucky"],"campfire_rested":0,"item_purchase_floors":[2,2,2,2],"current_hp_per_floor":[57,57,62,62,55,21,12,12,12,12,0,0],"gold":181,"neow_bonus":"TWO_FIFTY_GOLD","is_prod":false,"is_daily":false,"chose_seed":false,"campfire_upgraded":1,"win_rate":0,"timestamp":1607491514,"path_taken":["M","$","?","?","?","E","M","R","T","E","M"],"build_version":"2020-11-30","purchased_purges":1,"victory":false,"max_hp_per_floor":[68,68,73,73,73,73,73,73,73,73,73,73],"relic_stats":{"Nunchaku":[0],"Happy Flower":[1],"counters":[5,14],"Bird Faced Urn":[0],"obtain_stats":[{"Nunchaku":10,"Happy Flower":9,"Bird Faced Urn":6,"Membership Card":2,"PureWater":0},{"Nunchaku":4,"Happy Flower":3,"Bird Faced Urn":2,"Membership Card":1,"PureWater":0},{"Nunchaku":13,"Happy Flower":10,"Bird Faced Urn":7,"Membership Card":3,"PureWater":0}]},"card_choices":[{"not_picked":["Protect","EmptyFist"],"picked":"Weave","floor":1.0},{"not_picked":["Collect","Vengeance"],"picked":"FlurryOfBlows","floor":6.0},{"not_picked":["PathToVictory","DeceiveReality"],"picked":"FlurryOfBlows","floor":7.0},{"not_picked":["SpiritShield","Study"],"picked":"CutThroughFate","floor":10.0}],"player_experience":1252985,"relics_obtained":[{"floor":6.0,"key":"Bird Faced Urn"},{"floor":9.0,"key":"Happy Flower"},{"floor":10.0,"key":"Nunchaku"}],"event_choices":[{"damage_healed":0.0,"max_hp_gain":5.0,"max_hp_loss":0.0,"gold_gain":0.0,"event_name":"Big Fish","player_choice":"Donut","floor":3.0,"gold_loss":0.0,"damage_taken":0.0},{"cards_removed":["Strike_P"],"damage_healed":0.0,"max_hp_gain":0.0,"max_hp_loss":0.0,"gold_gain":0.0,"event_name":"Living Wall","player_choice":"Forget","floor":4.0,"gold_loss":0.0,"damage_taken":0.0},{"cards_removed":["Defend_P"],"damage_healed":0.0,"max_hp_gain":0.0,"max_hp_loss":0.0,"gold_gain":0.0,"event_name":"Golden Wing","player_choice":"Card Removal","floor":5.0,"gold_loss":0.0,"damage_taken":7.0}],"is_beta":false,"boss_relics":[],"items_purged_floors":[2],"is_endless":false,"potions_floor_spawned":[6,10],"killed_by":"Jaw Worm","ascension_level":20}}