{"host":"f55lpzc7830gmx23","time":1607522859,"event":{"gold_per_floor":[113,113,113,133,157,182,182,212,212,212,19,37,71,91,91,194,194,212,212,412,232,252,252,264,289,289,301,330,330,7,19,19,118,118,137,137,0,0,0,0,0,0,0,14,43,58,58,84,84,84,84],"floor_reached":50,"playtime":2900,"items_purged":["Pain","Regret","hexamod:Haunted"],"score":574,"play_id":"b3f2a904-725c-4a2b-bf1e-1ee272d1a73d","local_time":"20201209150739","is_ascension_mode":false,"campfire_choices":[{"data":"Thousand_Bone_Knives","floor":7.0,"key":"SMITH"},{"floor":10.0,"key":"REST"},{"floor":15.0,"key":"REST"},{"data":"Summon_Vampire_Lady","floor":23.0,"key":"SMITH"},{"floor":29.0,"key":"DIG"},{"floor":32.0,"key":"DIG"},{"floor":40,"key":"DIG"},{"floor":47,"key":"DIG"},{"floor":49,"key":"DIG"}],"neow_cost":"NONE","seed_source_timestamp":40481019708600,"circlet_count":0,"master_deck":["Strike_W","Strike_W","Strike_W","Defend_W","Defend_W","Defend_W","Defend_W","Negative_Energy_Arrows","Bone_Wall","Vampiric_Strike","Bone_Prison","Doubt","Thousand_Bone_Knives+1","Summon_Undead_Army","Consume_Illness","Negative_Energy_Burst","Vampiric_Strike","Summon_Vampire_Lady+1","Death_March_Dance","Summon_Undead_Army","Thousand_Bone_Knives+1","Bone_Prison+1","Summon_Death_Knight","Clumsy","Uncharnel","Summon_Lich+1","Negative_Energy_Mist+1","Death_March_Dance","Summon_Vampire_Lady","Bandage Up","Clumsy","Summon_Undead_Army+1","Parasite"],"special_seed":0,"relics":["Cursed Key","Pantograph","WarpedTongs","Bag of Marbles","Pen Nib","Art of War","Bronze Scales","Sundial","SacredBark","Juzu Bracelet","Shovel","Bottled Flame","Blood Vial","Omamori","Ornamental Fan","Calling Bell","Orichalcum","White Beast Statue","Thread and Needle","Red Mask","Dream Catcher","Gremlin Horn","Lizard Tail","Bag of Preparation","War Paint","Regal Pillow","StoneCalendar"],"potions_floor_usage":[33,45,45,50,50],"damage_taken":[{"damage":1.0,"enemies":"Cultist","floor":1.0,"turns":3.0},{"damage":5.0,"enemies":"2 Louse","floor":4.0,"turns":2.0},{"damage":61.0,"enemies":"3 Sentries","floor":6.0,"turns":13.0},{"damage":12.0,"enemies":"Gremlin Nob","floor":8.0,"turns":4.0},{"damage":0.0,"enemies":"Jaw Worm","floor":12.0,"turns":2.0},{"damage":22.0,"enemies":"3 Sentries","floor":13.0,"turns":5.0},{"damage":2.0,"enemies":"Exordium Thugs","floor":14.0,"turns":4.0},{"damage":59.0,"enemies":"The Guardian","floor":16.0,"turns":9.0},{"damage":21.0,"enemies":"2 Thieves","floor":18.0,"turns":3.0},{"damage":5.0,"enemies":"3 Byrds","floor":22.0,"turns":3.0},{"damage":4.0,"enemies":"Shelled Parasite and Fungi","floor":24.0,"turns":3.0},{"damage":10.0,"enemies":"Slavers","floor":25.0,"turns":2.0},{"damage":14.0,"enemies":"Centurion and Healer","floor":27.0,"turns":5.0},{"damage":19.0,"enemies":"Book of Stabbing","floor":28.0,"turns":5.0},{"damage":10.0,"enemies":"Snake Plant","floor":31.0,"turns":3.0},{"damage":76,"enemies":"Champ","floor":33,"turns":8},{"damage":0,"enemies":"Orb Walker","floor":35,"turns":3},{"damage":14,"enemies":"3 Darklings","floor":44,"turns":6},{"damage":14,"enemies":"Reptomancer","floor":45,"turns":5},{"damage":0,"enemies":"Jaw Worm Horde","floor":46,"turns":3},{"damage":149,"enemies":"Donu and Deca","floor":50,"turns":8}],"seed_played":"-1317408477687727468","potions_obtained":[{"floor":6.0,"key":"SkillPotion"},{"floor":8.0,"key":"FearPotion"},{"floor":13.0,"key":"SteroidPotion"},{"floor":22.0,"key":"AttackPotion"},{"floor":25.0,"key":"Regen Potion"},{"floor":27.0,"key":"Strength Potion"},{"floor":33,"key":"FearPotion"},{"floor":35,"key":"Energy Potion"},{"floor":44,"key":"BlessingOfTheForge"},{"floor":45,"key":"SmokeBomb"},{"floor":46,"key":"Block Potion"}],"is_trial":false,"path_per_floor":["M","?","?","M","T","E","R","E","T","R","$","M","E","M","R","B",null,"M","?","?","$","M","R","M","E","T","M","E","R","$","M","R","B",null,"M","?","?","$","?","R","$","T","T","M","E","M","R","T","R","B"],"character_chosen":"NECROMANCER","items_purchased":["Summon_Undead_Army","Consume_Illness","Summon_Undead_Army","Omamori","Negative_Energy_Mist"],"campfire_rested":2,"item_purchase_floors":[11,11,21,30,30],"current_hp_per_floor":[74,74,74,69,69,15,15,4,4,26,26,26,6,8,30,3,75,61,61,61,61,58,58,60,53,53,75,65,65,65,60,60,18,75,75,75,75,75,75,75,75,75,75,75,68,75,75,75,75,0,0],"gold":84,"neow_bonus":"BOSS_RELIC","is_prod":false,"is_daily":false,"chose_seed":false,"campfire_upgraded":2,"win_rate":0.0,"timestamp":1607522859,"path_taken":["M","?","?","?","?","E","R","E","T","R","?","?","E","M","R","BOSS","M","?","?","$","M","R","M","E","T","M","E","R","$","M","R","BOSS","M","?","?","$","?","R","?","?","T","M","E","M","R","?","R","BOSS"],"build_version":"2020-11-30","purchased_purges":3,"victory":false,"max_hp_per_floor":[75,75,75,75,75,75,75,75,75,75,75,75,75,75,75,75,75,75,75,75,75,75,75,75,75,75,75,75,75,75,75,75,75,75,75,75,75,75,75,75,75,75,75,75,75,75,75,75,75,75,75],"card_choices":[{"not_picked":["Bone_Bullets","Death_Coil"],"picked":"Vampiric_Strike","floor":1.0},{"not_picked":["Shade_Step","Death_Knell"],"picked":"Bone_Prison","floor":4.0},{"not_picked":["Requiem","Bone_Bullets"],"picked":"Thousand_Bone_Knives","floor":6.0},{"not_picked":["Corrupt","Deaths_Shadow","Blood_Is_Power"],"picked":"SKIP","floor":8.0},{"not_picked":["Chill_Blood","Death_Coil","Violent_Necrosis"],"picked":"SKIP","floor":12.0},{"not_picked":["Scare","Necromantic_Selection"],"picked":"Negative_Energy_Burst","floor":13.0},{"not_picked":["Blood_Whip","Slay_Living"],"picked":"Vampiric_Strike","floor":14.0},{"not_picked":["Negative_Energy_Bomb","Grasp_Heart"],"picked":"Summon_Vampire_Lady","floor":16.0},{"not_picked":["Finger_Of_Death","Blood_Whip"],"picked":"Death_March_Dance","floor":18.0},{"not_picked":["Bone_Bullets","Chill_Blood"],"picked":"Thousand_Bone_Knives+1","floor":22.0},{"not_picked":["Death_Coil","Negative_Energy_Javelin"],"picked":"Bone_Prison","floor":24.0},{"not_picked":["Finger_Of_Death+1","Blood_Whip"],"picked":"Summon_Death_Knight","floor":25.0},{"not_picked":["Flesh_Made_Foul","Exploit"],"picked":"Uncharnel","floor":27.0},{"not_picked":["Death_Knell","Acid_Javelin"],"picked":"Summon_Lich+1","floor":28.0},{"not_picked":["Bones_to_Steel","Slay_Living"],"picked":"Death_March_Dance","floor":31.0},{"not_picked":["Detonate_Bones","Grasp_Heart"],"picked":"Summon_Vampire_Lady","floor":33},{"not_picked":["Consume_Illness","Violent_Necrosis","Bone_Spikes"],"picked":"SKIP","floor":35},{"not_picked":["Discovery","Impatience"],"picked":"Bandage Up","floor":39},{"not_picked":["Death_March_Dance+1","Plague_Bolt+1"],"picked":"Summon_Undead_Army+1","floor":44},{"not_picked":["Bone_Spikes","Blood_for_Blood","Shade_Step+1"],"picked":"SKIP","floor":45},{"not_picked":["Death_Coil","Negative_Energy_Shield+1","Negative_Energy_Sphere+1"],"picked":"SKIP","floor":46}],"player_experience":365258,"relics_obtained":[{"floor":5.0,"key":"Bag of Marbles"},{"floor":6.0,"key":"Pen Nib"},{"floor":8.0,"key":"Art of War"},{"floor":9.0,"key":"Bronze Scales"},{"floor":13.0,"key":"Sundial"},{"floor":25.0,"key":"Juzu Bracelet"},{"floor":26.0,"key":"Shovel"},{"floor":28.0,"key":"Bottled Flame"},{"floor":29.0,"key":"Blood Vial"},{"floor":32.0,"key":"Ornamental Fan"},{"floor":34,"key":"Orichalcum"},{"floor":34,"key":"White Beast Statue"},{"floor":34,"key":"Thread and Needle"},{"floor":40,"key":"Dream Catcher"},{"floor":42,"key":"Gremlin Horn"},{"floor":43,"key":"Lizard Tail"},{"floor":45,"key":"Bag of Preparation"},{"floor":47,"key":"War Paint"},{"floor":48,"key":"Regal Pillow"},{"floor":49,"key":"StoneCalendar"}],"event_choices":[{"damage_healed":0.0,"max_hp_gain":0.0,"max_hp_loss":0.0,"gold_gain":0.0,"event_name":"Big Fish","player_choice":"Box","floor":2.0,"gold_loss":0.0,"damage_taken":0.0,"relics_obtained":["Pantograph"],"cards_obtained":["Regret"]},{"damage_healed":0.0,"max_hp_gain":0.0,"max_hp_loss":0.0,"gold_gain":0.0,"event_name":"Accursed Blacksmith","player_choice":"Rummage","floor":3.0,"gold_loss":0.0,"damage_taken":0.0,"relics_obtained":["WarpedTongs"],"cards_obtained":["Pain"]},{"cards_removed":["Doubt"],"damage_healed":0.0,"max_hp_gain":0.0,"max_hp_loss":0.0,"gold_gain":0.0,"event_name":"betterNote:BetterNote","player_choice":"Give","floor":19.0,"gold_loss":0.0,"damage_taken":0.0,"cards_obtained":["hermit:Strike_Hermit"]},{"damage_healed":0.0,"max_hp_gain":0.0,"max_hp_loss":0.0,"gold_gain":200.0,"event_name":"Wheel of Change","player_choice":"Gold","floor":20.0,"gold_loss":0.0,"damage_taken":0.0},{"cards_removed":["Strike_W"],"damage_healed":0,"gold_gain":0,"player_choice":"Removed Attack","damage_taken":0,"max_hp_gain":0,"max_hp_loss":0,"event_name":"Falling","floor":36,"gold_loss":0},{"damage_healed":0,"gold_gain":0,"player_choice":"Paid","damage_taken":0,"relics_obtained":["Red Mask"],"max_hp_gain":0,"max_hp_loss":0,"event_name":"Tomb of Lord Red Mask","floor":37,"gold_loss":137},{"damage_healed":0,"gold_gain":0,"player_choice":"Memory 1","damage_taken":0,"max_hp_gain":0,"max_hp_loss":0,"event_name":"SensoryStone","floor":39,"gold_loss":0}],"is_beta":false,"boss_relics":[{"not_picked":["Pandora\u0027s Box","Runic Pyramid"],"picked":"SacredBark"},{"not_picked":["Runic Dome","Coffee Dripper"],"picked":"Calling Bell"}],"items_purged_floors":[11,21,30],"is_endless":false,"potions_floor_spawned":[6,8,13,22,25,27,33,35,44,45,46],"killed_by":"Donu and Deca","ascension_level":0}}