{"host":"k5dhp0bkccqfauyu","time":1607505521,"event":{"gold_per_floor":[109,109,121,138,155,188,188,216,242,242,267,192,192,267,267,267,267],"floor_reached":16,"playtime":418,"items_purged":[],"score":236,"play_id":"03232a77-5616-4330-943a-9b51a309e76f","local_time":"20201209201841","is_ascension_mode":true,"campfire_choices":[{"data":"Eruption","floor":7,"key":"SMITH"},{"data":"TalkToTheHand","floor":10,"key":"SMITH"},{"data":"FlurryOfBlows","floor":15,"key":"SMITH"}],"neow_cost":"TEN_PERCENT_HP_LOSS","seed_source_timestamp":263008593800,"circlet_count":0,"master_deck":["AscendersBane","Strike_P+1","Defend_P","Defend_P","Defend_P","Eruption+1","Vigilance","ThirdEye","ReachHeaven","TalkToTheHand+1","JustLucky","LessonLearned","FlurryOfBlows+1","Halt"],"relics":["PureWater","Nunchaku","Lantern","Toy Ornithopter","Vajra","Ancient Tea Set"],"potions_floor_usage":[6,6],"damage_taken":[{"damage":1,"enemies":"2 Louse","floor":1,"turns":3},{"damage":5,"enemies":"Jaw Worm","floor":3,"turns":4},{"damage":0,"enemies":"Small Slimes","floor":4,"turns":2},{"damage":0,"enemies":"2 Fungi Beasts","floor":5,"turns":2},{"damage":4,"enemies":"3 Sentries","floor":6,"turns":4},{"damage":16,"enemies":"Gremlin Nob","floor":8,"turns":3},{"damage":15,"enemies":"3 Sentries","floor":11,"turns":3},{"damage":6,"enemies":"Slime Boss","floor":16,"turns":5}],"seed_played":"7534607031511045352","potions_obtained":[{"floor":3,"key":"DistilledChaos"},{"floor":4,"key":"Fire Potion"}],"is_trial":false,"path_per_floor":["M","?","M","M","M","E","R","E","T","R","E","?","?","?","R","B"],"character_chosen":"WATCHER","items_purchased":[],"campfire_rested":0,"item_purchase_floors":[],"current_hp_per_floor":[60,55,50,50,50,46,46,30,30,30,15,15,15,4,4,0,0],"gold":267,"neow_bonus":"REMOVE_TWO","is_prod":false,"is_daily":false,"chose_seed":false,"campfire_upgraded":3,"win_rate":0,"timestamp":1607505521,"path_taken":["M","?","M","M","M","E","R","E","T","R","E","?","?","?","R","BOSS"],"build_version":"2020-11-30","purchased_purges":0,"victory":false,"max_hp_per_floor":[62,62,62,62,62,62,62,62,62,62,62,62,62,62,62,62,62],"card_choices":[{"not_picked":["Crescendo","BowlingBash"],"picked":"ThirdEye","floor":1},{"not_picked":["FollowUp","PathToVictory"],"picked":"ReachHeaven","floor":3},{"not_picked":["JustLucky","Establishment"],"picked":"TalkToTheHand","floor":4},{"not_picked":["FlyingSleeves","EmptyBody"],"picked":"JustLucky","floor":5},{"not_picked":["ClearTheMind","WindmillStrike"],"picked":"LessonLearned","floor":6},{"not_picked":["Protect","FlyingSleeves"],"picked":"FlurryOfBlows","floor":8},{"not_picked":["CrushJoints","ReachHeaven"],"picked":"Halt","floor":11}],"player_experience":1738908,"relics_obtained":[{"floor":6,"key":"Lantern"},{"floor":8,"key":"Toy Ornithopter"},{"floor":9,"key":"Vajra"},{"floor":11,"key":"Ancient Tea Set"}],"event_choices":[{"damage_healed":0,"gold_gain":0,"player_choice":"Success","damage_taken":5,"relics_obtained":["Nunchaku"],"max_hp_gain":0,"max_hp_loss":0,"event_name":"Scrap Ooze","floor":2,"gold_loss":0},{"cards_removed":["Strike_P"],"damage_healed":0,"gold_gain":0,"player_choice":"Card Removal","damage_taken":0,"max_hp_gain":0,"max_hp_loss":0,"event_name":"The Cleric","floor":12,"gold_loss":75},{"cards_removed":["Strike_P"],"damage_healed":0,"gold_gain":0,"player_choice":"Forget","damage_taken":0,"max_hp_gain":0,"max_hp_loss":0,"event_name":"Living Wall","floor":13,"gold_loss":0},{"damage_healed":0,"gold_gain":75,"player_choice":"Gather Gold","damage_taken":11,"max_hp_gain":0,"max_hp_loss":0,"event_name":"World of Goop","floor":14,"gold_loss":0}],"is_beta":false,"boss_relics":[],"items_purged_floors":[],"is_endless":false,"potions_floor_spawned":[3,4],"killed_by":"Slime Boss","ascension_level":20}}