{"host":"z29vq06nk9i4hex5","time":1607483461,"event":{"gold_per_floor":[115,34,51,62,62,62,90,104,104,104,129,139,155,188,188,283,283,296,314,314,324,340,340,356,356,407,438,253,253,271,281,281,383,383,402,402,237,257,257,257,257],"floor_reached":39,"playtime":4910,"items_purged":[],"score":450,"play_id":"ad8b0657-b270-4907-95ab-c3084d432808","local_time":"20201208221101","is_ascension_mode":false,"metric_token":1426,"campfire_choices":[{"data":"PokerPlayerMod:Mulligan","floor":6,"key":"SMITH"},{"data":"PokerPlayerMod:MagicTrick","floor":10,"key":"SMITH"},{"data":"PokerPlayerMod:Raise","floor":15,"key":"SMITH"},{"data":"PokerPlayerMod:TheDieIsCast","floor":23,"key":"SMITH"},{"data":"PokerPlayerMod:WildCard","floor":29,"key":"SMITH"},{"data":"PokerPlayerMod:Raise","floor":32,"key":"SMITH"}],"neow_cost":"NONE","seed_source_timestamp":85460515234900,"circlet_count":0,"master_deck":["PokerPlayerMod:Diamond2","PokerPlayerMod:Diamond3","PokerPlayerMod:Diamond4","PokerPlayerMod:Diamond5","PokerPlayerMod:Spade2","PokerPlayerMod:Spade3","PokerPlayerMod:Spade4","PokerPlayerMod:Club1","PokerPlayerMod:Club2","PokerPlayerMod:Heart2","PokerPlayerMod:TrumpStrike","PokerPlayerMod:BadJoker","PokerPlayerMod:Mulligan+1","PokerPlayerMod:Spade4","PokerPlayerMod:ClubShade","PokerPlayerMod:Diamond4","PokerPlayerMod:SpadeStrike","PokerPlayerMod:Club2","PokerPlayerMod:Club3","PokerPlayerMod:Club4","PokerPlayerMod:Club5","PokerPlayerMod:Club6","PokerPlayerMod:Heart9","PokerPlayerMod:MagicTrick+1","hubris:DuctTapeCard","PokerPlayerMod:Club5","PokerPlayerMod:Raise+1","PokerPlayerMod:WildCard+1","PokerPlayerMod:TheDieIsCast+1","PokerPlayerMod:CloakAndDiamond+1","PokerPlayerMod:Spade5","PokerPlayerMod:Trickery","PokerPlayerMod:Raise+1","PokerPlayerMod:CloakAndDiamond","PokerPlayerMod:Club7","PokerPlayerMod:CardPrinter","PokerPlayerMod:ClubDance","PokerPlayerMod:Diamond2"],"relics":["PokerPlayerMod:DeckCase","hubris:Icosahedron","NeowsBlessing","Eternal Feather","jedi:arcanewood","hubris:DuctTape","jedi:Pinwheel","conspire:SpecialSausage","PreservedInsect","Replay:Baseball","theJungle:Creamberry","Coffee Dripper"],"potions_floor_usage":[14,14,16,33,39],"damage_taken":[{"damage":0,"enemies":"Small Slimes","floor":1,"turns":1},{"damage":0,"enemies":"Jaw Worm","floor":3,"turns":1},{"damage":0,"enemies":"2 Louse","floor":4,"turns":1},{"damage":19,"enemies":"Lagavulin","floor":7,"turns":4},{"damage":1,"enemies":"Blue Slaver","floor":8,"turns":2},{"damage":3,"enemies":"Replay:BlueRogue","floor":11,"turns":3},{"damage":5,"enemies":"Exordium Thugs","floor":12,"turns":2},{"damage":0,"enemies":"Exordium Wildlife","floor":13,"turns":1},{"damage":13,"enemies":"Lagavulin","floor":14,"turns":4},{"damage":12,"enemies":"Fading Forest","floor":16,"turns":11},{"damage":12,"enemies":"theJungle:GiantWrat","floor":18,"turns":4},{"damage":7,"enemies":"theJungle:MUSHROOMGANG","floor":19,"turns":2},{"damage":21,"enemies":"Snake Plant","floor":21,"turns":3},{"damage":0,"enemies":"theJungle:JungleHuntersEncounter","floor":22,"turns":3},{"damage":2,"enemies":"theJungle:SlimyTreeVines","floor":24,"turns":4},{"damage":8,"enemies":"theJungle:Cassacara","floor":27,"turns":5},{"damage":26,"enemies":"theJungle:2_Snecko_Cultists","floor":30,"turns":4},{"damage":9,"enemies":"theJungle:Snecko_Cultist_And_Trap","floor":31,"turns":5},{"damage":40,"enemies":"theJungle:FunGuy","floor":33,"turns":12},{"damage":23,"enemies":"3 Darklings","floor":35,"turns":4},{"damage":6,"enemies":"3 Shapes","floor":38,"turns":3},{"damage":35,"enemies":"Transient","floor":39,"turns":5}],"seed_played":"-2201805310536493242","potions_obtained":[{"floor":3,"key":"Adrenaline Potion"},{"floor":8,"key":"SteroidPotion"},{"floor":11,"key":"jedi:StrikingPotion"},{"floor":16,"key":"Ancient Potion"},{"floor":22,"key":"ColorlessPotion"},{"floor":30,"key":"DuplicationPotion"},{"floor":35,"key":"Strength Potion"}],"is_trial":false,"path_per_floor":["M","$","M","M","?","R","E","M","T","R","E","M","M","E","R","B",null,"M","M","?","M","M","R","M","?","T","E","?","R","M","M","R_BF","B",null,"M","?","$","M","M"],"character_chosen":"THE_POKER_PLAYER","items_purchased":["PokerPlayerMod:ClubShade","PokerPlayerMod:CardPrinter","PokerPlayerMod:ClubDance","PokerPlayerMod:Diamond2"],"campfire_rested":0,"item_purchase_floors":[2,37,37,37],"current_hp_per_floor":[52,52,52,52,52,52,33,32,32,47,52,47,47,52,52,42,52,52,45,45,31,33,51,51,51,51,44,44,52,28,32,50,31,52,29,29,29,23,0,0,0],"gold":257,"neow_bonus":"THREE_ENEMY_KILL","is_prod":false,"is_daily":false,"chose_seed":false,"campfire_upgraded":6,"win_rate":0.0,"timestamp":1607483461,"path_taken":["M","$","M","M","?","R","E","M","T","R","E","M","M","E","R","BOSS","M","M","?","M","M","R","M","?","T","E","?","R","M","M","R_BF","BOSS","M","?","$","?","M"],"build_version":"2020-11-30","purchased_purges":0,"victory":false,"max_hp_per_floor":[52,52,52,52,52,52,52,52,52,52,52,52,52,52,52,52,52,52,52,52,52,52,52,52,52,52,52,52,52,52,52,52,52,52,52,52,52,52,52,52,52],"card_choices":[{"not_picked":["PokerPlayerMod:Trickery","PokerPlayerMod:FlyingCard"],"picked":"PokerPlayerMod:Spade4","floor":1},{"not_picked":["PokerPlayerMod:DartThrow","PokerPlayerMod:Spade1"],"picked":"PokerPlayerMod:Diamond4","floor":3},{"not_picked":["PokerPlayerMod:Spade2","PokerPlayerMod:Diamond4"],"picked":"PokerPlayerMod:SpadeStrike","floor":4},{"not_picked":["PokerPlayerMod:Spade4","PokerPlayerMod:RiskyBet"],"picked":"PokerPlayerMod:Heart9","floor":7},{"not_picked":["PokerPlayerMod:SecondChance","PokerPlayerMod:Diamond1"],"picked":"PokerPlayerMod:MagicTrick","floor":8},{"not_picked":["PokerPlayerMod:Club1","PokerPlayerMod:Diamond2"],"picked":"PokerPlayerMod:Club5","floor":11},{"not_picked":["PokerPlayerMod:Spade2","PokerPlayerMod:Club1"],"picked":"PokerPlayerMod:Raise","floor":12},{"not_picked":["PokerPlayerMod:ClubShade","PokerPlayerMod:MagicTrick","PokerPlayerMod:SecondChance"],"picked":"SKIP","floor":13},{"not_picked":["PokerPlayerMod:HotShotCut","PokerPlayerMod:Fold"],"picked":"PokerPlayerMod:WildCard","floor":14},{"not_picked":["PokerPlayerMod:SecretDealer","PokerPlayerMod:Diamond9"],"picked":"PokerPlayerMod:TheDieIsCast","floor":16},{"not_picked":["PokerPlayerMod:Spade4","PokerPlayerMod:Extraction"],"picked":"PokerPlayerMod:CloakAndDiamond+1","floor":18},{"not_picked":["PokerPlayerMod:Diamond4","PokerPlayerMod:DartThrow+1","PokerPlayerMod:CardBurn"],"picked":"SKIP","floor":19},{"not_picked":["PokerPlayerMod:VarietyAttack","PokerPlayerMod:Heart2"],"picked":"PokerPlayerMod:Spade5","floor":21},{"not_picked":["PokerPlayerMod:Spade4","PokerPlayerMod:ClubsClub+1","PokerPlayerMod:Trickery"],"picked":"SKIP","floor":22},{"not_picked":["PokerPlayerMod:DiamondStrike+1","PokerPlayerMod:Club2"],"picked":"PokerPlayerMod:Trickery","floor":24},{"not_picked":["PokerPlayerMod:DamnStraight","PokerPlayerMod:RoyalStrike","PokerPlayerMod:HeartStrike"],"picked":"SKIP","floor":27},{"not_picked":["PokerPlayerMod:Club1","PokerPlayerMod:Configure"],"picked":"PokerPlayerMod:Raise","floor":30},{"not_picked":["PokerPlayerMod:DartThrow","PokerPlayerMod:FlyingCard+1"],"picked":"PokerPlayerMod:CloakAndDiamond","floor":31},{"not_picked":["PokerPlayerMod:Spade8","PokerPlayerMod:Spade9"],"picked":"PokerPlayerMod:Club7","floor":33},{"not_picked":["PokerPlayerMod:FillThePot+1","PokerPlayerMod:SpadeStrike+1","PokerPlayerMod:Spade3"],"picked":"SKIP","floor":35},{"not_picked":["PokerPlayerMod:Trickery","PokerPlayerMod:DartThrow+1","PokerPlayerMod:Diamond4"],"picked":"SKIP","floor":38}],"player_experience":36181,"relics_obtained":[{"floor":7,"key":"Eternal Feather"},{"floor":9,"key":"jedi:arcanewood"},{"floor":11,"key":"hubris:DuctTape"},{"floor":14,"key":"jedi:Pinwheel"},{"floor":26,"key":"PreservedInsect"},{"floor":27,"key":"Replay:Baseball"}],"event_choices":[{"damage_healed":0,"gold_gain":0,"player_choice":"Jackpot","damage_taken":0,"max_hp_gain":0,"max_hp_loss":0,"event_name":"PokerPlayerMod:ExordiumClub","floor":5,"gold_loss":0,"cards_obtained":["PokerPlayerMod:Club2","PokerPlayerMod:Club3","PokerPlayerMod:Club4","PokerPlayerMod:Club5","PokerPlayerMod:Club6"]},{"damage_healed":0,"gold_gain":0,"player_choice":"Jackpot","damage_taken":0,"max_hp_gain":0,"max_hp_loss":0,"event_name":"PokerPlayerMod:ExordiumClub","floor":5,"gold_loss":0,"cards_obtained":["PokerPlayerMod:Club2","PokerPlayerMod:Club3","PokerPlayerMod:Club4","PokerPlayerMod:Club5","PokerPlayerMod:Club6"]},{"damage_healed":0,"gold_gain":0,"player_choice":"Jackpot","damage_taken":0,"max_hp_gain":0,"max_hp_loss":0,"event_name":"PokerPlayerMod:ExordiumClub","floor":5,"gold_loss":0,"cards_obtained":["PokerPlayerMod:Club2","PokerPlayerMod:Club3","PokerPlayerMod:Club4","PokerPlayerMod:Club5","PokerPlayerMod:Club6"]},{"damage_healed":0,"gold_gain":0,"player_choice":"Jackpot","damage_taken":0,"max_hp_gain":0,"max_hp_loss":0,"event_name":"PokerPlayerMod:ExordiumClub","floor":5,"gold_loss":0,"cards_obtained":["PokerPlayerMod:Club2","PokerPlayerMod:Club3","PokerPlayerMod:Club4","PokerPlayerMod:Club5","PokerPlayerMod:Club6"]},{"damage_healed":0,"gold_gain":0,"player_choice":"Jackpot","damage_taken":0,"max_hp_gain":0,"max_hp_loss":0,"event_name":"PokerPlayerMod:ExordiumClub","floor":5,"gold_loss":0,"cards_obtained":["PokerPlayerMod:Club2","PokerPlayerMod:Club3","PokerPlayerMod:Club4","PokerPlayerMod:Club5","PokerPlayerMod:Club6"]},{"damage_healed":0,"gold_gain":0,"player_choice":"Leave","damage_taken":0,"max_hp_gain":0,"max_hp_loss":0,"event_name":"conspire:Investor","floor":20,"gold_loss":0}],"is_beta":false,"boss_relics":[{"not_picked":["conspire:SeveredTorchhead","vexMod:FluxCapacitor"],"picked":"conspire:SpecialSausage"},{"not_picked":["conspire:RoyalGoblet","Replay:Wanted Poster"],"picked":"Coffee Dripper"}],"items_purged_floors":[],"is_endless":false,"potions_floor_spawned":[3,8,11,12,16,22,30,35],"killed_by":"Transient","ascension_level":0}}