{"host":"vcrofm1hbk0ziuql","time":1607511167,"event":{"gold_per_floor":[99,99,99,99,99,16,64,97,97,97,179,195,211,225,239,337,337,337,366,383,383,383,383,406,422,422,448,460,36,36,56,73,174,174,174,191,205,232,17,17,64,12,12,42,54,104,119,169,202,216],"floor_reached":51,"playtime":3376,"items_purged":["Writhe"],"score":768,"play_id":"a0cca3b4-cfdf-437c-bf1b-25d4259c7af1","local_time":"20201209105247","is_ascension_mode":false,"campfire_choices":[{"data":"Slimebound:Split","floor":1.0,"key":"SMITH"},{"data":"Slimebound:FirmFortitude","floor":10.0,"key":"SMITH"},{"data":"Slimebound:DuplicatedForm","floor":18.0,"key":"SMITH"},{"data":"Slimebound:GrowthPunch","floor":21.0,"key":"SMITH"},{"data":"Slimebound:OneTwoCombo","floor":26.0,"key":"SMITH"},{"floor":35.0,"key":"RECALL"},{"data":"Slimebound:LeadByExample","floor":43,"key":"SMITH"}],"neow_cost":"NONE","seed_source_timestamp":0,"circlet_count":0,"master_deck":["Slimebound:Strike_Slimebound","Slimebound:Strike_Slimebound","Slimebound:Strike_Slimebound","Slimebound:Tackle","Slimebound:Defend_Slimebound+1","Slimebound:Defend_Slimebound","Slimebound:Defend_Slimebound","Slimebound:Split+1","Slimebound:SplitBruiser","Slimebound:Repurpose","Slimebound:FirmFortitude+1","Slimebound:PressTheAttack","Slimebound:Dissolve","Slimebound:DuplicatedForm+1","Slimebound:SamplingLick","Slimebound:SlimeSpikes","Slimebound:GrowthPunch+1","Slimebound:OneTwoCombo+1","CurseOfTheBell","Slimebound:LeechingTouch+1","Slimebound:AcidTongue","RitualDagger+1","Slimebound:ForwardTackle","Slimebound:SelfFormingGoo","Slimebound:SpikyOuterGoop+1","Slimebound:MassRepurpose+1","Slimebound:LeechEnergy","Slimebound:SplitBruiser+1","Slimebound:SplitMire+1","Slimebound:DouseInSlime+1","Slimebound:Gluttony","Slimebound:LeechLife","Slimebound:LeadByExample+1","Slimebound:SpikyOuterGoop+1","Slimebound:Replication+1","Slimebound:Equalize+1","Slimebound:SplitAcid+1","Slimebound:SamplingLick+1","Slimebound:Replication+1","Hallucinations","Slimebound:SplitAcid+1","Slimebound:GrowthPunch+1"],"special_seed":0,"relics":["Slimebound:AbsorbEndCombat","downfall:HeartsMalice","ReplayFunnel","Ancient Tea Set","Mirror","Calling Bell","Blood Vial","Onion Ring","Unceasing Top","Toxic Egg 2","Slimebound:MaxSlimesRelic","War Paint","Membership Card","PreservedInsect","Prayer Wheel","Sozu","Smiling Mask","ReplayTheSpireMod:Ninjato","Lee\u0027s Waffle","Gremlin Horn","TungstenRod","Ring of Greed","Replay:Bandana","The Courier"],"potions_floor_usage":[],"damage_taken":[{"damage":0.0,"enemies":"Small Slimes","floor":2.0,"turns":1.0},{"damage":0.0,"enemies":"Jaw Worm","floor":5.0,"turns":1.0},{"damage":16.0,"enemies":"downfall:FleeingMerchant","floor":6.0,"turns":4.0},{"damage":38.0,"enemies":"Replay:BlueRogue","floor":8.0,"turns":5.0},{"damage":0.0,"enemies":"Cultist","floor":9.0,"turns":1.0},{"damage":7.0,"enemies":"Blue Slaver","floor":12.0,"turns":3.0},{"damage":4.0,"enemies":"2 Fungi Beasts","floor":13.0,"turns":2.0},{"damage":11.0,"enemies":"Lots of Slimes","floor":14.0,"turns":3.0},{"damage":11.0,"enemies":"Large Slime","floor":15.0,"turns":4.0},{"damage":22.0,"enemies":"downfall:CharBossWatcher","floor":16.0,"turns":7.0},{"damage":23.0,"enemies":"Gremlin Leader","floor":19.0,"turns":7.0},{"damage":7.0,"enemies":"Spheric Guardian","floor":20.0,"turns":3.0},{"damage":17.0,"enemies":"Shelled Parasite and Fungi","floor":25.0,"turns":4.0},{"damage":14.0,"enemies":"Replay:Snechameleon","floor":27.0,"turns":4.0},{"damage":15.0,"enemies":"Snecko","floor":28.0,"turns":5.0},{"damage":11.0,"enemies":"downfall:FleeingMerchant","floor":29.0,"turns":4.0},{"damage":19.0,"enemies":"Sentry and Sphere","floor":31.0,"turns":4.0},{"damage":23.0,"enemies":"Snake Plant","floor":32.0,"turns":3.0},{"damage":25.0,"enemies":"downfall:CharBossDefect","floor":33.0,"turns":7.0},{"damage":5.0,"enemies":"Orb Walker","floor":36.0,"turns":2.0},{"damage":8.0,"enemies":"3 Shapes","floor":37.0,"turns":3.0},{"damage":44.0,"enemies":"Reptomancer","floor":38.0,"turns":4.0},{"damage":10,"enemies":"downfall:FleeingMerchant","floor":39,"turns":4},{"damage":19,"enemies":"downfall:FleeingMerchant","floor":42,"turns":4},{"damage":65,"enemies":"Nemesis","floor":44,"turns":5},{"damage":21,"enemies":"Sphere and 2 Shapes","floor":45,"turns":4},{"damage":12,"enemies":"Mind Bloom Boss Battle","floor":46,"turns":2},{"damage":17,"enemies":"Writhing Mass","floor":47,"turns":3},{"damage":30,"enemies":"4 Shapes","floor":49,"turns":3},{"damage":29,"enemies":"downfall:CharBossSilent","floor":50,"turns":7}],"seed_played":"-4427680869729707742","potions_obtained":[{"floor":14.0,"key":"Slimebound:SlimedPotion"},{"floor":15.0,"key":"Adrenaline Potion"},{"floor":16.0,"key":"Slimebound:SlimedPotion"},{"floor":19.0,"key":"Slimebound:SlimedPotion"},{"floor":23.0,"key":"CultistPotion"},{"floor":25.0,"key":"hexamod:EctoCoolerPotion"}],"is_trial":false,"path_per_floor":["R_BF","M","?","?","M","$","T","E","M","R","T","M","M","M","M","B",null,"R","E","M","R","?","?","T","M","R","E","M","$","?","M","M","B",null,"R","M","M","E","$","?","T","$","R","E","M","?","M","?","M","B",null],"character_chosen":"SLIMEBOUND","items_purchased":["Slimebound:FirmFortitude","Membership Card","PreservedInsect","Prayer Wheel","ReplayTheSpireMod:Ninjato","Lee\u0027s Waffle","Slimebound:LeadByExample"],"campfire_rested":0,"item_purchase_floors":[6,29,29,29,39,39,42],"current_hp_per_floor":[60,60,60,60,60,60,60,45,45,45,45,50,60,60,60,49,60,60,60,60,60,60,60,60,60,60,60,58,60,60,57,45,60,60,60,59,60,60,67,67,67,67,67,38,53,67,64,64,67,67],"gold":216,"neow_bonus":"THREE_ENEMY_KILL","is_prod":false,"is_daily":false,"chose_seed":false,"campfire_upgraded":6,"win_rate":0.0,"timestamp":1607511167,"path_taken":["R_BF","M","?","?","?","$","T","E","M","R","?","M","?","M","M","BOSS","R","E","M","R","?","?","T","M","R","E","M","$","?","?","M","BOSS","R","M","M","E","?","?","T","$","R","E","M","?","M","?","M","BOSS"],"build_version":"2020-11-30","purchased_purges":1,"victory":true,"max_hp_per_floor":[60,60,60,60,60,60,60,60,60,60,60,60,60,60,60,60,60,60,60,60,60,60,60,60,60,60,60,60,60,60,60,60,60,60,60,60,60,60,67,67,67,67,67,67,67,67,67,67,67,67],"card_choices":[{"not_picked":["Slimebound:SamplingLick","Slimebound:SplitLeeching"],"picked":"Slimebound:SplitBruiser","floor":2.0},{"not_picked":["Slimebound:SplitMire","Slimebound:SlimeTap"],"picked":"Slimebound:Repurpose","floor":5.0},{"not_picked":["Slimebound:RejuvenatingLick","Slimebound:ComboTackle"],"picked":"Slimebound:PressTheAttack","floor":8.0},{"not_picked":["Slimebound:FinishingTackle","Slimebound:Grow"],"picked":"Slimebound:Dissolve","floor":9.0},{"not_picked":["Slimebound:PressTheAttack","Slimebound:SlimeSpikes"],"picked":"Slimebound:DuplicatedForm","floor":12.0},{"not_picked":["Slimebound:PressTheAttack","Slimebound:Dissolve"],"picked":"Slimebound:SamplingLick","floor":13.0},{"not_picked":["Slimebound:Repurpose","Slimebound:DouseInSlime"],"picked":"Slimebound:SlimeSpikes","floor":14.0},{"not_picked":["Slimebound:FirmFortitude","Slimebound:LivingWall"],"picked":"Slimebound:GrowthPunch","floor":15.0},{"not_picked":["Slimebound:PrepareCrush","Slimebound:DuplicatedForm"],"picked":"Slimebound:OneTwoCombo","floor":16.0},{"not_picked":["Slimebound:HauntingLick+1","Slimebound:Grow"],"picked":"Slimebound:LeechingTouch+1","floor":19.0},{"not_picked":["Slimebound:Dissolve+1","Slimebound:SlimeTap+1"],"picked":"Slimebound:AcidTongue","floor":20.0},{"not_picked":["Slimebound:DisruptingSlam","Slimebound:SamplingLick+1"],"picked":"Slimebound:ForwardTackle","floor":25.0},{"not_picked":["Slimebound:Equalize","Slimebound:LevelUp"],"picked":"Slimebound:SelfFormingGoo","floor":27.0},{"not_picked":["Slimebound:LeechEnergy","Slimebound:ItLooksTasty"],"picked":"Slimebound:SpikyOuterGoop+1","floor":28.0},{"not_picked":["Slimebound:ItLooksTasty","Slimebound:RollThrough"],"picked":"Slimebound:LeechEnergy","floor":31.0},{"not_picked":["Slimebound:Grow+1","Slimebound:HauntingLick+1"],"picked":"Slimebound:SplitBruiser+1","floor":31.0},{"not_picked":["Slimebound:SplitBruiser+1","Slimebound:FormOfPuddle+1"],"picked":"Slimebound:SplitMire+1","floor":32.0},{"not_picked":["Slimebound:FinishingTackle","Slimebound:GrowthPunch","Slimebound:RollThrough"],"picked":"SKIP","floor":32.0},{"not_picked":["Slimebound:SelfFormingGoo","Slimebound:MassRepurpose+1"],"picked":"Slimebound:DouseInSlime+1","floor":33.0},{"not_picked":["Slimebound:SplitLeeching+1","Slimebound:ViciousTackle","Slimebound:DisruptingSlam+1"],"picked":"SKIP","floor":36.0},{"not_picked":["Slimebound:TongueLash","Slimebound:Schlurp+1","Slimebound:FinishingTackle+1"],"picked":"SKIP","floor":36.0},{"not_picked":["Slimebound:Dissolve+1","Slimebound:SplitAcid+1"],"picked":"Slimebound:Gluttony","floor":37.0},{"not_picked":["Slimebound:RollThrough","Slimebound:PressTheAttack+1","Slimebound:ComboTackle+1"],"picked":"SKIP","floor":37.0},{"not_picked":["Slimebound:SplitLeeching+1","Slimebound:ComboTackle"],"picked":"Slimebound:LeechLife","floor":38.0},{"not_picked":["Slimebound:RainOfGoop+1","Slimebound:SelfFormingGoo"],"picked":"Slimebound:SpikyOuterGoop+1","floor":44},{"not_picked":["Slimebound:FlameTackle","Slimebound:FormOfPuddle+1"],"picked":"Slimebound:Replication+1","floor":45},{"not_picked":["Slimebound:RollThrough","Slimebound:ForwardTackle+1"],"picked":"Slimebound:Equalize+1","floor":45},{"not_picked":["Slimebound:HauntingLick+1","Slimebound:SlimeSpikes+1"],"picked":"Slimebound:SplitAcid+1","floor":46},{"not_picked":["Slimebound:Schlurp+1","Slimebound:Gluttony+1"],"picked":"Slimebound:SamplingLick+1","floor":47},{"not_picked":["Slimebound:SlimeTap+1","Slimebound:GoopSpray+1"],"picked":"Slimebound:Replication+1","floor":47},{"not_picked":["Slimebound:GrowthPunch+1","Slimebound:FlameTackle"],"picked":"Slimebound:SplitAcid+1","floor":49},{"not_picked":["Slimebound:PressTheAttack","Slimebound:SamplingLick+1"],"picked":"Slimebound:GrowthPunch+1","floor":49}],"player_experience":518605,"relics_obtained":[{"floor":7.0,"key":"ReplayFunnel"},{"floor":8.0,"key":"Ancient Tea Set"},{"floor":11.0,"key":"Mirror"},{"floor":17.0,"key":"Blood Vial"},{"floor":17.0,"key":"Onion Ring"},{"floor":17.0,"key":"Unceasing Top"},{"floor":19.0,"key":"Toxic Egg 2"},{"floor":24.0,"key":"War Paint"},{"floor":27.0,"key":"Lantern"},{"floor":38.0,"key":"Smiling Mask"},{"floor":44,"key":"Gremlin Horn"},{"floor":46,"key":"TungstenRod"},{"floor":48,"key":"Ring of Greed"},{"floor":48,"key":"Replay:Bandana"},{"floor":48,"key":"The Courier"}],"event_choices":[{"cards_removed":["Slimebound:CorrosiveSpit"],"damage_healed":0,"gold_gain":0,"player_choice":"Removed Skill","damage_taken":0,"max_hp_gain":0,"max_hp_loss":0,"event_name":"Falling","floor":40,"gold_loss":0}],"is_beta":false,"boss_relics":[{"not_picked":["Painkiller Herb","Ectoplasm"],"picked":"Calling Bell"},{"not_picked":["Cursed Key","SlaversCollar"],"picked":"Sozu"}],"items_purged_floors":[29],"is_endless":false,"potions_floor_spawned":[14,15,16,19,25,27,37,38,44,49],"ascension_level":0}}