{"host":"Berg","time":1607493147,"event":{"gold_per_floor":[118,118,133,133,149,149,175,175,175,1,87,119,179,226,226,320,320,335,9,45,2,2,2,54,54,78,89,89,89,107,121,121,195,195,213,213,213,213,213,213,267,278,355,355,355],"floor_reached":44,"playtime":1626,"items_purged":["Strike_B"],"score":962,"play_id":"67b50d70-786a-484f-bf91-e434656440c6","local_time":"20201209005227","is_ascension_mode":true,"campfire_choices":[{"data":"1","floor":6.0,"key":"LIFT"},{"floor":8.0,"key":"REST"},{"floor":15.0,"key":"REST"},{"data":"2","floor":23.0,"key":"LIFT"},{"data":"3","floor":25.0,"key":"LIFT"},{"floor":29.0,"key":"REST"},{"floor":32.0,"key":"REST"},{"data":"Fission","floor":40,"key":"SMITH"}],"neow_cost":"NONE","seed_source_timestamp":28423207771700,"circlet_count":0,"master_deck":["AscendersBane","Strike_B","Strike_B","Defend_B","Defend_B","Defend_B","Defend_B","Zap","Dualcast","CurseOfTheBell","Melter","Rebound","Doom and Gloom","Leap","HandOfGreed","Electrodynamics+1","Capacitor+1","Undo","Reboot","Steam","Defragment+1","Conserve Battery","Hologram","Darkness+1","Fission+1","Compile Driver+1","Writhe","Redo","FTL","White Noise+1"],"special_seed":0,"relics":["Calling Bell","Lantern","Sundial","Girya","The Courier","Regal Pillow","Frozen Egg 2","Potion Belt","Anchor","Nuclear Battery","ClockworkSouvenir","Orichalcum","Juzu Bracelet","SacredBark","Boot","Darkstone Periapt"],"potions_floor_usage":[33,33,42,44],"damage_taken":[{"damage":0.0,"enemies":"2 Louse","floor":1.0,"turns":3.0},{"damage":0.0,"enemies":"Cultist","floor":3.0,"turns":3.0},{"damage":7.0,"enemies":"Small Slimes","floor":5.0,"turns":2.0},{"damage":29.0,"enemies":"Lagavulin","floor":7.0,"turns":5.0},{"damage":10.0,"enemies":"3 Sentries","floor":11.0,"turns":5.0},{"damage":4.0,"enemies":"2 Fungi Beasts","floor":12.0,"turns":2.0},{"damage":21.0,"enemies":"Exordium Thugs","floor":13.0,"turns":5.0},{"damage":32.0,"enemies":"Gremlin Nob","floor":14.0,"turns":4.0},{"damage":28.0,"enemies":"Slime Boss","floor":16.0,"turns":10.0},{"damage":0.0,"enemies":"Chosen","floor":18.0,"turns":5.0},{"damage":0.0,"enemies":"Spheric Guardian","floor":20.0,"turns":1.0},{"damage":11.0,"enemies":"Shelled Parasite and Fungi","floor":24.0,"turns":5.0},{"damage":23.0,"enemies":"3 Cultists","floor":27.0,"turns":6.0},{"damage":13.0,"enemies":"Snecko","floor":30.0,"turns":5.0},{"damage":19.0,"enemies":"Snake Plant","floor":31.0,"turns":4.0},{"damage":57,"enemies":"Champ","floor":33,"turns":11},{"damage":40,"enemies":"Orb Walker","floor":35,"turns":5},{"damage":65,"enemies":"Nemesis","floor":41,"turns":7},{"damage":21,"enemies":"3 Shapes","floor":42,"turns":4},{"damage":32,"enemies":"Giant Head","floor":44,"turns":5}],"seed_played":"-7428217881096593447","potions_obtained":[{"floor":5.0,"key":"Explosive Potion"},{"floor":11.0,"key":"Strength Potion"},{"floor":12.0,"key":"LiquidBronze"},{"floor":14.0,"key":"FairyPotion"},{"floor":24.0,"key":"Regen Potion"},{"floor":30.0,"key":"PowerPotion"},{"floor":41,"key":"AttackPotion"},{"floor":42,"key":"PowerPotion"}],"is_trial":false,"path_per_floor":["M","?","M","?","M","R","E","R","T","$","E","M","M","E","R","B",null,"M","$","M","$","?","R","M","R","T","M","?","R","M","M","R","B",null,"M","?","?","?","?","R","E","M","T","E"],"character_chosen":"DEFECT","items_purchased":["HandOfGreed","ClockworkSouvenir","Orichalcum","Steam","Conserve Battery"],"campfire_rested":4,"item_purchase_floors":[10,19,19,19,21],"current_hp_per_floor":[64,53,53,71,64,64,35,71,71,71,61,57,36,4,40,12,56,56,56,56,56,56,56,45,45,45,22,2,39,26,7,44,2,58,18,18,33,33,62,62,37,16,16,0,0],"gold":355,"neow_bonus":"BOSS_RELIC","is_prod":false,"is_daily":false,"chose_seed":false,"campfire_upgraded":1,"win_rate":0,"timestamp":1607493147,"path_taken":["M","?","M","?","M","R","E","R","T","$","E","M","M","E","R","BOSS","M","$","M","?","?","R","M","R","T","M","?","R","M","M","R","BOSS","M","?","?","?","?","R","E","M","T","E"],"build_version":"2020-12-07","purchased_purges":1,"victory":false,"max_hp_per_floor":[71,71,71,71,71,71,71,71,71,71,71,71,71,71,71,71,71,71,71,71,71,71,71,71,71,71,71,76,76,76,76,76,76,76,76,76,76,76,62,62,62,62,62,62,62],"relic_stats":{"Darkstone Periapt":0,"Regal Pillow":60,"counters":[20,97],"Sundial":[12],"Juzu Bracelet":1,"Orichalcum":[60],"Boot":[0],"obtain_stats":[{"Potion Belt":11,"Darkstone Periapt":43,"Girya":0,"Lantern":0,"Regal Pillow":7,"SacredBark":34,"The Courier":2,"Juzu Bracelet":26,"Frozen Egg 2":9,"Orichalcum":19,"Boot":41,"Nuclear Battery":17,"ClockworkSouvenir":19,"Calling Bell":0,"Anchor":14,"Sundial":0,"Cracked Core":0},{"Potion Belt":5,"Darkstone Periapt":19,"Girya":0,"Lantern":0,"Regal Pillow":4,"SacredBark":16,"The Courier":1,"Juzu Bracelet":12,"Frozen Egg 2":4,"Orichalcum":10,"Boot":18,"Nuclear Battery":9,"ClockworkSouvenir":10,"Calling Bell":0,"Anchor":8,"Sundial":0,"Cracked Core":0},{"Potion Belt":18,"Darkstone Periapt":92,"Girya":0,"Lantern":0,"Regal Pillow":13,"SacredBark":76,"The Courier":3,"Juzu Bracelet":50,"Frozen Egg 2":13,"Orichalcum":44,"Boot":88,"Nuclear Battery":39,"ClockworkSouvenir":44,"Calling Bell":0,"Anchor":29,"Sundial":0,"Cracked Core":0}]},"card_choices":[{"not_picked":["Defragment","Genetic Algorithm"],"picked":"Melter","floor":1.0},{"not_picked":["White Noise","Redo"],"picked":"Rebound","floor":3.0},{"not_picked":["Tempest","Leap"],"picked":"Doom and Gloom","floor":5.0},{"not_picked":["Rebound","Steam Power"],"picked":"Leap","floor":7.0},{"not_picked":["Force Field","Chill"],"picked":"Electrodynamics+1","floor":11.0},{"not_picked":["Beam Cell","Sweeping Beam"],"picked":"Capacitor+1","floor":12.0},{"not_picked":["Coolheaded","Lockon","Rebound"],"picked":"SKIP","floor":13.0},{"not_picked":["Ball Lightning","Leap"],"picked":"Undo","floor":14.0},{"not_picked":["Multi-Cast","Machine Learning+1"],"picked":"Reboot","floor":16.0},{"not_picked":["Rebound+1","Lockon","Beam Cell"],"picked":"SKIP","floor":18.0},{"not_picked":["Streamline","Steam"],"picked":"Defragment+1","floor":20.0},{"not_picked":["Sweeping Beam+1","Force Field","Fusion"],"picked":"SKIP","floor":24.0},{"not_picked":["Rebound","Doom and Gloom"],"picked":"Hologram","floor":27.0},{"not_picked":["Reprogram","Aggregate","Turbo"],"picked":"SKIP","floor":30.0},{"not_picked":["Steam","Rebound"],"picked":"Darkness+1","floor":31.0},{"not_picked":["Hyperbeam","Machine Learning+1"],"picked":"Fission","floor":33},{"not_picked":["Cold Snap","Stack+1"],"picked":"Compile Driver+1","floor":35},{"not_picked":["Reprogram","Turbo"],"picked":"FTL","floor":41},{"not_picked":["Gash+1","Melter+1"],"picked":"White Noise+1","floor":42}],"player_experience":1310452,"relics_obtained":[{"floor":0.0,"key":"Lantern"},{"floor":0.0,"key":"Sundial"},{"floor":0.0,"key":"Girya"},{"floor":7.0,"key":"Regal Pillow"},{"floor":9.0,"key":"Frozen Egg 2"},{"floor":11.0,"key":"Potion Belt"},{"floor":14.0,"key":"Anchor"},{"floor":26.0,"key":"Juzu Bracelet"},{"floor":41,"key":"Boot"},{"floor":43,"key":"Darkstone Periapt"}],"event_choices":[{"damage_healed":0.0,"max_hp_gain":0.0,"max_hp_loss":0.0,"gold_gain":0.0,"event_name":"Scrap Ooze","player_choice":"Success","floor":2.0,"gold_loss":0.0,"damage_taken":11.0,"relics_obtained":["The Courier"]},{"damage_healed":18.0,"max_hp_gain":0.0,"max_hp_loss":0.0,"gold_gain":0.0,"event_name":"Wheel of Change","player_choice":"Full Heal","floor":4.0,"gold_loss":0.0,"damage_taken":0.0},{"damage_healed":0.0,"max_hp_gain":0.0,"max_hp_loss":0.0,"gold_gain":0.0,"event_name":"Vampires","player_choice":"Ignored","floor":22.0,"gold_loss":0.0,"damage_taken":0.0},{"damage_healed":0.0,"max_hp_gain":5.0,"max_hp_loss":0.0,"gold_gain":0.0,"event_name":"Forgotten Altar","player_choice":"Shed Blood","floor":28.0,"gold_loss":0.0,"damage_taken":25.0},{"damage_healed":0,"gold_gain":0,"player_choice":"Ignored","damage_taken":0,"max_hp_gain":0,"max_hp_loss":0,"event_name":"Tomb of Lord Red Mask","floor":36,"gold_loss":0},{"damage_healed":15,"gold_gain":0,"player_choice":"Writhe","damage_taken":0,"max_hp_gain":0,"max_hp_loss":0,"event_name":"Winding Halls","floor":37,"gold_loss":0,"cards_obtained":["Writhe"]},{"damage_healed":0,"gold_gain":0,"cards_transformed":["Strike_B"],"player_choice":"Transformed","damage_taken":0,"max_hp_gain":0,"max_hp_loss":0,"event_name":"Transmorgrifier","floor":38,"gold_loss":0,"cards_obtained":["Redo"]},{"damage_healed":62,"gold_gain":0,"player_choice":"Heal","damage_taken":0,"max_hp_gain":0,"max_hp_loss":14,"event_name":"The Moai Head","floor":39,"gold_loss":0}],"is_beta":true,"boss_relics":[{"not_picked":["Fusion Hammer","Inserter"],"picked":"Nuclear Battery"},{"not_picked":["Coffee Dripper","Sozu"],"picked":"SacredBark"}],"items_purged_floors":[19],"is_endless":false,"potions_floor_spawned":[5,11,12,14,24,30,41,42],"killed_by":"Giant Head","ascension_level":20}}