{"host":"78hrz0ylpj9lzvi8","time":1607540586,"event":{"gold_per_floor":[112,131,148,17,34,34,68,68,68,68,94,15,29,54,54,132,132,147,147,163,163,163,197,213,241,241,256,156,156,182,200,200,279,279,296,51,64,109,119,119,154,154,154,179,197,18,33,0,0,0,0,0,0,0,32,32],"floor_reached":57,"playtime":2799,"items_purged":["Doubt","Defend_R"],"score":2805,"play_id":"a4b6a7c4-8356-4e9b-a21f-e28a654cb37b","local_time":"20201209160306","is_ascension_mode":true,"campfire_choices":[{"data":"Bash","floor":6.0,"key":"SMITH"},{"floor":8.0,"key":"REST"},{"data":"Fiend Fire","floor":15.0,"key":"SMITH"},{"data":"Uppercut","floor":29.0,"key":"SMITH"},{"data":"Shockwave","floor":32.0,"key":"SMITH"},{"data":"Heavy Blade","floor":40.0,"key":"SMITH"},{"data":"Uppercut","floor":42.0,"key":"SMITH"},{"floor":49.0,"key":"RECALL"},{"data":"Fiend Fire","floor":53,"key":"SMITH"}],"neow_cost":"CURSE","seed_source_timestamp":12652841390500,"circlet_count":0,"master_deck":["AscendersBane","Bash+1","Pommel Strike","Sword Boomerang","Fiend Fire+1","Shockwave+1","Thunderclap","Battle Trance+1","Twin Strike","Double Tap+1","Bludgeon","Flame Barrier+1","Spot Weakness+1","Bludgeon","Dark Embrace","Heavy Blade+1","Feel No Pain","Uppercut+1","Demon Form","Reaper","Uppercut+1","Fiend Fire+1","Immolate","Dropkick","Ghostly Armor+1","Searing Blow","Brutality","Double Tap+1","Flame Barrier+1","Dual Wield+1","Impervious+1","Barricade","Disarm+1"],"special_seed":0,"relics":["Burning Blood","Turnip","Mercury Hourglass","Toxic Egg 2","Bronze Scales","Ornamental Fan","Pocketwatch","Snecko Eye","Du-Vu Doll","Blood Vial","Darkstone Periapt","Mango","Pandora\u0027s Box","Oddly Smooth Stone","CaptainsWheel","Akabeko","White Beast Statue","Red Mask","TungstenRod"],"potions_floor_usage":[51,56],"damage_taken":[{"damage":12.0,"enemies":"2 Louse","floor":1.0,"turns":3.0},{"damage":8.0,"enemies":"Cultist","floor":2.0,"turns":5.0},{"damage":14.0,"enemies":"Jaw Worm","floor":3.0,"turns":4.0},{"damage":17.0,"enemies":"Exordium Wildlife","floor":5.0,"turns":4.0},{"damage":40.0,"enemies":"Lagavulin","floor":7.0,"turns":5.0},{"damage":4.0,"enemies":"Gremlin Nob","floor":11.0,"turns":3.0},{"damage":0.0,"enemies":"2 Fungi Beasts","floor":13.0,"turns":3.0},{"damage":17.0,"enemies":"3 Sentries","floor":14.0,"turns":5.0},{"damage":44.0,"enemies":"The Guardian","floor":16.0,"turns":5.0},{"damage":6.0,"enemies":"3 Byrds","floor":18.0,"turns":3.0},{"damage":13.0,"enemies":"Shell Parasite","floor":20.0,"turns":2.0},{"damage":10.0,"enemies":"Slavers","floor":23.0,"turns":2.0},{"damage":23.0,"enemies":"Shelled Parasite and Fungi","floor":24.0,"turns":2.0},{"damage":5.0,"enemies":"Gremlin Leader","floor":25.0,"turns":2.0},{"damage":0.0,"enemies":"Sentry and Sphere","floor":27.0,"turns":3.0},{"damage":10.0,"enemies":"Book of Stabbing","floor":30.0,"turns":3.0},{"damage":0.0,"enemies":"Snake Plant","floor":31.0,"turns":1.0},{"damage":10.0,"enemies":"Champ","floor":33.0,"turns":7.0},{"damage":7.0,"enemies":"3 Shapes","floor":35.0,"turns":3.0},{"damage":8.0,"enemies":"Orb Walker","floor":37.0,"turns":2.0},{"damage":22.0,"enemies":"2 Orb Walkers","floor":38.0,"turns":3.0},{"damage":13.0,"enemies":"Spire Growth","floor":39.0,"turns":3.0},{"damage":30.0,"enemies":"Nemesis","floor":41.0,"turns":4.0},{"damage":0.0,"enemies":"Giant Head","floor":44.0,"turns":5.0},{"damage":38.0,"enemies":"Writhing Mass","floor":45.0,"turns":4.0},{"damage":3.0,"enemies":"3 Darklings","floor":47.0,"turns":2.0},{"damage":37.0,"enemies":"Time Eater","floor":50.0,"turns":7.0},{"damage":38,"enemies":"Awakened One","floor":51,"turns":8},{"damage":42,"enemies":"Shield and Spear","floor":55,"turns":8},{"damage":35,"enemies":"The Heart","floor":56,"turns":9}],"seed_played":"-1886680348682966597","potions_obtained":[{"floor":2.0,"key":"EssenceOfSteel"},{"floor":11.0,"key":"Energy Potion"},{"floor":13.0,"key":"FairyPotion"},{"floor":14.0,"key":"SteroidPotion"},{"floor":20.0,"key":"ColorlessPotion"},{"floor":24.0,"key":"EssenceOfSteel"},{"floor":27.0,"key":"BloodPotion"},{"floor":38.0,"key":"Block Potion"},{"floor":45.0,"key":"PowerPotion"},{"floor":55,"key":"Fire Potion"}],"is_trial":false,"path_per_floor":["M","M","M","$","M","R","E","R","T","?","E","$","M","E","R","B",null,"M","?","M","?","?","E","M","E","T","M","$","R","E","M","R","B",null,"M","$","M","?","M","R","E","R","T","E","M","$","M","?","R","B","B",null,"R","$","E","B",null],"character_chosen":"IRONCLAD","items_purchased":["AttackPotion","Battle Trance+1","Oddly Smooth Stone","Flame Barrier+1","Barricade"],"campfire_rested":1,"item_purchase_floors":[4,12,36,36,46],"current_hp_per_floor":[62,60,52,52,41,41,7,29,29,29,31,31,37,26,26,12,59,59,59,52,52,52,48,31,32,32,40,40,40,52,60,60,58,81,82,82,82,68,88,88,65,65,65,81,68,68,73,73,73,44,14,70,70,70,36,41],"gold":32,"neow_bonus":"ONE_RARE_RELIC","is_prod":false,"is_daily":false,"chose_seed":false,"campfire_upgraded":7,"win_rate":0,"timestamp":1607540586,"path_taken":["M","M","M","$","M","R","E","R","T","?","E","$","?","E","R","BOSS","M","?","M","?","?","E","M","E","T","M","$","R","E","?","R","BOSS","M","$","M","?","M","R","E","R","T","E","M","$","M","?","R","BOSS","BOSS","R","$","E","BOSS"],"build_version":"2020-11-30","purchased_purges":2,"victory":true,"max_hp_per_floor":[75,75,75,75,75,75,75,75,75,75,75,75,75,75,75,75,75,75,75,75,75,75,75,75,75,75,75,75,75,89,89,89,89,89,89,89,89,89,89,89,89,89,89,89,89,89,89,89,89,89,89,89,89,89,89,89],"card_choices":[{"not_picked":["True Grit","Thunderclap"],"picked":"Pommel Strike","floor":1.0},{"not_picked":["Power Through","Warcry"],"picked":"Sword Boomerang","floor":2.0},{"not_picked":["Entrench","Rupture"],"picked":"Burning Pact","floor":3.0},{"not_picked":["Anger","Headbutt"],"picked":"Fiend Fire","floor":5.0},{"not_picked":["Disarm","Fiend Fire"],"picked":"Shockwave","floor":7.0},{"not_picked":["Sword Boomerang","Anger"],"picked":"Thunderclap","floor":11.0},{"not_picked":["Iron Wave","Heavy Blade"],"picked":"Twin Strike","floor":13.0},{"not_picked":["Rampage","Infernal Blade+1"],"picked":"Double Tap+1","floor":14.0},{"not_picked":["Double Tap+1","Corruption"],"picked":"Bludgeon","floor":16.0},{"not_picked":["Sword Boomerang","Anger"],"picked":"Flame Barrier+1","floor":18.0},{"not_picked":["Dropkick","Twin Strike"],"picked":"Spot Weakness+1","floor":20.0},{"not_picked":["Armaments+1","True Grit+1"],"picked":"Dark Embrace","floor":23.0},{"not_picked":["Fire Breathing","Intimidate+1"],"picked":"Heavy Blade","floor":24.0},{"not_picked":["Iron Wave","Cleave"],"picked":"Feel No Pain","floor":25.0},{"not_picked":["Wild Strike","Havoc+1"],"picked":"Uppercut","floor":27.0},{"not_picked":["True Grit+1","Warcry+1"],"picked":"Demon Form","floor":30.0},{"not_picked":["Flex+1","Battle Trance+1","Intimidate+1"],"picked":"SKIP","floor":31.0},{"not_picked":["Exhume+1","Brutality"],"picked":"Reaper","floor":33.0},{"not_picked":["Heavy Blade","Sword Boomerang","Iron Wave"],"picked":"SKIP","floor":35.0},{"not_picked":["Iron Wave","Second Wind+1"],"picked":"Dual Wield+1","floor":37.0},{"not_picked":["Inflame","Iron Wave+1","Cleave"],"picked":"SKIP","floor":39.0},{"not_picked":["Hemokinesis+1","Rampage+1"],"picked":"Impervious+1","floor":41.0},{"not_picked":["Intimidate+1","Headbutt","Blood for Blood+1"],"picked":"SKIP","floor":44.0},{"not_picked":["Headbutt+1","Shrug It Off+1","Perfected Strike"],"picked":"SKIP","floor":45.0},{"not_picked":["Body Slam+1","Perfected Strike","Heavy Blade"],"picked":"SKIP","floor":47.0},{"not_picked":["Wild Strike","Uppercut"],"picked":"Disarm+1","floor":55}],"player_experience":901304,"relics_obtained":[{"floor":7.0,"key":"Mercury Hourglass"},{"floor":9.0,"key":"Toxic Egg 2"},{"floor":11.0,"key":"Ornamental Fan"},{"floor":14.0,"key":"Pocketwatch"},{"floor":23.0,"key":"Du-Vu Doll"},{"floor":25.0,"key":"Blood Vial"},{"floor":26.0,"key":"Darkstone Periapt"},{"floor":30.0,"key":"Mango"},{"floor":38.0,"key":"CaptainsWheel"},{"floor":41.0,"key":"Akabeko"},{"floor":44.0,"key":"White Beast Statue"},{"floor":55,"key":"TungstenRod"}],"event_choices":[{"cards_removed":["Burning Pact"],"damage_healed":0.0,"max_hp_gain":0.0,"max_hp_loss":0.0,"gold_gain":0.0,"event_name":"WeMeetAgain","player_choice":"Gave Card","floor":10.0,"gold_loss":0.0,"damage_taken":0.0,"relics_obtained":["Bronze Scales"]},{"damage_healed":0.0,"max_hp_gain":0.0,"max_hp_loss":0.0,"gold_gain":0.0,"event_name":"The Mausoleum","player_choice":"Ignored","floor":19.0,"gold_loss":0.0,"damage_taken":0.0},{"damage_healed":0.0,"max_hp_gain":0.0,"max_hp_loss":0.0,"gold_gain":0.0,"event_name":"Vampires","player_choice":"Ignored","floor":21.0,"gold_loss":0.0,"damage_taken":0.0},{"damage_healed":0.0,"max_hp_gain":0.0,"max_hp_loss":0.0,"gold_gain":0.0,"event_name":"Duplicator","player_choice":"Copied","floor":22.0,"gold_loss":0.0,"damage_taken":0.0,"cards_obtained":["Bludgeon"]},{"damage_healed":0.0,"max_hp_gain":0.0,"max_hp_loss":0.0,"gold_gain":0.0,"event_name":"Mysterious Sphere","player_choice":"Fight","floor":38.0,"gold_loss":0.0,"damage_taken":0.0},{"damage_healed":0.0,"max_hp_gain":0.0,"max_hp_loss":0.0,"gold_gain":0.0,"event_name":"Tomb of Lord Red Mask","player_choice":"Paid","floor":48.0,"gold_loss":33.0,"damage_taken":0.0,"relics_obtained":["Red Mask"]}],"is_beta":false,"boss_relics":[{"not_picked":["Empty Cage","Mark of Pain"],"picked":"Snecko Eye"},{"not_picked":["SacredBark","Fusion Hammer"],"picked":"Pandora\u0027s Box"}],"items_purged_floors":[4,28],"is_endless":false,"potions_floor_spawned":[2,5,11,13,14,20,24,27,30,31,38,41,44,45,47,55],"ascension_level":20}}