{"host":"skr63qsdfgeey3it","time":1607483628,"event":{"gold_per_floor":[115,130,146,321,321,347,347,374,374,374,374],"floor_reached":10,"playtime":402,"items_purged":[],"score":110,"play_id":"672bf354-7279-44f6-8baf-93806cc026f4","local_time":"20201208211348","is_ascension_mode":true,"campfire_choices":[{"floor":7,"key":"REST"}],"neow_cost":"NONE","seed_source_timestamp":684126866979200,"circlet_count":0,"master_deck":["Strike_B","Strike_B","Strike_B","Defend_B","Defend_B","Defend_B","Defend_B","Zap","Dualcast","Rip and Tear","Beam Cell","Redo","Doubt","ReplayTheSpireMod:Calculation Training+1","Darkness"],"relics":["Cracked Core","NeowsBlessing","Ancient Tea Set","StrikeDummy","Blood Vial"],"potions_floor_usage":[6,6,10],"damage_taken":[{"damage":0,"enemies":"Cultist","floor":1,"turns":1},{"damage":0,"enemies":"Small Slimes","floor":2,"turns":1},{"damage":0,"enemies":"2 Louse","floor":3,"turns":1},{"damage":41,"enemies":"Lagavulin","floor":6,"turns":7},{"damage":30,"enemies":"3 Sentries","floor":8,"turns":6},{"damage":40,"enemies":"Gremlin Nob","floor":10,"turns":3}],"seed_played":"1342718208094157857","potions_obtained":[{"floor":1,"key":"Adrenaline Potion"},{"floor":2,"key":"Adrenaline Potion"},{"floor":3,"key":"CultistPotion"}],"is_trial":false,"path_per_floor":["M","M","M","?","?","E","R","E","T","E"],"character_chosen":"DEFECT","items_purchased":[],"campfire_rested":1,"item_purchase_floors":[],"current_hp_per_floor":[68,68,68,68,68,27,49,19,19,0,0],"gold":374,"neow_bonus":"THREE_ENEMY_KILL","is_prod":false,"is_daily":false,"chose_seed":false,"campfire_upgraded":0,"win_rate":0,"timestamp":1607483628,"path_taken":["M","M","?","?","?","E","R","E","T","E"],"build_version":"2020-11-30","purchased_purges":0,"victory":false,"max_hp_per_floor":[75,75,75,75,75,75,75,75,75,75,75],"card_choices":[{"not_picked":["Heatsinks","Go for the Eyes"],"picked":"Rip and Tear","floor":1},{"not_picked":["Redo","Steam Power"],"picked":"Beam Cell","floor":2},{"not_picked":["Turbo","Sweeping Beam"],"picked":"Redo","floor":3},{"not_picked":["Sweeping Beam","Barrage"],"picked":"Darkness","floor":6},{"not_picked":["Streamline","Hologram","Gash"],"picked":"SKIP","floor":8}],"player_experience":644006,"relics_obtained":[{"floor":6,"key":"Ancient Tea Set"},{"floor":8,"key":"StrikeDummy"},{"floor":9,"key":"Blood Vial"}],"event_choices":[{"damage_healed":0,"gold_gain":175,"player_choice":"AGREE","damage_taken":0,"max_hp_gain":0,"max_hp_loss":0,"event_name":"Liars Game","floor":4,"gold_loss":0,"cards_obtained":["Doubt"]}],"is_beta":false,"boss_relics":[],"items_purged_floors":[],"is_endless":false,"potions_floor_spawned":[1,2,3],"killed_by":"Gremlin Nob","ascension_level":9}}