{"host":"Ansgar","time":1607542549,"event":{"gold_per_floor":[212,222,122,34,34,34,52,52,105,121,151,151,151,151,151,151,151],"floor_reached":16,"playtime":1120,"items_purged":["Strike_G"],"score":196,"play_id":"1465e82c-8077-44d9-91ad-658f278194ef","local_time":"20201209203549","is_ascension_mode":true,"campfire_choices":[{"data":"Neutralize","floor":6,"key":"SMITH"},{"data":"Skewer","floor":12,"key":"SMITH"},{"floor":15,"key":"REST"}],"neow_cost":"NONE","seed_source_timestamp":7888267559900,"circlet_count":0,"master_deck":["AscendersBane","Strike_G","Strike_G","Strike_G","Strike_G","Defend_G","Defend_G","Defend_G","Defend_G","Defend_G","Survivor","Neutralize+1","Skewer+1","Deflect","Dagger Spray","Corpse Explosion","Quick Slash","Poisoned Stab","Backflip+1"],"relics":["Ring of the Snake","Question Card","Potion Belt","Boot"],"potions_floor_usage":[11,11,11],"damage_taken":[{"damage":2,"enemies":"Cultist","floor":1,"turns":4},{"damage":0,"enemies":"2 Louse","floor":2,"turns":3},{"damage":2,"enemies":"Small Slimes","floor":7,"turns":3},{"damage":8,"enemies":"Exordium Thugs","floor":10,"turns":5},{"damage":10,"enemies":"3 Sentries","floor":11,"turns":4},{"damage":38,"enemies":"Slime Boss","floor":16,"turns":7}],"seed_played":"-4060773844182191331","potions_obtained":[{"floor":1,"key":"Swift Potion"},{"floor":5,"key":"FearPotion"},{"floor":5,"key":"SteroidPotion"},{"floor":10,"key":"AttackPotion"}],"is_trial":false,"path_per_floor":["M","M","$","$","?","R","M","?","T","M","E","R","?","?","R","B"],"character_chosen":"THE_SILENT","items_purchased":["Dagger Spray","Corpse Explosion"],"campfire_rested":1,"item_purchase_floors":[3,4],"current_hp_per_floor":[57,57,57,57,57,57,55,44,44,36,26,26,26,17,36,0,0],"gold":151,"neow_bonus":"HUNDRED_GOLD","is_prod":false,"is_daily":false,"chose_seed":false,"campfire_upgraded":2,"win_rate":0,"timestamp":1607542549,"path_taken":["M","M","?","$","?","R","?","?","T","M","E","R","?","?","R","BOSS"],"build_version":"2020-12-07","purchased_purges":1,"victory":false,"max_hp_per_floor":[66,66,66,66,66,66,66,66,66,66,66,66,66,66,66,66,66],"card_choices":[{"not_picked":["Reflex","Endless Agony"],"picked":"Skewer","floor":1},{"not_picked":["Slice","Endless Agony"],"picked":"Deflect","floor":2},{"not_picked":["Skewer","Poisoned Stab"],"picked":"Quick Slash","floor":7},{"not_picked":["Underhanded Strike","Riddle With Holes","Prepared"],"picked":"Poisoned Stab","floor":10},{"not_picked":["Dodge and Roll","Reflex","Poisoned Stab"],"picked":"Backflip","floor":11}],"player_experience":1181809,"relics_obtained":[{"floor":9,"key":"Potion Belt"},{"floor":11,"key":"Boot"}],"event_choices":[{"damage_healed":0,"gold_gain":0,"player_choice":"Got Potions","damage_taken":0,"max_hp_gain":0,"max_hp_loss":0,"event_name":"Lab","floor":5,"gold_loss":0},{"damage_healed":0,"gold_gain":0,"player_choice":"Success","damage_taken":11,"relics_obtained":["Question Card"],"max_hp_gain":0,"max_hp_loss":0,"event_name":"Scrap Ooze","floor":8,"gold_loss":0},{"damage_healed":0,"gold_gain":0,"player_choice":"Grow","damage_taken":0,"max_hp_gain":0,"max_hp_loss":0,"event_name":"Living Wall","floor":13,"gold_loss":0,"cards_upgraded":["Backflip"]},{"damage_healed":0,"gold_gain":0,"player_choice":"Damaged","damage_taken":9,"max_hp_gain":0,"max_hp_loss":0,"event_name":"Wheel of Change","floor":14,"gold_loss":0}],"is_beta":true,"boss_relics":[],"items_purged_floors":[3],"is_endless":false,"potions_floor_spawned":[1,7,10],"killed_by":"Slime Boss","ascension_level":20}}