{"host":"dhx6fj5blcvowydx","time":1607511756,"event":{"gold_per_floor":[110,110,35,47,8,8,19,19,73,89,151,51,86,86,86,185,185,200,212,231,111,130,130,164,264,264,264,139,154,231,631,631,728,728,747,747,277,287,306,341,341,361,386,386,211,261,296,309,309,309,309,309,156,190,190],"floor_reached":56,"playtime":1882,"items_purged":["alterego_mod:Strike","alterego_mod:Strike","alterego_mod:Strike","alterego_mod:Strike","alterego_mod:TrashNCrash+1"],"score":1123,"play_id":"7b5a0008-2488-4d3b-99fe-049ffb140252","local_time":"20201209190236","is_ascension_mode":false,"campfire_choices":[{"data":"alterego_mod:Mirror","floor":6.0,"key":"SMITH"},{"data":"alterego_mod:Impale","floor":8.0,"key":"SMITH"},{"data":"alterego_mod:PerceptionDisorder","floor":15.0,"key":"SMITH"},{"data":"alterego_mod:ClassAdvantage","floor":23.0,"key":"SMITH"},{"data":"alterego_mod:Cushion","floor":27.0,"key":"SMITH"},{"data":"alterego_mod:Schoolgirl","floor":32.0,"key":"SMITH"},{"floor":41.0,"key":"RECALL"},{"data":"alterego_mod:Nekomimi","floor":44,"key":"SMITH"},{"data":"alterego_mod:Birthday","floor":49,"key":"SMITH"},{"data":"alterego_mod:Birthday","floor":52,"key":"SMITH"}],"neow_cost":"NONE","seed_source_timestamp":16383996387100,"circlet_count":0,"master_deck":["alterego_mod:Defend","alterego_mod:Defend","alterego_mod:Defend","alterego_mod:Defend","alterego_mod:Impale+1","alterego_mod:BigMeatyClaws","alterego_mod:PerceptionDisorder+1","alterego_mod:Mirror+1","alterego_mod:Birthday","alterego_mod:Birthday+1","alterego_mod:Valentines","alterego_mod:Valkyrie","alterego_mod:SakuraFive","alterego_mod:ClassAdvantage+1","alterego_mod:Birthday+1","alterego_mod:Cushion+1","alterego_mod:Schoolgirl+1","alterego_mod:Vow","alterego_mod:Birthday+1","alterego_mod:Nekomimi+1","alterego_mod:MagicResistance+1","alterego_mod:Bloomers"],"special_seed":0,"relics":["alterego_mod:MasochisticConstitution","NeowsBlessing","Gensokyo:Justice","Omamori","Vajra","Gensokyo:LunaticRedEyes","Sozu","Gensokyo:FoxMask","MealTicket","Mango","Replay:WaspNest","Runic Dome","Divine Protection","Turnip","Toy Ornithopter","Replay:Kaleidoscope","Replay:Mystery Machine","Oddly Smooth Stone","Pantograph"],"potions_floor_usage":[55,55],"damage_taken":[{"damage":0.0,"enemies":"Gensokyo:Python","floor":1.0,"turns":1.0},{"damage":0.0,"enemies":"Gensokyo:Gryphon","floor":4.0,"turns":1.0},{"damage":0.0,"enemies":"Gensokyo:3_Fairies","floor":7.0,"turns":1.0},{"damage":5.0,"enemies":"Gensokyo:Kitsune","floor":10.0,"turns":3.0},{"damage":20.0,"enemies":"Gensokyo:Mamizou","floor":13.0,"turns":6.0},{"damage":11.0,"enemies":"Gensokyo:Reimu","floor":16.0,"turns":4.0},{"damage":0.0,"enemies":"Gensokyo:Chomper","floor":18.0,"turns":2.0},{"damage":14.0,"enemies":"Gensokyo:CosmicMonolith","floor":19.0,"turns":3.0},{"damage":0.0,"enemies":"Gensokyo:3_Gloops","floor":20.0,"turns":3.0},{"damage":0.0,"enemies":"Gensokyo:Swordslinger","floor":22.0,"turns":2.0},{"damage":0.0,"enemies":"Gensokyo:Tenshi","floor":24.0,"turns":3.0},{"damage":22.0,"enemies":"Gensokyo:Tenshi","floor":25.0,"turns":8.0},{"damage":20.0,"enemies":"Gensokyo:Slime_Group","floor":29.0,"turns":3.0},{"damage":62.0,"enemies":"Gensokyo:Kaguya","floor":33.0,"turns":6.0},{"damage":0.0,"enemies":"3 Shapes","floor":35.0,"turns":2.0},{"damage":0.0,"enemies":"Orb Walker","floor":38.0,"turns":3.0},{"damage":33.0,"enemies":"Sphere and 2 Shapes","floor":39.0,"turns":3.0},{"damage":0.0,"enemies":"Reptomancer","floor":40.0,"turns":3.0},{"damage":0.0,"enemies":"4 Shapes","floor":42.0,"turns":4.0},{"damage":0,"enemies":"Mind Bloom Boss Battle","floor":46,"turns":6},{"damage":28,"enemies":"R_Hoarder","floor":47,"turns":7},{"damage":0,"enemies":"Jaw Worm Horde","floor":48,"turns":3},{"damage":52,"enemies":"Replay:Hell Engine","floor":50,"turns":7},{"damage":51,"enemies":"Shield and Spear","floor":54,"turns":5},{"damage":67,"enemies":"The Heart","floor":55,"turns":5}],"seed_played":"-2735502553618688063","potions_obtained":[{"floor":4.0,"key":"FairyPotion"},{"floor":10.0,"key":"PowerPotion"},{"floor":11.0,"key":"PowerPotion"}],"is_trial":false,"path_per_floor":["M","?","$","M","$","R","M","R","T","M","?","$","E","?","R","B",null,"M","M","M","?","M","R","E","?","T","R","$","M","T","?","R","B",null,"M","?","$","M","M","E","R","M","T","R","$","?","E","M","R","B",null,"R","$","E","B",null],"character_chosen":"The_Alterego","items_purchased":["alterego_mod:Birthday","Divine Protection","alterego_mod:Nekomimi","Oddly Smooth Stone"],"campfire_rested":0,"item_purchase_floors":[5,37,37,53],"current_hp_per_floor":[70,70,70,70,70,70,70,70,70,68,68,68,52,52,52,46,73,73,60,66,66,70,70,74,74,74,74,89,77,77,77,77,22,91,91,91,91,91,63,92,92,92,92,92,92,92,79,86,86,45,94,94,94,44,31],"gold":190,"neow_bonus":"THREE_ENEMY_KILL","is_prod":false,"is_daily":false,"chose_seed":false,"campfire_upgraded":9,"win_rate":0.0,"timestamp":1607511756,"path_taken":["M","?","$","?","?","R","M","R","T","M","?","$","E","?","R","BOSS","M","?","M","?","M","R","E","?","T","R","$","?","?","?","R","BOSS","M","?","?","M","M","E","R","M","T","R","$","?","E","M","R","BOSS","R","$","E","BOSS"],"build_version":"2020-11-30","purchased_purges":5,"victory":true,"max_hp_per_floor":[70,70,70,70,70,70,70,70,70,71,71,71,72,72,72,73,73,73,74,74,74,74,74,74,89,89,89,89,90,90,90,90,91,91,91,91,91,91,92,92,92,92,92,92,92,92,93,93,93,94,94,94,94,95,96],"card_choices":[{"not_picked":["alterego_mod:DiscoLights","alterego_mod:BustOut"],"picked":"alterego_mod:PerceptionDisorder","floor":1.0},{"not_picked":["alterego_mod:Belle","alterego_mod:Clap"],"picked":"alterego_mod:Mirror","floor":4.0},{"not_picked":["alterego_mod:BusterCard","alterego_mod:Mirror"],"picked":"alterego_mod:Valentines","floor":7.0},{"not_picked":["alterego_mod:PerceptionDisorder","alterego_mod:1TonWallop"],"picked":"alterego_mod:Valkyrie","floor":10.0},{"not_picked":["alterego_mod:DeftHands","alterego_mod:ChallengeComplete"],"picked":"alterego_mod:SakuraFive","floor":13.0},{"not_picked":["alterego_mod:Antipathy","alterego_mod:Palingenesis"],"picked":"alterego_mod:ClassAdvantage","floor":16.0},{"not_picked":["alterego_mod:Bunnysuit","alterego_mod:HighServant"],"picked":"alterego_mod:Birthday","floor":18.0},{"not_picked":["alterego_mod:Maid","alterego_mod:PerceptionDisorder","alterego_mod:Clap"],"picked":"SKIP","floor":19.0},{"not_picked":["alterego_mod:Cycle","alterego_mod:Belts+1","alterego_mod:Cooking"],"picked":"SKIP","floor":20.0},{"not_picked":["alterego_mod:DiscoLights","alterego_mod:Palingenesis"],"picked":"alterego_mod:TrashNCrash+1","floor":22.0},{"not_picked":["alterego_mod:HighServant","alterego_mod:Complex"],"picked":"alterego_mod:Cushion","floor":24.0},{"not_picked":["alterego_mod:Skirt","alterego_mod:Maid"],"picked":"alterego_mod:Schoolgirl","floor":29.0},{"not_picked":["alterego_mod:PainIsPleasure","alterego_mod:Valkyrie"],"picked":"alterego_mod:Vow","floor":33.0},{"not_picked":["alterego_mod:GachaTicket+1","alterego_mod:RocketPunch"],"picked":"alterego_mod:Birthday+1","floor":35.0},{"not_picked":["alterego_mod:Skirt+1","alterego_mod:Undulate","alterego_mod:DeftHands"],"picked":"SKIP","floor":38.0},{"not_picked":["alterego_mod:Collar","alterego_mod:Punishment","alterego_mod:PurpleHair+1"],"picked":"SKIP","floor":39.0},{"not_picked":["alterego_mod:1TonWallop+1","alterego_mod:Maid+1","alterego_mod:Bounce"],"picked":"SKIP","floor":40.0},{"not_picked":["alterego_mod:Maid","alterego_mod:Smother","alterego_mod:Stockings+1"],"picked":"SKIP","floor":42},{"not_picked":["alterego_mod:SuperDuperMasochism","alterego_mod:Maid+1"],"picked":"alterego_mod:MagicResistance+1","floor":46},{"not_picked":["alterego_mod:Maid","alterego_mod:1TonWallop+1","alterego_mod:Antipathy"],"picked":"SKIP","floor":47},{"not_picked":["alterego_mod:BoobPocket+1","alterego_mod:PerceptionDisorder+1","alterego_mod:Support"],"picked":"SKIP","floor":48},{"not_picked":["alterego_mod:GIGAMILK","alterego_mod:Skirt+1"],"picked":"alterego_mod:Bloomers","floor":54}],"player_experience":255522,"relics_obtained":[{"floor":9.0,"key":"Omamori"},{"floor":13.0,"key":"Vajra"},{"floor":24.0,"key":"MealTicket"},{"floor":25.0,"key":"Mango"},{"floor":25.0,"key":"Gambling Chip"},{"floor":30.0,"key":"Replay:WaspNest"},{"floor":40.0,"key":"Turnip"},{"floor":43,"key":"Toy Ornithopter"},{"floor":46,"key":"Replay:Kaleidoscope"},{"floor":47,"key":"Replay:Mystery Machine"},{"floor":54,"key":"Pantograph"}],"event_choices":[{"damage_healed":0.0,"max_hp_gain":0.0,"max_hp_loss":0.0,"gold_gain":0.0,"event_name":"Match and Keep!","player_choice":"0 cards matched","floor":36.0,"gold_loss":0.0,"damage_taken":0.0,"cards_obtained":[]},{"damage_healed":0,"gold_gain":0,"player_choice":"Fight","damage_taken":0,"max_hp_gain":0,"max_hp_loss":0,"event_name":"MindBloom","floor":46,"gold_loss":0}],"is_beta":false,"boss_relics":[{"not_picked":["Fusion Hammer","Honey Jar"],"picked":"Sozu"},{"not_picked":["Ring of Chaos","Replay:Wanted Poster"],"picked":"Runic Dome"}],"items_purged_floors":[3,12,28,37,45],"is_endless":false,"potions_floor_spawned":[4,10,16,19,20,22,35,38,42,47],"ascension_level":0}}