{"host":"jm9833yuloeli2yd","time":1607545384,"event":{"gold_per_floor":[217,227,238,7,23,23,39,51,123,133,133,146,146,171,171,171,171],"floor_reached":16,"playtime":383,"items_purged":["Strike_B"],"score":212,"play_id":"fe774ebb-543a-42e5-af1b-8cf894696eb1","local_time":"20201209152304","is_ascension_mode":true,"campfire_choices":[{"data":"Ball Lightning","floor":6,"key":"SMITH"},{"data":"Go for the Eyes","floor":11,"key":"SMITH"},{"data":"FTL","floor":13,"key":"SMITH"},{"data":"Zap","floor":15,"key":"SMITH"}],"neow_cost":"NONE","seed_source_timestamp":771509685861500,"circlet_count":0,"master_deck":["AscendersBane","Strike_B","Strike_B","Strike_B","Defend_B","Defend_B","Defend_B","Defend_B","Zap+1","Dualcast","Ball Lightning+1","Ball Lightning","Cold Snap","FTL+1","Go for the Eyes+1","Machine Learning","Turbo","All For One"],"special_seed":0,"relics":["Cracked Core","StrikeDummy","Ice Cream"],"potions_floor_usage":[16],"damage_taken":[{"damage":2,"enemies":"Cultist","floor":1,"turns":4},{"damage":8,"enemies":"2 Louse","floor":2,"turns":3},{"damage":3,"enemies":"Small Slimes","floor":3,"turns":3},{"damage":17,"enemies":"3 Louse","floor":5,"turns":3},{"damage":7,"enemies":"Exordium Wildlife","floor":7,"turns":3},{"damage":9,"enemies":"2 Fungi Beasts","floor":8,"turns":3},{"damage":0,"enemies":"Looter","floor":10,"turns":2},{"damage":8,"enemies":"Large Slime","floor":12,"turns":3},{"damage":18,"enemies":"Lagavulin","floor":14,"turns":6},{"damage":21,"enemies":"Hexaghost","floor":16,"turns":7}],"seed_played":"804684825571287091","potions_obtained":[{"floor":3,"key":"Ancient Potion"},{"floor":7,"key":"DistilledChaos"},{"floor":12,"key":"Fire Potion"}],"is_trial":false,"path_per_floor":["M","M","M","$","M","R","M","M","T","M","R","M","R","E","R","B"],"character_chosen":"DEFECT","items_purchased":["FairyPotion","Cold Snap"],"campfire_rested":0,"item_purchase_floors":[4,4],"current_hp_per_floor":[62,54,51,51,34,34,27,18,18,18,18,10,10,18,18,0,0],"gold":171,"neow_bonus":"HUNDRED_GOLD","is_prod":false,"is_daily":false,"chose_seed":false,"campfire_upgraded":4,"win_rate":0,"timestamp":1607545384,"path_taken":["M","M","?","$","?","R","M","M","T","M","R","M","R","E","R","BOSS"],"build_version":"2020-11-30","purchased_purges":1,"victory":false,"max_hp_per_floor":[71,71,71,71,71,71,71,71,71,71,71,71,71,71,71,71,71],"card_choices":[{"not_picked":["Leap","Chill"],"picked":"Ball Lightning","floor":1},{"not_picked":["Recycle","Turbo"],"picked":"Ball Lightning","floor":2},{"not_picked":["Stack","Sweeping Beam","Creative AI"],"picked":"SKIP","floor":3},{"not_picked":["Sweeping Beam","Heatsinks","Rebound"],"picked":"SKIP","floor":5},{"not_picked":["Leap","Lockon"],"picked":"FTL","floor":7},{"not_picked":["Recycle","Stack"],"picked":"Go for the Eyes","floor":8},{"not_picked":["Beam Cell","Rebound"],"picked":"Machine Learning","floor":10},{"not_picked":["Ball Lightning","BootSequence"],"picked":"Turbo","floor":12},{"not_picked":["Chill","Tempest"],"picked":"All For One","floor":14}],"player_experience":982883,"relics_obtained":[{"floor":9,"key":"StrikeDummy"},{"floor":14,"key":"Ice Cream"}],"event_choices":[],"is_beta":false,"boss_relics":[],"items_purged_floors":[4],"is_endless":false,"potions_floor_spawned":[3,7,10,12],"killed_by":"Hexaghost","ascension_level":20}}