{"host":"kviluv6axgu7h8rh","time":1607538485,"event":{"gold_per_floor":[114,36,49,3,3,37,37,54,90,102,133,149,149,38,38,136,136,55,55,55,68,80,107,7,7],"floor_reached":24,"playtime":1495,"items_purged":["Pain"],"score":276,"play_id":"6297a5c8-c492-4491-9ab6-1c300c7dcf2c","local_time":"20201209192805","is_ascension_mode":false,"campfire_choices":[],"neow_cost":"NONE","seed_source_timestamp":21070072109600,"circlet_count":0,"master_deck":["Gash","Gash","Gash","Gash","Gash","conspire:GhostlyDefend","conspire:GhostlyDefend","conspire:GhostlyDefend","conspire:GhostlyDefend","conspire:GhostlyDefend","Panic Button","Pot Of Greed","Gash","Clawfect:ClawSnap+1","StuffTheSpire:Rend","ReplayTheSpireMod:Brewmster","Clawfect:Clawline","Clawfect:ClawSnap","conspire:SharedLibrary","Conserve Battery","Aggregate","ReplayTheSpireMod:IOU","Pot Of Greed","Machine Learning","Clawfect:ClawingBeam","Aggregate","Defragment","Clawfect:Clawter","Steam+1"],"relics":["Clawfect:DRClaw","Grinning Jar","Nunchaku","hubris:OldNail","Replay:Wax Seal","aspiration:StickyExplosives_weak","CCEMRelics:WrappedPresent","Iron Hammer","StuffTheSpire:Experiment12","CCEMRelics:WarHorn","Cursed Key","CCEMRelics:CocoNut"],"potions_floor_usage":[9,11,12,16,16,18,18,18,18,18,18,21,22,22,22,22,22,23,23,23,23,23,23,23,24,24,24],"damage_taken":[{"damage":10,"enemies":"Cultist","floor":1,"turns":4},{"damage":0,"enemies":"2 Louse","floor":3,"turns":3},{"damage":15,"enemies":"3 Sentries","floor":6,"turns":6},{"damage":12,"enemies":"Small Slimes","floor":8,"turns":4},{"damage":2,"enemies":"3 Louse","floor":9,"turns":4},{"damage":16,"enemies":"3 Louse","floor":10,"turns":5},{"damage":19,"enemies":"Gremlin Nob","floor":11,"turns":4},{"damage":7,"enemies":"Looter","floor":12,"turns":3},{"damage":27,"enemies":"Slime Boss","floor":16,"turns":7},{"damage":8,"enemies":"3 Byrds","floor":18,"turns":3},{"damage":2,"enemies":"Chosen","floor":21,"turns":5},{"damage":10,"enemies":"Centurion and Healer","floor":22,"turns":5},{"damage":57,"enemies":"Book of Stabbing","floor":23,"turns":7},{"damage":25,"enemies":"Cultist and Chosen","floor":24,"turns":6}],"seed_played":"-6205288044295631758","potions_obtained":[{"floor":3,"key":"Swift Potion"},{"floor":10,"key":"Ancient Potion"},{"floor":11,"key":"Regen Potion"},{"floor":16,"key":"EntropicBrew"},{"floor":21,"key":"DuplicationPotion"}],"is_trial":false,"path_per_floor":["M","$","M","$","?","E","?","M","MIM","M","E","M","T","$","R_BF","B",null,"M","?","?","M","M","E","M"],"character_chosen":"DEFECT","items_purchased":["Grinning Jar","Clawfect:ClawSnap","CCEMRelics:WrappedPresent","Iron Hammer"],"campfire_rested":0,"item_purchase_floors":[2,4,14,14],"current_hp_per_floor":[72,72,72,72,72,57,57,45,43,27,8,6,6,6,30,3,82,74,74,74,72,62,10,0,0],"gold":7,"neow_bonus":"TEN_PERCENT_HP_BONUS","is_prod":false,"is_daily":false,"chose_seed":false,"campfire_upgraded":0,"win_rate":0,"timestamp":1607538485,"path_taken":["M","?","?","$","?","E","?","M","MIM","?","E","M","?","$","R_BF","BOSS","M","?","?","?","M","E","M"],"build_version":"2020-11-30","purchased_purges":1,"victory":false,"max_hp_per_floor":[82,82,82,82,82,82,82,82,82,82,82,82,82,82,82,82,82,82,82,82,82,82,87,87,87],"card_choices":[{"not_picked":["Turbo","Chaos"],"picked":"Panic Button","floor":1},{"not_picked":["Chaos","Clawfect:Clawter"],"picked":"Gash","floor":3},{"not_picked":["StuffTheSpire:Plugnplay","ReplayGash"],"picked":"StuffTheSpire:Rend","floor":6},{"not_picked":["FTL","Turbo"],"picked":"Clawfect:Clawline","floor":8},{"not_picked":["Steam Power","Consume"],"picked":"Clawfect:ClawSnap","floor":9},{"not_picked":["Clawfect:Clawline","Hyperbeam"],"picked":"conspire:SharedLibrary","floor":10},{"not_picked":["Time Bomb","Force Field"],"picked":"Conserve Battery","floor":11},{"not_picked":["Panic Button","Leap"],"picked":"Aggregate","floor":12},{"not_picked":["Thunder Strike","StuffTheSpire:ForEach"],"picked":"Machine Learning","floor":16},{"not_picked":["Rebound","Gash"],"picked":"Clawfect:ClawingBeam","floor":18},{"not_picked":["Panic Button","Sunder+1"],"picked":"Defragment","floor":21},{"not_picked":["Hologram+1","conspire:SharedLibrary"],"picked":"Clawfect:Clawter","floor":22},{"not_picked":["Steam Power","Panic Button"],"picked":"Steam+1","floor":23}],"player_experience":385604,"relics_obtained":[{"floor":6,"key":"Nunchaku"},{"floor":9,"key":"hubris:OldNail"},{"floor":11,"key":"Replay:Wax Seal"},{"floor":13,"key":"aspiration:StickyExplosives_weak"},{"floor":14,"key":"StuffTheSpire:Experiment12"},{"floor":14,"key":"CCEMRelics:WarHorn"},{"floor":23,"key":"CCEMRelics:CocoNut"}],"event_choices":[{"damage_healed":0,"gold_gain":0,"player_choice":"Agree","damage_taken":0,"max_hp_gain":0,"max_hp_loss":0,"event_name":"conspire:LoneGhost","floor":5,"gold_loss":0},{"damage_healed":0,"gold_gain":0,"cards_transformed":["Pot Of Greed"],"player_choice":"Change","damage_taken":0,"max_hp_gain":0,"max_hp_loss":0,"event_name":"Living Wall","floor":7,"gold_loss":0,"cards_obtained":["ReplayTheSpireMod:Brewmster"]},{"cards_removed":["conspire:GhostlyDefend"],"damage_healed":0,"gold_gain":0,"player_choice":"Give","damage_taken":0,"max_hp_gain":0,"max_hp_loss":0,"event_name":"betterNote:BetterNote","floor":19,"gold_loss":0,"cards_obtained":["None"]},{"damage_healed":0,"gold_gain":0,"player_choice":"Copied","damage_taken":0,"max_hp_gain":0,"max_hp_loss":0,"event_name":"Duplicator","floor":20,"gold_loss":0,"cards_obtained":["Aggregate"]}],"is_beta":false,"boss_relics":[{"not_picked":["halation:CatFaceCupcake","hubris:TerracottaHorce"],"picked":"Cursed Key"}],"items_purged_floors":[14],"is_endless":false,"potions_floor_spawned":[3,10,11,16,21],"killed_by":"Cultist and Chosen","ascension_level":0}}