{"host":"0msxzbajcl1c78mb","time":1607488526,"event":{"gold_per_floor":[113,113,131,81,356,382,382,258,258,258,269,299,299,309,309,412,412,430,355,355,375,109,135,135,164,164,195,209,209,220,234,234,332,332,346,221,239,249,261,292,306,338,338,371,94,94,94,110,110,110,110,110,29,57,57],"floor_reached":56,"playtime":3038,"items_purged":["Regret","Strike_G","Strike_G","Defend_G"],"score":1744,"play_id":"8321288f-4ae6-46b3-ba6c-91b04464c9a1","local_time":"20201208233526","is_ascension_mode":true,"campfire_choices":[{"data":"Infinite Blades","floor":7,"key":"SMITH"},{"data":"Blade Dance","floor":10,"key":"SMITH"},{"data":"Neutralize","floor":13,"key":"SMITH"},{"data":"Blade Dance","floor":15,"key":"SMITH"},{"data":"Panache","floor":24,"key":"SMITH"},{"data":"Blade Dance","floor":29,"key":"SMITH"},{"data":"Phantasmal Killer","floor":32,"key":"SMITH"},{"floor":47,"key":"RECALL"},{"floor":49,"key":"REST"},{"floor":52,"key":"REST"}],"neow_cost":"NONE","seed_source_timestamp":468641698847400,"circlet_count":0,"master_deck":["Defend_G","Defend_G+1","Survivor","Neutralize+1","Infinite Blades+1","Blade Dance+1","Backflip+1","Blade Dance+1","Adrenaline","Blade Dance+1","Adrenaline","Sucker Punch","Dagger Spray","Flying Knee","Panache+1","Phantasmal Killer+1","Cloak And Dagger+1","PiercingWail","Tools of the Trade","Flying Knee+1","Accuracy","Corpse Explosion","Accuracy+1","Dodge and Roll","Cloak And Dagger+1","Accuracy","Die Die Die","Backflip+1","Terror","Finisher"],"relics":["Ring of the Snake","NeowsBlessing","Bottled Lightning","Shuriken","HornCleat","Black Star","PreservedInsect","Bottled Tornado","Pocketwatch","Bag of Marbles","White Beast Statue","War Paint","Bottled Flame","Fusion Hammer","Lantern","Strawberry","Torii","Smiling Mask","Toy Ornithopter","Letter Opener","Oddly Smooth Stone","Happy Flower","Blood Vial"],"potions_floor_usage":[23,23,50,55,55],"damage_taken":[{"damage":0,"enemies":"Small Slimes","floor":1,"turns":1},{"damage":0,"enemies":"Cultist","floor":3,"turns":1},{"damage":0,"enemies":"Lagavulin","floor":6,"turns":1},{"damage":0,"enemies":"2 Louse","floor":11,"turns":1},{"damage":2,"enemies":"3 Sentries","floor":12,"turns":5},{"damage":0,"enemies":"Blue Slaver","floor":14,"turns":1},{"damage":22,"enemies":"The Guardian","floor":16,"turns":8},{"damage":0,"enemies":"2 Thieves","floor":18,"turns":2},{"damage":0,"enemies":"Spheric Guardian","floor":21,"turns":2},{"damage":16,"enemies":"Slavers","floor":23,"turns":2},{"damage":5,"enemies":"Book of Stabbing","floor":25,"turns":3},{"damage":0,"enemies":"Gremlin Leader","floor":27,"turns":2},{"damage":0,"enemies":"Snake Plant","floor":28,"turns":2},{"damage":0,"enemies":"Chosen and Byrds","floor":30,"turns":2},{"damage":2,"enemies":"Centurion and Healer","floor":31,"turns":2},{"damage":9,"enemies":"Champ","floor":33,"turns":5},{"damage":6,"enemies":"3 Shapes","floor":35,"turns":1},{"damage":0,"enemies":"Orb Walker","floor":37,"turns":1},{"damage":0,"enemies":"Transient","floor":38,"turns":5},{"damage":17,"enemies":"4 Shapes","floor":39,"turns":2},{"damage":0,"enemies":"Reptomancer","floor":40,"turns":2},{"damage":0,"enemies":"3 Darklings","floor":41,"turns":1},{"damage":7,"enemies":"Nemesis","floor":42,"turns":3},{"damage":0,"enemies":"Giant Head","floor":44,"turns":3},{"damage":0,"enemies":"Sphere and 2 Shapes","floor":48,"turns":1},{"damage":19,"enemies":"Time Eater","floor":50,"turns":6},{"damage":0,"enemies":"Shield and Spear","floor":54,"turns":2},{"damage":103,"enemies":"The Heart","floor":55,"turns":6}],"seed_played":"-1194779936681336421","potions_obtained":[{"floor":1,"key":"BlessingOfTheForge"},{"floor":14,"key":"LiquidBronze"},{"floor":16,"key":"SpeedPotion"},{"floor":18,"key":"Weak Potion"},{"floor":27,"key":"FairyPotion"},{"floor":28,"key":"SmokeBomb"},{"floor":30,"key":"Dexterity Potion"},{"floor":31,"key":"ColorlessPotion"},{"floor":33,"key":"Swift Potion"},{"floor":40,"key":"Strength Potion"},{"floor":48,"key":"PowerPotion"},{"floor":54,"key":"Dexterity Potion"}],"is_trial":false,"path_per_floor":["M","?","M","?","?","E","R","$","T","R","M","E","R","M","R","B",null,"M","?","?","M","$","E","R","E","T","E","M","R","M","M","R","B",null,"M","$","M","M","M","E","M","E","T","E","$","?","R","M","R","B",null,"R","$","E","B",null],"character_chosen":"THE_SILENT","items_purchased":["Blade Dance","Panache","Accuracy","Oddly Smooth Stone","Terror"],"campfire_rested":2,"item_purchase_floors":[8,22,45,45,53],"current_hp_per_floor":[63,63,63,63,63,63,63,63,63,63,63,61,61,61,61,39,62,62,62,62,62,62,46,46,41,41,41,41,41,41,39,39,30,60,54,54,54,54,37,44,44,37,37,37,37,37,37,37,60,46,69,77,77,77,21],"gold":57,"neow_bonus":"THREE_ENEMY_KILL","is_prod":false,"is_daily":false,"chose_seed":false,"campfire_upgraded":7,"win_rate":0,"timestamp":1607488526,"path_taken":["M","?","?","?","?","E","R","$","T","R","?","E","R","M","R","BOSS","M","?","?","M","$","E","R","E","T","E","M","R","M","M","R","BOSS","M","?","M","M","M","E","M","E","T","E","$","?","R","M","R","BOSS","R","$","E","BOSS"],"build_version":"2020-11-30","purchased_purges":4,"victory":true,"max_hp_per_floor":[70,70,70,70,70,70,70,70,70,70,70,70,70,70,70,70,70,70,70,70,70,70,70,70,70,70,70,70,70,70,70,70,70,70,70,70,70,70,70,77,77,77,77,77,77,77,77,77,77,77,77,77,77,77,77],"relic_stats":{"Torii":25,"Happy Flower":[2],"counters":[28,73],"PreservedInsect":384,"Letter Opener":[35],"War Paint":["Defend_G","Backflip"],"Smiling Mask":100,"Blood Vial":0,"Shuriken":[104],"Black Star":7,"obtain_stats":[{"Lantern":40,"NeowsBlessing":0,"Torii":42,"Happy Flower":54,"Oddly Smooth Stone":45,"PreservedInsect":23,"Letter Opener":44,"Bottled Tornado":23,"War Paint":27,"Smiling Mask":42,"White Beast Statue":26,"Blood Vial":54,"Bottled Flame":27,"HornCleat":12,"Shuriken":9,"Strawberry":40,"Fusion Hammer":34,"Black Star":17,"Bag of Marbles":25,"Bottled Lightning":6,"Toy Ornithopter":44,"Ring of the Snake":0,"Pocketwatch":25},{"Lantern":21,"NeowsBlessing":0,"Torii":23,"Happy Flower":27,"Oddly Smooth Stone":24,"PreservedInsect":10,"Letter Opener":24,"Bottled Tornado":10,"War Paint":12,"Smiling Mask":23,"White Beast Statue":11,"Blood Vial":27,"Bottled Flame":12,"HornCleat":5,"Shuriken":3,"Strawberry":21,"Fusion Hammer":16,"Black Star":7,"Bag of Marbles":11,"Bottled Lightning":3,"Toy Ornithopter":24,"Ring of the Snake":0,"Pocketwatch":11},{"Lantern":51,"NeowsBlessing":0,"Torii":55,"Happy Flower":67,"Oddly Smooth Stone":58,"PreservedInsect":24,"Letter Opener":58,"Bottled Tornado":24,"War Paint":29,"Smiling Mask":55,"White Beast Statue":27,"Blood Vial":67,"Bottled Flame":29,"HornCleat":9,"Shuriken":3,"Strawberry":51,"Fusion Hammer":40,"Black Star":18,"Bag of Marbles":27,"Bottled Lightning":3,"Toy Ornithopter":58,"Ring of the Snake":0,"Pocketwatch":27}],"Toy Ornithopter":6,"Ring of the Snake":[56],"Pocketwatch":[3]},"card_choices":[{"not_picked":["Flying Knee","Deadly Poison"],"picked":"Infinite Blades","floor":1},{"not_picked":["Cloak And Dagger","Expertise"],"picked":"Blade Dance","floor":3},{"not_picked":["Cloak And Dagger","Bouncing Flask"],"picked":"Backflip","floor":6},{"not_picked":["Deadly Poison","Slice"],"picked":"Adrenaline","floor":11},{"not_picked":["Burst","Flying Knee"],"picked":"Blade Dance","floor":12},{"not_picked":["Reflex","Deflect","Concentrate"],"picked":"SKIP","floor":14},{"not_picked":["Unload","Venomology"],"picked":"Adrenaline","floor":16},{"not_picked":["Concentrate","Flechettes"],"picked":"Sucker Punch","floor":18},{"not_picked":["Deflect","Crippling Poison"],"picked":"Flying Knee","floor":21},{"not_picked":["Caltrops+1","Backflip"],"picked":"Phantasmal Killer","floor":23},{"not_picked":["Skewer","Outmaneuver","Bane"],"picked":"SKIP","floor":25},{"not_picked":["Sucker Punch","Deflect"],"picked":"Cloak And Dagger+1","floor":27},{"not_picked":["Bouncing Flask","Acrobatics"],"picked":"PiercingWail","floor":28},{"not_picked":["Dagger Spray+1","Distraction","Dagger Throw+1"],"picked":"SKIP","floor":30},{"not_picked":["Calculated Gamble","Flying Knee","Underhanded Strike"],"picked":"SKIP","floor":31},{"not_picked":["Bullet Time","Venomology"],"picked":"Tools of the Trade","floor":33},{"not_picked":["Dash","Acrobatics+1"],"picked":"Flying Knee+1","floor":35},{"not_picked":["Escape Plan+1","Quick Slash"],"picked":"Accuracy","floor":37},{"not_picked":["Bane","Acrobatics+1","Sucker Punch"],"picked":"SKIP","floor":38},{"not_picked":["Quick Slash","Blur+1"],"picked":"Corpse Explosion","floor":39},{"not_picked":["Dagger Spray+1","Riddle With Holes"],"picked":"Accuracy+1","floor":40},{"not_picked":["Acrobatics+1","Crippling Poison+1"],"picked":"Dodge and Roll","floor":41},{"not_picked":["Dagger Throw+1","Riddle With Holes","Quick Slash+1"],"picked":"SKIP","floor":42},{"not_picked":["Concentrate+1","Catalyst+1"],"picked":"Cloak And Dagger+1","floor":44},{"not_picked":["Predator+1","Flechettes+1"],"picked":"Backflip+1","floor":48},{"not_picked":["Leg Sweep","Underhanded Strike"],"picked":"Finisher","floor":54}],"player_experience":225807,"relics_obtained":[{"floor":6,"key":"Bottled Lightning"},{"floor":9,"key":"Shuriken"},{"floor":12,"key":"HornCleat"},{"floor":23,"key":"PreservedInsect"},{"floor":23,"key":"Bottled Tornado"},{"floor":25,"key":"Pocketwatch"},{"floor":25,"key":"Bag of Marbles"},{"floor":26,"key":"White Beast Statue"},{"floor":27,"key":"War Paint"},{"floor":27,"key":"Bottled Flame"},{"floor":40,"key":"Lantern"},{"floor":40,"key":"Strawberry"},{"floor":42,"key":"Torii"},{"floor":42,"key":"Smiling Mask"},{"floor":44,"key":"Toy Ornithopter"},{"floor":44,"key":"Letter Opener"},{"floor":54,"key":"Happy Flower"},{"floor":54,"key":"Blood Vial"}],"event_choices":[{"cards_removed":["Defend_G"],"damage_healed":0,"gold_gain":0,"player_choice":"Offered Basic","damage_taken":0,"max_hp_gain":0,"max_hp_loss":0,"event_name":"Bonfire Elementals","floor":2,"gold_loss":0},{"cards_removed":["Strike_G"],"damage_healed":0,"gold_gain":0,"player_choice":"Card Removal","damage_taken":0,"max_hp_gain":0,"max_hp_loss":0,"event_name":"The Cleric","floor":4,"gold_loss":50},{"damage_healed":0,"gold_gain":275,"player_choice":"Desecrate","damage_taken":0,"max_hp_gain":0,"max_hp_loss":0,"event_name":"Golden Shrine","floor":5,"gold_loss":0,"cards_obtained":["Regret"]},{"cards_removed":["Strike_G"],"damage_healed":0,"gold_gain":0,"player_choice":"Gave Gold","damage_taken":0,"max_hp_gain":0,"max_hp_loss":0,"event_name":"Beggar","floor":19,"gold_loss":75},{"damage_healed":0,"gold_gain":0,"cards_transformed":["Strike_G"],"player_choice":"Transformed","damage_taken":0,"max_hp_gain":0,"max_hp_loss":0,"event_name":"Transmorgrifier","floor":20,"gold_loss":0,"cards_obtained":["Dagger Spray"]},{"damage_healed":0,"gold_gain":0,"cards_transformed":["Defend_G"],"player_choice":"Transformed","damage_taken":0,"max_hp_gain":0,"max_hp_loss":0,"event_name":"Transmorgrifier","floor":46,"gold_loss":0,"cards_obtained":["Die Die Die"]}],"is_beta":false,"boss_relics":[{"not_picked":["Pandora\u0027s Box","Runic Dome"],"picked":"Black Star"},{"not_picked":["Empty Cage","SacredBark"],"picked":"Fusion Hammer"}],"items_purged_floors":[8,22,36,45],"is_endless":false,"potions_floor_spawned":[1,14,16,18,27,28,30,31,33,35,37,38,39,40,41,42,44,48,54],"ascension_level":6}}