{"host":"yiit85oc4oi3nqs8","time":1607512617,"event":{"gold_per_floor":[109,59,59,79,79,52,81,81,81,111,158,158,158,158,158,181,181,192,192,192,212,212,212,310,310,328,338,338,263,313,329,359,359,359,376,400,423,423,423,440,451,451,317,192,210,210,210,312,312,323,172,20,70,70,86,106,106,106,141,141,141,141,189,189,189,153,153,183,194,194,247,247,247,247,247,247,247,101,129,129],"floor_reached":81,"playtime":6398,"items_purged":["Strike_B","Strike_B","Strike_B"],"score":1799,"play_id":"df2c886f-5ce3-48dd-aa0d-453c40d854fc","local_time":"20201209201657","is_ascension_mode":true,"campfire_choices":[{"data":"Dualcast","floor":8.0,"key":"SMITH"},{"data":"Leap","floor":9.0,"key":"SMITH"},{"data":"Leap","floor":13.0,"key":"SMITH"},{"floor":14.0,"key":"RECALL"},{"data":"Capacitor","floor":22.0,"key":"SMITH"},{"floor":23.0,"key":"REST"},{"data":"Defragment","floor":33.0,"key":"SMITH"},{"data":"Barrage","floor":34.0,"key":"SMITH"},{"data":"Biased Cognition","floor":38.0,"key":"SMITH"},{"data":"Zap","floor":39.0,"key":"SMITH"},{"floor":46.0,"key":"REST"},{"floor":47.0,"key":"REST"},{"data":"Creative AI","floor":57.0,"key":"SMITH"},{"data":"Coolheaded","floor":58.0,"key":"SMITH"},{"data":"Capacitor","floor":60.0,"key":"SMITH"},{"data":"Madness","floor":61.0,"key":"SMITH"},{"floor":64.0,"key":"REST"},{"floor":65.0,"key":"REST"},{"data":"Defragment","floor":72.0,"key":"SMITH"},{"floor":76,"key":"REST"}],"neow_cost":"NONE","seed_source_timestamp":121889671507956,"circlet_count":0,"master_deck":["Defend_B+1","Zap+1","Dualcast+1","Leap+1","Leap+1","Cold Snap+1","Capacitor+1","Biased Cognition+1","Barrage+1","Loop+1","Defragment+1","Go for the Eyes+1","Glacier+1","Creative AI+1","Capacitor+1","Madness+1","Madness+1","Coolheaded+1","Defragment+1"],"special_seed":0,"relics":["Cracked Core","NeowsBlessing","Toy Ornithopter","Du-Vu Doll","Anchor","Lizard Tail","PreservedInsect","CaptainsWheel","SlaversCollar","Potion Belt","Bronze Scales","Bag of Marbles","Nuclear Battery","Oddly Smooth Stone","DataDisk","Thread and Needle","War Paint","Bottled Lightning","Art of War","Cables","Lantern","Whetstone","Medical Kit","Emotion Chip"],"potions_floor_usage":[80,80,80,80,80],"damage_taken":[{"damage":0.0,"enemies":"2 Louse","floor":1.0,"turns":1.0},{"damage":0.0,"enemies":"Cultist","floor":4.0,"turns":1.0},{"damage":0.0,"enemies":"Lagavulin","floor":7.0,"turns":1.0},{"damage":23.0,"enemies":"Gremlin Nob","floor":10.0,"turns":4.0},{"damage":0.0,"enemies":"Jaw Worm","floor":18.0,"turns":3.0},{"damage":0.0,"enemies":"Exordium Wildlife","floor":21.0,"turns":3.0},{"damage":19.0,"enemies":"The Guardian","floor":24.0,"turns":15.0},{"damage":10.0,"enemies":"2 Thieves","floor":26.0,"turns":5.0},{"damage":0.0,"enemies":"Shell Parasite","floor":27.0,"turns":6.0},{"damage":8.0,"enemies":"Snake Plant","floor":31.0,"turns":5.0},{"damage":16.0,"enemies":"Book of Stabbing","floor":32.0,"turns":4.0},{"damage":11.0,"enemies":"Centurion and Healer","floor":35.0,"turns":6.0},{"damage":0.0,"enemies":"3 Cultists","floor":40.0,"turns":4.0},{"damage":28.0,"enemies":"Snecko","floor":41.0,"turns":5.0},{"damage":0.0,"enemies":"Centurion and Healer","floor":45.0,"turns":7.0},{"damage":14.0,"enemies":"Automaton","floor":48.0,"turns":9.0},{"damage":6.0,"enemies":"Orb Walker","floor":50.0,"turns":6.0},{"damage":0.0,"enemies":"Mind Bloom Boss Battle","floor":53.0,"turns":6.0},{"damage":0.0,"enemies":"3 Shapes","floor":55.0,"turns":4.0},{"damage":0.0,"enemies":"Maw","floor":56.0,"turns":8.0},{"damage":0.0,"enemies":"Giant Head","floor":59.0,"turns":5.0},{"damage":0.0,"enemies":"Nemesis","floor":68.0,"turns":7.0},{"damage":0.0,"enemies":"Transient","floor":69.0,"turns":5.0},{"damage":2,"enemies":"Awakened One","floor":74,"turns":10},{"damage":19,"enemies":"Shield and Spear","floor":79,"turns":5},{"damage":4,"enemies":"The Heart","floor":80,"turns":7}],"seed_played":"1920982696210408349","potions_obtained":[{"floor":1.0,"key":"Dexterity Potion"},{"floor":10.0,"key":"LiquidMemories"},{"floor":21.0,"key":"Dexterity Potion"},{"floor":26.0,"key":"LiquidMemories"},{"floor":31.0,"key":"EssenceOfSteel"},{"floor":35.0,"key":"LiquidMemories"},{"floor":40.0,"key":"EssenceOfSteel"},{"floor":48.0,"key":"SneckoOil"},{"floor":50.0,"key":"BlessingOfTheForge"},{"floor":53.0,"key":"EssenceOfSteel"},{"floor":59.0,"key":"PowerPotion"}],"is_trial":false,"path_per_floor":["M","?","?","M","$","$","E","R","R","E","T","T","R","R","?","T","?","M","?","?","M","R","R","B",null,"M","M","$","$","?","M","E","R","R","M","T","T","R","R","M","M","?","$","$","M","R","R","B",null,"M","$","$","?","?","M","M","R","R","E","R","R","T","T","R","R","$","?","E","M","T","?","R","R","B",null,"R","$","$","E","B",null],"character_chosen":"DEFECT","items_purchased":["Cold Snap","Capacitor","Oddly Smooth Stone","DataDisk","Defragment","Medical Kit"],"campfire_rested":6,"item_purchase_floors":[6,43,51,52,66,78],"current_hp_per_floor":[68,68,68,68,68,68,68,68,68,45,45,45,45,45,38,38,38,38,27,27,27,27,49,30,64,59,59,59,59,59,56,40,40,40,29,29,29,29,29,29,1,1,1,1,1,23,45,36,65,59,59,59,64,55,55,55,55,55,55,55,55,55,55,75,75,75,75,75,75,75,75,75,75,73,75,75,75,75,56,71],"gold":129,"neow_bonus":"THREE_ENEMY_KILL","is_prod":false,"is_daily":false,"chose_seed":false,"campfire_upgraded":13,"win_rate":0,"timestamp":1607512617,"path_taken":["M","?","?","?","$","$","E","R","R","E","T","T","R","R","?","?","?","?","?","?","M","R","R","BOSS","M","?","$","$","?","M","E","R","R","M","T","T","R","R","M","?","?","$","$","M","R","R","BOSS","M","$","$","?","?","M","M","R","R","E","R","R","T","T","R","R","?","?","E","M","?","?","R","R","BOSS","R","$","$","E","BOSS"],"build_version":"2020-11-30","purchased_purges":3,"victory":true,"max_hp_per_floor":[75,75,75,75,75,75,75,75,75,75,75,75,75,75,75,75,75,75,75,75,75,75,75,75,75,75,75,75,75,75,75,75,75,75,75,75,75,75,75,75,75,75,75,75,75,75,75,75,75,75,75,75,75,75,75,75,75,75,75,75,75,75,75,75,75,75,75,75,75,75,75,75,75,75,75,75,75,75,75,75],"relic_stats":{"Lizard Tail":0,"Emotion Chip":[15,7,6,0,2],"counters":[26,142],"Bronze Scales":[334],"PreservedInsect":291,"Art of War":[7],"Whetstone":[],"War Paint":["Defend_B","Madness"],"Medical Kit":[4],"obtain_stats":[{"Potion Belt":32,"Lantern":70,"NeowsBlessing":0,"Oddly Smooth Stone":51,"Thread and Needle":53,"PreservedInsect":19,"Whetstone":71,"War Paint":59,"Medical Kit":78,"Nuclear Battery":49,"Cables":68,"Du-Vu Doll":10,"SlaversCollar":25,"Anchor":11,"Lizard Tail":12,"CaptainsWheel":19,"DataDisk":52,"Emotion Chip":79,"Bronze Scales":36,"Bag of Marbles":37,"Art of War":63,"Bottled Lightning":62,"Cracked Core":0,"Toy Ornithopter":7},{"Potion Belt":11,"Lantern":23,"NeowsBlessing":0,"Oddly Smooth Stone":17,"Thread and Needle":18,"PreservedInsect":5,"Whetstone":23,"War Paint":21,"Medical Kit":24,"Nuclear Battery":16,"Cables":22,"Du-Vu Doll":4,"SlaversCollar":7,"Anchor":4,"Lizard Tail":4,"CaptainsWheel":5,"DataDisk":17,"Emotion Chip":25,"Bronze Scales":12,"Bag of Marbles":12,"Art of War":21,"Bottled Lightning":21,"Cracked Core":0,"Toy Ornithopter":3},{"Potion Belt":48,"Lantern":120,"NeowsBlessing":0,"Oddly Smooth Stone":85,"Thread and Needle":91,"PreservedInsect":10,"Whetstone":120,"War Paint":108,"Medical Kit":130,"Nuclear Battery":79,"Cables":115,"Du-Vu Doll":7,"SlaversCollar":28,"Anchor":7,"Lizard Tail":7,"CaptainsWheel":10,"DataDisk":85,"Emotion Chip":135,"Bronze Scales":54,"Bag of Marbles":54,"Art of War":108,"Bottled Lightning":108,"Cracked Core":0,"Toy Ornithopter":3}],"Toy Ornithopter":39,"Cables":[27,19,8,0,0]},"card_choices":[{"not_picked":["Skim","BootSequence"],"picked":"Leap","floor":1.0},{"not_picked":["Force Field","Skim"],"picked":"Leap","floor":4.0},{"not_picked":["Recycle","Tempest","White Noise"],"picked":"SKIP","floor":7.0},{"not_picked":["Compile Driver","Ball Lightning","Leap"],"picked":"SKIP","floor":10.0},{"not_picked":["Lockon","Tempest"],"picked":"Capacitor","floor":18.0},{"not_picked":["Double Energy","Static Discharge","Cold Snap"],"picked":"SKIP","floor":21.0},{"not_picked":["Cold Snap+1","Self Repair+1"],"picked":"Barrage","floor":26.0},{"not_picked":["Reprogram","Gash"],"picked":"Loop+1","floor":27.0},{"not_picked":["Gash+1","Cold Snap"],"picked":"Defragment","floor":31.0},{"not_picked":["Scrape","Gash"],"picked":"Go for the Eyes+1","floor":32.0},{"not_picked":["Gash","Compile Driver","Reboot"],"picked":"SKIP","floor":35.0},{"not_picked":["Glacier+1","Ball Lightning","Redo"],"picked":"SKIP","floor":40.0},{"not_picked":["Ball Lightning","Redo"],"picked":"Glacier+1","floor":40.0},{"not_picked":["Turbo+1","Consume+1"],"picked":"Creative AI","floor":41.0},{"not_picked":["Steam Power+1","Go for the Eyes","Streamline"],"picked":"SKIP","floor":45.0},{"not_picked":["Rebound+1","Reinforced Body","Hologram"],"picked":"SKIP","floor":50.0},{"not_picked":["Ball Lightning","Genetic Algorithm"],"picked":"Coolheaded","floor":55.0},{"not_picked":["Beam Cell+1","Sweeping Beam","Reinforced Body+1"],"picked":"SKIP","floor":56.0},{"not_picked":["Self Repair+1","Beam Cell","Go for the Eyes+1"],"picked":"SKIP","floor":59.0},{"not_picked":["Sweeping Beam+1","Echo Form","Steam+1"],"picked":"SKIP","floor":68.0},{"not_picked":["Ball Lightning+1","Cold Snap+1","Compile Driver"],"picked":"SKIP","floor":69.0},{"not_picked":["Conserve Battery+1","Leap","Ball Lightning+1"],"picked":"SKIP","floor":79}],"player_experience":346017,"relics_obtained":[{"floor":7.0,"key":"Toy Ornithopter"},{"floor":10.0,"key":"Du-Vu Doll"},{"floor":11.0,"key":"Anchor"},{"floor":12.0,"key":"Lizard Tail"},{"floor":32.0,"key":"Potion Belt"},{"floor":36.0,"key":"Bronze Scales"},{"floor":37.0,"key":"Bag of Marbles"},{"floor":53.0,"key":"Thread and Needle"},{"floor":59.0,"key":"War Paint"},{"floor":62.0,"key":"Bottled Lightning"},{"floor":63.0,"key":"Art of War"},{"floor":68.0,"key":"Cables"},{"floor":70.0,"key":"Lantern"},{"floor":71.0,"key":"Whetstone"},{"floor":79,"key":"Emotion Chip"}],"event_choices":[{"cards_removed":["Defend_B"],"damage_healed":0.0,"max_hp_gain":0.0,"max_hp_loss":0.0,"gold_gain":0.0,"event_name":"The Cleric","player_choice":"Card Removal","floor":2.0,"gold_loss":50.0,"damage_taken":0.0},{"cards_removed":["Strike_B"],"damage_healed":0.0,"max_hp_gain":0.0,"max_hp_loss":0.0,"gold_gain":0.0,"event_name":"Purifier","player_choice":"Purged","floor":3.0,"gold_loss":0.0,"damage_taken":0.0},{"cards_removed":["Defend_B"],"damage_healed":0.0,"max_hp_gain":0.0,"max_hp_loss":0.0,"gold_gain":0.0,"event_name":"Golden Wing","player_choice":"Card Removal","floor":15.0,"gold_loss":0.0,"damage_taken":7.0},{"damage_healed":0.0,"max_hp_gain":0.0,"max_hp_loss":0.0,"gold_gain":0.0,"event_name":"Accursed Blacksmith","player_choice":"Forge","floor":17.0,"gold_loss":0.0,"damage_taken":0.0,"cards_upgraded":["Cold Snap"]},{"damage_healed":0.0,"max_hp_gain":0.0,"max_hp_loss":0.0,"gold_gain":1.0,"event_name":"betterThird:BetterScrap","player_choice":"Relic Relic ","floor":19.0,"gold_loss":0.0,"damage_taken":11.0,"cards_obtained":["Expertise"]},{"damage_healed":0.0,"max_hp_gain":0.0,"max_hp_loss":0.0,"gold_gain":0.0,"cards_transformed":["Defend_B"],"event_name":"Transmorgrifier","player_choice":"Transformed","floor":20.0,"gold_loss":0.0,"damage_taken":0.0,"cards_obtained":["Biased Cognition"]},{"damage_healed":0.0,"max_hp_gain":0.0,"max_hp_loss":0.0,"gold_gain":100.0,"event_name":"The Joust","player_choice":"Bet on Murderer","floor":30.0,"gold_loss":50.0,"damage_taken":0.0},{"damage_healed":0.0,"max_hp_gain":0.0,"max_hp_loss":0.0,"gold_gain":0.0,"event_name":"MindBloom","player_choice":"Fight","floor":53.0,"gold_loss":0.0,"damage_taken":0.0},{"damage_healed":0.0,"max_hp_gain":0.0,"max_hp_loss":0.0,"gold_gain":0.0,"event_name":"Winding Halls","player_choice":"Embrace Madness","floor":54.0,"gold_loss":0.0,"damage_taken":9.0,"cards_obtained":["Madness","Madness"]}],"is_beta":false,"boss_relics":[{"not_picked":["Fusion Hammer","Snecko Eye"],"picked":"SlaversCollar"},{"not_picked":["Pandora\u0027s Box","Astrolabe"],"picked":"Nuclear Battery"}],"items_purged_floors":[29,43,44],"is_endless":false,"potions_floor_spawned":[1,10,21,24,26,31,35,40,48,50,53,59,68],"ascension_level":7}}