{"host":"l8n56n8abrvcftzc","time":1607488512,"event":{"gold_per_floor":[115,115,135,147,147,178,198,198,198],"floor_reached":8,"playtime":583,"items_purged":[],"score":58,"play_id":"520a95e1-aba9-4ac6-8771-7a434f1bf3d3","local_time":"20201208203512","is_ascension_mode":false,"campfire_choices":[],"neow_cost":"NONE","seed_source_timestamp":1232067388353400,"circlet_count":0,"master_deck":["hermit:Strike_Hermit","hermit:Strike_Hermit","hermit:Strike_Hermit","hermit:Strike_Hermit","hermit:Defend_Hermit","hermit:Defend_Hermit","hermit:Defend_Hermit","hermit:Snapshot+1","hermit:Covet+1","hermit:Cheat","hermit:Magnum","hermit:HighNoon"],"relics":["hermit:Momento","InkBottle"],"potions_floor_usage":[8],"damage_taken":[{"damage":1,"enemies":"Cultist","floor":1,"turns":3},{"damage":1,"enemies":"Jaw Worm","floor":3,"turns":2},{"damage":0,"enemies":"Small Slimes","floor":4,"turns":3},{"damage":33,"enemies":"Gremlin Nob","floor":6,"turns":4},{"damage":11,"enemies":"Exordium Wildlife","floor":7,"turns":3},{"damage":36,"enemies":"Lagavulin","floor":8,"turns":3}],"seed_played":"4889099404350254595","potions_obtained":[{"floor":1,"key":"SteroidPotion"},{"floor":7,"key":"SkillPotion"}],"is_trial":false,"path_per_floor":["M","?","M","M","?","E","M","E"],"character_chosen":"HERMIT","items_purchased":[],"campfire_rested":0,"item_purchase_floors":[],"current_hp_per_floor":[74,74,73,73,73,40,29,0,0],"gold":198,"neow_bonus":"UPGRADE_CARD","is_prod":false,"is_daily":false,"chose_seed":false,"campfire_upgraded":0,"win_rate":0.0,"timestamp":1607488512,"path_taken":["M","?","M","?","?","E","M","E"],"build_version":"2020-11-30","purchased_purges":0,"victory":false,"max_hp_per_floor":[75,75,75,75,75,75,75,75,75],"relic_stats":{"counters":[6,18],"obtain_stats":[{"hermit:Momento":0,"InkBottle":6},{"hermit:Momento":0,"InkBottle":4},{"hermit:Momento":0,"InkBottle":12}],"InkBottle":[2]},"card_choices":[{"not_picked":["hermit:HoleUp","hermit:LowProfile"],"picked":"hermit:Cheat","floor":1},{"not_picked":["hermit:Snipe","hermit:Feint","hermit:Vantage"],"picked":"SKIP","floor":3},{"not_picked":["hermit:WideOpen","hermit:HighCaliber","hermit:Midnight"],"picked":"SKIP","floor":4},{"not_picked":["hermit:PistolWhip","hermit:WideOpen"],"picked":"hermit:HighNoon","floor":6},{"not_picked":["hermit:TrackingShot","hermit:LowProfile","hermit:HoleUp"],"picked":"SKIP","floor":7}],"player_experience":677244,"relics_obtained":[{"floor":6,"key":"InkBottle"}],"event_choices":[{"damage_healed":0,"gold_gain":0,"player_choice":"Upgraded","damage_taken":0,"max_hp_gain":0,"max_hp_loss":0,"event_name":"Upgrade Shrine","floor":2,"gold_loss":0,"cards_upgraded":["hermit:Covet"]},{"damage_healed":0,"gold_gain":0,"cards_transformed":["hermit:Defend_Hermit"],"player_choice":"Transformed","damage_taken":0,"max_hp_gain":0,"max_hp_loss":0,"event_name":"Transmorgrifier","floor":5,"gold_loss":0,"cards_obtained":["hermit:Magnum"]}],"is_beta":false,"boss_relics":[],"items_purged_floors":[],"is_endless":false,"potions_floor_spawned":[1,7],"killed_by":"Lagavulin","ascension_level":0}}