{"host":"e4wnmsyty9uvvtwf","time":1607526902,"event":{"gold_per_floor":[117,117,292,292,109,109,147,74,98,116,140,140,174,186,186,299,308,329,329,105,105,105,145,164,164,187,213,225,253,279,291,303,429,441,468,496,31,31,50,92,112,130,203,203,237,237,256,284,284,284],"floor_reached":51,"playtime":1794,"items_purged":["Doubt","TheCursedMod:Dregs"],"score":1050,"play_id":"e15b1430-4306-4f16-88e4-461fd6545ad2","local_time":"20201209231502","is_ascension_mode":true,"campfire_choices":[{"data":"Apotheosis","floor":6,"key":"SMITH"},{"data":"TheCursedMod:HellfireBreathing","floor":12,"key":"SMITH"},{"data":"TheCursedMod:CleanUpWorkshop","floor":15,"key":"SMITH"},{"data":"TheCursedMod:EmpowerCircles","floor":25,"key":"SMITH"},{"data":"TheCursedMod:Hemoplague","floor":28,"key":"SMITH"},{"data":"TheCursedMod:Neurasthenia","floor":32,"key":"SMITH"},{"floor":44,"key":"RECALL"},{"floor":46,"key":"REST"},{"floor":49,"key":"REST"}],"neow_cost":"CURSE","seed_source_timestamp":947773388629300,"circlet_count":0,"master_deck":["TheCursedMod:CursedWand","TheCursedMod:CleanUpWorkshop+1","TheCursedMod:CursedShiv","TheCursedMod:Wield","TheCursedMod:ManaBullet","TheCursedMod:CircleOfFlame+1","TheCursedMod:CircleOfWindfury","TheCursedMod:CircleOfCorruption","TheCursedMod:CircleOfAbyss","Finesse","Apotheosis+1","TheCursedMod:Hemoplague+1","TheCursedMod:Mangle","TheCursedMod:CursedShiv","TheCursedMod:HellfireBreathing+1","TheCursedMod:CursedSpellbook+1","TheCursedMod:Neurasthenia+1","CurseOfTheBell","TheCursedMod:Evocation+1","TheCursedMod:SoulReap","TheCursedMod:EmpowerCircles+1","TheCursedMod:CursedShiv","TheCursedMod:AntiAging+1","TheCursedMod:CircleOfBlood","TheCursedMod:CircleOfAbyss","TheCursedMod:ManaBullet+1","TheCursedMod:SpitefulPlan"],"relics":["TheCursedMod:MagicCandle","TheCursedMod:Tack","CeramicFish","Toy Ornithopter","Mummified Hand","Calling Bell","Anchor","Gremlin Horn","Thread and Needle","MutagenicStrength","OrangePellets","Nilry\u0027s Codex","Orichalcum","Bag of Marbles","MawBank","SlaversCollar","War Paint","HandDrill","Du-Vu Doll","Bottled Flame","Omamori"],"potions_floor_usage":[40,50,50],"damage_taken":[{"damage":6,"enemies":"Jaw Worm","floor":1,"turns":2},{"damage":0,"enemies":"Gremlin Nob","floor":7,"turns":1},{"damage":0,"enemies":"Small Slimes","floor":10,"turns":2},{"damage":0,"enemies":"Cultist","floor":11,"turns":2},{"damage":0,"enemies":"Lagavulin","floor":13,"turns":2},{"damage":1,"enemies":"Exordium Wildlife","floor":14,"turns":1},{"damage":0,"enemies":"Slime Boss","floor":16,"turns":2},{"damage":0,"enemies":"Spheric Guardian","floor":18,"turns":3},{"damage":0,"enemies":"Slavers","floor":23,"turns":1},{"damage":0,"enemies":"3 Byrds","floor":24,"turns":3},{"damage":0,"enemies":"Gremlin Leader","floor":27,"turns":1},{"damage":0,"enemies":"Shelled Parasite and Fungi","floor":29,"turns":1},{"damage":6,"enemies":"Centurion and Healer","floor":30,"turns":3},{"damage":3,"enemies":"Automaton","floor":33,"turns":3},{"damage":0,"enemies":"Orb Walker","floor":35,"turns":3},{"damage":2,"enemies":"3 Shapes","floor":36,"turns":6},{"damage":0,"enemies":"Jaw Worm Horde","floor":39,"turns":1},{"damage":0,"enemies":"Reptomancer","floor":40,"turns":2},{"damage":3,"enemies":"Sphere and 2 Shapes","floor":41,"turns":2},{"damage":0,"enemies":"Transient","floor":42,"turns":5},{"damage":62,"enemies":"Nemesis","floor":45,"turns":5},{"damage":64,"enemies":"Spire Growth","floor":47,"turns":5},{"damage":0,"enemies":"Sphere and 2 Shapes","floor":48,"turns":3},{"damage":26,"enemies":"Awakened One","floor":50,"turns":4}],"seed_played":"7898451933082996921","potions_obtained":[{"floor":7,"key":"FearPotion"},{"floor":14,"key":"AttackPotion"},{"floor":23,"key":"SkillPotion"},{"floor":40,"key":"Dexterity Potion"},{"floor":48,"key":"DuplicationPotion"}],"is_trial":false,"path_per_floor":["M","?","?","T","$","R","E","$","T","M","M","R","E","M","R","B",null,"M","?","$","?","?","E","M","R","T","E","R","M","M","?","R","B",null,"M","M","$","?","M","E","M","M","T","R","E","R","M","M","R","B",null],"character_chosen":"THE_CURSED","items_purchased":["TheCursedMod:Hemoplague","TheCursedMod:Mangle","TheCursedMod:HellfireBreathing","OrangePellets","TheCursedMod:SoulReap","TheCursedMod:CircleOfBlood","War Paint","HandDrill"],"campfire_rested":2,"item_purchase_floors":[5,5,8,20,20,37,37,37],"current_hp_per_floor":[69,69,69,69,69,69,69,69,69,69,69,69,69,68,68,68,75,75,75,75,59,59,69,73,73,73,75,75,75,75,75,75,72,75,75,76,76,76,81,84,84,90,90,90,42,69,10,26,55,76],"gold":284,"neow_bonus":"RANDOM_COLORLESS_2","is_prod":false,"is_daily":false,"chose_seed":false,"campfire_upgraded":6,"win_rate":0,"timestamp":1607526902,"path_taken":["M","?","?","?","$","R","E","$","T","M","M","R","E","M","R","BOSS","M","?","$","?","?","E","M","R","T","E","R","M","?","?","R","BOSS","M","M","$","?","M","E","M","M","T","R","E","R","?","?","R","BOSS"],"build_version":"2020-11-30","purchased_purges":2,"victory":true,"max_hp_per_floor":[75,75,75,75,75,75,75,75,75,75,75,75,75,75,75,75,75,75,75,75,75,75,75,75,75,75,75,75,75,75,75,75,75,75,75,78,78,78,81,84,87,90,90,90,93,93,96,99,99,102],"card_choices":[{"not_picked":["Mayhem","Secret Technique"],"picked":"Apotheosis","floor":0},{"not_picked":["TheCursedMod:FuryStrike","TheCursedMod:HellsGateOpen","TheCursedMod:VitalStrike"],"picked":"SKIP","floor":1},{"not_picked":["TheCursedMod:HellsGateOpen","TheCursedMod:Torture"],"picked":"TheCursedMod:CursedShiv","floor":7},{"not_picked":["TheCursedMod:RapidMovement","TheCursedMod:Wield","TheCursedMod:SoulCrush"],"picked":"SKIP","floor":10},{"not_picked":["TheCursedMod:Stretching","TheCursedMod:Obscuration"],"picked":"TheCursedMod:CursedSpellbook","floor":11},{"not_picked":["TheCursedMod:BlessingInDisguise","TheCursedMod:FleshFromBone","TheCursedMod:SmokeScreen"],"picked":"SKIP","floor":13},{"not_picked":["TheCursedMod:CursedArmor","TheCursedMod:RavingStaff","TheCursedMod:CursedMace"],"picked":"SKIP","floor":14},{"not_picked":["TheCursedMod:CursedRelics","TheCursedMod:DarkBarrier"],"picked":"TheCursedMod:Neurasthenia","floor":16},{"not_picked":["TheCursedMod:CircleOfFocus+1","TheCursedMod:Obscuration"],"picked":"TheCursedMod:Evocation+1","floor":18},{"not_picked":["TheCursedMod:UltimatePain","TheCursedMod:RavingStaff+1"],"picked":"TheCursedMod:EmpowerCircles","floor":23},{"not_picked":["TheCursedMod:HellfireBreathing","TheCursedMod:TacticalStrike"],"picked":"TheCursedMod:CursedShiv","floor":24},{"not_picked":["TheCursedMod:ManaBullet","TheCursedMod:AbyssShockwave+1","TheCursedMod:CursedStaff"],"picked":"SKIP","floor":27},{"not_picked":["TheCursedMod:Stretching","TheCursedMod:CursedMace","TheCursedMod:HellsGateOpen+1"],"picked":"SKIP","floor":29},{"not_picked":["TheCursedMod:Obscuration+1","TheCursedMod:CursedBlade","TheCursedMod:CursedAmulet"],"picked":"SKIP","floor":30},{"not_picked":["TheCursedMod:ForbiddenAlchemy","TheCursedMod:DarkBarrier"],"picked":"TheCursedMod:AntiAging","floor":33},{"not_picked":["TheCursedMod:VitalStrike","TheCursedMod:Torture+1","TheCursedMod:Stretching+1"],"picked":"SKIP","floor":35},{"not_picked":["TheCursedMod:Torture","TheCursedMod:VitalStrike+1","TheCursedMod:Obscuration+1"],"picked":"SKIP","floor":36},{"not_picked":["TheCursedMod:CursedShiv","TheCursedMod:CursedBlade+1","TheCursedMod:SmokeScreen+1"],"picked":"SKIP","floor":39},{"not_picked":["TheCursedMod:FleshFromBone","TheCursedMod:RapidMovement"],"picked":"TheCursedMod:CircleOfAbyss","floor":40},{"not_picked":["TheCursedMod:BloodBarrier+1","TheCursedMod:CursedBlade","TheCursedMod:Stretching+1"],"picked":"SKIP","floor":41},{"not_picked":["TheCursedMod:VitalStrike+1","TheCursedMod:CursedBoomerang","TheCursedMod:WearCloak"],"picked":"SKIP","floor":42},{"not_picked":["TheCursedMod:WearCloak","TheCursedMod:Stigma","TheCursedMod:RapidMovement"],"picked":"SKIP","floor":45},{"not_picked":["TheCursedMod:DarkBarrier","TheCursedMod:RavingStaff"],"picked":"TheCursedMod:ManaBullet+1","floor":47},{"not_picked":["TheCursedMod:ReleasedStrength","TheCursedMod:Stigma+1"],"picked":"TheCursedMod:SpitefulPlan","floor":48}],"player_experience":472042,"relics_obtained":[{"floor":4,"key":"TheCursedMod:Tack"},{"floor":7,"key":"CeramicFish"},{"floor":9,"key":"Toy Ornithopter"},{"floor":13,"key":"Mummified Hand"},{"floor":17,"key":"Anchor"},{"floor":17,"key":"Gremlin Horn"},{"floor":17,"key":"Thread and Needle"},{"floor":21,"key":"Nilry\u0027s Codex"},{"floor":23,"key":"Orichalcum"},{"floor":26,"key":"Bag of Marbles"},{"floor":27,"key":"MawBank"},{"floor":40,"key":"Du-Vu Doll"},{"floor":43,"key":"Bottled Flame"},{"floor":45,"key":"Omamori"}],"event_choices":[{"damage_healed":0,"gold_gain":0,"player_choice":"Ignored","damage_taken":0,"max_hp_gain":0,"max_hp_loss":0,"event_name":"Golden Wing","floor":2,"gold_loss":0},{"damage_healed":0,"gold_gain":175,"player_choice":"AGREE","damage_taken":0,"max_hp_gain":0,"max_hp_loss":0,"event_name":"Liars Game","floor":3,"gold_loss":0,"cards_obtained":["Doubt"]},{"damage_healed":0,"gold_gain":0,"player_choice":"Inject Mutagens","damage_taken":0,"relics_obtained":["MutagenicStrength"],"max_hp_gain":0,"max_hp_loss":0,"event_name":"Drug Dealer","floor":19,"gold_loss":0},{"damage_healed":0,"gold_gain":0,"player_choice":"Obtained Book","damage_taken":16,"max_hp_gain":0,"max_hp_loss":0,"event_name":"Cursed Tome","floor":21,"gold_loss":0},{"damage_healed":0,"gold_gain":0,"player_choice":"Ignored","damage_taken":0,"max_hp_gain":0,"max_hp_loss":0,"event_name":"Ghosts","floor":22,"gold_loss":0},{"damage_healed":0,"gold_gain":0,"player_choice":"Bought 0 Potions","damage_taken":0,"max_hp_gain":0,"max_hp_loss":0,"event_name":"The Woman in Blue","floor":31,"gold_loss":0},{"damage_healed":0,"gold_gain":0,"player_choice":"Upgraded","damage_taken":0,"max_hp_gain":0,"max_hp_loss":0,"event_name":"Upgrade Shrine","floor":38,"gold_loss":0,"cards_upgraded":["TheCursedMod:CursedSpellbook"]}],"is_beta":false,"boss_relics":[{"not_picked":["Runic Pyramid","Ectoplasm"],"picked":"Calling Bell"},{"not_picked":["Pandora\u0027s Box","Astrolabe"],"picked":"SlaversCollar"}],"items_purged_floors":[5,37],"is_endless":false,"potions_floor_spawned":[7,14,23,29,30,39,40,47,48],"ascension_level":1}}