{"host":"tizlcdlg6ougng56","time":1607494826,"event":{"gold_per_floor":[110,110,110,126,201,30,41,41,41,70,86,86,86,86],"floor_reached":13,"playtime":200,"items_purged":["Strike_G"],"score":112,"play_id":"4413c388-3437-44bc-a048-c7ca254fa9ec","local_time":"20201209152026","is_ascension_mode":true,"campfire_choices":[{"data":"Neutralize","floor":12.0,"key":"SMITH"}],"neow_cost":"NONE","seed_source_timestamp":0,"circlet_count":0,"master_deck":["Strike_G+1","Strike_G","Strike_G","Strike_G","Defend_G","Defend_G+1","Defend_G","Defend_G","Defend_G","Survivor","Neutralize+1","Flash of Steel","Tactician","Backflip"],"special_seed":0,"relics":["Ring of the Snake","NeowsBlessing","Singing Bowl","Peace Pipe"],"potions_floor_usage":[],"damage_taken":[{"damage":0.0,"enemies":"Jaw Worm","floor":1.0,"turns":1.0},{"damage":0.0,"enemies":"Small Slimes","floor":4.0,"turns":1.0},{"damage":0.0,"enemies":"Cultist","floor":7.0,"turns":1.0},{"damage":6.0,"enemies":"Gremlin Nob","floor":10.0,"turns":3.0},{"damage":0.0,"enemies":"2 Fungi Beasts","floor":11.0,"turns":5.0},{"damage":0,"enemies":"Lagavulin","floor":13,"turns":1}],"seed_played":"7176236151266045094","potions_obtained":[{"floor":1.0,"key":"AttackPotion"},{"floor":10.0,"key":"Explosive Potion"}],"is_trial":false,"path_per_floor":["M","?","?","M","?","$","M","?","T","E","M","R","E"],"character_chosen":"THE_SILENT","items_purchased":["Flash of Steel"],"campfire_rested":0,"item_purchase_floors":[6],"current_hp_per_floor":[63,49,49,49,38,38,38,38,38,32,32,32,32,32],"gold":86,"neow_bonus":"THREE_ENEMY_KILL","is_prod":false,"is_daily":false,"chose_seed":false,"campfire_upgraded":1,"win_rate":0,"timestamp":1607494826,"path_taken":["M","?","?","?","?","$","M","?","T","E","M","R","E"],"build_version":"2020-11-30","purchased_purges":1,"victory":false,"max_hp_per_floor":[70,70,70,70,70,70,70,70,70,70,70,70,70,70],"card_choices":[{"not_picked":["Heel Hook","Cloak And Dagger","Flying Knee"],"picked":"SKIP","floor":1.0},{"not_picked":["Bane","Distraction","Caltrops"],"picked":"SKIP","floor":4.0},{"not_picked":["Cloak And Dagger","Slice","Deadly Poison"],"picked":"SKIP","floor":7.0},{"not_picked":["Reflex","Poisoned Stab"],"picked":"Tactician","floor":10.0},{"not_picked":["Cloak And Dagger","Finisher"],"picked":"Backflip","floor":11.0}],"player_experience":354526,"relics_obtained":[{"floor":9.0,"key":"Singing Bowl"},{"floor":10.0,"key":"Peace Pipe"}],"event_choices":[{"damage_healed":0.0,"max_hp_gain":0.0,"max_hp_loss":0.0,"gold_gain":0.0,"event_name":"Shining Light","player_choice":"Entered Light","floor":2.0,"gold_loss":0.0,"damage_taken":14.0,"cards_upgraded":["Strike_G","Defend_G"]},{"damage_healed":0.0,"max_hp_gain":0.0,"max_hp_loss":0.0,"gold_gain":0.0,"event_name":"Match and Keep!","player_choice":"0 cards matched","floor":3.0,"gold_loss":0.0,"damage_taken":0.0,"cards_obtained":[]},{"damage_healed":0.0,"max_hp_gain":0.0,"max_hp_loss":0.0,"gold_gain":75.0,"event_name":"World of Goop","player_choice":"Gather Gold","floor":5.0,"gold_loss":0.0,"damage_taken":11.0},{"damage_healed":0.0,"max_hp_gain":0.0,"max_hp_loss":0.0,"gold_gain":0.0,"event_name":"Liars Game","player_choice":"Ignored","floor":8.0,"gold_loss":0.0,"damage_taken":0.0}],"is_beta":false,"boss_relics":[],"items_purged_floors":[6],"is_endless":false,"potions_floor_spawned":[1,10],"killed_by":"Lagavulin","ascension_level":7}}