{"host":"ceopyqoizwrgii5g","time":1607509522,"event":{"gold_per_floor":[125,145,157,157,173,173,173,173],"floor_reached":7,"playtime":442,"items_purged":[],"score":43,"play_id":"40566826-20aa-45e8-a22e-455604edc92e","local_time":"20201209182522","is_ascension_mode":false,"campfire_choices":[{"data":"animator:Melzalgald","floor":6,"key":"SMITH"}],"neow_cost":"","seed_source_timestamp":1653283420999100,"circlet_count":0,"master_deck":["animator:Strike_Konosuba","animator:Defend_Konosuba","animator:Strike+1","animator:Strike","animator:Defend","animator:Defend","animator:Defend","animator:Kazuma+1","animator:Aqua+1","animator:Hakurou","animator:Kaijin","animator:Sloth","animator:Melzalgald+1"],"relics":["animator:LivingPicture","animator:TheMissingPiece","Guide Book"],"potions_floor_usage":[],"damage_taken":[{"damage":8,"enemies":"Cultist","floor":1,"turns":5},{"damage":0,"enemies":"2 Louse","floor":2,"turns":4},{"damage":15,"enemies":"Jaw Worm","floor":3,"turns":4},{"damage":7,"enemies":"Blue Slaver","floor":5,"turns":6},{"damage":49,"enemies":"Lagavulin","floor":7,"turns":7}],"seed_played":"1441770237570231964","potions_obtained":[{"floor":3,"key":"Languid Potion"}],"is_trial":false,"path_per_floor":["M","M","M","?","M","R","E"],"character_chosen":"THE_ANIMATOR","items_purchased":["Guide Book"],"campfire_rested":0,"item_purchase_floors":[0],"current_hp_per_floor":[58,62,50,50,46,46,0,0],"gold":173,"neow_bonus":"","is_prod":false,"is_daily":false,"chose_seed":false,"campfire_upgraded":1,"win_rate":0.0,"timestamp":1607509522,"path_taken":["M","M","M","?","M","R","E"],"build_version":"2020-11-30","purchased_purges":0,"victory":false,"max_hp_per_floor":[66,67,67,67,67,67,67,67],"card_choices":[{"not_picked":["animator:ElricAlphonse","animator:ChlammyZell"],"picked":"animator:Hakurou","floor":1},{"not_picked":["animator:DolaCouronne","animator:MaesHughes"],"picked":"animator:Kaijin","floor":2},{"not_picked":["animator:Kaijin","animator:Laby"],"picked":"animator:Sloth","floor":3},{"not_picked":["animator:Tatsumaki","animator:MetalKnight"],"picked":"animator:Melzalgald","floor":5}],"player_experience":108255,"relics_obtained":[],"event_choices":[{"cards_removed":["animator:Strike"],"damage_healed":0,"gold_gain":0,"player_choice":"Offered Basic","damage_taken":0,"max_hp_gain":0,"max_hp_loss":0,"event_name":"Bonfire Elementals","floor":4,"gold_loss":0}],"is_beta":false,"boss_relics":[],"items_purged_floors":[],"is_endless":false,"potions_floor_spawned":[3],"killed_by":"Lagavulin","ascension_level":0}}