{"host":"jm9833yuloeli2yd","time":1607550137,"event":{"gold_per_floor":[11,22,22,36,48,48,77,77,77,77,42,42,115,128,128,128,128],"floor_reached":16,"playtime":313,"items_purged":[],"score":200,"play_id":"d65bca08-b00b-4929-8243-81050aaccea4","local_time":"20201209164217","is_ascension_mode":true,"campfire_choices":[{"data":"Go for the Eyes","floor":6,"key":"SMITH"},{"floor":8,"key":"REST"},{"data":"Zap","floor":10,"key":"SMITH"},{"data":"Melter","floor":15,"key":"SMITH"}],"neow_cost":"NO_GOLD","seed_source_timestamp":776332224790900,"circlet_count":0,"master_deck":["AscendersBane","Strike_B","Strike_B","Strike_B","Strike_B","Defend_B","Defend_B","Defend_B","Defend_B","Zap+1","Dualcast+1","Master of Strategy","Rebound","Melter+1","Decay","Ball Lightning","Go for the Eyes+1","Steam"],"special_seed":0,"relics":["Cracked Core","Letter Opener","Matryoshka"],"potions_floor_usage":[7,16],"damage_taken":[{"damage":4,"enemies":"2 Louse","floor":1,"turns":3},{"damage":1,"enemies":"Cultist","floor":2,"turns":3},{"damage":5,"enemies":"Small Slimes","floor":4,"turns":4},{"damage":19,"enemies":"2 Fungi Beasts","floor":5,"turns":4},{"damage":22,"enemies":"3 Sentries","floor":7,"turns":5},{"damage":0,"enemies":"Large Slime","floor":14,"turns":3},{"damage":55,"enemies":"The Guardian","floor":16,"turns":10}],"seed_played":"-5647830791835883017","potions_obtained":[{"floor":1,"key":"DuplicationPotion"},{"floor":2,"key":"PotionOfCapacity"},{"floor":5,"key":"LiquidMemories"}],"is_trial":false,"path_per_floor":["M","M","?","M","M","R","E","R","T","R","?","?","?","M","R","B"],"character_chosen":"DEFECT","items_purchased":[],"campfire_rested":1,"item_purchase_floors":[],"current_hp_per_floor":[60,59,59,54,35,35,13,34,34,34,51,51,51,51,51,0,0],"gold":128,"neow_bonus":"RANDOM_COLORLESS_2","is_prod":false,"is_daily":false,"chose_seed":false,"campfire_upgraded":3,"win_rate":0,"timestamp":1607550137,"path_taken":["M","M","?","?","M","R","E","R","T","R","?","?","?","M","R","BOSS"],"build_version":"2020-11-30","purchased_purges":0,"victory":false,"max_hp_per_floor":[71,71,71,71,71,71,71,71,71,71,71,71,71,71,71,71,71],"card_choices":[{"not_picked":["Magnetism","Thinking Ahead"],"picked":"Master of Strategy","floor":0},{"not_picked":["Leap","Steam"],"picked":"Rebound","floor":1},{"not_picked":["Double Energy","Redo"],"picked":"Melter","floor":2},{"not_picked":["Storm","Compile Driver"],"picked":"Ball Lightning","floor":4},{"not_picked":["Rip and Tear","Skim"],"picked":"Go for the Eyes","floor":5},{"not_picked":["Reinforced Body","All For One"],"picked":"Steam","floor":7},{"not_picked":["Compile Driver","Redo","Beam Cell"],"picked":"SKIP","floor":14}],"player_experience":982883,"relics_obtained":[{"floor":7,"key":"Letter Opener"},{"floor":9,"key":"Matryoshka"}],"event_choices":[{"damage_healed":0,"gold_gain":0,"player_choice":"Cursed","damage_taken":0,"max_hp_gain":0,"max_hp_loss":0,"event_name":"Wheel of Change","floor":3,"gold_loss":0,"cards_obtained":["Decay"]},{"damage_healed":17,"gold_gain":0,"player_choice":"Healed","damage_taken":0,"max_hp_gain":0,"max_hp_loss":0,"event_name":"The Cleric","floor":11,"gold_loss":35},{"damage_healed":0,"gold_gain":0,"player_choice":"Grow","damage_taken":0,"max_hp_gain":0,"max_hp_loss":0,"event_name":"Living Wall","floor":12,"gold_loss":0,"cards_upgraded":["Dualcast"]},{"damage_healed":0,"gold_gain":73,"player_choice":"Gained Gold","damage_taken":0,"max_hp_gain":0,"max_hp_loss":0,"event_name":"Golden Wing","floor":13,"gold_loss":0}],"is_beta":false,"boss_relics":[],"items_purged_floors":[],"is_endless":false,"potions_floor_spawned":[1,2,5],"killed_by":"The Guardian","ascension_level":20}}