{"host":"dhx6fj5blcvowydx","time":1607509812,"event":{"gold_per_floor":[117,117,117,117,129,129,141,141,221,221,221],"floor_reached":10,"playtime":168,"items_purged":[],"score":56,"play_id":"992cdfdf-6eb5-4ddf-9ab6-0c1dd31be485","local_time":"20201209183012","is_ascension_mode":false,"campfire_choices":[{"data":"alterego_mod:Cycle","floor":6,"key":"SMITH"}],"neow_cost":"NONE","seed_source_timestamp":16203076208600,"circlet_count":0,"master_deck":["alterego_mod:Strike","alterego_mod:Strike","alterego_mod:Strike","alterego_mod:Strike","alterego_mod:Defend","alterego_mod:Defend","alterego_mod:Defend","alterego_mod:Defend","alterego_mod:Impale","alterego_mod:BigMeatyClaws","alterego_mod:BrynhildrsRune","alterego_mod:Cycle+1","alterego_mod:MagicResistance"],"relics":["alterego_mod:MasochisticConstitution","NeowsBlessing","Gensokyo:NagashiBinaDoll","Strawberry","Singing Bowl"],"potions_floor_usage":[],"damage_taken":[{"damage":0,"enemies":"Gensokyo:Gryphon","floor":1,"turns":1},{"damage":0,"enemies":"Gensokyo:2_Kodama","floor":5,"turns":2},{"damage":0,"enemies":"Gensokyo:Python","floor":7,"turns":1},{"damage":12,"enemies":"Gensokyo:Aya","floor":10,"turns":3}],"seed_played":"1085599354068340298","potions_obtained":[],"is_trial":false,"path_per_floor":["M","?","?","?","M","R","M","?","T","E"],"character_chosen":"The_Alterego","items_purchased":[],"campfire_rested":0,"item_purchase_floors":[],"current_hp_per_floor":[70,77,77,77,77,77,77,74,74,62,62],"gold":221,"neow_bonus":"THREE_ENEMY_KILL","is_prod":false,"is_daily":false,"chose_seed":false,"campfire_upgraded":1,"win_rate":0.0,"timestamp":1607509812,"path_taken":["M","?","?","?","M","R","?","?","T","E"],"build_version":"2020-11-30","purchased_purges":0,"victory":false,"max_hp_per_floor":[70,77,77,77,77,77,77,84,84,84,84],"card_choices":[{"not_picked":["alterego_mod:PerceptionDisorder","alterego_mod:Maid","alterego_mod:BreastValley"],"picked":"SKIP","floor":1},{"not_picked":["alterego_mod:HighServant","alterego_mod:RingBreak"],"picked":"alterego_mod:Cycle","floor":3},{"not_picked":["alterego_mod:Undulate","alterego_mod:TrashNCrash","alterego_mod:Jiggle"],"picked":"SKIP","floor":5},{"not_picked":["alterego_mod:Rip","alterego_mod:BiFurious"],"picked":"alterego_mod:MagicResistance","floor":7}],"player_experience":255354,"relics_obtained":[{"floor":9,"key":"Singing Bowl"}],"event_choices":[],"is_beta":false,"boss_relics":[],"items_purged_floors":[],"is_endless":false,"potions_floor_spawned":[],"killed_by":"Gensokyo:Aya","ascension_level":0}}