{"host":"kh6fvhxn285ncg0o","time":1607523370,"event":{"gold_per_floor":[110,125,125,143,243,269,286,286,286,286,301,326,339,366,366,442,442,462,462,462,462,3,35,49,78,78,78,98,129,129,160,160,234,234,247,469,485,410,422,450,450,480,492,535,565,577,599,178,178,178,178,178,178,43,70,70],"floor_reached":57,"playtime":2448,"items_purged":["Strike_R","Bash"],"score":3461,"play_id":"6ec82adb-cd23-46c6-83f1-2db4b7c63f93","local_time":"20201209231610","is_ascension_mode":true,"campfire_choices":[{"data":"Carnage","floor":8.0,"key":"SMITH"},{"floor":10.0,"key":"REST"},{"floor":15.0,"key":"REST"},{"data":"Body Slam","floor":27.0,"key":"SMITH"},{"data":"Feed","floor":30.0,"key":"SMITH"},{"data":"Ghostly","floor":32.0,"key":"SMITH"},{"floor":46.0,"key":"RECALL"},{"data":"Dark Embrace","floor":49.0,"key":"SMITH"},{"data":"Barricade","floor":53.0,"key":"SMITH"}],"neow_cost":"NONE","seed_source_timestamp":0,"circlet_count":0,"master_deck":["AscendersBane","Defend_R","Defend_R","Defend_R","Defend_R","Warcry","Carnage+1","Necronomicurse","Ghostly+1","Ghostly","Ghostly","Double Tap","Exhume","Impatience","Shockwave","Dark Embrace+1","Second Wind+1","Body Slam+1","Offering","Sentinel+1","Barricade+1","Dark Embrace+1","Battle Trance+1","Exhume+1","True Grit+1"],"special_seed":0,"relics":["Burning Blood","White Beast Statue","Eternal Feather","Lantern","Magic Flower","SlaversCollar","Necronomicon","Incense Burner","Potion Belt","Calipers","Red Mask","Turnip","Sozu","StoneCalendar","MawBank","Toxic Egg 2","Du-Vu Doll","Centennial Puzzle","Shuriken"],"potions_floor_usage":[],"damage_taken":[{"damage":8.0,"enemies":"Cultist","floor":1.0,"turns":5.0},{"damage":6.0,"enemies":"2 Louse","floor":2.0,"turns":3.0},{"damage":2.0,"enemies":"Jaw Worm","floor":4.0,"turns":3.0},{"damage":30.0,"enemies":"Lagavulin","floor":6.0,"turns":4.0},{"damage":23.0,"enemies":"Large Slime","floor":7.0,"turns":6.0},{"damage":6.0,"enemies":"Looter","floor":11.0,"turns":2.0},{"damage":8.0,"enemies":"Gremlin Nob","floor":12.0,"turns":3.0},{"damage":4.0,"enemies":"3 Louse","floor":13.0,"turns":4.0},{"damage":30.0,"enemies":"Lagavulin","floor":14.0,"turns":6.0},{"damage":20.0,"enemies":"Slime Boss","floor":16.0,"turns":6.0},{"damage":42.0,"enemies":"2 Thieves","floor":18.0,"turns":5.0},{"damage":1.0,"enemies":"Book of Stabbing","floor":23.0,"turns":4.0},{"damage":3.0,"enemies":"Shell Parasite","floor":24.0,"turns":6.0},{"damage":6.0,"enemies":"Slavers","floor":25.0,"turns":6.0},{"damage":2.0,"enemies":"Sentry and Sphere","floor":28.0,"turns":13.0},{"damage":21.0,"enemies":"Masked Bandits","floor":29.0,"turns":6.0},{"damage":1.0,"enemies":"Gremlin Leader","floor":31.0,"turns":6.0},{"damage":0.0,"enemies":"Champ","floor":33.0,"turns":7.0},{"damage":4.0,"enemies":"3 Darklings","floor":35.0,"turns":7.0},{"damage":4.0,"enemies":"Orb Walker","floor":37.0,"turns":4.0},{"damage":2.0,"enemies":"4 Shapes","floor":39.0,"turns":3.0},{"damage":2.0,"enemies":"Giant Head","floor":40.0,"turns":6.0},{"damage":2.0,"enemies":"Reptomancer","floor":42.0,"turns":2.0},{"damage":2.0,"enemies":"Nemesis","floor":44.0,"turns":7.0},{"damage":3.0,"enemies":"Maw","floor":45.0,"turns":6.0},{"damage":3.0,"enemies":"Jaw Worm Horde","floor":47.0,"turns":6.0},{"damage":7.0,"enemies":"Time Eater","floor":50.0,"turns":5.0},{"damage":6.0,"enemies":"Donu and Deca","floor":51.0,"turns":6.0},{"damage":0.0,"enemies":"Shield and Spear","floor":55.0,"turns":6.0},{"damage":1,"enemies":"The Heart","floor":56,"turns":5}],"seed_played":"6158503433485934339","potions_obtained":[{"floor":1.0,"key":"SneckoOil"},{"floor":7.0,"key":"LiquidBronze"},{"floor":11.0,"key":"EntropicBrew"},{"floor":12.0,"key":"GamblersBrew"},{"floor":13.0,"key":"FearPotion"},{"floor":14.0,"key":"DuplicationPotion"},{"floor":16.0,"key":"PowerPotion"},{"floor":18.0,"key":"ElixirPotion"},{"floor":23.0,"key":"DuplicationPotion"},{"floor":24.0,"key":"GamblersBrew"},{"floor":25.0,"key":"Weak Potion"},{"floor":28.0,"key":"HeartOfIron"},{"floor":29.0,"key":"Ancient Potion"},{"floor":31.0,"key":"AttackPotion"},{"floor":33.0,"key":"Explosive Potion"}],"is_trial":false,"path_per_floor":["M","M","?","M","?","E","M","R","T","R","M","E","M","E","R","B",null,"M","?","?","?","$","E","M","E","T","R","M","?","R","E","R","B",null,"M","?","M","$","M","E","?","E","T","E","M","R","M","$","R","B","B",null,"R","$","E","B",null],"character_chosen":"IRONCLAD","items_purchased":["Incense Burner","Impatience","Shockwave","Centennial Puzzle","Dark Embrace","Battle Trance+1","Exhume+1","True Grit+1"],"campfire_rested":2,"item_purchase_floors":[22,22,22,48,48,48,54,54],"current_hp_per_floor":[66,66,59,63,63,39,22,22,22,50,50,48,50,26,54,43,67,39,18,18,18,18,26,32,35,35,39,42,40,48,48,48,48,48,52,52,56,56,60,60,60,60,60,60,60,60,60,60,60,60,60,60,60,60,60,60],"gold":70,"neow_bonus":"TRANSFORM_CARD","is_prod":false,"is_daily":false,"chose_seed":false,"campfire_upgraded":6,"win_rate":0,"timestamp":1607523370,"path_taken":["M","?","?","M","?","E","M","R","T","R","?","E","M","E","R","BOSS","M","?","?","?","$","E","M","E","T","R","M","?","R","E","R","BOSS","M","?","M","$","M","E","?","E","T","E","?","R","M","?","R","BOSS","BOSS","R","$","E","BOSS"],"build_version":"2020-11-30","purchased_purges":2,"victory":true,"max_hp_per_floor":[75,75,75,75,75,75,75,75,75,75,75,75,75,75,75,75,75,78,78,39,39,39,39,39,39,39,39,42,48,48,48,48,48,48,52,52,56,56,60,60,60,60,60,60,60,60,60,60,60,60,60,60,60,60,60,60],"relic_stats":{"Sozu":9,"Centennial Puzzle":[9],"counters":[30,158],"Shuriken":[0],"Magic Flower":[33],"Eternal Feather":24,"StoneCalendar":[0],"Turnip":[10],"Necronomicon":[48],"MawBank":72,"obtain_stats":[{"Potion Belt":23,"Lantern":12,"Calipers":25,"Magic Flower":14,"Eternal Feather":9,"StoneCalendar":40,"Incense Burner":22,"MawBank":42,"Burning Blood":0,"White Beast Statue":6,"Sozu":34,"Du-Vu Doll":44,"SlaversCollar":17,"Centennial Puzzle":48,"Shuriken":55,"Turnip":31,"Necronomicon":19,"Red Mask":29,"Toxic Egg 2":43},{"Potion Belt":12,"Lantern":7,"Calipers":14,"Magic Flower":9,"Eternal Feather":5,"StoneCalendar":22,"Incense Burner":11,"MawBank":23,"Burning Blood":0,"White Beast Statue":4,"Sozu":18,"Du-Vu Doll":24,"SlaversCollar":10,"Centennial Puzzle":26,"Shuriken":29,"Turnip":17,"Necronomicon":11,"Red Mask":16,"Toxic Egg 2":23},{"Potion Belt":51,"Lantern":26,"Calipers":63,"Magic Flower":36,"Eternal Feather":21,"StoneCalendar":115,"Incense Burner":47,"MawBank":117,"Burning Blood":0,"White Beast Statue":15,"Sozu":95,"Du-Vu Doll":124,"SlaversCollar":42,"Centennial Puzzle":136,"Shuriken":153,"Turnip":88,"Necronomicon":47,"Red Mask":82,"Toxic Egg 2":117}],"Burning Blood":139},"card_choices":[{"not_picked":["Combust","Warcry"],"picked":"Carnage","floor":1.0},{"not_picked":["Clash","True Grit","Warcry"],"picked":"SKIP","floor":2.0},{"not_picked":["Clash","Headbutt","Thunderclap"],"picked":"SKIP","floor":4.0},{"not_picked":["Exhume","True Grit","Clash"],"picked":"SKIP","floor":6.0},{"not_picked":["Heavy Blade","Cleave","Flame Barrier"],"picked":"SKIP","floor":7.0},{"not_picked":["Pommel Strike","Rampage","Havoc"],"picked":"SKIP","floor":11.0},{"not_picked":["Entrench","Demon Form","Heavy Blade"],"picked":"SKIP","floor":12.0},{"not_picked":["Sword Boomerang","Heavy Blade","Warcry"],"picked":"SKIP","floor":13.0},{"not_picked":["Brutality","Sword Boomerang","Cleave"],"picked":"SKIP","floor":14.0},{"not_picked":["Brutality","Bludgeon"],"picked":"Feed","floor":16.0},{"not_picked":["Twin Strike","Pummel","Metallicize"],"picked":"SKIP","floor":18.0},{"not_picked":["Carnage","Disarm"],"picked":"Dark Embrace+1","floor":23.0},{"not_picked":["Dual Wield","Sword Boomerang"],"picked":"Second Wind+1","floor":24.0},{"not_picked":["Flex","Havoc"],"picked":"Body Slam","floor":25.0},{"not_picked":["Sword Boomerang","Ghostly Armor","Clothesline"],"picked":"SKIP","floor":28.0},{"not_picked":["Anger","Clash","Clothesline"],"picked":"SKIP","floor":31.0},{"not_picked":["Immolate","Bludgeon"],"picked":"Offering","floor":33.0},{"not_picked":["Rampage","Sword Boomerang","Metallicize"],"picked":"SKIP","floor":35.0},{"not_picked":["Iron Wave","Anger+1","Fire Breathing+1"],"picked":"SKIP","floor":37.0},{"not_picked":["Pommel Strike","True Grit"],"picked":"Sentinel+1","floor":39.0},{"not_picked":["Blood for Blood","Reckless Charge","Iron Wave"],"picked":"SKIP","floor":40.0},{"not_picked":["Uppercut","Pommel Strike"],"picked":"Barricade","floor":42.0},{"not_picked":["Armaments+1","Flex+1","Dropkick"],"picked":"SKIP","floor":44.0},{"not_picked":["Demon Form","Intimidate+1","Havoc+1"],"picked":"SKIP","floor":45.0},{"not_picked":["Demon Form","Intimidate+1","Havoc+1"],"picked":"SKIP","floor":45.0},{"not_picked":["Armaments+1","Wild Strike","Havoc+1"],"picked":"SKIP","floor":47.0},{"not_picked":["Thunderclap","Perfected Strike+1","Wild Strike"],"picked":"SKIP","floor":55.0}],"player_experience":3132096,"relics_obtained":[{"floor":6.0,"key":"White Beast Statue"},{"floor":9.0,"key":"Eternal Feather"},{"floor":12.0,"key":"Lantern"},{"floor":14.0,"key":"Magic Flower"},{"floor":19.0,"key":"Necronomicon"},{"floor":23.0,"key":"Potion Belt"},{"floor":25.0,"key":"Calipers"},{"floor":29.0,"key":"Red Mask"},{"floor":31.0,"key":"Turnip"},{"floor":40.0,"key":"StoneCalendar"},{"floor":42.0,"key":"MawBank"},{"floor":43.0,"key":"Toxic Egg 2"},{"floor":44.0,"key":"Du-Vu Doll"},{"floor":55.0,"key":"Shuriken"}],"event_choices":[{"cards_removed":["Strike_R"],"damage_healed":0.0,"max_hp_gain":0.0,"max_hp_loss":0.0,"gold_gain":0.0,"event_name":"Golden Wing","player_choice":"Card Removal","floor":3.0,"gold_loss":0.0,"damage_taken":7.0},{"damage_healed":0.0,"max_hp_gain":0.0,"max_hp_loss":0.0,"gold_gain":100.0,"event_name":"Wheel of Change","player_choice":"Gold","floor":5.0,"gold_loss":0.0,"damage_taken":0.0},{"damage_healed":0.0,"max_hp_gain":0.0,"max_hp_loss":0.0,"gold_gain":0.0,"event_name":"Cursed Tome","player_choice":"Obtained Book","floor":19.0,"gold_loss":0.0,"damage_taken":21.0},{"damage_healed":0.0,"max_hp_gain":0.0,"max_hp_loss":39.0,"gold_gain":0.0,"event_name":"Ghosts","player_choice":"Became a Ghost","floor":20.0,"gold_loss":0.0,"damage_taken":0.0,"cards_obtained":["Ghostly","Ghostly","Ghostly"]},{"damage_healed":0.0,"max_hp_gain":0.0,"max_hp_loss":0.0,"gold_gain":0.0,"cards_transformed":["Strike_R","Strike_R"],"event_name":"Drug Dealer","player_choice":"Became Test Subject","floor":21.0,"gold_loss":0.0,"damage_taken":0.0,"cards_obtained":["Double Tap","Exhume"]},{"damage_healed":0.0,"max_hp_gain":0.0,"max_hp_loss":0.0,"gold_gain":0.0,"event_name":"Masked Bandits","player_choice":"Fought Bandits","floor":29.0,"gold_loss":0.0,"damage_taken":0.0},{"damage_healed":0.0,"max_hp_gain":0.0,"max_hp_loss":0.0,"gold_gain":222.0,"event_name":"Tomb of Lord Red Mask","player_choice":"Wore Mask","floor":36.0,"gold_loss":0.0,"damage_taken":0.0},{"cards_removed":["Feed"],"damage_healed":0.0,"max_hp_gain":0.0,"max_hp_loss":0.0,"gold_gain":0.0,"event_name":"Falling","player_choice":"Removed Attack","floor":41.0,"gold_loss":0.0,"damage_taken":0.0}],"is_beta":false,"boss_relics":[{"not_picked":["Velvet Choker","Black Star"],"picked":"SlaversCollar"},{"not_picked":["Fusion Hammer","Empty Cage"],"picked":"Sozu"}],"items_purged_floors":[38,48],"is_endless":false,"potions_floor_spawned":[1,7,11,12,13,14,16,18,23,24,25,28,29,31,33,35,37,39,40,42,44,45,47,55],"ascension_level":20}}