{"host":"skr63qsdfgeey3it","time":1607487404,"event":{"gold_per_floor":[113,113,18,30,90,90,124,124,124,137,168,92,92,102,102,200,200,112,132,8,368,21,21,52,65,65,90,66,66,107,107,107,218,218,239,239,38,38,62,62,6,6,6,6,52,58,58],"floor_reached":46,"playtime":3335,"items_purged":["Writhe","Voices","Sickly"],"score":846,"play_id":"1824fbdb-1812-418d-9d74-0019c13b3f24","local_time":"20201208221644","is_ascension_mode":true,"campfire_choices":[{"data":"Apotheosis","floor":6,"key":"SMITH"},{"data":"Deadly Poison","floor":8,"key":"SMITH"},{"data":"A Thousand Cuts","floor":13,"key":"SMITH"},{"data":"Draining Mist","floor":15,"key":"SMITH"},{"floor":23,"key":"REST"},{"floor":32,"key":"REST"},{"data":"Specialist","floor":40,"key":"SMITH"},{"floor":42,"key":"REST"},{"data":"Envenom","floor":44,"key":"SMITH"}],"neow_cost":"NONE","seed_source_timestamp":684973238613400,"circlet_count":0,"master_deck":["Defend_G","Defend_G","Defend_G","Defend_G","Survivor","Neutralize","Specialist+1","ReplayTheSpireMod:Necrosis","Apotheosis+1","Infinite Blades","Deadly Poison+1","Die Die Die+1","Caltrops","A Thousand Cuts+1","Caltrops","A Thousand Cuts+1","Bouncing Flask+1","Deadly Poison","Dagger Throw","ReplayTheSpireMod:Speed Training+1","Sneak Up+1","Bite","Bite","Bite","Bite","Bite","Flying Knee+1","Phantasmal Killer","Envenom+1","Flying Knee+1","Magnetism","Cloak And Dagger","Leg Sweep+1"],"relics":["Ring of the Snake","NeowsBlessing","ReplayTheSpireMod:CursedCoin","Centennial Puzzle","Replay:Accelerometer","Pear","Gremlin Food","Replay:PocketPolymizer","Replay:Ancient Bell","PreservedInsect","The Courier","Bird Faced Urn","Membership Card","OrangePellets","Strawberry","Regal Pillow","Blue Doll","ReplayTheSpireMod:Ninjato","Replay:Bandana","Bronze Scales","Lantern","SacredBark","BargainBundle","TwistedFunnel","Replay:Baseball","ReplayTheSpireMod:Lightbulb","White Beast Statue","Replay:Bottled Snecko"],"potions_floor_usage":[11,11,16,18,22,33,39,45,46],"damage_taken":[{"damage":0,"enemies":"Small Slimes","floor":1,"turns":1},{"damage":0,"enemies":"Cultist","floor":4,"turns":1},{"damage":0,"enemies":"Lagavulin","floor":7,"turns":1},{"damage":0,"enemies":"2 Louse","floor":10,"turns":2},{"damage":12,"enemies":"3 Sentries","floor":11,"turns":5},{"damage":7,"enemies":"Gremlin Gang","floor":14,"turns":2},{"damage":18,"enemies":"Fading Forest","floor":16,"turns":11},{"damage":23,"enemies":"Shell Parasite","floor":18,"turns":5},{"damage":7,"enemies":"Chosen","floor":19,"turns":4},{"damage":27,"enemies":"Gremlin Leader","floor":24,"turns":5},{"damage":13,"enemies":"Snecko","floor":25,"turns":4},{"damage":21,"enemies":"Replay:Snechameleon","floor":27,"turns":4},{"damage":24,"enemies":"Slavers","floor":30,"turns":3},{"damage":39,"enemies":"Automaton","floor":33,"turns":6},{"damage":15,"enemies":"3 Shapes","floor":35,"turns":5},{"damage":9,"enemies":"Orb Walker","floor":39,"turns":4},{"damage":69,"enemies":"Reptomancer","floor":45,"turns":5},{"damage":40,"enemies":"Jaw Worm Horde","floor":46,"turns":2}],"seed_played":"-2951793742801138278","potions_obtained":[{"floor":1,"key":"LiquidBronze"},{"floor":5,"key":"Cursed Concoction"},{"floor":5,"key":"Explosive Potion"},{"floor":14,"key":"Reflective Coating"},{"floor":16,"key":"Block Potion"},{"floor":19,"key":"ColorlessPotion"},{"floor":30,"key":"BlessingOfTheForge"},{"floor":35,"key":"Strength Potion"},{"floor":45,"key":"SkillPotion"}],"is_trial":false,"path_per_floor":["M","?","$","M","?","R","E","R","T","M","E","$","R","M","R","B",null,"M","M","$","?","$","R","E","M","T","E","$","?","E","?","R","B",null,"M","?","$","?","M","R","?","R","T","R","E","M"],"character_chosen":"THE_SILENT","items_purchased":["ReplayTheSpireMod:CursedCoin","Apotheosis","Replay:PocketPolymizer","Membership Card","Fruit Juice","OrangePellets","Strawberry","Regal Pillow","Deadly Poison","Bronze Scales","BargainBundle","LiquidMemories","Ancient Potion","Poison Potion","Regen Potion","TwistedFunnel","Replay:Baseball","Magnetism"],"campfire_rested":3,"item_purchase_floors":[3,3,12,20,22,22,22,22,22,28,37,37,37,37,37,37,37,37],"current_hp_per_floor":[63,63,63,63,63,63,63,63,73,73,61,61,61,54,54,60,75,58,59,59,23,35,77,56,47,47,36,36,36,16,16,49,26,52,52,52,52,52,49,49,49,61,61,61,21,0,0],"gold":58,"neow_bonus":"THREE_ENEMY_KILL","is_prod":false,"is_daily":false,"chose_seed":false,"campfire_upgraded":6,"win_rate":0,"timestamp":1607487404,"path_taken":["M","?","$","?","?","R","E","R","T","?","E","$","R","M","R","BOSS","M","M","$","?","$","R","E","M","T","E","?","?","E","?","R","BOSS","M","?","$","?","M","R","?","R","T","R","E","M"],"build_version":"2020-11-30","purchased_purges":3,"victory":false,"max_hp_per_floor":[70,70,70,70,70,70,70,70,80,80,80,80,80,80,80,80,80,80,80,80,80,92,92,92,92,92,92,92,64,64,61,61,61,61,61,61,61,61,61,61,61,61,61,61,61,61,61],"card_choices":[{"not_picked":["Sucker Punch","Outmaneuver"],"picked":"Draining Mist","floor":1},{"not_picked":["PiercingWail","Well Laid Plans"],"picked":"Infinite Blades","floor":4},{"not_picked":["Blur","Sneak Up"],"picked":"Deadly Poison","floor":5},{"not_picked":["Slice","Calculated Gamble"],"picked":"Die Die Die","floor":7},{"not_picked":["Cloak And Dagger","Underhanded Strike"],"picked":"Caltrops","floor":10},{"not_picked":["Infinite Blades","Distraction","Dodge and Roll"],"picked":"SKIP","floor":11},{"not_picked":["Quick Slash","Bane"],"picked":"Caltrops","floor":14},{"not_picked":["Poison Darts","Tools of the Trade"],"picked":"A Thousand Cuts","floor":16},{"not_picked":["ReplayTheSpireMod:Faulty Equipment","Delirium"],"picked":"Voices","floor":17},{"not_picked":["Languid","CurseOfTheBell"],"picked":"ReplayTheSpireMod:IOU","floor":17},{"not_picked":["Spreading Infection","CurseOfTheBell"],"picked":"Sickly","floor":17},{"not_picked":["Backflip","Skewer","Prepared"],"picked":"SKIP","floor":18},{"not_picked":["Toxin Wave","Underhanded Strike"],"picked":"Bouncing Flask+1","floor":19},{"not_picked":["Underhanded Strike+1","Storm of Steel"],"picked":"ReplayTheSpireMod:Speed Training+1","floor":24},{"not_picked":["Blade Dance","Dagger Throw"],"picked":"Sneak Up+1","floor":25},{"not_picked":["Prepared+1","Leg Sweep","ReplayTheSpireMod:Tripwire+1"],"picked":"SKIP","floor":27},{"not_picked":["Slice+1","ReplayTheSpireMod:Scrap Shanks"],"picked":"Flying Knee+1","floor":30},{"not_picked":["A Thousand Cuts","Corpse Explosion"],"picked":"Envenom","floor":33},{"not_picked":["Accuracy","Dodge and Roll+1"],"picked":"Flying Knee+1","floor":35},{"not_picked":["Deflect+1","Dagger Throw+1"],"picked":"Cloak And Dagger","floor":39},{"not_picked":["ReplayTheSpireMod:The Works+1","Slice+1"],"picked":"Leg Sweep+1","floor":45}],"player_experience":644785,"relics_obtained":[{"floor":5,"key":"Centennial Puzzle"},{"floor":7,"key":"Replay:Accelerometer"},{"floor":9,"key":"Pear"},{"floor":11,"key":"Gremlin Food"},{"floor":24,"key":"Blue Doll"},{"floor":26,"key":"ReplayTheSpireMod:Ninjato"},{"floor":27,"key":"Replay:Bandana"},{"floor":30,"key":"Lantern"},{"floor":43,"key":"White Beast Statue"},{"floor":45,"key":"Replay:Bottled Snecko"}],"event_choices":[{"damage_healed":0,"gold_gain":0,"player_choice":"2 cards matched","damage_taken":0,"max_hp_gain":0,"max_hp_loss":0,"event_name":"Match and Keep!","floor":2,"gold_loss":0,"cards_obtained":["Specialist","ReplayTheSpireMod:Necrosis"]},{"damage_healed":0,"gold_gain":0,"player_choice":"2 cards matched","damage_taken":0,"max_hp_gain":0,"max_hp_loss":0,"event_name":"Match and Keep!","floor":2,"gold_loss":0,"cards_obtained":["Specialist","ReplayTheSpireMod:Necrosis"]},{"damage_healed":0,"gold_gain":360,"player_choice":"GOLD GOLD GOLD GOLD ","damage_taken":36,"max_hp_gain":0,"max_hp_loss":0,"event_name":"Knowing Skull","floor":21,"potions_obtained":[],"gold_loss":0,"cards_obtained":[]},{"damage_healed":0,"gold_gain":0,"player_choice":"Became a vampire","damage_taken":0,"max_hp_gain":0,"max_hp_loss":28,"event_name":"Vampires","floor":29,"gold_loss":0,"cards_obtained":["Bite","Bite","Bite","Bite","Bite"]},{"cards_removed":["Parasite"],"damage_healed":0,"gold_gain":0,"player_choice":"Elegance","damage_taken":0,"max_hp_gain":0,"max_hp_loss":0,"event_name":"Back to Basics","floor":31,"gold_loss":0},{"cards_removed":["Endless Agony"],"damage_healed":0,"gold_gain":0,"player_choice":"Removed Attack","damage_taken":0,"max_hp_gain":0,"max_hp_loss":0,"event_name":"Falling","floor":38,"gold_loss":0},{"damage_healed":0,"gold_gain":0,"player_choice":"Paid Gold","damage_taken":0,"relics_obtained":["ReplayTheSpireMod:Lightbulb"],"max_hp_gain":0,"max_hp_loss":0,"event_name":"WeMeetAgain","floor":41,"gold_loss":56}],"is_beta":false,"boss_relics":[{"not_picked":["ChewingGum","Black Star"],"picked":"Replay:Ancient Bell"},{"not_picked":["Orichalcum","Pen Nib"],"picked":"PreservedInsect"},{"not_picked":["InkBottle","Paper Crane"],"picked":"The Courier"},{"not_picked":["Gambling Chip","Ice Cream"],"picked":"Bird Faced Urn"},{"not_picked":["Velvet Choker","Snecko Eye"],"picked":"SacredBark"}],"items_purged_floors":[3,22,22],"is_endless":false,"potions_floor_spawned":[1,14,16,19,30,35,45],"killed_by":"Jaw Worm Horde","ascension_level":8}}