{"host":"e1zuqie93klo2ncl","time":1607509082,"event":{"gold_per_floor":[111,111,111,127,277,277,320,320,320,320,354,379,402,426,426,426,426],"floor_reached":16,"playtime":478,"items_purged":[],"score":220,"play_id":"2754f5b3-d7cf-43ae-bfbf-24fe3c3f923a","local_time":"20201209101802","is_ascension_mode":true,"campfire_choices":[{"data":"Crippling Poison","floor":6.0,"key":"SMITH"},{"floor":8.0,"key":"REST"},{"floor":15.0,"key":"REST"}],"neow_cost":"TEN_PERCENT_HP_LOSS","seed_source_timestamp":3877071832900,"circlet_count":0,"master_deck":["AscendersBane","Strike_G","Strike_G","Strike_G","Strike_G","Strike_G","Defend_G","Defend_G","Defend_G","Defend_G","Defend_G","Survivor","Neutralize","Poisoned Stab","Crippling Poison+1","Doubt","Poisoned Stab","Bane","All Out Attack","PiercingWail"],"special_seed":0,"relics":["Ring of the Snake","The Specimen","Golden Idol","Snake Skull","HornCleat","Question Card","Ninja Scroll"],"potions_floor_usage":[16],"damage_taken":[{"damage":4.0,"enemies":"Small Slimes","floor":1.0,"turns":4.0},{"damage":0.0,"enemies":"2 Louse","floor":4.0,"turns":3.0},{"damage":45.0,"enemies":"Lagavulin","floor":7.0,"turns":10.0},{"damage":13.0,"enemies":"Gremlin Nob","floor":11.0,"turns":4.0},{"damage":0.0,"enemies":"Jaw Worm","floor":12.0,"turns":2.0},{"damage":0.0,"enemies":"Exordium Thugs","floor":13.0,"turns":3.0},{"damage":4.0,"enemies":"Blue Slaver","floor":14.0,"turns":3.0},{"damage":24,"enemies":"Slime Boss","floor":16,"turns":6}],"seed_played":"3784262655467551243","potions_obtained":[{"floor":7.0,"key":"DuplicationPotion"},{"floor":11.0,"key":"Ancient Potion"},{"floor":12.0,"key":"LiquidMemories"},{"floor":13.0,"key":"Fire Potion"}],"is_trial":false,"path_per_floor":["M","?","?","M","?","R","E","R","T","T","E","M","M","M","R","B"],"character_chosen":"THE_SILENT","items_purchased":[],"campfire_rested":2,"item_purchase_floors":[],"current_hp_per_floor":[55,54,54,54,54,54,9,25,25,25,12,12,12,8,24,0,0],"gold":426,"neow_bonus":"ONE_RARE_RELIC","is_prod":false,"is_daily":false,"chose_seed":false,"campfire_upgraded":1,"win_rate":0,"timestamp":1607509082,"path_taken":["M","?","?","M","?","R","E","R","T","?","E","M","?","M","R","BOSS"],"build_version":"2020-11-30","purchased_purges":0,"victory":false,"max_hp_per_floor":[60,54,54,54,54,54,54,54,54,54,54,54,54,54,54,54,54],"relic_stats":{"counters":[8,35],"Golden Idol":34,"Snake Skull":[13],"Question Card":4,"obtain_stats":[{"HornCleat":9,"The Specimen":0,"Golden Idol":2,"Ninja Scroll":11,"Snake Skull":7,"Question Card":10,"Ring of the Snake":0},{"HornCleat":3,"The Specimen":0,"Golden Idol":1,"Ninja Scroll":4,"Snake Skull":3,"Question Card":3,"Ring of the Snake":0},{"HornCleat":17,"The Specimen":0,"Golden Idol":4,"Ninja Scroll":21,"Snake Skull":17,"Question Card":17,"Ring of the Snake":0}],"Ring of the Snake":[16]},"card_choices":[{"not_picked":["Predator","Flying Knee"],"picked":"Poisoned Stab","floor":1.0},{"not_picked":["PiercingWail","Caltrops"],"picked":"Crippling Poison","floor":4.0},{"not_picked":["Envenom","Flechettes"],"picked":"Poisoned Stab","floor":7.0},{"not_picked":["Underhanded Strike","Poisoned Stab","Blade Dance"],"picked":"Bane","floor":11.0},{"not_picked":["Sucker Punch","Masterful Stab","Prepared","Dagger Throw"],"picked":"SKIP","floor":12.0},{"not_picked":["Cloak And Dagger","Slice","Skewer"],"picked":"All Out Attack","floor":13.0},{"not_picked":["Sucker Punch","Venomology","Cloak And Dagger"],"picked":"PiercingWail","floor":14.0}],"player_experience":769977,"relics_obtained":[{"floor":7.0,"key":"Snake Skull"},{"floor":9.0,"key":"HornCleat"},{"floor":10.0,"key":"Question Card"},{"floor":11.0,"key":"Ninja Scroll"}],"event_choices":[{"damage_healed":0.0,"max_hp_gain":0.0,"max_hp_loss":6.0,"gold_gain":0.0,"event_name":"Golden Idol","player_choice":"Lose Max HP","floor":2.0,"gold_loss":0.0,"damage_taken":0.0,"relics_obtained":["Golden Idol"]},{"damage_healed":0.0,"max_hp_gain":0.0,"max_hp_loss":0.0,"gold_gain":0.0,"event_name":"Scrap Ooze","player_choice":"Fled","floor":3.0,"gold_loss":0.0,"damage_taken":0.0},{"damage_healed":0.0,"max_hp_gain":0.0,"max_hp_loss":0.0,"gold_gain":150.0,"event_name":"Liars Game","player_choice":"AGREE","floor":5.0,"gold_loss":0.0,"damage_taken":0.0,"cards_obtained":["Doubt"]}],"is_beta":false,"boss_relics":[],"items_purged_floors":[],"is_endless":false,"potions_floor_spawned":[7,11,12,13],"killed_by":"Slime Boss","ascension_level":20}}