{"host":"hcrpk3ks1jn59x6u","time":1607488846,"event":{"gold_per_floor":[116,16,63,132,166,225,225,225,271,271,291,339,22,63,63,171,171,188,138,152,162,142,142,174,174,229,260,260,290,24,24,24,126,126,158,0,17,17,17,17,17,17],"floor_reached":41,"playtime":2397,"items_purged":[],"score":437,"play_id":"bd298cb8-aaff-48a7-861b-cf9f5c099b9b","local_time":"20201209124046","is_ascension_mode":false,"campfire_choices":[{"data":"hermit:TrackingShot","floor":8,"key":"SMITH"},{"floor":10,"key":"REST"},{"floor":15,"key":"REST"},{"data":"hermit:GoldenBullet","floor":23,"key":"SMITH"},{"floor":25,"key":"REST"},{"floor":28,"key":"REST"},{"floor":32,"key":"REST"},{"data":"hermit:Combo","floor":40,"key":"SMITH"}],"neow_cost":"NONE","seed_source_timestamp":78593425479600,"circlet_count":0,"master_deck":["hermit:Strike_Hermit","hermit:Strike_Hermit+1","hermit:Strike_Hermit","hermit:Defend_Hermit","hermit:Defend_Hermit","hermit:Defend_Hermit","hermit:Defend_Hermit","hermit:Snapshot","hermit:Covet","conspire:SpireCoStock","hermit:GoldenBullet","hermit:BigShot","hermit:TrackingShot+1","hermit:Vantage","hermit:Horror","hermit:Quickdraw+1","hermit:GoldenBullet+1","hermit:Combo+1","hermit:Ricochet","hermit:Brawl","hermit:BlackWind","hermit:Feint","hermit:Roulette","hermit:Quickdraw","hermit:TakeAim+1","hermit:NoHoldsBarred","hermit:Dive+1","hermit:EyeOfTheStorm","hermit:CalledShot+1","hermit:Roughhouse","hermit:FlashPowder"],"relics":["Runic Dome","Pen Nib","hermit:RyeStalk","StuffTheSpire:Mouthbags","StuffTheSpire:Gunfinga","Empty Cage","StuffTheSpire:Barrel","Ginger","Happy Flower","Vajra","SacredBark","Red Mask"],"potions_floor_usage":[6,14,16,27,27,37],"damage_taken":[{"damage":2,"enemies":"Small Slimes","floor":1,"turns":4},{"damage":0,"enemies":"2 Louse","floor":3,"turns":3},{"damage":3,"enemies":"Jaw Worm","floor":5,"turns":3},{"damage":21,"enemies":"Gremlin Nob","floor":6,"turns":4},{"damage":0,"enemies":"Looter","floor":11,"turns":3},{"damage":7,"enemies":"Gremlin Gang","floor":12,"turns":4},{"damage":23,"enemies":"3 Sentries","floor":14,"turns":8},{"damage":12,"enemies":"Hexaghost","floor":16,"turns":7},{"damage":7,"enemies":"2 Thieves","floor":18,"turns":3},{"damage":0,"enemies":"Spheric Guardian","floor":20,"turns":1},{"damage":15,"enemies":"Snake Plant","floor":21,"turns":2},{"damage":1,"enemies":"Snecko","floor":24,"turns":4},{"damage":39,"enemies":"Gremlin Leader","floor":27,"turns":4},{"damage":13,"enemies":"HollowMod:Nosk","floor":29,"turns":5},{"damage":30,"enemies":"conspire:MysteriousRune","floor":33,"turns":7},{"damage":2,"enemies":"3 Darklings","floor":35,"turns":3},{"damage":8,"enemies":"3 Shapes","floor":37,"turns":2},{"damage":79,"enemies":"Reptomancer","floor":41,"turns":2}],"seed_played":"2520695011530024073","potions_obtained":[{"floor":5,"key":"SteroidPotion"},{"floor":6,"key":"PowerPotion"},{"floor":11,"key":"ColorlessPotion"},{"floor":18,"key":"Block Potion"},{"floor":22,"key":"sneckomod:MuddlingPotion"},{"floor":27,"key":"Swift Potion"},{"floor":29,"key":"Block Potion"},{"floor":35,"key":"CultistPotion"}],"is_trial":false,"path_per_floor":["M","?","M","?","M","E","?","R","T","R","M","M","$","E","R","B",null,"M","?","M","M","?","R","M","R","T","E","R","E","$","?","R","B",null,"M","?","M","?","$","R","E"],"character_chosen":"HERMIT","items_purchased":["StuffTheSpire:Mouthbags","hermit:GoldenBullet","hermit:Combo","hermit:Ricochet","Vajra","hermit:EyeOfTheStorm","Explosive Potion"],"campfire_rested":5,"item_purchase_floors":[13,13,13,13,30,30,30],"current_hp_per_floor":[73,73,73,73,70,49,34,34,34,56,56,49,49,26,48,36,75,68,68,68,53,53,53,52,74,74,35,57,44,44,44,66,44,75,73,73,73,73,73,73,0,0],"gold":17,"neow_bonus":"BOSS_RELIC","is_prod":false,"is_daily":false,"chose_seed":false,"campfire_upgraded":3,"win_rate":0.0,"timestamp":1607488846,"path_taken":["M","?","M","?","M","E","?","R","T","R","?","M","$","E","R","BOSS","M","?","M","?","?","R","M","R","T","E","R","E","$","?","R","BOSS","M","?","M","?","?","R","E"],"build_version":"2020-11-30","purchased_purges":0,"victory":false,"max_hp_per_floor":[75,75,75,75,75,75,75,75,75,75,75,75,75,75,75,75,75,75,75,75,75,75,75,75,75,75,75,75,75,75,75,75,75,75,75,75,75,75,75,75,75,75],"card_choices":[{"not_picked":["hermit:HoleUp","hermit:Grudge"],"picked":"hermit:Quickdraw","floor":1},{"not_picked":["hermit:CalledShot","hermit:Combo"],"picked":"hermit:GoldenBullet","floor":3},{"not_picked":["hermit:Gestalt","hermit:Grudge"],"picked":"hermit:BigShot","floor":5},{"not_picked":["hermit:Scavenge","hermit:Brawl"],"picked":"hermit:TrackingShot","floor":6},{"not_picked":["hermit:LowProfile","hermit:TakeCover"],"picked":"hermit:Vantage","floor":11},{"not_picked":["hermit:ShadowCloak","hermit:Roulette"],"picked":"hermit:Horror","floor":12},{"not_picked":["hermit:Spite","hermit:Gestalt"],"picked":"hermit:Brawl","floor":14},{"not_picked":["hermit:Reprieve","hermit:HighNoon"],"picked":"hermit:BlackWind","floor":16},{"not_picked":["hermit:Misfire+1","hermit:Gestalt+1"],"picked":"hermit:Feint","floor":18},{"not_picked":["hermit:Manifest","hermit:Desperado"],"picked":"hermit:Roulette","floor":20},{"not_picked":["hermit:Ricochet","hermit:ShadowCloak"],"picked":"hermit:Quickdraw","floor":21},{"not_picked":["hermit:Roulette+1","hermit:Ricochet"],"picked":"hermit:TakeAim+1","floor":24},{"not_picked":["hermit:Cheat","hermit:Quickdraw"],"picked":"hermit:NoHoldsBarred","floor":27},{"not_picked":["hermit:ShadowCloak","hermit:ItchyTrigger"],"picked":"hermit:Dive+1","floor":29},{"not_picked":["hermit:Dissolve","hermit:FatalDesire"],"picked":"hermit:Roughhouse","floor":33},{"not_picked":["hermit:Manifest","hermit:HoleUp+1"],"picked":"hermit:FlashPowder","floor":35},{"not_picked":["hermit:Manifest+1","hermit:FlashPowder+1"],"picked":"hermit:Scavenge+1","floor":37}],"player_experience":219990,"relics_obtained":[{"floor":6,"key":"Pen Nib"},{"floor":9,"key":"hermit:RyeStalk"},{"floor":14,"key":"StuffTheSpire:Gunfinga"},{"floor":26,"key":"StuffTheSpire:Barrel"},{"floor":27,"key":"Ginger"},{"floor":29,"key":"Happy Flower"}],"event_choices":[{"damage_healed":0,"gold_gain":0,"player_choice":"Invest 2","damage_taken":0,"max_hp_gain":0,"max_hp_loss":0,"event_name":"conspire:Investor","floor":2,"gold_loss":0},{"damage_healed":0,"gold_gain":69,"player_choice":"Gained Gold","damage_taken":0,"max_hp_gain":0,"max_hp_loss":0,"event_name":"Golden Wing","floor":4,"gold_loss":0},{"damage_healed":49,"gold_gain":0,"player_choice":"Upgrade","damage_taken":15,"max_hp_gain":0,"max_hp_loss":75,"event_name":"betterThird:BetterShining","floor":7,"gold_loss":0,"cards_upgraded":["hermit:Strike_Hermit","hermit:Quickdraw"]},{"damage_healed":0,"gold_gain":0,"player_choice":"Bet on Owner","damage_taken":0,"max_hp_gain":0,"max_hp_loss":0,"event_name":"The Joust","floor":19,"gold_loss":50},{"damage_healed":0,"gold_gain":0,"player_choice":"Bought 1 Potion","damage_taken":0,"max_hp_gain":0,"max_hp_loss":0,"event_name":"The Woman in Blue","floor":22,"gold_loss":0},{"cards_removed":["hermit:EyeOfTheStorm"],"damage_healed":0,"gold_gain":0,"player_choice":"Take \u0026 Give","damage_taken":0,"max_hp_gain":0,"max_hp_loss":0,"event_name":"betterNote:BetterNote","floor":31,"gold_loss":0,"cards_obtained":["hermit:CalledShot"]},{"damage_healed":0,"gold_gain":0,"player_choice":"Paid","damage_taken":0,"relics_obtained":["Red Mask"],"max_hp_gain":0,"max_hp_loss":0,"event_name":"Tomb of Lord Red Mask","floor":36,"gold_loss":158},{"cards_removed":["hermit:Scavenge"],"damage_healed":0,"gold_gain":0,"player_choice":"Removed Skill","damage_taken":0,"max_hp_gain":0,"max_hp_loss":0,"event_name":"Falling","floor":38,"gold_loss":0}],"is_beta":false,"boss_relics":[{"not_picked":["Snecko Eye","halation:Yufonium"],"picked":"Empty Cage"},{"not_picked":["StuffTheSpire:ModemDavis","halation:CatFaceCupcake"],"picked":"SacredBark"}],"items_purged_floors":[],"is_endless":false,"potions_floor_spawned":[5,6,11,18,27,29,35],"killed_by":"Reptomancer","ascension_level":0}}