{"host":"lhth1efayex2023z","time":1607543899,"event":{"gold_per_floor":[115,132,152,168,187,217,217,248,271,289,322,497,497,525,525,626,626,637,652,652,668,668,668,701,730,787,407,407,438,438,163,163,264,264,283,313,313,323,342,342,342],"floor_reached":40,"playtime":1516,"items_purged":["Normality","Doubt"],"score":676,"play_id":"d11973bb-2e4d-4e6e-b936-f035f8ca846e","local_time":"20201209125819","is_ascension_mode":true,"campfire_choices":[{"data":"Warcry","floor":7.0,"key":"SMITH"},{"floor":13.0,"key":"REST"},{"data":"Warcry","floor":15.0,"key":"SMITH"},{"floor":23.0,"key":"REST"},{"data":"Seeing Red","floor":28.0,"key":"SMITH"},{"data":"Spot Weakness","floor":30.0,"key":"SMITH"},{"data":"Flex","floor":32.0,"key":"SMITH"}],"neow_cost":"CURSE","seed_source_timestamp":0,"circlet_count":0,"master_deck":["Strike_R+1","Strike_R","Strike_R","Strike_R","Defend_R","Defend_R","Defend_R","Bash","Anger","Sword Boomerang","Seeing Red+1","Inflame","Warcry+1","Thunderclap+1","Pommel Strike","Battle Trance","Inflame","Warcry+1","Doubt","Offering","Spot Weakness+1","Cleave","Warcry+1","Sword Boomerang","HandOfGreed","Flex+1","Berserk","Pummel+1","Parasite"],"special_seed":0,"relics":["Burning Blood","Whetstone","Happy Flower","Vajra","Centennial Puzzle","Toy Ornithopter","Cursed Key","MawBank","Anchor","Bag of Marbles","Orichalcum","Lee\u0027s Waffle","Coffee Dripper"],"potions_floor_usage":[],"damage_taken":[{"damage":0.0,"enemies":"Cultist","floor":1.0,"turns":3.0},{"damage":0.0,"enemies":"Small Slimes","floor":2.0,"turns":3.0},{"damage":7.0,"enemies":"2 Louse","floor":3.0,"turns":2.0},{"damage":27.0,"enemies":"Lots of Slimes","floor":4.0,"turns":5.0},{"damage":4.0,"enemies":"3 Louse","floor":5.0,"turns":3.0},{"damage":44.0,"enemies":"Lagavulin","floor":6.0,"turns":4.0},{"damage":20.0,"enemies":"3 Sentries","floor":8.0,"turns":5.0},{"damage":5.0,"enemies":"Red Slaver","floor":10.0,"turns":3.0},{"damage":0.0,"enemies":"Lagavulin","floor":11.0,"turns":4.0},{"damage":20.0,"enemies":"Gremlin Nob","floor":14.0,"turns":3.0},{"damage":26.0,"enemies":"Hexaghost","floor":16.0,"turns":7.0},{"damage":11.0,"enemies":"Spheric Guardian","floor":18.0,"turns":3.0},{"damage":15.0,"enemies":"Shell Parasite","floor":19.0,"turns":3.0},{"damage":28.0,"enemies":"Centurion and Healer","floor":21.0,"turns":4.0},{"damage":11.0,"enemies":"Gremlin Leader","floor":24.0,"turns":4.0},{"damage":18.0,"enemies":"Snecko","floor":25.0,"turns":3.0},{"damage":24.0,"enemies":"Slavers","floor":29.0,"turns":2.0},{"damage":38.0,"enemies":"Champ","floor":33.0,"turns":4.0},{"damage":1.0,"enemies":"Orb Walker","floor":35.0,"turns":2.0},{"damage":9.0,"enemies":"3 Darklings","floor":36.0,"turns":2.0},{"damage":37.0,"enemies":"Writhing Mass","floor":38.0,"turns":4.0},{"damage":9.0,"enemies":"Spire Growth","floor":39.0,"turns":3.0},{"damage":0,"enemies":"Nemesis","floor":40,"turns":1}],"seed_played":"3855825052611247600","potions_obtained":[{"floor":1.0,"key":"Weak Potion"},{"floor":4.0,"key":"AttackPotion"},{"floor":5.0,"key":"GamblersBrew"},{"floor":11.0,"key":"LiquidBronze"},{"floor":19.0,"key":"FairyPotion"},{"floor":20.0,"key":"SkillPotion"},{"floor":20.0,"key":"SkillPotion"},{"floor":33.0,"key":"Swift Potion"},{"floor":38.0,"key":"SmokeBomb"}],"is_trial":false,"path_per_floor":["M","M","M","M","M","E","R","E","T","M","E","?","R","E","R","B",null,"M","M","?","M","?","R","E","M","T","$","R","E","R","$","R","B",null,"M","M","?","M","M","E"],"character_chosen":"IRONCLAD","items_purchased":["HandOfGreed","Bag of Marbles","Flex","Lee\u0027s Waffle"],"campfire_rested":2,"item_purchase_floors":[27,27,31,31],"current_hp_per_floor":[78,80,79,58,60,22,22,8,8,9,15,15,39,25,25,10,63,58,49,49,27,19,43,38,26,26,26,26,13,13,87,87,55,79,84,81,87,56,53,53,53],"gold":342,"neow_bonus":"TRANSFORM_TWO_CARDS","is_prod":false,"is_daily":false,"chose_seed":false,"campfire_upgraded":5,"win_rate":0,"timestamp":1607543899,"path_taken":["M","M","M","M","?","E","R","E","T","M","E","?","R","E","R","BOSS","M","M","?","?","?","R","E","?","T","?","R","E","R","$","R","BOSS","M","?","?","?","M","E"],"build_version":"2020-11-30","purchased_purges":2,"victory":false,"max_hp_per_floor":[80,80,80,80,80,80,80,80,80,80,80,80,80,80,80,80,80,80,80,80,80,80,80,80,80,80,80,80,80,80,87,87,87,87,87,87,87,87,87,87,87],"card_choices":[{"not_picked":["True Grit","Dropkick"],"picked":"Seeing Red","floor":1.0},{"not_picked":["Second Wind","Body Slam"],"picked":"Inflame","floor":2.0},{"not_picked":["Fire Breathing","Armaments"],"picked":"Warcry","floor":3.0},{"not_picked":["Fire Breathing","Headbutt"],"picked":"Thunderclap","floor":4.0},{"not_picked":["True Grit","Thunderclap"],"picked":"Pommel Strike","floor":5.0},{"not_picked":["True Grit","Rupture"],"picked":"Battle Trance","floor":6.0},{"not_picked":["Hemokinesis","Dark Embrace","Pommel Strike"],"picked":"SKIP","floor":8.0},{"not_picked":["Rampage","Pommel Strike"],"picked":"Inflame","floor":10.0},{"not_picked":["Whirlwind","Berserk"],"picked":"Warcry","floor":11.0},{"not_picked":["Pommel Strike","Whirlwind","Dropkick"],"picked":"SKIP","floor":14.0},{"not_picked":["Corruption","Reaper"],"picked":"Offering","floor":16.0},{"not_picked":["Evolve","Havoc"],"picked":"Spot Weakness","floor":18.0},{"not_picked":["Feel No Pain","Headbutt"],"picked":"Cleave","floor":19.0},{"not_picked":["Headbutt+1","Hemokinesis"],"picked":"Warcry+1","floor":21.0},{"not_picked":["Power Through+1","Rage","Intimidate"],"picked":"SKIP","floor":24.0},{"not_picked":["Cleave","Pommel Strike"],"picked":"Sword Boomerang","floor":25.0},{"not_picked":["Barricade","Body Slam","Corruption"],"picked":"SKIP","floor":29.0},{"not_picked":["Immolate","Juggernaut"],"picked":"Berserk","floor":33.0},{"not_picked":["Thunderclap+1","Pommel Strike+1","Clash"],"picked":"SKIP","floor":35.0},{"not_picked":["Uppercut","Anger"],"picked":"Pummel+1","floor":36.0},{"not_picked":["Body Slam+1","Twin Strike+1","Shockwave"],"picked":"SKIP","floor":38.0},{"not_picked":["True Grit+1","Armaments","Cleave"],"picked":"SKIP","floor":39.0}],"player_experience":341320,"relics_obtained":[{"floor":6.0,"key":"Whetstone"},{"floor":8.0,"key":"Happy Flower"},{"floor":9.0,"key":"Vajra"},{"floor":11.0,"key":"Centennial Puzzle"},{"floor":14.0,"key":"Toy Ornithopter"},{"floor":24.0,"key":"MawBank"},{"floor":26.0,"key":"Anchor"},{"floor":29.0,"key":"Orichalcum"}],"event_choices":[{"damage_healed":0.0,"max_hp_gain":0.0,"max_hp_loss":0.0,"gold_gain":175.0,"event_name":"Liars Game","player_choice":"AGREE","floor":12.0,"gold_loss":0.0,"damage_taken":0.0,"cards_obtained":["Doubt"]},{"damage_healed":0.0,"max_hp_gain":0.0,"max_hp_loss":0.0,"gold_gain":0.0,"event_name":"Lab","player_choice":"Got Potions","floor":20.0,"gold_loss":0.0,"damage_taken":0.0},{"damage_healed":0.0,"max_hp_gain":0.0,"max_hp_loss":0.0,"gold_gain":0.0,"event_name":"Wheel of Change","player_choice":"Damaged","floor":22.0,"gold_loss":0.0,"damage_taken":8.0},{"damage_healed":6.0,"max_hp_gain":0.0,"max_hp_loss":0.0,"gold_gain":0.0,"event_name":"Wheel of Change","player_choice":"Full Heal","floor":37.0,"gold_loss":0.0,"damage_taken":0.0}],"is_beta":false,"boss_relics":[{"not_picked":["Snecko Eye","Runic Cube"],"picked":"Cursed Key"},{"not_picked":["Black Blood","Sozu"],"picked":"Coffee Dripper"}],"items_purged_floors":[27,31],"is_endless":false,"potions_floor_spawned":[1,4,5,11,19,24,33,38],"killed_by":"Nemesis","ascension_level":8}}