{"host":"cwd5s03r1oaxs6mx","time":1607530020,"event":{"gold_per_floor":[110,110,122,197,25,52,52,81,104,122,182,0,30,42,42,119,119,134,584,598,615,615,649,649,649,698,730,746,758,793,793,793,866,866,884,884,898,898,452,479,495,506,529,529,540,540,571,585,585,585,585,585,585,87,119,129],"floor_reached":57,"playtime":4740,"items_purged":["Parasite","Strike_G","Strike_G","Strike_G","Strike_G","Strike_G","Defend_G","Defend_G","Grand Finale+1"],"score":3930,"play_id":"e19baa78-5f9a-4141-ab22-43aad11294d9","local_time":"20201210010700","is_ascension_mode":true,"campfire_choices":[{"data":"Apotheosis","floor":7,"key":"SMITH"},{"data":"Tactician","floor":15,"key":"SMITH"},{"floor":24,"key":"RECALL"},{"data":"Well Laid Plans","floor":32,"key":"SMITH"},{"data":"hubris:EnhanceAbility","floor":44,"key":"SMITH"},{"data":"Tactician","floor":46,"key":"SMITH"},{"data":"Acrobatics","floor":49,"key":"SMITH"},{"data":"After Image","floor":53,"key":"SMITH"}],"neow_cost":"","seed_source_timestamp":2940637490839600,"circlet_count":0,"master_deck":["AscendersBane","Defend_G","Defend_G","Survivor","Neutralize","Tactician+1","Escape Plan","Finesse","Dagger Throw+1","Prepared+1","Apotheosis+1","Blur","Acrobatics+1","Footwork","Acrobatics+1","Blur","Underhanded Strike","Flechettes","Tactician+1","Panacea","Burst","Terror","Acrobatics","Reflex","Reflex","After Image+1","Backflip","Bite","Bite","Bite","Well Laid Plans+1","Blur","infinitespire:Fortify","Caltrops+1","Expertise","Choke","hubris:EnhanceAbility+1","After Image+1"],"relics":["Ring of the Snake","Membership Card","Medical Kit","Oddly Smooth Stone","hubris:MysteriousPyramids","PreservedInsect","infinitespire:Satchel","Eternal Feather","Potion Belt","Strawberry","Nunchaku","infinitespire:Cupcake","Happy Flower","infinitespire:WardingShard","hubris:SlimyHat","hubris:EmptyBottle","hubris:BottledRain","Orichalcum","Unceasing Top","MerchantsRug","Bag of Preparation","Pantograph","DollysMirror","infinitespire:Midas Blood","Ornamental Fan"],"potions_floor_usage":[37],"damage_taken":[{"damage":0,"enemies":"Cultist","floor":1,"turns":5},{"damage":0,"enemies":"Jaw Worm","floor":3,"turns":2},{"damage":0,"enemies":"Lagavulin","floor":6,"turns":3},{"damage":0,"enemies":"3 Sentries","floor":8,"turns":8},{"damage":0,"enemies":"2 Louse","floor":10,"turns":2},{"damage":0,"enemies":"3 Sentries","floor":11,"turns":6},{"damage":5,"enemies":"Lagavulin","floor":13,"turns":3},{"damage":6,"enemies":"Blue Slaver","floor":14,"turns":2},{"damage":6,"enemies":"The Guardian","floor":16,"turns":5},{"damage":0,"enemies":"Spheric Guardian","floor":18,"turns":3},{"damage":0,"enemies":"Chosen","floor":20,"turns":2},{"damage":12,"enemies":"Centurion and Healer","floor":21,"turns":4},{"damage":0,"enemies":"Slavers","floor":23,"turns":6},{"damage":0,"enemies":"Nightmare","floor":27,"turns":8},{"damage":6,"enemies":"Cultist and Chosen","floor":28,"turns":10},{"damage":0,"enemies":"Sentry and Sphere","floor":29,"turns":8},{"damage":6,"enemies":"Slavers","floor":30,"turns":6},{"damage":19,"enemies":"Collector","floor":33,"turns":13},{"damage":2,"enemies":"3 Shapes","floor":35,"turns":7},{"damage":0,"enemies":"3 Darklings","floor":37,"turns":6},{"damage":0,"enemies":"Nightmare","floor":40,"turns":7},{"damage":0,"enemies":"Spire Growth","floor":41,"turns":4},{"damage":0,"enemies":"Sphere and 2 Shapes","floor":42,"turns":5},{"damage":16,"enemies":"3 Darklings","floor":45,"turns":4},{"damage":0,"enemies":"Giant Head","floor":47,"turns":5},{"damage":0,"enemies":"Spire Growth","floor":48,"turns":6},{"damage":3,"enemies":"infinitespire:MassOfShapes","floor":50,"turns":8},{"damage":0,"enemies":"Donu and Deca","floor":51,"turns":11},{"damage":0,"enemies":"Shield and Spear","floor":55,"turns":8},{"damage":40,"enemies":"The Heart","floor":56,"turns":8}],"seed_played":"-6581728057096470593","potions_obtained":[{"floor":1,"key":"Block Potion"},{"floor":6,"key":"GamblersBrew"},{"floor":11,"key":"BlessingOfTheForge"},{"floor":16,"key":"ColorlessPotion"},{"floor":28,"key":"GamblersBrew"},{"floor":37,"key":"Fruit Juice"},{"floor":48,"key":"Strength Potion"}],"is_trial":false,"path_per_floor":["M","?","M","?","$","E","R","E","T","M","?","$","E","M","R","B",null,"M","?","M","M","T","E","R","?","T","NM","M","M","E","?","R","B",null,"M","AVR","M","?","$","NM","M","M","T","R","M","R","E","M","R","B","B",null,"R","$","E","B",null],"character_chosen":"THE_SILENT","items_purchased":["Membership Card","Tactician","Medical Kit","Escape Plan","Oddly Smooth Stone","Finesse","Grand Finale","Dagger Throw","Prepared","Apotheosis","Blur","Acrobatics","Footwork","Acrobatics","Blur","Underhanded Strike","Flechettes","hubris:MysteriousPyramids","Tactician","PreservedInsect","Panacea","infinitespire:Satchel","Burst","Strawberry","Expertise","Choke","hubris:SlimyHat","hubris:EnhanceAbility","hubris:EmptyBottle","MerchantsRug","Bag of Preparation","Pantograph","DollysMirror","infinitespire:Midas Blood"],"campfire_rested":0,"item_purchase_floors":[0,0,0,0,0,0,0,0,0,0,0,0,0,0,0,0,0,0,0,0,0,5,5,12,39,39,39,39,39,54,54,54,54,54],"current_hp_per_floor":[59,40,40,29,29,29,44,44,44,44,44,51,46,40,55,49,65,65,19,19,7,7,7,25,25,25,49,49,49,49,37,49,49,49,49,49,54,54,54,54,54,54,54,54,44,54,54,54,54,54,54,54,54,54,54,23],"gold":129,"neow_bonus":"","is_prod":false,"is_daily":false,"chose_seed":false,"campfire_upgraded":7,"win_rate":0,"timestamp":1607530020,"path_taken":["M","?","M","?","$","E","R","E","T","M","?","?","E","M","R","BOSS","M","?","M","?","?","E","R","?","T","NM","M","M","E","?","R","BOSS","M","AVR","M","?","$","NM","M","M","T","R","M","R","E","M","R","BOSS","BOSS","R","$","E","BOSS"],"build_version":"2020-11-30","purchased_purges":9,"victory":true,"max_hp_per_floor":[63,63,63,63,63,63,63,63,63,63,63,70,70,70,70,70,70,70,70,70,70,70,70,70,49,49,49,49,49,49,49,49,49,49,49,49,54,54,54,54,54,54,54,54,54,54,54,54,54,54,54,54,54,54,54,54],"relic_stats":{"Happy Flower":[38],"counters":[108,488],"Eternal Feather":70,"PreservedInsect":588,"Bag of Preparation":[4],"Orichalcum":[0],"Medical Kit":[69],"Nunchaku":[33],"Ornamental Fan":[40],"Pantograph":91,"obtain_stats":[{"Ice Cream":12,"Whetstone":9,"hubris:MysteriousPyramids":0,"Centennial Puzzle":8,"DollysMirror":19,"Strawberry":12,"MealTicket":23,"Kunai":9,"hubris:TinFlute":6,"MerchantsRug":54,"Happy Flower":27,"Oddly Smooth Stone":0,"Tingsha":20,"Eternal Feather":6,"Pen Nib":54,"War Paint":9,"Question Card":8,"infinitespire:Lychee Nut":41,"hubris:PeanutButter":55,"Black Star":17,"Ring of the Serpent":17,"Unceasing Top":47,"infinitespire:Cupcake":17,"Regal Pillow":6,"Snake Skull":0,"Bag of Preparation":47,"hubris:SlimyHat":39,"hubris:EmptyBottle":39,"Ancient Tea Set":43,"Smiling Mask":48,"Empty Cage":34,"Nunchaku":3,"Tough Bandages":0,"Matryoshka":40,"hubris:Icosahedron":19,"WristBlade":34,"Mummified Hand":9,"Ninja Scroll":0,"Pantograph":54,"Tiny Chest":9,"Ring of the Snake":0,"Runic Pyramid":17,"Potion Belt":6,"hubris:KleinBottle":48,"hubris:DisguiseKit":7,"NeowsBlessing":0,"Golden Idol":5,"infinitespire:FocusingShard":43,"PreservedInsect":0,"Omamori":22,"infinitespire:CheckeredPen":26,"hubris:Towel":4,"Orichalcum":47,"MawBank":7,"Medical Kit":0,"Peace Pipe":0,"Anchor":47,"infinitespire:WardingShard":25,"Ornamental Fan":29,"infinitespire:Satchel":5,"Art of War":42,"Membership Card":0,"TungstenRod":12,"hubris:OldNail":11,"infinitespire:Midas Blood":12,"hubris:BottledRain":40},{"Ice Cream":31,"Whetstone":82,"hubris:MysteriousPyramids":78,"Centennial Puzzle":29,"DollysMirror":35,"Strawberry":84,"MealTicket":38,"Kunai":29,"hubris:TinFlute":2,"MerchantsRug":106,"Happy Flower":92,"Oddly Smooth Stone":8,"Tingsha":61,"Eternal Feather":81,"Pen Nib":50,"War Paint":25,"Question Card":3,"infinitespire:Lychee Nut":73,"hubris:PeanutButter":51,"Black Star":7,"Ring of the Serpent":34,"Unceasing Top":103,"infinitespire:Cupcake":87,"Regal Pillow":55,"Snake Skull":20,"Bag of Preparation":47,"hubris:SlimyHat":98,"hubris:EmptyBottle":98,"Ancient Tea Set":46,"Smiling Mask":48,"Empty Cage":68,"Nunchaku":1,"Tough Bandages":52,"Matryoshka":45,"hubris:Icosahedron":61,"WristBlade":41,"Mummified Hand":3,"Ninja Scroll":26,"Pantograph":106,"Tiny Chest":13,"Ring of the Snake":0,"Runic Pyramid":60,"Potion Belt":28,"hubris:KleinBottle":76,"hubris:DisguiseKit":19,"NeowsBlessing":0,"Golden Idol":18,"infinitespire:FocusingShard":73,"PreservedInsect":78,"Omamori":90,"infinitespire:CheckeredPen":39,"hubris:Towel":18,"Orichalcum":76,"MawBank":24,"Medical Kit":26,"Peace Pipe":8,"Anchor":47,"infinitespire:WardingShard":39,"Ornamental Fan":65,"infinitespire:Satchel":80,"Art of War":46,"Membership Card":78,"TungstenRod":58,"hubris:OldNail":84,"infinitespire:Midas Blood":5,"hubris:BottledRain":99},{"Ice Cream":109,"Whetstone":331,"hubris:MysteriousPyramids":313,"Centennial Puzzle":106,"DollysMirror":117,"Strawberry":339,"MealTicket":123,"Kunai":106,"hubris:TinFlute":2,"MerchantsRug":472,"Happy Flower":372,"Oddly Smooth Stone":32,"Tingsha":229,"Eternal Feather":323,"Pen Nib":148,"War Paint":98,"Question Card":3,"infinitespire:Lychee Nut":292,"hubris:PeanutButter":150,"Black Star":25,"Ring of the Serpent":115,"Unceasing Top":447,"infinitespire:Cupcake":349,"Regal Pillow":195,"Snake Skull":78,"Bag of Preparation":141,"hubris:SlimyHat":422,"hubris:EmptyBottle":422,"Ancient Tea Set":139,"Smiling Mask":142,"Empty Cage":272,"Nunchaku":1,"Tough Bandages":155,"Matryoshka":137,"hubris:Icosahedron":229,"WristBlade":130,"Mummified Hand":3,"Ninja Scroll":100,"Pantograph":472,"Tiny Chest":52,"Ring of the Snake":0,"Runic Pyramid":225,"Potion Belt":103,"hubris:KleinBottle":305,"hubris:DisguiseKit":76,"NeowsBlessing":0,"Golden Idol":70,"infinitespire:FocusingShard":292,"PreservedInsect":313,"Omamori":358,"infinitespire:CheckeredPen":125,"hubris:Towel":70,"Orichalcum":305,"MawBank":96,"Medical Kit":100,"Peace Pipe":32,"Anchor":141,"infinitespire:WardingShard":125,"Ornamental Fan":249,"infinitespire:Satchel":320,"Art of War":139,"Membership Card":313,"TungstenRod":212,"hubris:OldNail":339,"infinitespire:Midas Blood":9,"hubris:BottledRain":429}],"Unceasing Top":[1],"Ring of the Snake":[114]},"card_choices":[{"not_picked":["Deadly Poison","Blade Dance","Outmaneuver"],"picked":"SKIP","floor":1},{"not_picked":["Poisoned Stab","Distraction","Bane"],"picked":"SKIP","floor":3},{"not_picked":["Prepared","Deadly Poison"],"picked":"Terror","floor":6},{"not_picked":["Endless Agony","Underhanded Strike"],"picked":"Acrobatics","floor":8},{"not_picked":["Concentrate","All Out Attack"],"picked":"Reflex","floor":10},{"not_picked":["Quick Slash","Outmaneuver"],"picked":"Reflex","floor":13},{"not_picked":["Setup","Die Die Die","PiercingWail"],"picked":"SKIP","floor":14},{"not_picked":["Wraith Form v2","Night Terror"],"picked":"After Image","floor":16},{"not_picked":["Riddle With Holes","Reflex","Bane"],"picked":"SKIP","floor":18},{"not_picked":["Leg Sweep+1","Bane","PiercingWail"],"picked":"SKIP","floor":20},{"not_picked":["Slice+1","Underhanded Strike"],"picked":"Backflip","floor":21},{"not_picked":["Catalyst","Accuracy","Expertise"],"picked":"SKIP","floor":23},{"not_picked":["Deadly Poison","Calculated Gamble"],"picked":"Well Laid Plans","floor":27},{"not_picked":["Outmaneuver","Accuracy","Backflip+1"],"picked":"SKIP","floor":28},{"not_picked":["Blade Dance","Eviscerate"],"picked":"Blur","floor":29},{"not_picked":["Leg Sweep","Bane","Acrobatics"],"picked":"SKIP","floor":30},{"not_picked":["infinitespire:Execution","hubris:Fate"],"picked":"infinitespire:Fortify","floor":31},{"not_picked":["Bane+1","Riddle With Holes"],"picked":"Caltrops+1","floor":35},{"not_picked":["Sucker Punch","Slice+1","Deadly Poison"],"picked":"SKIP","floor":37},{"not_picked":["Catalyst","PiercingWail","Eviscerate"],"picked":"SKIP","floor":40},{"not_picked":["Prepared","Dagger Throw","Blade Dance"],"picked":"SKIP","floor":41},{"not_picked":["Endless Agony+1","Blade Dance","PiercingWail"],"picked":"SKIP","floor":42},{"not_picked":["Endless Agony+1","PiercingWail","Acrobatics"],"picked":"SKIP","floor":45},{"not_picked":["Corpse Explosion","Reflex","Distraction"],"picked":"SKIP","floor":47},{"not_picked":["Prepared","Choke","Outmaneuver"],"picked":"SKIP","floor":48},{"not_picked":["Prepared+1","Choke","PiercingWail"],"picked":"SKIP","floor":55}],"player_experience":879405,"relics_obtained":[{"floor":6,"key":"Eternal Feather"},{"floor":8,"key":"Potion Belt"},{"floor":9,"key":"Whetstone"},{"floor":11,"key":"hubris:OldNail"},{"floor":13,"key":"Nunchaku"},{"floor":22,"key":"Omamori"},{"floor":23,"key":"Tiny Chest"},{"floor":27,"key":"Happy Flower"},{"floor":30,"key":"infinitespire:WardingShard"},{"floor":40,"key":"hubris:BottledRain"},{"floor":43,"key":"Orichalcum"},{"floor":47,"key":"Unceasing Top"},{"floor":55,"key":"Ornamental Fan"}],"event_choices":[{"damage_healed":59,"gold_gain":0,"player_choice":"Upgrade","damage_taken":19,"max_hp_gain":0,"max_hp_loss":63,"event_name":"betterThird:BetterShining","floor":2,"gold_loss":0,"cards_upgraded":["Prepared","Acrobatics"]},{"damage_healed":0,"gold_gain":75,"player_choice":"Gold","damage_taken":11,"max_hp_gain":0,"max_hp_loss":0,"event_name":"betterThird:BetterGoop","floor":4,"gold_loss":0},{"damage_healed":0,"gold_gain":0,"player_choice":"Searched \u00272\u0027 times","damage_taken":0,"max_hp_gain":0,"max_hp_loss":0,"event_name":"Dead Adventurer","floor":11,"gold_loss":0},{"damage_healed":0,"gold_gain":450,"player_choice":"GOLD GOLD GOLD GOLD GOLD ","damage_taken":46,"max_hp_gain":0,"max_hp_loss":0,"event_name":"Knowing Skull","floor":19,"potions_obtained":[],"gold_loss":0,"cards_obtained":[]},{"damage_healed":0,"gold_gain":0,"player_choice":"Became a vampire","damage_taken":0,"max_hp_gain":0,"max_hp_loss":21,"event_name":"Vampires","floor":25,"gold_loss":0,"cards_obtained":["Bite","Bite","Bite","Bite","Bite"]},{"cards_removed":["Defend_G"],"damage_healed":0,"gold_gain":0,"player_choice":"Purged","damage_taken":0,"max_hp_gain":0,"max_hp_loss":0,"event_name":"Purifier","floor":38,"gold_loss":0}],"is_beta":false,"boss_relics":[{"not_picked":["Calling Bell","Sozu"],"picked":"infinitespire:Cupcake"},{"not_picked":["Philosopher\u0027s Stone","WristBlade"],"picked":"Empty Cage"}],"items_purged_floors":[0,0,0,0,0,12,36,39,54],"is_endless":false,"potions_floor_spawned":[1,6,11,16,18,21,28,33,35,37,48],"ascension_level":20}}