{"host":"0msxzbajcl1c78mb","time":1607479772,"event":{"gold_per_floor":[119,44,44,44,69,69,108,133,133,167,19,19,49,71,71,201,201,224,233,283,306,306,306,306],"floor_reached":23,"playtime":885,"items_purged":["Strike_R"],"score":280,"play_id":"cc7a810b-a69a-4997-b77e-e951c9ee75b3","local_time":"20201208210932","is_ascension_mode":true,"campfire_choices":[{"data":"Uppercut","floor":6,"key":"SMITH"},{"data":"Carnage","floor":12,"key":"SMITH"},{"data":"Juggernaut","floor":15,"key":"SMITH"}],"neow_cost":"NONE","seed_source_timestamp":462119227132000,"circlet_count":0,"master_deck":["Strike_R+1","Strike_R+1","Strike_R+1","Defend_R+1","Defend_R+1","Defend_R+1","Defend_R+1","Bash","Uppercut+1","Battle Trance","Carnage+1","Pommel Strike","Headbutt+1","Rampage+1","Juggernaut+1","Feed+1","Warcry+1","RitualDagger+1"],"relics":["Black Blood","NeowsBlessing","Golden Idol","Shuriken","Boot","Molten Egg 2","CeramicFish"],"potions_floor_usage":[10,21,21,23,23,23],"damage_taken":[{"damage":0,"enemies":"Jaw Worm","floor":1,"turns":1},{"damage":0,"enemies":"2 Louse","floor":5,"turns":1},{"damage":0,"enemies":"Lagavulin","floor":7,"turns":1},{"damage":0,"enemies":"Cultist","floor":8,"turns":2},{"damage":6,"enemies":"Gremlin Nob","floor":10,"turns":3},{"damage":3,"enemies":"3 Louse","floor":13,"turns":3},{"damage":6,"enemies":"Looter","floor":14,"turns":2},{"damage":26,"enemies":"Slime Boss","floor":16,"turns":7},{"damage":10,"enemies":"Chosen","floor":18,"turns":4},{"damage":27,"enemies":"Spheric Guardian","floor":21,"turns":4},{"damage":81,"enemies":"Book of Stabbing","floor":23,"turns":6}],"seed_played":"-917226194913708472","potions_obtained":[{"floor":5,"key":"FearPotion"},{"floor":7,"key":"EntropicBrew"},{"floor":18,"key":"LiquidMemories"}],"is_trial":false,"path_per_floor":["M","$","?","?","M","R","E","M","T","E","$","R","M","M","R","B",null,"M","?","?","M","?","E"],"character_chosen":"IRONCLAD","items_purchased":["CeramicFish"],"campfire_rested":0,"item_purchase_floors":[11],"current_hp_per_floor":[80,80,60,53,59,59,65,71,71,71,71,71,74,74,74,54,74,76,70,70,59,59,0,0],"gold":306,"neow_bonus":"THREE_ENEMY_KILL","is_prod":false,"is_daily":false,"chose_seed":false,"campfire_upgraded":3,"win_rate":0,"timestamp":1607479772,"path_taken":["M","$","?","?","M","R","E","M","T","E","?","R","?","M","R","BOSS","M","?","?","?","?","E"],"build_version":"2020-11-30","purchased_purges":1,"victory":false,"max_hp_per_floor":[80,80,80,80,80,80,80,80,80,80,80,80,80,80,80,80,80,80,80,80,84,84,84,84],"relic_stats":{"counters":[11,34],"Golden Idol":64,"Shuriken":[4],"CeramicFish":45,"Black Blood":66,"Boot":[0],"obtain_stats":[{"NeowsBlessing":0,"Golden Idol":3,"Shuriken":7,"CeramicFish":11,"Black Blood":17,"Molten Egg 2":10,"Boot":9,"Burning Blood":0},{"NeowsBlessing":0,"Golden Idol":1,"Shuriken":3,"CeramicFish":5,"Black Blood":8,"Molten Egg 2":5,"Boot":4,"Burning Blood":0},{"NeowsBlessing":0,"Golden Idol":1,"Shuriken":3,"CeramicFish":8,"Black Blood":20,"Molten Egg 2":8,"Boot":5,"Burning Blood":0}]},"card_choices":[{"not_picked":["True Grit","Warcry"],"picked":"Uppercut","floor":1},{"not_picked":["Iron Wave","Pommel Strike"],"picked":"Battle Trance","floor":5},{"not_picked":["Reckless Charge","Wild Strike"],"picked":"Carnage","floor":7},{"not_picked":["Power Through","Second Wind"],"picked":"Pommel Strike","floor":8},{"not_picked":["Anger+1","Sword Boomerang+1"],"picked":"Headbutt+1","floor":10},{"not_picked":["Fire Breathing","Sentinel"],"picked":"Rampage+1","floor":13},{"not_picked":["Sword Boomerang+1","Thunderclap+1"],"picked":"Juggernaut","floor":14},{"not_picked":["Fiend Fire+1","Reaper+1"],"picked":"Feed+1","floor":16},{"not_picked":["Armaments","Body Slam+1"],"picked":"Warcry+1","floor":18},{"not_picked":["Sentinel","Sword Boomerang+1","Flex"],"picked":"SKIP","floor":21}],"player_experience":219620,"relics_obtained":[{"floor":7,"key":"Shuriken"},{"floor":9,"key":"Boot"},{"floor":10,"key":"Molten Egg 2"}],"event_choices":[{"damage_healed":0,"gold_gain":0,"player_choice":"Take Damage","damage_taken":20,"relics_obtained":["Golden Idol"],"max_hp_gain":0,"max_hp_loss":0,"event_name":"Golden Idol","floor":3,"gold_loss":0},{"cards_removed":["Strike_R"],"damage_healed":0,"gold_gain":0,"player_choice":"Card Removal","damage_taken":7,"max_hp_gain":0,"max_hp_loss":0,"event_name":"Golden Wing","floor":4,"gold_loss":0},{"damage_healed":0,"gold_gain":0,"player_choice":"Joined the Cult","damage_taken":6,"max_hp_gain":0,"max_hp_loss":0,"event_name":"Nest","floor":19,"gold_loss":0,"cards_obtained":["RitualDagger"]},{"damage_healed":0,"gold_gain":100,"player_choice":"Bet on Murderer","damage_taken":0,"max_hp_gain":0,"max_hp_loss":0,"event_name":"The Joust","floor":20,"gold_loss":50},{"damage_healed":0,"gold_gain":0,"player_choice":"Simplicity","damage_taken":0,"max_hp_gain":0,"max_hp_loss":0,"event_name":"Back to Basics","floor":22,"gold_loss":0,"cards_upgraded":["Strike_R","Strike_R","Strike_R","Defend_R","Defend_R","Defend_R","Defend_R"]}],"is_beta":false,"boss_relics":[{"not_picked":["Runic Dome","Ectoplasm"],"picked":"Black Blood"}],"items_purged_floors":[2],"is_endless":false,"potions_floor_spawned":[5,7,18],"killed_by":"Book of Stabbing","ascension_level":5}}