{"host":"v61y49w0gfbpn8p8","time":1607504525,"event":{"gold_per_floor":[116,134,149,149,160,160,186,204,204,204,217,317,317,330,330,430,430,449,499,499,516,527,556,571,571,625,22,36,64,75,88,88,189,189,203,219,219,33,53,81,81,98,98,111,111,122,122,122],"floor_reached":47,"playtime":19571,"items_purged":["Strike_P","Wraith"],"score":530,"play_id":"7370eb09-ea20-43e4-bd6b-ed6f02307f39","local_time":"20201209170205","is_ascension_mode":false,"campfire_choices":[{"floor":6.0,"key":"REST"},{"floor":10.0,"key":"REST"},{"floor":13.0,"key":"REST"},{"floor":25.0,"key":"REST"},{"floor":32.0,"key":"REST"},{"floor":41,"key":"REST"}],"neow_cost":"NONE","seed_source_timestamp":0,"circlet_count":0,"master_deck":["Strike_P+1","Strike_P+1","Strike_P","Defend_P+1","Defend_P","Defend_P+1","Defend_P+1","Eruption+1","Vigilance+1","LessonLearned+1","Meditate","Wallop+1","Replay:AtTheReady+1","FlurryOfBlows+1","JustLucky+1","Replay:LoomingThreat+1","Replay:Anticipation","BowlingBash+1","Brilliance","Protect+1","Replay:Fractal Strike","Vault+1","ThirdEye+1","Replay:Hum+1","CarveReality+1","Crescendo+1","Panacea","ConjureBlade","Judgement","Halt","FearNoEvil","Blasphemy","Evaluate+1","Replay:Cycle+1","Deep Breath","Parasite","Replay:Anticipation+1","Weave","FlyingSleeves+1","ClearTheMind+1","MasterReality"],"special_seed":0,"relics":["PureWater","Mummified Hand","Ancient Tea Set","construct:ClawGrip","Iron Hammer","Centennial Puzzle","ReplayFunnel","infinitespire:CheckeredPen","Counterbalance","VioletLotus","Replay:Kaleidoscope","infinitespire:Broken Mirror","hubris:Towel"],"potions_floor_usage":[40,40,44,47],"damage_taken":[{"damage":2.0,"enemies":"2 Louse","floor":1.0,"turns":3.0},{"damage":6.0,"enemies":"Jaw Worm","floor":2.0,"turns":3.0},{"damage":6.0,"enemies":"Cultist","floor":3.0,"turns":5.0},{"damage":5.0,"enemies":"Lots of Slimes","floor":5.0,"turns":3.0},{"damage":29.0,"enemies":"Lagavulin","floor":7.0,"turns":9.0},{"damage":14.0,"enemies":"3 Louse","floor":8.0,"turns":4.0},{"damage":2.0,"enemies":"Large Slime","floor":11.0,"turns":4.0},{"damage":9.0,"enemies":"Looter","floor":14.0,"turns":4.0},{"damage":52.0,"enemies":"The Guardian","floor":16.0,"turns":15.0},{"damage":2.0,"enemies":"Spheric Guardian","floor":18.0,"turns":3.0},{"damage":0.0,"enemies":"2 Thieves","floor":21.0,"turns":5.0},{"damage":1.0,"enemies":"3 Cultists","floor":22.0,"turns":5.0},{"damage":10.0,"enemies":"Gremlin Leader","floor":23.0,"turns":6.0},{"damage":2.0,"enemies":"Cultist and Chosen","floor":24.0,"turns":6.0},{"damage":0.0,"enemies":"Snake Plant","floor":28.0,"turns":2.0},{"damage":5.0,"enemies":"Slavers","floor":29.0,"turns":7.0},{"damage":6.0,"enemies":"Snecko","floor":30.0,"turns":5.0},{"damage":15.0,"enemies":"Shelled Parasite and Fungi","floor":31.0,"turns":4.0},{"damage":48.0,"enemies":"hubris:MusketHawk","floor":33.0,"turns":11.0},{"damage":7.0,"enemies":"3 Shapes","floor":35.0,"turns":3.0},{"damage":0.0,"enemies":"Orb Walker","floor":36.0,"turns":3.0},{"damage":0,"enemies":"Writhing Mass","floor":39,"turns":7},{"damage":43,"enemies":"Reptomancer","floor":40,"turns":9},{"damage":24,"enemies":"Jaw Worm Horde","floor":42,"turns":7},{"damage":8,"enemies":"Sphere and 2 Shapes","floor":44,"turns":2},{"damage":0,"enemies":"Maw","floor":46,"turns":8},{"damage":100005,"enemies":"Nightmare","floor":47,"turns":3}],"seed_played":"-964052078645519858","potions_obtained":[{"floor":1.0,"key":"Explosive Potion"},{"floor":5.0,"key":"Cursed Concoction"},{"floor":15.0,"key":"Milkshake"},{"floor":15.0,"key":"BottledMiracle"},{"floor":16.0,"key":"ColorlessPotion"},{"floor":22.0,"key":"GamblersBrew"},{"floor":24.0,"key":"Fire Potion"},{"floor":31.0,"key":"Block Potion"},{"floor":39,"key":"Toxic Potion"},{"floor":42,"key":"LiquidBronze"},{"floor":46,"key":"SteroidPotion"}],"is_trial":false,"path_per_floor":["M","M","M","?","M","R","E","M","T","R","M","?","R","M","R_BF","B",null,"M","?","AVR","M","M","E","M","R","T","$","M","E","M","M","R","B",null,"M","M","?","$","M","E","R","M","T","M","?","M","NM"],"character_chosen":"WATCHER","items_purchased":["Crescendo+1","Panacea","infinitespire:CheckeredPen","ConjureBlade","Deep Breath"],"campfire_rested":6,"item_purchase_floors":[27,27,27,27,38],"current_hp_per_floor":[70,64,58,58,53,72,43,29,29,50,48,48,69,60,60,8,72,70,70,70,70,69,59,57,72,72,72,72,67,61,46,67,19,72,65,65,65,65,65,22,43,19,19,11,11,11,0,0],"gold":122,"neow_bonus":"ONE_RANDOM_RARE_CARD","is_prod":false,"is_daily":false,"chose_seed":false,"campfire_upgraded":0,"win_rate":0.0,"timestamp":1607504525,"path_taken":["M","M","M","?","M","R","E","M","T","R","M","?","R","M","R_BF","BOSS","M","?","AVR","M","M","E","M","R","T","$","M","E","?","M","R","BOSS","M","M","?","$","M","E","R","M","T","M","?","M","NM"],"build_version":"2020-11-30","purchased_purges":2,"victory":false,"max_hp_per_floor":[72,72,72,72,72,72,72,72,72,72,72,72,72,72,72,72,72,72,72,72,72,72,72,72,72,72,72,72,72,72,72,72,72,72,72,72,72,72,72,72,72,72,72,72,72,72,72,72],"card_choices":[{"not_picked":["PathToVictory","WheelKick"],"picked":"Meditate","floor":1.0},{"not_picked":["Evaluate","CrushJoints"],"picked":"Wallop","floor":2.0},{"not_picked":["Replay:Vibes","Indignation"],"picked":"Replay:AtTheReady","floor":3.0},{"not_picked":["EmptyBody","Replay:AtTheReady"],"picked":"JustLucky","floor":5.0},{"not_picked":["SandsOfTime","Replay:DivineShield"],"picked":"Replay:LoomingThreat","floor":7.0},{"not_picked":["InnerPeace","EmptyBody","FlyingSleeves"],"picked":"SKIP","floor":8.0},{"not_picked":["JustLucky","FlyingSleeves"],"picked":"Replay:Anticipation","floor":11.0},{"not_picked":["FollowUp","SandsOfTime"],"picked":"BowlingBash","floor":14.0},{"not_picked":["Replay:LoomingThreat","ConjureBlade"],"picked":"Brilliance","floor":16.0},{"not_picked":["SashWhip","BowlingBash"],"picked":"Protect+1","floor":18.0},{"not_picked":["Conclude","Evaluate"],"picked":"Vault","floor":21.0},{"not_picked":["CutThroughFate","LikeWater"],"picked":"ThirdEye+1","floor":22.0},{"not_picked":["Crescendo","WaveOfTheHand"],"picked":"Replay:Hum+1","floor":23.0},{"not_picked":["PathToVictory+1","FlyingSleeves"],"picked":"CarveReality","floor":24.0},{"not_picked":["EmptyFist","WaveOfTheHand+1","JustLucky"],"picked":"SKIP","floor":28.0},{"not_picked":["Vengeance+1","Pray"],"picked":"Judgement","floor":29.0},{"not_picked":["FollowUp+1","Worship"],"picked":"Halt","floor":30.0},{"not_picked":["Wallop","EmptyFist"],"picked":"FearNoEvil","floor":31.0},{"not_picked":["ConjureBlade","MasterReality"],"picked":"Blasphemy","floor":33.0},{"not_picked":["CrushJoints+1","Consecrate+1"],"picked":"Evaluate+1","floor":35.0},{"not_picked":["Perseverance+1","Consecrate+1"],"picked":"Replay:Cycle+1","floor":36.0},{"not_picked":["Sanctity+1","ClearTheMind"],"picked":"Replay:Anticipation+1","floor":39},{"not_picked":["Perseverance+1","PathToVictory+1"],"picked":"Weave","floor":40},{"not_picked":["CrushJoints+1","ThirdEye+1"],"picked":"FlyingSleeves+1","floor":42},{"not_picked":["Protect","WheelKick+1"],"picked":"ClearTheMind+1","floor":44},{"not_picked":["Replay:ManipulateFuture","FlyingSleeves"],"picked":"MasterReality","floor":46}],"player_experience":101141,"relics_obtained":[{"floor":7.0,"key":"Mummified Hand"},{"floor":9.0,"key":"Ancient Tea Set"},{"floor":23.0,"key":"Centennial Puzzle"},{"floor":26.0,"key":"ReplayFunnel"},{"floor":29.0,"key":"Counterbalance"},{"floor":40,"key":"Replay:Kaleidoscope"},{"floor":43,"key":"infinitespire:Broken Mirror"}],"event_choices":[{"damage_healed":0.0,"max_hp_gain":0.0,"max_hp_loss":0.0,"gold_gain":100.0,"event_name":"Golden Shrine","player_choice":"Pray","floor":12.0,"gold_loss":0.0,"damage_taken":0.0},{"damage_healed":0.0,"max_hp_gain":0.0,"max_hp_loss":0.0,"gold_gain":100.0,"event_name":"The Joust","player_choice":"Bet on Murderer","floor":19.0,"gold_loss":50.0,"damage_taken":0.0},{"damage_healed":0,"gold_gain":0,"player_choice":"Ignored","damage_taken":0,"max_hp_gain":0,"max_hp_loss":0,"event_name":"OrinTheCat","floor":37,"gold_loss":0}],"is_beta":false,"boss_relics":[{"not_picked":["Runic Pyramid","Replay:Ancient Bell"],"picked":"construct:ClawGrip"},{"not_picked":["ChewingGum","Abe\u0027s Treasure"],"picked":"VioletLotus"}],"items_purged_floors":[27,38],"is_endless":false,"potions_floor_spawned":[1,5,16,22,24,31,39,42,46],"killed_by":"Nightmare","ascension_level":0}}