{"host":"ci7ivtocgfxh0ueo","time":1607515787,"event":{"gold_per_floor":[109,109,14,14,58,58,58,58,82,141,141,141,141],"floor_reached":12,"playtime":222,"items_purged":[],"score":132,"play_id":"ef168234-6cbe-4474-8ba6-1b4cdd4cfbb3","local_time":"20201209200947","is_ascension_mode":true,"campfire_choices":[{"data":"HandOfGreed","floor":7,"key":"SMITH"},{"data":"Loop","floor":11,"key":"SMITH"}],"neow_cost":"CURSE","seed_source_timestamp":91633426944500,"circlet_count":0,"master_deck":["AscendersBane","Strike_B","Strike_B","Strike_B","Strike_B","Defend_B","Defend_B","Defend_B","Defend_B","Zap","Dualcast","HandOfGreed+1","Ball Lightning","Loop+1","Go for the Eyes","Redo"],"relics":["Cracked Core","Spirit Poop","Golden Idol","Akabeko","Bottled Tornado"],"potions_floor_usage":[12],"damage_taken":[{"damage":12,"enemies":"Jaw Worm","floor":1,"turns":2},{"damage":0,"enemies":"Cultist","floor":5,"turns":3},{"damage":35,"enemies":"3 Sentries","floor":10,"turns":6},{"damage":20,"enemies":"Lagavulin","floor":12,"turns":4}],"seed_played":"-25897894673907036","potions_obtained":[{"floor":1,"key":"PotionOfCapacity"}],"is_trial":false,"path_per_floor":["M","?","$","?","M","?","R","$","T","E","R","E"],"character_chosen":"DEFECT","items_purchased":["Loop","PowerPotion"],"campfire_rested":0,"item_purchase_floors":[3,3],"current_hp_per_floor":[52,52,52,28,28,51,51,51,51,16,16,0,0],"gold":141,"neow_bonus":"RANDOM_COLORLESS_2","is_prod":false,"is_daily":false,"chose_seed":false,"campfire_upgraded":2,"win_rate":0,"timestamp":1607515787,"path_taken":["M","?","?","?","M","?","R","$","T","E","R","E"],"build_version":"2020-11-30","purchased_purges":0,"victory":false,"max_hp_per_floor":[71,71,71,71,71,71,71,71,71,71,71,71,71],"card_choices":[{"not_picked":["Secret Technique","Secret Weapon"],"picked":"HandOfGreed","floor":0},{"not_picked":["Gash","Capacitor"],"picked":"Ball Lightning","floor":1},{"not_picked":["Steam Power","Sweeping Beam"],"picked":"Go for the Eyes","floor":5},{"not_picked":["Beam Cell","Consume"],"picked":"Redo","floor":10}],"player_experience":1240680,"relics_obtained":[{"floor":9,"key":"Akabeko"},{"floor":10,"key":"Bottled Tornado"}],"event_choices":[{"cards_removed":["Normality"],"damage_healed":0,"gold_gain":0,"player_choice":"Offered Curse","damage_taken":0,"relics_obtained":["Spirit Poop"],"max_hp_gain":0,"max_hp_loss":0,"event_name":"Bonfire Elementals","floor":2,"gold_loss":0},{"damage_healed":0,"gold_gain":0,"player_choice":"Take Damage","damage_taken":24,"relics_obtained":["Golden Idol"],"max_hp_gain":0,"max_hp_loss":0,"event_name":"Golden Idol","floor":4,"gold_loss":0},{"damage_healed":23,"gold_gain":0,"player_choice":"Banana","damage_taken":0,"max_hp_gain":0,"max_hp_loss":0,"event_name":"Big Fish","floor":6,"gold_loss":0}],"is_beta":false,"boss_relics":[],"items_purged_floors":[],"is_endless":false,"potions_floor_spawned":[1],"killed_by":"Lagavulin","ascension_level":16}}