{"host":"qm4rv4rkpk76sbxu","time":1607541122,"event":{"gold_per_floor":[117,117,42,42,52,52,77,77,156,190,190,218,236,268,268,341,341,361,361,39,39,56,56,89,89,89,139,64,96,110,9,9,88,88,102,114,134,185,185,212,224,224,251,119,453,453,483,493,493,493,493,493,493,45,76,76],"floor_reached":57,"playtime":10798,"items_purged":["Normality","Strike_G","Strike_G"],"score":3529,"play_id":"0f62f1e1-619a-4b5f-847d-47ec9a547eef","local_time":"20201209201202","is_ascension_mode":true,"campfire_choices":[{"data":"All Out Attack","floor":6.0,"key":"SMITH"},{"data":"Tools of the Trade","floor":8.0,"key":"SMITH"},{"data":"Cloak And Dagger","floor":11.0,"key":"SMITH"},{"data":"Burst","floor":15.0,"key":"SMITH"},{"data":"Well Laid Plans","floor":23.0,"key":"SMITH"},{"data":"Adrenaline","floor":25.0,"key":"SMITH"},{"data":"Neutralize","floor":32.0,"key":"SMITH"},{"floor":49.0,"key":"RECALL"},{"data":"1","floor":53,"key":"LIFT"}],"neow_cost":"CURSE","seed_source_timestamp":0,"circlet_count":0,"master_deck":["AscendersBane","Strike_G","Defend_G","Defend_G","Defend_G+1","Defend_G","Defend_G","Survivor","Neutralize+1","Tools of the Trade+1","Poisoned Stab+1","Cloak And Dagger+1","All Out Attack+1","Adrenaline+1","Burst+1","Backflip+1","Dodge and Roll+1","Adrenaline+1","Blur+1","Tactician+1","Well Laid Plans+1","Phantasmal Killer+1","Leg Sweep+1","Terror+1","Malaise+1","Blade Dance+1","Footwork+1","PiercingWail+1","Tactician+1","Madness+1","Dark Shackles+1","Purity+1","Reflex+1","Backflip+1","Good Instincts+1","Catalyst+1","Well Laid Plans","Heel Hook","After Image","Acrobatics+1","Venomology+1","Accuracy","Concentrate+1"],"special_seed":0,"relics":["Ring of the Snake","White Beast Statue","HornCleat","Thread and Needle","Letter Opener","Toxic Egg 2","SacredBark","Membership Card","Happy Flower","Bronze Scales","Nunchaku","Dead Branch","Eternal Feather","Pen Nib","Black Star","CaptainsWheel","Girya","War Paint","Ancient Tea Set","Frozen Eye","Gambling Chip","Old Coin","Ice Cream","Mercury Hourglass","Shuriken","Orrery","Pear","Calipers"],"potions_floor_usage":[55,56,56,56],"damage_taken":[{"damage":2.0,"enemies":"Jaw Worm","floor":1.0,"turns":7.0},{"damage":4.0,"enemies":"Small Slimes","floor":5.0,"turns":5.0},{"damage":17.0,"enemies":"3 Sentries","floor":7.0,"turns":11.0},{"damage":14.0,"enemies":"Lagavulin","floor":10.0,"turns":6.0},{"damage":0.0,"enemies":"3 Sentries","floor":12.0,"turns":6.0},{"damage":0.0,"enemies":"Cultist","floor":13.0,"turns":3.0},{"damage":0.0,"enemies":"Lagavulin","floor":14.0,"turns":5.0},{"damage":6.0,"enemies":"Slime Boss","floor":16.0,"turns":9.0},{"damage":0.0,"enemies":"2 Thieves","floor":18.0,"turns":3.0},{"damage":0.0,"enemies":"Chosen","floor":22.0,"turns":5.0},{"damage":0.0,"enemies":"Slavers","floor":24.0,"turns":5.0},{"damage":0.0,"enemies":"Book of Stabbing","floor":29.0,"turns":2.0},{"damage":0.0,"enemies":"Centurion and Healer","floor":30.0,"turns":3.0},{"damage":0.0,"enemies":"Automaton","floor":33.0,"turns":4.0},{"damage":0.0,"enemies":"Orb Walker","floor":35.0,"turns":3.0},{"damage":0.0,"enemies":"3 Shapes","floor":36.0,"turns":6.0},{"damage":0.0,"enemies":"Writhing Mass","floor":37.0,"turns":4.0},{"damage":0.0,"enemies":"2 Orb Walkers","floor":38.0,"turns":2.0},{"damage":0.0,"enemies":"Reptomancer","floor":40.0,"turns":4.0},{"damage":0.0,"enemies":"4 Shapes","floor":41.0,"turns":3.0},{"damage":0.0,"enemies":"Nemesis","floor":45.0,"turns":8.0},{"damage":0.0,"enemies":"Giant Head","floor":47.0,"turns":4.0},{"damage":0.0,"enemies":"3 Darklings","floor":48.0,"turns":2.0},{"damage":0.0,"enemies":"Donu and Deca","floor":50.0,"turns":9.0},{"damage":44,"enemies":"Awakened One","floor":51,"turns":13},{"damage":0,"enemies":"Shield and Spear","floor":55,"turns":5},{"damage":18,"enemies":"The Heart","floor":56,"turns":9}],"seed_played":"-8279735958389712497","potions_obtained":[{"floor":10.0,"key":"SkillPotion"},{"floor":12.0,"key":"ColorlessPotion"},{"floor":13.0,"key":"FairyPotion"},{"floor":14.0,"key":"Strength Potion"},{"floor":16.0,"key":"Strength Potion"},{"floor":18.0,"key":"SteroidPotion"},{"floor":24.0,"key":"SteroidPotion"},{"floor":29.0,"key":"Fire Potion"},{"floor":30.0,"key":"EntropicBrew"},{"floor":33.0,"key":"Swift Potion"},{"floor":35.0,"key":"CultistPotion"},{"floor":40.0,"key":"Fruit Juice"},{"floor":41.0,"key":"EssenceOfSteel"},{"floor":47.0,"key":"LiquidBronze"},{"floor":55,"key":"Ancient Potion"}],"is_trial":false,"path_per_floor":["M","?","$","?","M","R","E","R","T","E","R","E","M","E","R","B",null,"M","?","$","?","M","R","E","R","T","?","?","E","M","$","R","B",null,"M","M","M","?","T","E","M","?","T","$","E","?","E","M","R","B","B",null,"R","$","E","B",null],"character_chosen":"THE_SILENT","items_purchased":["Membership Card","Happy Flower","Bronze Scales","Pen Nib","Terror+1","Frozen Eye","Shuriken","Good Instincts+1","Catalyst+1","Well Laid Plans","Heel Hook","Orrery"],"campfire_rested":0,"item_purchase_floors":[20,20,20,31,31,44,54,54,54,54,54,54],"current_hp_per_floor":[57,57,57,57,53,53,36,36,36,22,22,22,22,22,22,16,54,54,54,54,54,54,54,54,54,54,54,54,54,54,54,66,66,66,66,66,66,66,66,66,76,66,66,66,66,66,66,66,76,76,32,65,76,76,86,68],"gold":76,"neow_bonus":"THREE_RARE_CARDS","is_prod":false,"is_daily":false,"chose_seed":false,"campfire_upgraded":7,"win_rate":0,"timestamp":1607541122,"path_taken":["M","?","$","?","M","R","E","R","T","E","R","E","M","E","R","BOSS","M","?","$","?","M","R","E","R","T","?","?","E","M","?","R","BOSS","M","M","M","?","?","E","M","?","T","$","E","?","E","M","R","BOSS","BOSS","R","$","E","BOSS"],"build_version":"2020-11-30","purchased_purges":3,"victory":true,"max_hp_per_floor":[66,66,66,66,66,66,66,66,66,66,66,66,66,66,66,66,66,66,66,66,66,66,66,66,66,66,66,66,66,66,66,66,66,66,66,66,66,66,66,66,76,76,76,76,76,76,76,76,76,76,76,76,76,76,86,86],"relic_stats":{"Happy Flower":[30],"counters":[27,146],"Dead Branch":[270],"Eternal Feather":33,"Pen Nib":[21],"Letter Opener":[861],"War Paint":["Defend_G","Backflip"],"Mercury Hourglass":[129],"Nunchaku":[23],"Shuriken":[6],"Bronze Scales":[362],"Gambling Chip":[25],"Black Star":4,"obtain_stats":[{"Ice Cream":47,"Calipers":55,"SacredBark":17,"Ancient Tea Set":43,"Old Coin":45,"Frozen Eye":44,"Nunchaku":24,"HornCleat":9,"Gambling Chip":45,"Toxic Egg 2":14,"Ring of the Snake":0,"Girya":40,"Pear":55,"Happy Flower":20,"Dead Branch":26,"Thread and Needle":10,"Eternal Feather":29,"Pen Nib":31,"Letter Opener":12,"War Paint":40,"White Beast Statue":7,"Mercury Hourglass":47,"CaptainsWheel":38,"Shuriken":54,"Bronze Scales":20,"Orrery":54,"Black Star":34,"Membership Card":20},{"Ice Cream":22,"Calipers":26,"SacredBark":8,"Ancient Tea Set":20,"Old Coin":21,"Frozen Eye":20,"Nunchaku":11,"HornCleat":3,"Gambling Chip":21,"Toxic Egg 2":7,"Ring of the Snake":0,"Girya":19,"Pear":26,"Happy Flower":9,"Dead Branch":11,"Thread and Needle":4,"Eternal Feather":12,"Pen Nib":13,"Letter Opener":5,"War Paint":19,"White Beast Statue":3,"Mercury Hourglass":22,"CaptainsWheel":18,"Shuriken":25,"Bronze Scales":9,"Orrery":25,"Black Star":14,"Membership Card":9},{"Ice Cream":108,"Calipers":137,"SacredBark":52,"Ancient Tea Set":96,"Old Coin":104,"Frozen Eye":96,"Nunchaku":65,"HornCleat":23,"Gambling Chip":104,"Toxic Egg 2":43,"Ring of the Snake":0,"Girya":93,"Pear":137,"Happy Flower":55,"Dead Branch":65,"Thread and Needle":29,"Eternal Feather":67,"Pen Nib":70,"Letter Opener":35,"War Paint":93,"White Beast Statue":23,"Mercury Hourglass":108,"CaptainsWheel":89,"Shuriken":132,"Bronze Scales":55,"Orrery":132,"Black Star":74,"Membership Card":55}],"Ring of the Snake":[54]},"card_choices":[{"not_picked":["Bullet Time","Burst"],"picked":"Tools of the Trade","floor":0.0},{"not_picked":["Dodge and Roll","Bane"],"picked":"Poisoned Stab","floor":1.0},{"not_picked":["Escape Plan","Caltrops"],"picked":"All Out Attack","floor":5.0},{"not_picked":["Underhanded Strike","Setup","Quick Slash"],"picked":"SKIP","floor":7.0},{"not_picked":["Dagger Throw","Reflex"],"picked":"Adrenaline","floor":10.0},{"not_picked":["Acrobatics","Dagger Throw"],"picked":"Burst","floor":12.0},{"not_picked":["Quick Slash","Dagger Throw"],"picked":"Backflip","floor":13.0},{"not_picked":["Calculated Gamble+1","Outmaneuver+1"],"picked":"Dodge and Roll+1","floor":14.0},{"not_picked":["Bullet Time+1","Burst+1"],"picked":"Adrenaline+1","floor":16.0},{"not_picked":["Infinite Blades+1","Underhanded Strike"],"picked":"Blur+1","floor":18.0},{"not_picked":["Dodge and Roll+1","Blade Dance+1"],"picked":"Well Laid Plans","floor":22.0},{"not_picked":["Poisoned Stab","Well Laid Plans"],"picked":"Phantasmal Killer+1","floor":24.0},{"not_picked":["Deflect+1","Footwork"],"picked":"Leg Sweep+1","floor":29.0},{"not_picked":["Caltrops","Underhanded Strike+1","Dash"],"picked":"SKIP","floor":30.0},{"not_picked":["Envenom","Unload"],"picked":"Malaise+1","floor":33.0},{"not_picked":["Flechettes","Deadly Poison+1"],"picked":"Blade Dance+1","floor":35.0},{"not_picked":["Flying Knee","Riddle With Holes+1"],"picked":"Footwork+1","floor":36.0},{"not_picked":["Deadly Poison+1","Backflip+1"],"picked":"PiercingWail+1","floor":37.0},{"not_picked":["Skewer","Outmaneuver+1"],"picked":"Tactician+1","floor":40.0},{"not_picked":["Eviscerate+1","PiercingWail+1","A Thousand Cuts"],"picked":"SKIP","floor":41.0},{"not_picked":["Blind+1","Deep Breath+1"],"picked":"Madness+1","floor":42.0},{"not_picked":["Metamorphosis+1","Magnetism"],"picked":"Dark Shackles+1","floor":42.0},{"not_picked":["Trip+1","PanicButton+1"],"picked":"Purity+1","floor":42.0},{"not_picked":["Dagger Throw","Backflip+1"],"picked":"Reflex+1","floor":45.0},{"not_picked":["Caltrops","Accuracy","Prepared+1"],"picked":"SKIP","floor":47.0},{"not_picked":["Sucker Punch","Dagger Spray"],"picked":"Backflip+1","floor":48.0},{"not_picked":["Catalyst+1","Prepared+1"],"picked":"After Image","floor":54},{"not_picked":["Dagger Spray+1","Expertise+1"],"picked":"Acrobatics+1","floor":54},{"not_picked":["PiercingWail+1","Blade Dance+1"],"picked":"Venomology+1","floor":54},{"not_picked":["Quick Slash","Endless Agony"],"picked":"Accuracy","floor":54},{"not_picked":["All Out Attack","Slice"],"picked":"Concentrate+1","floor":55}],"player_experience":1007654,"relics_obtained":[{"floor":7.0,"key":"White Beast Statue"},{"floor":9.0,"key":"HornCleat"},{"floor":10.0,"key":"Thread and Needle"},{"floor":12.0,"key":"Letter Opener"},{"floor":14.0,"key":"Toxic Egg 2"},{"floor":24.0,"key":"Nunchaku"},{"floor":26.0,"key":"Dead Branch"},{"floor":29.0,"key":"Eternal Feather"},{"floor":38.0,"key":"CaptainsWheel"},{"floor":40.0,"key":"Girya"},{"floor":40.0,"key":"War Paint"},{"floor":43.0,"key":"Ancient Tea Set"},{"floor":45.0,"key":"Gambling Chip"},{"floor":45.0,"key":"Old Coin"},{"floor":47.0,"key":"Ice Cream"},{"floor":47.0,"key":"Mercury Hourglass"},{"floor":55,"key":"Pear"},{"floor":55,"key":"Calipers"}],"event_choices":[{"damage_healed":0.0,"max_hp_gain":0.0,"max_hp_loss":0.0,"gold_gain":0.0,"cards_transformed":["Strike_G"],"event_name":"Living Wall","player_choice":"Change","floor":2.0,"gold_loss":0.0,"damage_taken":0.0,"cards_obtained":["Cloak And Dagger"]},{"damage_healed":0.0,"max_hp_gain":0.0,"max_hp_loss":0.0,"gold_gain":0.0,"event_name":"Upgrade Shrine","player_choice":"Upgraded","floor":4.0,"gold_loss":0.0,"damage_taken":0.0,"cards_upgraded":["Poisoned Stab"]},{"damage_healed":0.0,"max_hp_gain":0.0,"max_hp_loss":0.0,"gold_gain":0.0,"event_name":"Vampires","player_choice":"Ignored","floor":19.0,"gold_loss":0.0,"damage_taken":0.0},{"damage_healed":0.0,"max_hp_gain":0.0,"max_hp_loss":0.0,"gold_gain":0.0,"event_name":"The Library","player_choice":"Read","floor":21.0,"gold_loss":0.0,"damage_taken":0.0,"cards_obtained":["Tactician"]},{"damage_healed":0.0,"max_hp_gain":0.0,"max_hp_loss":0.0,"gold_gain":50.0,"event_name":"Nest","player_choice":"Stole From Cult","floor":27.0,"gold_loss":0.0,"damage_taken":0.0},{"cards_removed":["Strike_G"],"damage_healed":0.0,"max_hp_gain":0.0,"max_hp_loss":0.0,"gold_gain":0.0,"event_name":"Beggar","player_choice":"Gave Gold","floor":28.0,"gold_loss":75.0,"damage_taken":0.0},{"damage_healed":0.0,"max_hp_gain":0.0,"max_hp_loss":0.0,"gold_gain":0.0,"event_name":"Mysterious Sphere","player_choice":"Fight","floor":38.0,"gold_loss":0.0,"damage_taken":0.0},{"damage_healed":0.0,"max_hp_gain":0.0,"max_hp_loss":0.0,"gold_gain":0.0,"event_name":"SensoryStone","player_choice":"Memory 3","floor":42.0,"gold_loss":0.0,"damage_taken":10.0},{"damage_healed":0.0,"max_hp_gain":0.0,"max_hp_loss":0.0,"gold_gain":0.0,"event_name":"Tomb of Lord Red Mask","player_choice":"Ignored","floor":46.0,"gold_loss":0.0,"damage_taken":0.0}],"is_beta":false,"boss_relics":[{"not_picked":["Philosopher\u0027s Stone","Calling Bell"],"picked":"SacredBark"},{"not_picked":["Runic Pyramid","Empty Cage"],"picked":"Black Star"}],"items_purged_floors":[3,44,54],"is_endless":false,"potions_floor_spawned":[10,12,13,14,16,18,22,24,29,30,33,35,36,37,38,40,41,47,48,55],"ascension_level":20}}