{"host":"8b6x5jh5dgxmxtlw","time":1607475172,"event":{"gold_per_floor":[115,115,115,125,140,166,166,193,193,193],"floor_reached":9,"playtime":701,"items_purged":[],"score":71,"play_id":"534a3f64-ea3a-4429-b0f0-fb5405018d14","local_time":"20201208195252","is_ascension_mode":false,"campfire_choices":[{"floor":7,"key":"REST"}],"neow_cost":"PUNISHING","seed_source_timestamp":150903407542100,"circlet_count":0,"master_deck":["hermit:Strike_Hermit","hermit:Strike_Hermit","hermit:Strike_Hermit","hermit:Strike_Hermit","hermit:Defend_Hermit","hermit:Defend_Hermit","hermit:Defend_Hermit","hermit:Snapshot","hermit:Covet","hermit:Spite","hermit:WideOpen","hermit:NoHoldsBarred","hermit:Virtue","hermit:Dive"],"relics":["hermit:Momento","aspiration:DSix","hubris:Towel","Molten Egg 2","halation:WeightlessCrab"],"potions_floor_usage":[8],"damage_taken":[{"damage":8,"enemies":"conspire:RoseBush","floor":1,"turns":2},{"damage":6,"enemies":"2 Louse","floor":4,"turns":2},{"damage":1,"enemies":"Cultist","floor":5,"turns":3},{"damage":30,"enemies":"3 Sentries","floor":6,"turns":7},{"damage":50,"enemies":"Lagavulin","floor":8,"turns":7},{"damage":9,"enemies":"Exordium Thugs","floor":9,"turns":4}],"seed_played":"-7804810355450219157","potions_obtained":[{"floor":6,"key":"hermit:Tonic"},{"floor":8,"key":"LiquidBronze"}],"is_trial":false,"path_per_floor":["M","?","?","M","M","E","R","E","MIM"],"character_chosen":"HERMIT","items_purchased":[],"campfire_rested":1,"item_purchase_floors":[],"current_hp_per_floor":[67,67,67,61,60,30,52,2,0,0],"gold":193,"neow_bonus":"DSIX","is_prod":false,"is_daily":false,"chose_seed":false,"campfire_upgraded":0,"win_rate":0.0,"timestamp":1607475172,"path_taken":["M","?","?","M","M","E","R","E","MIM"],"build_version":"2020-11-30","purchased_purges":0,"victory":false,"max_hp_per_floor":[75,75,75,75,75,75,75,75,75,75],"card_choices":[{"not_picked":["hermit:DeadMansHand","hermit:Feint"],"picked":"hermit:Spite","floor":1},{"not_picked":["hermit:Desperado","hermit:FlashPowder"],"picked":"hermit:WideOpen","floor":4},{"not_picked":["hermit:BigShot","hermit:Malice"],"picked":"hermit:NoHoldsBarred","floor":5},{"not_picked":["hermit:SprayPray+1","hermit:BodyArmor"],"picked":"hermit:Virtue","floor":6},{"not_picked":["hermit:Gambit","hermit:CalledShot+1"],"picked":"hermit:Dive","floor":8}],"player_experience":68068,"relics_obtained":[{"floor":6,"key":"Molten Egg 2"},{"floor":8,"key":"halation:WeightlessCrab"}],"event_choices":[{"cards_removed":["hermit:Defend_Hermit"],"damage_healed":0,"gold_gain":0,"player_choice":"Purged","damage_taken":0,"max_hp_gain":0,"max_hp_loss":0,"event_name":"Purifier","floor":3,"gold_loss":0}],"is_beta":false,"boss_relics":[],"items_purged_floors":[],"is_endless":false,"potions_floor_spawned":[6,8],"killed_by":"Exordium Thugs","ascension_level":0}}