{"host":"dbzukadmkvvxpu74","time":1607500275,"event":{"gold_per_floor":[111,131,149,164,177,212,212,227,227,227,241,274,296,323,323,420,420,435,448,463,476,494,494,494],"floor_reached":23,"playtime":2800,"items_purged":[],"score":219,"play_id":"b191e09a-e741-4b16-999e-9f18d5989bac","local_time":"20201209005115","is_ascension_mode":false,"campfire_choices":[{"data":"Double Tap","floor":7,"key":"SMITH"},{"floor":15,"key":"REST"}],"neow_cost":"BASIC_CARDS","seed_source_timestamp":14865132173200,"circlet_count":0,"master_deck":["Strike_R","Strike_R","Strike_R","Strike_R","Strike_R","Defend_R","Defend_R","Defend_R","Defend_R","Bash","Strike_R","sneckomod:Defend","Double Tap+1","Rage","Heavy Blade","Replay:Undeath\u0027s Touch","Pommel Strike","Shrug It Off","ReplayTheSpireMod:Muscle Training","Carnage","Self Repair+1","Armaments","Run Through","Gash","Seeing Red","Firewall","Flex","Twin Strike+1","ReplayReversal","Perfected Strike","Sword Boomerang+1"],"relics":["ReplayFunnel","Boot","Iron Core","Letter Opener","Odd Mushroom","Orichalcum","SacredBark"],"potions_floor_usage":[12,14,16,21,21],"damage_taken":[{"damage":6,"enemies":"Jaw Worm","floor":1,"turns":3},{"damage":0,"enemies":"2 Louse","floor":2,"turns":3},{"damage":0,"enemies":"Small Slimes","floor":3,"turns":3},{"damage":14,"enemies":"2 Fungi Beasts","floor":4,"turns":4},{"damage":1,"enemies":"3 Louse","floor":5,"turns":4},{"damage":22,"enemies":"Replay:BlueRogue","floor":6,"turns":7},{"damage":13,"enemies":"Large Slime","floor":8,"turns":6},{"damage":10,"enemies":"Blue Slaver","floor":11,"turns":4},{"damage":15,"enemies":"Gremlin Nob","floor":12,"turns":4},{"damage":16,"enemies":"The Mushroom Lair","floor":13,"turns":4},{"damage":19,"enemies":"3 Sentries","floor":14,"turns":6},{"damage":34,"enemies":"Hexaghost","floor":16,"turns":9},{"damage":15,"enemies":"3 Byrds","floor":18,"turns":6},{"damage":7,"enemies":"Spheric Guardian","floor":19,"turns":4},{"damage":7,"enemies":"Snecko","floor":20,"turns":5},{"damage":11,"enemies":"Centurion and Healer","floor":21,"turns":5},{"damage":34,"enemies":"3 Cultists","floor":22,"turns":7},{"damage":46,"enemies":"Gremlin Leader","floor":23,"turns":3}],"seed_played":"-1509413316845418323","potions_obtained":[{"floor":1,"key":"GamblersBrew"},{"floor":3,"key":"Block Potion"},{"floor":6,"key":"Milkshake"},{"floor":11,"key":"Fire Potion"},{"floor":14,"key":"BlessingOfTheForge"},{"floor":16,"key":"SteroidPotion"},{"floor":20,"key":"Adrenaline Potion"},{"floor":21,"key":"Swift Potion"}],"is_trial":false,"path_per_floor":["M","M","M","M","M","E","R","M","T","?","M","E","?","E","R","B",null,"M","M","M","M","M","E"],"character_chosen":"IRONCLAD","items_purchased":[],"campfire_rested":1,"item_purchase_floors":[],"current_hp_per_floor":[80,80,80,72,77,61,61,54,54,54,54,49,33,24,48,24,80,75,68,71,70,46,0,0],"gold":494,"neow_bonus":"THREE_RARE_CARDS","is_prod":false,"is_daily":false,"chose_seed":false,"campfire_upgraded":1,"win_rate":0.0,"timestamp":1607500275,"path_taken":["M","M","M","M","M","E","R","M","T","?","M","E","?","E","R","BOSS","M","M","M","M","M","E"],"build_version":"2020-11-30","purchased_purges":0,"victory":false,"max_hp_per_floor":[80,80,80,80,80,80,80,80,80,80,80,80,80,80,80,80,80,80,80,80,80,80,80,80],"card_choices":[{"not_picked":["Bludgeon","Impervious"],"picked":"Double Tap","floor":0},{"not_picked":["ReplayTheSpireMod:LeadingStrike","Shrug It Off"],"picked":"Rage","floor":1},{"not_picked":["Perfected Strike","Sword Boomerang"],"picked":"Heavy Blade","floor":2},{"not_picked":["Pummel","Thunderclap"],"picked":"Replay:Undeath\u0027s Touch","floor":3},{"not_picked":["True Grit","Rupture"],"picked":"Pommel Strike","floor":4},{"not_picked":["Body Slam","Iron Wave"],"picked":"Shrug It Off","floor":5},{"not_picked":["Twin Strike","Ghostly Armor"],"picked":"ReplayTheSpireMod:Muscle Training","floor":6},{"not_picked":["Iron Wave","Body Slam"],"picked":"Carnage","floor":8},{"not_picked":["Defy Death","Double Tap"],"picked":"Armaments","floor":11},{"not_picked":["Cold Snap","Clothesline"],"picked":"Run Through","floor":12},{"not_picked":["Defragment","Burning Pact"],"picked":"Gash","floor":13},{"not_picked":["Clothesline","Cleave"],"picked":"Seeing Red","floor":14},{"not_picked":["Mirror Shield","Impervious"],"picked":"Firewall","floor":16},{"not_picked":["Rage","Whirlwind"],"picked":"Flex","floor":18},{"not_picked":["Shrug It Off","True Grit"],"picked":"Twin Strike+1","floor":19},{"not_picked":["Blood for Blood","Sword Boomerang"],"picked":"ReplayReversal","floor":20},{"not_picked":["Heavy Blade","Shrug It Off"],"picked":"Perfected Strike","floor":21},{"not_picked":["Second Wind","Clothesline+1"],"picked":"Sword Boomerang+1","floor":22}],"player_experience":9200,"relics_obtained":[{"floor":6,"key":"ReplayFunnel"},{"floor":9,"key":"Boot"},{"floor":12,"key":"Letter Opener"},{"floor":13,"key":"Odd Mushroom"},{"floor":14,"key":"Orichalcum"}],"event_choices":[{"damage_healed":0,"gold_gain":0,"player_choice":"Fought Mushrooms","damage_taken":0,"max_hp_gain":0,"max_hp_loss":0,"event_name":"Mushrooms","floor":13,"gold_loss":0}],"is_beta":false,"boss_relics":[{"not_picked":["Runic Cube","Honey Jar"],"picked":"SacredBark"}],"items_purged_floors":[],"is_endless":false,"potions_floor_spawned":[1,3,6,11,14,16,20,21],"killed_by":"Gremlin Leader","ascension_level":0}}