{"host":"2qv44oxt58ptq59r","time":1607531618,"event":{"gold_per_floor":[112,123,11,11,11,40,55,82,82,95,95,113,123,143,143,242,242,272,297,409,432,15,15,30,30,55,55,55,10,21,38,38,38,38],"floor_reached":33,"playtime":4775,"items_purged":[],"score":251,"play_id":"0bdb64a8-d109-4fb3-bd05-92ef527d1e0f","local_time":"20201209163338","is_ascension_mode":false,"campfire_choices":[{"floor":11.0,"key":"REST"},{"data":"Searing Blow","floor":15.0,"key":"SMITH"},{"floor":23.0,"key":"REST"},{"floor":27.0,"key":"REST"},{"floor":32.0,"key":"REST"}],"neow_cost":"NONE","seed_source_timestamp":0,"circlet_count":0,"master_deck":["Strike_R","Strike_R","Strike_R","Strike_R","Defend_R","Defend_R","Defend_R","Defend_R","Bash","Heavy Blade","Inflame","Fire Breathing","Entrench","Shrug It Off","Twin Strike","Perfected Strike","Body Slam","Pummel","Headbutt","Searing Blow+1","Demon Form","CurseOfTheBell","Headbutt+1","Pummel","Pommel Strike","Flex","Warcry","RitualDagger","Armaments","Juggernaut","Fire Breathing+1"],"special_seed":0,"relics":["Burning Blood","Potion Belt","Meat on the Bone","Odd Mushroom","Regal Pillow","Calling Bell","MawBank","Question Card","StoneCalendar","Sling","Bottled Flame"],"potions_floor_usage":[],"damage_taken":[{"damage":1.0,"enemies":"Cultist","floor":1.0,"turns":4.0},{"damage":0.0,"enemies":"2 Louse","floor":2.0,"turns":3.0},{"damage":33.0,"enemies":"Lagavulin","floor":6.0,"turns":12.0},{"damage":0.0,"enemies":"Small Slimes","floor":7.0,"turns":4.0},{"damage":26.0,"enemies":"The Mushroom Lair","floor":8.0,"turns":5.0},{"damage":4.0,"enemies":"Exordium Thugs","floor":10.0,"turns":4.0},{"damage":8.0,"enemies":"Blue Slaver","floor":12.0,"turns":4.0},{"damage":13.0,"enemies":"Red Slaver","floor":13.0,"turns":4.0},{"damage":8.0,"enemies":"Large Slime","floor":14.0,"turns":5.0},{"damage":59.0,"enemies":"Hexaghost","floor":16.0,"turns":10.0},{"damage":24.0,"enemies":"Spheric Guardian","floor":18.0,"turns":5.0},{"damage":26.0,"enemies":"3 Byrds","floor":19.0,"turns":6.0},{"damage":46.0,"enemies":"Sentry and Sphere","floor":21.0,"turns":7.0},{"damage":48.0,"enemies":"Centurion and Healer","floor":24.0,"turns":5.0},{"damage":45.0,"enemies":"Snake Plant","floor":30.0,"turns":6.0},{"damage":35.0,"enemies":"3 Cultists","floor":31.0,"turns":5.0},{"damage":75,"enemies":"Champ","floor":33,"turns":7}],"seed_played":"-191205592065227951","potions_obtained":[{"floor":1.0,"key":"Dexterity Potion"},{"floor":2.0,"key":"Explosive Potion"},{"floor":7.0,"key":"Fire Potion"},{"floor":13.0,"key":"EssenceOfSteel"},{"floor":19.0,"key":"Block Potion"},{"floor":30.0,"key":"Weak Potion"}],"is_trial":false,"path_per_floor":["M","M","$","?","?","E","M","?","T","M","R","M","M","M","R","B",null,"M","M","?","M","$","R","M","?","T","R","?","$","M","M","R","B"],"character_chosen":"IRONCLAD","items_purchased":["Fire Breathing","LiquidBronze","Sling","Bottled Flame","Flex","Armaments"],"campfire_rested":4,"item_purchase_floors":[3,3,22,22,22,29],"current_hp_per_floor":[80,80,80,80,85,58,64,56,56,58,85,83,76,74,74,33,85,67,59,59,31,31,71,41,41,41,81,75,75,48,31,71,0,0],"gold":38,"neow_bonus":"RANDOM_COMMON_RELIC","is_prod":false,"is_daily":false,"chose_seed":false,"campfire_upgraded":1,"win_rate":0,"timestamp":1607531618,"path_taken":["M","?","$","?","?","E","M","?","T","M","R","M","?","M","R","BOSS","M","M","?","?","$","R","M","?","T","R","?","$","M","M","R","BOSS"],"build_version":"2020-11-30","purchased_purges":0,"victory":false,"max_hp_per_floor":[80,80,80,80,85,85,85,85,85,85,85,85,85,85,85,85,85,85,85,85,85,85,85,85,85,85,85,85,85,85,85,85,85,85],"card_choices":[{"not_picked":["Metallicize","Ghostly Armor"],"picked":"Heavy Blade","floor":1.0},{"not_picked":["Headbutt","True Grit"],"picked":"Inflame","floor":2.0},{"not_picked":["Infernal Blade","Impervious"],"picked":"Shrug It Off","floor":6.0},{"not_picked":["Evolve","Entrench"],"picked":"Twin Strike","floor":7.0},{"not_picked":["Sever Soul","Second Wind"],"picked":"Perfected Strike","floor":8.0},{"not_picked":["Iron Wave","Rage"],"picked":"Body Slam","floor":10.0},{"not_picked":["Hemokinesis","Havoc"],"picked":"Pummel","floor":12.0},{"not_picked":["Havoc","True Grit"],"picked":"Headbutt","floor":13.0},{"not_picked":["Combust","Sword Boomerang"],"picked":"Searing Blow","floor":14.0},{"not_picked":["Corruption","Exhume"],"picked":"Demon Form","floor":16.0},{"not_picked":["Havoc","Clash+1","True Grit+1"],"picked":"Headbutt+1","floor":18.0},{"not_picked":["Dropkick","Anger+1","Warcry"],"picked":"Pummel","floor":19.0},{"not_picked":["Havoc","Perfected Strike","Pummel"],"picked":"Pommel Strike","floor":21.0},{"not_picked":["Infernal Blade+1","Havoc","Carnage"],"picked":"Warcry","floor":24.0},{"not_picked":["Headbutt","Body Slam","Perfected Strike"],"picked":"Juggernaut","floor":30.0},{"not_picked":["Warcry","Wild Strike","Seeing Red"],"picked":"Fire Breathing+1","floor":31.0}],"player_experience":4853936,"relics_obtained":[{"floor":6.0,"key":"Meat on the Bone"},{"floor":8.0,"key":"Odd Mushroom"},{"floor":9.0,"key":"Regal Pillow"},{"floor":17.0,"key":"MawBank"},{"floor":17.0,"key":"Question Card"},{"floor":17.0,"key":"StoneCalendar"}],"event_choices":[{"damage_healed":0.0,"max_hp_gain":0.0,"max_hp_loss":0.0,"gold_gain":0.0,"cards_transformed":["Strike_R"],"event_name":"Living Wall","player_choice":"Change","floor":4.0,"gold_loss":0.0,"damage_taken":0.0,"cards_obtained":["Entrench"]},{"damage_healed":0.0,"max_hp_gain":5.0,"max_hp_loss":0.0,"gold_gain":0.0,"event_name":"Big Fish","player_choice":"Donut","floor":5.0,"gold_loss":0.0,"damage_taken":0.0},{"damage_healed":0.0,"max_hp_gain":0.0,"max_hp_loss":0.0,"gold_gain":0.0,"event_name":"Mushrooms","player_choice":"Fought Mushrooms","floor":8.0,"gold_loss":0.0,"damage_taken":0.0},{"damage_healed":0.0,"max_hp_gain":0.0,"max_hp_loss":0.0,"gold_gain":100.0,"event_name":"Golden Shrine","player_choice":"Pray","floor":20.0,"gold_loss":0.0,"damage_taken":0.0},{"damage_healed":0.0,"max_hp_gain":0.0,"max_hp_loss":0.0,"gold_gain":0.0,"event_name":"Vampires","player_choice":"Ignored","floor":25.0,"gold_loss":0.0,"damage_taken":0.0},{"damage_healed":0.0,"max_hp_gain":0.0,"max_hp_loss":0.0,"gold_gain":0.0,"event_name":"Nest","player_choice":"Joined the Cult","floor":28.0,"gold_loss":0.0,"damage_taken":6.0,"cards_obtained":["RitualDagger"]}],"is_beta":false,"boss_relics":[{"not_picked":["Philosopher\u0027s Stone","Fusion Hammer"],"picked":"Calling Bell"}],"items_purged_floors":[],"is_endless":false,"potions_floor_spawned":[1,2,7,13,19,30],"killed_by":"Champ","ascension_level":0}}