{"host":"woah5shdh5xsovm3","time":1607535403,"event":{"gold_per_floor":[130,130,4,19,30,68,68,68,91,110,129,155,6,6,6,106,106,147,170,95,95,108,134,134,134,134,233,433,433,466,477,477,577,577,594,609,633,633,223,255,271,171,221,221,244,263,274,288,288,392,392,400,400,415,431,431,463,472,472,472,472,487,516,540,556,556,667,667,669,669,669,675,365,393,393,426,450,460,87,139,139,178,178,274,274,290,290,290,304,304,336,336,411,411,561,589,589,593,608,608,729,729,746,766,786,786,200,237,237,281,304,328,328,360,414,440,440,569,569,597,613,637,667,667,667,709,736,736,777,814,826,838,865,877,1015,1027,1060,1099,1111,1147,1184,1235,1247,1259,1271,1330,1060,1060,1060,1085,1085,1221,1221,1221,999,998,998],"floor_reached":156,"playtime":4881,"items_purged":["animator:Strike","animator:Strike","animator:DolaStephanie","animator:Defend","sneckomod:Bewildered","animator:Defend","animator:Strike_HitsugiNoChaika+1"],"score":3743,"play_id":"e1265c95-0cba-4025-bb79-0046bf9a58e8","local_time":"20201209113643","is_ascension_mode":false,"campfire_choices":[{"floor":7.0,"key":"REST"},{"floor":15.0,"key":"REST"},{"floor":25.0,"key":"REST"},{"data":"animator:AcuraTooru","floor":29.0,"key":"SMITH"},{"floor":32.0,"key":"REST"},{"floor":49.0,"key":"REST"},{"data":"animator:AcuraShin","floor":61.0,"key":"SMITH"},{"data":"infinitespire:NeuralNetwork","floor":66.0,"key":"SMITH"},{"floor":75.0,"key":"DIG"},{"floor":83.0,"key":"REST"},{"floor":92.0,"key":"DIG"},{"floor":100.0,"key":"DIG"},{"floor":109.0,"key":"DIG"},{"floor":113.0,"key":"DIG"},{"floor":117.0,"key":"DIG"},{"floor":125.0,"key":"RECALL"},{"floor":132.0,"key":"DIG"},{"floor":134.0,"key":"DIG"},{"data":"animator:AcuraShin","floor":149.0,"key":"PURGE"},{"data":"animator:Shichika","floor":151.0,"key":"PURGE"},{"data":"animator:FielNirvalen","floor":154.0,"key":"PURGE"}],"neow_cost":"NONE","seed_source_timestamp":0,"circlet_count":0,"master_deck":["animator:AcuraAkari","animator:Gillette","animator:Viivi","animator:ChaikaTrabant","Machine Learning","animator:Tet","animator:AcuraShin","animator:AcuraTooru","animator:Fredrika","Mind Blast","animator:AcuraShin","animator:AcuraTooru","Searing Blow","Searing Blow","animator:Layla","animator:HigakiRinne","animator:NarberalGamma+1","animator:Tet+1"],"special_seed":0,"relics":["animator:TheEgnaroPiece"],"potions_floor_usage":[],"damage_taken":[{"damage":0.0,"enemies":"Small Slimes","floor":1.0,"turns":2.0},{"damage":11.0,"enemies":"Jaw Worm","floor":4.0,"turns":3.0},{"damage":0.0,"enemies":"Cultist","floor":5.0,"turns":2.0},{"damage":13.0,"enemies":"Lagavulin","floor":6.0,"turns":4.0},{"damage":0.0,"enemies":"2 Fungi Beasts","floor":10.0,"turns":2.0},{"damage":3.0,"enemies":"Large Slime","floor":11.0,"turns":5.0},{"damage":9.0,"enemies":"HollowMod:MossKnight","floor":12.0,"turns":3.0},{"damage":55.0,"enemies":"The Guardian","floor":16.0,"turns":8.0},{"damage":8.0,"enemies":"Chosen","floor":18.0,"turns":3.0},{"damage":15.0,"enemies":"2 Thieves","floor":22.0,"turns":2.0},{"damage":0.0,"enemies":"Gremlin Leader","floor":23.0,"turns":3.0},{"damage":36.0,"enemies":"Nightmare","floor":30.0,"turns":5.0},{"damage":7.0,"enemies":"Centurion and Healer","floor":31.0,"turns":4.0},{"damage":19.0,"enemies":"Champ","floor":33.0,"turns":6.0},{"damage":1.0,"enemies":"3 Darklings","floor":35.0,"turns":3.0},{"damage":0.0,"enemies":"Orb Walker","floor":36.0,"turns":2.0},{"damage":8.0,"enemies":"R_Hoarder","floor":40.0,"turns":4.0},{"damage":0.0,"enemies":"Transient","floor":41.0,"turns":5.0},{"damage":3.0,"enemies":"Maw","floor":46.0,"turns":4.0},{"damage":0.0,"enemies":"Sphere and 2 Shapes","floor":47.0,"turns":2.0},{"damage":18.0,"enemies":"3 Darklings","floor":48.0,"turns":5.0},{"damage":69.0,"enemies":"Time Eater","floor":50.0,"turns":6.0},{"damage":0.0,"enemies":"Cultist","floor":52.0,"turns":1.0},{"damage":0.0,"enemies":"Jaw Worm","floor":54.0,"turns":1.0},{"damage":0.0,"enemies":"Small Slimes","floor":55.0,"turns":1.0},{"damage":0.0,"enemies":"HollowMod:MossKnight","floor":57.0,"turns":2.0},{"damage":0.0,"enemies":"3 Louse","floor":58.0,"turns":1.0},{"damage":0.0,"enemies":"Gremlin Gang","floor":62.0,"turns":1.0},{"damage":0.0,"enemies":"Lagavulin","floor":63.0,"turns":3.0},{"damage":0.0,"enemies":"Exordium Wildlife","floor":65.0,"turns":1.0},{"damage":0.0,"enemies":"Slime Boss","floor":67.0,"turns":2.0},{"damage":0.0,"enemies":"3 Byrds","floor":69.0,"turns":2.0},{"damage":0.0,"enemies":"2 Thieves","floor":72.0,"turns":1.0},{"damage":0.0,"enemies":"animator:HornedBat","floor":74.0,"turns":3.0},{"damage":0.0,"enemies":"HollowMod:Nosk","floor":76.0,"turns":2.0},{"damage":0.0,"enemies":"Centurion and Healer","floor":78.0,"turns":1.0},{"damage":0.0,"enemies":"Slavers","floor":82.0,"turns":1.0},{"damage":13.0,"enemies":"Champ","floor":84.0,"turns":3.0},{"damage":0.0,"enemies":"3 Darklings","floor":86.0,"turns":1.0},{"damage":0.0,"enemies":"3 Shapes","floor":89.0,"turns":1.0},{"damage":0.0,"enemies":"R_Hoarder","floor":91.0,"turns":2.0},{"damage":0.0,"enemies":"HollowMod:StalkingDevout","floor":96.0,"turns":1.0},{"damage":0.0,"enemies":"Writhing Mass","floor":98.0,"turns":1.0},{"damage":0.0,"enemies":"Sphere and 2 Shapes","floor":99.0,"turns":1.0},{"damage":0.0,"enemies":"hubris:GrandSnecko","floor":101.0,"turns":1.0},{"damage":0.0,"enemies":"2 Louse","floor":103.0,"turns":1.0},{"damage":0.0,"enemies":"Jaw Worm","floor":104.0,"turns":1.0},{"damage":0.0,"enemies":"Small Slimes","floor":105.0,"turns":1.0},{"damage":0.0,"enemies":"Replay:BlueRogue","floor":108.0,"turns":1.0},{"damage":0.0,"enemies":"Gremlin Nob","floor":110.0,"turns":1.0},{"damage":0.0,"enemies":"2 Fungi Beasts","floor":112.0,"turns":1.0},{"damage":0.0,"enemies":"Gremlin Gang","floor":114.0,"turns":1.0},{"damage":0.0,"enemies":"Large Slime","floor":116.0,"turns":1.0},{"damage":0.0,"enemies":"Hexaghost","floor":118.0,"turns":1.0},{"damage":0.0,"enemies":"2 Thieves","floor":120.0,"turns":1.0},{"damage":0.0,"enemies":"Shell Parasite","floor":121.0,"turns":1.0},{"damage":0.0,"enemies":"Snake Plant","floor":122.0,"turns":1.0},{"damage":0.0,"enemies":"3 Cultists","floor":123.0,"turns":1.0},{"damage":0.0,"enemies":"Book of Stabbing","floor":126.0,"turns":1.0},{"damage":0.0,"enemies":"Centurion and Healer","floor":127.0,"turns":1.0},{"damage":0.0,"enemies":"Slavers","floor":129.0,"turns":1.0},{"damage":0.0,"enemies":"Sentry and Sphere","floor":130.0,"turns":1.0},{"damage":0.0,"enemies":"Cultist and Chosen","floor":133.0,"turns":1.0},{"damage":0.0,"enemies":"Automaton","floor":135.0,"turns":1.0},{"damage":0.0,"enemies":"Orb Walker","floor":137.0,"turns":1.0},{"damage":0.0,"enemies":"3 Shapes","floor":138.0,"turns":1.0},{"damage":0.0,"enemies":"Spire Growth","floor":140.0,"turns":1.0},{"damage":0.0,"enemies":"Nemesis","floor":142.0,"turns":1.0},{"damage":0.0,"enemies":"R_Hoarder","floor":146.0,"turns":1.0},{"damage":0.0,"enemies":"Maw","floor":150.0,"turns":1.0},{"damage":0.0,"enemies":"infinitespire:LordOfFortification","floor":152.0,"turns":1.0},{"damage":116,"enemies":"animator:TRIPLE_SHAPES_WEAK","floor":156,"turns":3}],"seed_played":"4507037556786932721","potions_obtained":[{"floor":4.0,"key":"Ancient Potion"},{"floor":5.0,"key":"BlessingOfTheForge"},{"floor":10.0,"key":"PowerPotion"},{"floor":16.0,"key":"Dexterity Potion"}],"is_trial":false,"path_per_floor":["M","?","?","M","M","E","R","?","T","M","M","E","$","?","R","B",null,"M","T","$","?","M","E","$","R","T","?","?","R","NM","M","R","B",null,"M","M","T","?","$","E","M","NS","T","?","T","M","M","M","R","B",null,"M","?","M","M","?","E","M","AVR","T","R","M","E","T","M","R","B",null,"M","?","?","M","$","E","R","E","T","M","$","T","?","E","R","B",null,"M","NS","?","M","?","E","R","T","T","AVR","E","?","M","M","R","B",null,"M","M","M","?","$","E","R","E","T","M","R","M","T","M","R","B",null,"M","M","M","M","?","R","E","M","T","E","M","?","R","M","R","B",null,"M","M","NS","M","T","E","?","?","T","E","$","?","R","M","R","B",null,"R","??","M"],"character_chosen":"THE_ANIMATOR","items_purchased":["hubris:OldNail","Bag of Preparation","Red Skull","Shovel","animator:AcuraShin","animator:ShionDessert","Replay:Bandana","Replay:Towering Pillar of Hats","Peace Pipe"],"campfire_rested":6,"item_purchase_floors":[13,39,39,73,79,79,107,107,147],"current_hp_per_floor":[66,66,66,55,56,50,72,54,54,54,51,42,42,42,64,10,75,67,67,67,67,52,52,52,74,74,74,74,74,38,31,53,36,77,76,76,76,76,76,68,68,68,68,68,68,65,65,47,70,1,77,77,68,68,68,68,68,68,68,68,68,68,68,68,68,68,68,77,77,77,77,77,77,77,77,77,77,77,77,77,77,77,77,64,77,77,77,77,77,77,77,77,77,77,77,77,77,77,77,77,77,77,77,77,77,68,77,77,77,77,77,77,77,77,77,77,77,77,58,58,58,58,58,58,58,58,58,58,58,58,58,58,58,58,58,58,58,58,58,58,58,58,55,55,55,57,58,58,58,58,58,58,58,58,98,0,0],"gold":998,"neow_bonus":"RANDOM_COMMON_RELIC","is_prod":false,"is_daily":false,"chose_seed":false,"campfire_upgraded":3,"win_rate":0,"timestamp":1607535403,"path_taken":["M","?","?","?","M","E","R","?","T","M","?","E","?","?","R","BOSS","M","?","$","?","M","E","$","R","T","?","?","R","NM","M","R","BOSS","M","M","?","?","$","E","?","NS","T","?","?","?","M","M","R","BOSS","M","?","M","M","?","E","M","AVR","T","R","M","E","?","M","R","BOSS","M","?","?","M","?","E","R","E","T","M","$","?","?","E","R","BOSS","M","NS","?","M","?","E","R","?","T","AVR","E","?","?","M","R","BOSS","M","M","M","?","$","E","R","E","T","M","R","M","?","M","R","BOSS","M","M","M","M","?","R","E","M","T","E","?","?","R","M","R","BOSS","M","M","NS","M","?","E","?","?","T","E","$","?","R","M","R","BOSS","R","??","M"],"build_version":"2020-11-30","purchased_purges":7,"victory":false,"max_hp_per_floor":[66,66,66,66,67,74,74,74,74,74,74,74,74,74,74,75,75,75,75,75,75,75,75,75,75,75,75,75,75,75,75,75,77,77,77,77,77,77,77,77,77,77,77,77,77,77,77,77,77,77,77,77,77,77,77,77,77,77,77,77,77,77,77,77,77,77,77,77,77,77,77,77,77,77,77,77,77,77,77,77,77,77,77,77,77,77,77,77,77,77,77,77,77,77,77,77,77,77,77,77,77,77,77,77,77,77,77,77,77,77,77,77,77,77,77,77,77,77,58,58,58,58,58,58,58,58,58,58,58,58,58,58,58,58,58,58,58,58,58,58,58,58,58,58,58,58,58,58,58,58,58,58,58,58,98,98,98],"card_choices":[{"not_picked":["animator:DolaCouronne","animator:Gluttony"],"picked":"animator:AcuraTooru","floor":1.0},{"not_picked":["animator:TsurugaMeisai","animator:Demiurge","animator:PandorasActor"],"picked":"SKIP","floor":4.0},{"not_picked":["animator:Yuuichirou","animator:DolaSchwi"],"picked":"animator:ChaikaBohdan","floor":5.0},{"not_picked":["animator:Layla","animator:ChaikaBohdan"],"picked":"animator:Viivi","floor":6.0},{"not_picked":["animator:Mitsuba","animator:DolaSchwi"],"picked":"animator:DolaStephanie","floor":10.0},{"not_picked":["animator:NarberalGamma","animator:ItamiYouji"],"picked":"animator:Shichika","floor":11.0},{"not_picked":["animator:YaoHaDucy","animator:Kuribayashi","animator:Scar"],"picked":"SKIP","floor":12.0},{"not_picked":["animator:ItamiYouji","animator:Greed"],"picked":"animator:ChaikaTrabant","floor":16.0},{"not_picked":["animator:AcuraTooru","animator:Viivi"],"picked":"animator:Guy","floor":18.0},{"not_picked":["animator:ElricAlphonse+1","animator:CrowleyEusford","animator:NarberalGamma"],"picked":"SKIP","floor":22.0},{"not_picked":["animator:KrulTepes","animator:Hitei","animator:Mikaela"],"picked":"SKIP","floor":23.0},{"not_picked":["ReplayTheSpireMod:??????????????????????","ReplayTheSpireMod:Book of Names"],"picked":"infinitespire:NeuralNetwork","floor":30.0},{"not_picked":["animator:Azekura","animator:PandorasActor"],"picked":"animator:FielNirvalen","floor":30.0},{"not_picked":["animator:DolaRiku","animator:DolaStephanie"],"picked":"animator:Tet","floor":31.0},{"not_picked":["animator:Albedo","animator:HigakiRinne"],"picked":"animator:AcuraShin","floor":33.0},{"not_picked":["animator:Gluttony+1","animator:TsurugaMeisai"],"picked":"animator:RoryMercury+1","floor":35.0},{"not_picked":["animator:Evileye","animator:Entoma+1","animator:Tet"],"picked":"SKIP","floor":36.0},{"not_picked":["animator:Sloth","animator:TsurugaMeisai","animator:CrowleyEusford+1"],"picked":"SKIP","floor":40.0},{"not_picked":["animator:Viivi","animator:AcuraAkari"],"picked":"animator:AcuraTooru","floor":41.0},{"not_picked":["animator:FielNirvalen","animator:Tyuule","animator:Konayuki"],"picked":"SKIP","floor":46.0},{"not_picked":["animator:Guy+1","animator:TukaLunaMarceau","animator:PandorasActor"],"picked":"SKIP","floor":47.0},{"not_picked":["animator:UneriGinkaku","animator:Kuribayashi+1","animator:RoryMercury+1"],"picked":"SKIP","floor":48.0},{"not_picked":["animator:Kuribayashi","animator:Pride","animator:YaoHaDucy"],"picked":"SKIP","floor":52.0},{"not_picked":["animator:Gluttony","animator:Yoichi","animator:ElricAlphonse"],"picked":"SKIP","floor":54.0},{"not_picked":["animator:NarberalGamma","animator:Konayuki","animator:Demiurge"],"picked":"SKIP","floor":55.0},{"not_picked":["animator:ChaikaBohdan","animator:HiiragiShinya"],"picked":"animator:Fredrika","floor":57.0},{"not_picked":["animator:RoryMercury","animator:Cocytus","animator:Tyuule"],"picked":"SKIP","floor":58.0},{"not_picked":["animator:HiiragiShinya","animator:ChaikaBohdan","animator:Jibril"],"picked":"SKIP","floor":62.0},{"not_picked":["animator:ChaikaBohdan","animator:MaesHughes","animator:DolaCouronne"],"picked":"SKIP","floor":63.0},{"not_picked":["animator:WinryRockbell","animator:Yuuichirou","animator:Evileye"],"picked":"SKIP","floor":65.0},{"not_picked":["animator:WinryRockbell","animator:Yuuichirou","animator:Evileye"],"picked":"SKIP","floor":65.0},{"not_picked":["infinitespire:Fortify","infinitespire:Execution"],"picked":"infinitespire:Punishment","floor":67.0},{"not_picked":["animator:MaesHughes","animator:ChaikaTrabant","animator:DolaRiku"],"picked":"SKIP","floor":69.0},{"not_picked":["animator:Bozes","animator:Evileye","animator:Togame+1"],"picked":"SKIP","floor":72.0},{"not_picked":["animator:WinryRockbell+1","animator:Azekura","animator:Gluttony"],"picked":"SKIP","floor":74.0},{"not_picked":["animator:WinryRockbell+1","animator:Azekura","animator:Gluttony"],"picked":"SKIP","floor":74.0},{"not_picked":["animator:DolaStephanie","animator:ElricAlphonse","animator:Shalltear"],"picked":"SKIP","floor":76.0},{"not_picked":["animator:YaoHaDucy","animator:ElricAlphonse","animator:Jibril"],"picked":"SKIP","floor":78.0},{"not_picked":["animator:Mikaela","animator:Jibril","animator:ElricAlphonse"],"picked":"SKIP","floor":82.0},{"not_picked":["animator:Shigure+1","animator:Sloth+1","animator:Shinoa+1"],"picked":"SKIP","floor":86.0},{"not_picked":["animator:DolaRiku+1","animator:Shalltear"],"picked":"animator:AcuraTooru+1","floor":89.0},{"not_picked":["animator:Evileye+1","animator:Tet+1","animator:HiiragiShinya+1"],"picked":"SKIP","floor":91.0},{"not_picked":["animator:AcuraAkari","animator:FeridBathory","animator:Gillette+1"],"picked":"SKIP","floor":96.0},{"not_picked":["animator:Tet","animator:Evileye+1","animator:Shigure+1"],"picked":"SKIP","floor":98.0},{"not_picked":["animator:ChaikaBohdan","animator:MaesHughes","animator:Jibril"],"picked":"SKIP","floor":99.0},{"not_picked":["animator:KrulTepes","animator:Entoma","animator:NarberalGamma+1"],"picked":"SKIP","floor":103.0},{"not_picked":["animator:Gillette","animator:Cocytus"],"picked":"animator:Layla","floor":104.0},{"not_picked":["animator:Hitei","animator:Pride+1","animator:Mitsuba"],"picked":"SKIP","floor":105.0},{"not_picked":["animator:Togame+1","animator:Fredrika+1","animator:Envy"],"picked":"SKIP","floor":108.0},{"not_picked":["animator:RoryMercury","animator:Togame+1","animator:ElricEdward"],"picked":"SKIP","floor":110.0},{"not_picked":["animator:RoryMercury","animator:Togame+1","animator:ElricEdward"],"picked":"SKIP","floor":110.0},{"not_picked":["animator:Cocytus","animator:KrulTepes","animator:LeleiLaLalena+1"],"picked":"SKIP","floor":112.0},{"not_picked":["animator:Togame+1","animator:Yuuichirou","animator:IzunaHatsuse+1"],"picked":"SKIP","floor":114.0},{"not_picked":["animator:Cocytus","animator:Azekura+1","animator:Jibril"],"picked":"SKIP","floor":116.0},{"not_picked":["animator:Demiurge+1","animator:Evileye+1","animator:RoyMustang"],"picked":"SKIP","floor":120.0},{"not_picked":["animator:Hitei","animator:Emonzaemon","animator:Shichika+1"],"picked":"SKIP","floor":121.0},{"not_picked":["animator:Konayuki+1","animator:Shichika+1","animator:Scar"],"picked":"SKIP","floor":122.0},{"not_picked":["animator:Azekura+1","animator:Emonzaemon+1","animator:TukaLunaMarceau+1"],"picked":"SKIP","floor":123.0},{"not_picked":["animator:Shinoa+1","animator:DolaStephanie+1","animator:PandorasActor+1"],"picked":"SKIP","floor":126.0},{"not_picked":["animator:ElricEdward+1","animator:Ainz","animator:DolaSchwi"],"picked":"SKIP","floor":127.0},{"not_picked":["animator:Shalltear","animator:Gluttony+1","animator:NarberalGamma+1"],"picked":"SKIP","floor":129.0},{"not_picked":["animator:Gillette","animator:Envy","animator:ZankiKiguchi"],"picked":"SKIP","floor":130.0},{"not_picked":["animator:DolaSchwi","animator:Kuribayashi+1","animator:AcuraTooru+1"],"picked":"SKIP","floor":133.0},{"not_picked":["animator:Sloth+1","animator:Scar","animator:Arpeggio"],"picked":"SKIP","floor":137.0},{"not_picked":["animator:RoryMercury+1","animator:Azekura+1","animator:Layla+1"],"picked":"SKIP","floor":138.0},{"not_picked":["animator:CrowleyEusford+1","animator:Shichika+1","animator:ElricEdward"],"picked":"SKIP","floor":140.0},{"not_picked":["animator:DolaSchwi","animator:Mitsuba","animator:ElricAlphonse+1"],"picked":"SKIP","floor":142.0},{"not_picked":["animator:ChaikaBohdan+1","animator:CrowleyEusford","animator:ElricEdward"],"picked":"SKIP","floor":146.0},{"not_picked":["animator:ElricEdward+1","animator:RoryMercury+1","animator:ElricAlphonse+1"],"picked":"SKIP","floor":150.0}],"player_experience":350190,"relics_obtained":[{"floor":6.0,"key":"Strawberry"},{"floor":8.0,"key":"Replay:Rubber Ducky"},{"floor":9.0,"key":"Tiny Chest"},{"floor":12.0,"key":"infinitespire:Eraser"},{"floor":19.0,"key":"Pet Ghost"},{"floor":23.0,"key":"Potion Belt"},{"floor":26.0,"key":"infinitespire:Beetle Shell"},{"floor":30.0,"key":"hubris:PeanutButter"},{"floor":37.0,"key":"Blue Doll"},{"floor":40.0,"key":"Vajra"},{"floor":45.0,"key":"hubris:TenFootPole"},{"floor":57.0,"key":"Bag of Marbles"},{"floor":60.0,"key":"FossilizedHelix"},{"floor":63.0,"key":"Counterbalance"},{"floor":63.0,"key":"hubris:ToyBattleship"},{"floor":64.0,"key":"Nunchaku"},{"floor":74.0,"key":"PreservedInsect"},{"floor":74.0,"key":"Dream Catcher"},{"floor":75.0,"key":"Toy Ornithopter"},{"floor":76.0,"key":"Mirror"},{"floor":76.0,"key":"Lantern"},{"floor":77.0,"key":"Gremlin Food"},{"floor":80.0,"key":"infinitespire:Lucky Rock"},{"floor":82.0,"key":"infinitespire:Joker Card"},{"floor":82.0,"key":"infinitespire:FocusingShard"},{"floor":91.0,"key":"Replay:Baseball"},{"floor":91.0,"key":"Omamori"},{"floor":92.0,"key":"MealTicket"},{"floor":93.0,"key":"Garlic"},{"floor":94.0,"key":"animator:BattleDrones"},{"floor":96.0,"key":"Darkstone Periapt"},{"floor":96.0,"key":"hubris:SlimyHat"},{"floor":100.0,"key":"Toxic Egg 2"},{"floor":102.0,"key":"Akabeko"},{"floor":102.0,"key":"AntiCross"},{"floor":102.0,"key":"hubris:GlazedTorus"},{"floor":108.0,"key":"ScarletDevilRocket"},{"floor":108.0,"key":"Unceasing Top"},{"floor":109.0,"key":"Du-Vu Doll"},{"floor":110.0,"key":"Replay:Bottled Snecko"},{"floor":110.0,"key":"Ancient Tea Set"},{"floor":111.0,"key":"Blood Vial"},{"floor":113.0,"key":"TungstenRod"},{"floor":115.0,"key":"Smiling Mask"},{"floor":117.0,"key":"infinitespire:CursedDice"},{"floor":126.0,"key":"Art of War"},{"floor":126.0,"key":"Replay:Mystery Machine"},{"floor":128.0,"key":"hubris:BottledRain"},{"floor":129.0,"key":"ReplayTheSpireMod:Shallot"},{"floor":129.0,"key":"MawBank"},{"floor":132.0,"key":"hubris:SphereOfDissonance"},{"floor":134.0,"key":"ReplayTheSpireMod:Ninjato"},{"floor":141.0,"key":"Oddly Smooth Stone"},{"floor":142.0,"key":"The Courier"},{"floor":142.0,"key":"Gremlin Horn"},{"floor":145.0,"key":"infinitespire:EmpoweringShard"},{"floor":146.0,"key":"Replay:Bottled Flurry"},{"floor":146.0,"key":"Pocketwatch"},{"floor":155.0,"key":"animator:TheEgnaroPiece"}],"event_choices":[{"damage_healed":0.0,"max_hp_gain":0.0,"max_hp_loss":0.0,"gold_gain":0.0,"event_name":"WeMeetAgain","player_choice":"Paid Gold","floor":3.0,"gold_loss":126.0,"damage_taken":0.0,"relics_obtained":["hubris:Metronome"]},{"cards_removed":["hubris:Envy"],"damage_healed":0.0,"max_hp_gain":0.0,"max_hp_loss":0.0,"gold_gain":0.0,"event_name":"Living Wall","player_choice":"Forget","floor":14.0,"gold_loss":0.0,"damage_taken":0.0},{"damage_healed":0.0,"max_hp_gain":0.0,"max_hp_loss":0.0,"gold_gain":99.0,"event_name":"Nest","player_choice":"Stole From Cult","floor":27.0,"gold_loss":0.0,"damage_taken":0.0},{"damage_healed":0.0,"max_hp_gain":0.0,"max_hp_loss":0.0,"gold_gain":200.0,"event_name":"Wheel of Change","player_choice":"Gold","floor":28.0,"gold_loss":0.0,"damage_taken":0.0},{"damage_healed":0.0,"max_hp_gain":0.0,"max_hp_loss":0.0,"gold_gain":0.0,"event_name":"The Woman in Blue","player_choice":"Bought 0 Potions","floor":38.0,"gold_loss":0.0,"damage_taken":0.0},{"damage_healed":0.0,"max_hp_gain":0.0,"max_hp_loss":0.0,"gold_gain":0.0,"event_name":"Golden Idol","player_choice":"Take Damage","floor":53.0,"gold_loss":0.0,"damage_taken":19.0,"relics_obtained":["Golden Idol"]},{"damage_healed":0.0,"max_hp_gain":0.0,"max_hp_loss":0.0,"gold_gain":0.0,"event_name":"Drug Dealer","player_choice":"Inject Mutagens","floor":70.0,"gold_loss":0.0,"damage_taken":0.0,"relics_obtained":["MutagenicStrength"]},{"damage_healed":0.0,"max_hp_gain":0.0,"max_hp_loss":0.0,"gold_gain":0.0,"event_name":"Vampires","player_choice":"Ignored","floor":71.0,"gold_loss":0.0,"damage_taken":0.0},{"damage_healed":0.0,"max_hp_gain":0.0,"max_hp_loss":0.0,"gold_gain":0.0,"event_name":"SensoryStone","player_choice":"Memory 1","floor":88.0,"gold_loss":0.0,"damage_taken":0.0},{"damage_healed":0.0,"max_hp_gain":0.0,"max_hp_loss":0.0,"gold_gain":0.0,"event_name":"WeMeetAgain","player_choice":"Gave Potion","floor":90.0,"gold_loss":0.0,"damage_taken":0.0,"relics_obtained":["Blue Candle"]},{"damage_healed":0.0,"max_hp_gain":0.0,"max_hp_loss":0.0,"gold_gain":0.0,"event_name":"Duplicator","player_choice":"Copied","floor":97.0,"gold_loss":0.0,"damage_taken":0.0,"cards_obtained":["hubris:InfiniteBlow"]},{"damage_healed":0.0,"max_hp_gain":0.0,"max_hp_loss":0.0,"gold_gain":0.0,"event_name":"Golden Idol","player_choice":"Take Damage","floor":106.0,"gold_loss":0.0,"damage_taken":19.0,"relics_obtained":["Circlet"]},{"damage_healed":0.0,"max_hp_gain":0.0,"max_hp_loss":0.0,"gold_gain":0.0,"event_name":"Upgrade Shrine","player_choice":"Upgraded","floor":124.0,"gold_loss":0.0,"damage_taken":0.0,"cards_upgraded":["infinitespire:Punishment"]},{"damage_healed":0.0,"max_hp_gain":0.0,"max_hp_loss":0.0,"gold_gain":0.0,"event_name":"NoteForYourself","player_choice":"Ignored","floor":131.0,"gold_loss":0.0,"damage_taken":0.0},{"damage_healed":0.0,"max_hp_gain":0.0,"max_hp_loss":0.0,"gold_gain":0.0,"event_name":"Winding Halls","player_choice":"Embrace Madness","floor":143.0,"gold_loss":0.0,"damage_taken":7.0,"cards_obtained":["animator:HigakiRinne"]},{"damage_healed":0.0,"max_hp_gain":0.0,"max_hp_loss":0.0,"gold_gain":0.0,"event_name":"Tomb of Lord Red Mask","player_choice":"Ignored","floor":148.0,"gold_loss":0.0,"damage_taken":0.0}],"is_beta":false,"boss_relics":[{"not_picked":["Runesmith:UraniumAnvil","Abe\u0027s Treasure"],"picked":"Sozu"},{"not_picked":["Coffee Dripper","Calling Bell"],"picked":"Mark of Pain"},{"not_picked":["hubris:VirtuousBlindfold","Pandora\u0027s Box"],"picked":"animator:CursedBlade"},{"not_picked":["SacredBark","Runic Dome"],"picked":"infinitespire:Cupcake"},{"not_picked":["ChewingGum","Honey Jar"],"picked":"Fusion Hammer"},{"not_picked":["Painkiller Herb","animator:RacePiece"],"picked":"Calling Bell"},{"not_picked":["animator:RacePiece","Ring of Chaos"],"picked":"Replay:Drink Me"},{"not_picked":["animator:VividPicture","Honey Jar"],"picked":"hubris:TerracottaHorce"},{"not_picked":["Replay:Grab Bag","hubris:CrackedHourglass"],"picked":"construct:WeddingRing"}],"items_purged_floors":[20,39,59,79,95,107,147],"is_endless":true,"potions_floor_spawned":[4,5,10,16,18,31,33,40,41,46,48,52,54,62,65,67,76,82,84,86,96,98,105,108,112,118,123,127,129,146,150],"killed_by":"animator:TRIPLE_SHAPES_WEAK","ascension_level":0}}