{"host":"quagnxip3u93mzqy","time":1607554689,"event":{"gold_per_floor":[110,110,127,141,161,194,210,210,210,238,413,433,433,460,460,563,563,551,551,561,561,572,572,599,269,343,370,53,53,3,38,38,139,139,154,154,29,39,139,172,172,192,192,69,69,69,79,79,79,79,79,79,0,33,33,33],"floor_reached":55,"playtime":2856,"items_purged":["Strike_G","Strike_G","Strike_G","Strike_G","Defend_G"],"score":833,"play_id":"ce3b412f-4e55-4e61-ba7d-a2c1062b1ba7","local_time":"20201209225809","is_ascension_mode":true,"campfire_choices":[{"floor":8,"key":"REST"},{"floor":13,"key":"REST"},{"floor":15,"key":"REST"},{"data":"1","floor":23,"key":"LIFT"},{"floor":29,"key":"REST"},{"data":"2","floor":32,"key":"LIFT"},{"data":"3","floor":41,"key":"LIFT"},{"floor":45,"key":"REST"},{"floor":49,"key":"RECALL"},{"data":"Footwork","floor":52,"key":"SMITH"}],"neow_cost":"NONE","seed_source_timestamp":17199981086799,"circlet_count":0,"master_deck":["Strike_G+1","Defend_G","Defend_G","Defend_G","Defend_G","Survivor","Neutralize","Dagger Spray","Deadly Poison","Backflip","Skewer+1","Adrenaline","Crippling Poison","Backflip","Doubt","Dash","Malaise","Adrenaline","CurseOfTheBell","Noxious Fumes","Bane+1","Caltrops+1","Footwork","Footwork","Dagger Spray+1","Bane+1","Bane+1","Escape Plan","Footwork+1","Deflect+1","After Image","Dodge and Roll+1","Well Laid Plans+1","Crippling Poison+1","Bouncing Flask+1","Pain","Leg Sweep","Decay","Catalyst","Well Laid Plans","Sucker Punch+1"],"relics":["Ring of the Snake","PreservedInsect","Blue Candle","Question Card","WingedGreaves","Calling Bell","Smiling Mask","Meat on the Bone","Girya","Mummified Hand","Regal Pillow","Shuriken","Molten Egg 2","Red Mask","Membership Card","Bronze Scales","Pocketwatch","Cursed Key","Whetstone","Kunai","Orrery","Snake Skull"],"potions_floor_usage":[6,16,18,38,50,54,55],"damage_taken":[{"damage":0,"enemies":"2 Louse","floor":1,"turns":3},{"damage":0,"enemies":"Jaw Worm","floor":3,"turns":4},{"damage":0,"enemies":"Cultist","floor":4,"turns":4},{"damage":22,"enemies":"Large Slime","floor":5,"turns":8},{"damage":31,"enemies":"Gremlin Nob","floor":6,"turns":5},{"damage":0,"enemies":"Exordium Wildlife","floor":7,"turns":4},{"damage":30,"enemies":"Lagavulin","floor":10,"turns":6},{"damage":9,"enemies":"Looter","floor":12,"turns":3},{"damage":18,"enemies":"3 Sentries","floor":14,"turns":6},{"damage":16,"enemies":"Hexaghost","floor":16,"turns":15},{"damage":13,"enemies":"2 Thieves","floor":18,"turns":4},{"damage":8,"enemies":"3 Byrds","floor":20,"turns":6},{"damage":21,"enemies":"Snake Plant","floor":22,"turns":5},{"damage":38,"enemies":"Masked Bandits","floor":27,"turns":4},{"damage":11,"enemies":"Slavers","floor":31,"turns":3},{"damage":28,"enemies":"Automaton","floor":33,"turns":10},{"damage":7,"enemies":"3 Darklings","floor":35,"turns":4},{"damage":0,"enemies":"Orb Walker","floor":38,"turns":2},{"damage":36,"enemies":"Nemesis","floor":40,"turns":5},{"damage":22,"enemies":"Transient","floor":42,"turns":5},{"damage":1,"enemies":"Spire Growth","floor":47,"turns":3},{"damage":46,"enemies":"Time Eater","floor":50,"turns":12},{"damage":21,"enemies":"Shield and Spear","floor":54,"turns":5},{"damage":63,"enemies":"The Heart","floor":55,"turns":5}],"seed_played":"-4226645715513572437","potions_obtained":[{"floor":4,"key":"GhostInAJar"},{"floor":6,"key":"GamblersBrew"},{"floor":7,"key":"SmokeBomb"},{"floor":14,"key":"Energy Potion"},{"floor":18,"key":"Weak Potion"},{"floor":31,"key":"Ancient Potion"},{"floor":33,"key":"Weak Potion"},{"floor":40,"key":"Dexterity Potion"}],"is_trial":false,"path_per_floor":["M","?","M","M","M","E","M","R","T","E","?","M","R","E","R","B",null,"M","?","M","?","M","R","T","$","T","?","$","R","$","E","R","B",null,"M","?","$","M","?","E","R","M","T","$","R","T","M","?","R","B",null,"R","$","E","B"],"character_chosen":"THE_SILENT","items_purchased":["Footwork","Shuriken","Membership Card","Dagger Spray+1","Bronze Scales","Bane+1","Whetstone","Orrery","Catalyst","Well Laid Plans"],"campfire_rested":5,"item_purchase_floors":[25,25,28,28,28,28,37,44,53,53],"current_hp_per_floor":[77,82,82,82,60,29,29,53,53,23,23,14,38,20,44,28,82,69,69,61,61,52,52,52,52,52,26,26,65,65,54,54,38,82,75,75,75,75,75,51,51,41,41,41,80,80,79,79,79,45,82,82,82,61,0,0],"gold":33,"neow_bonus":"TEN_PERCENT_HP_BONUS","is_prod":false,"is_daily":false,"chose_seed":false,"campfire_upgraded":1,"win_rate":0,"timestamp":1607554689,"path_taken":["M","?","M","M","M","E","M","R","T","E","?","M","R","E","R","BOSS","M","?","?","?","M","R","?","$","T","?","$","R","?","E","R","BOSS","M","?","$","M","?","E","R","?","T","?","R","?","M","?","R","BOSS","R","$","E","BOSS"],"build_version":"2020-11-30","purchased_purges":5,"victory":false,"max_hp_per_floor":[77,82,82,82,82,82,82,82,82,82,82,82,82,82,82,82,82,82,82,82,82,82,82,82,82,82,82,82,82,82,82,82,82,82,82,82,82,82,82,82,82,82,82,82,82,82,82,82,82,82,82,82,82,82,82,82],"card_choices":[{"not_picked":["Well Laid Plans","Heel Hook"],"picked":"Dagger Spray","floor":1},{"not_picked":["Terror","Choke"],"picked":"Deadly Poison","floor":3},{"not_picked":["Prepared","Deflect"],"picked":"Backflip","floor":4},{"not_picked":["Deflect","Poisoned Stab"],"picked":"Skewer","floor":5},{"not_picked":["Dagger Throw","Blade Dance"],"picked":"Adrenaline","floor":6},{"not_picked":["PiercingWail","Well Laid Plans"],"picked":"Crippling Poison","floor":7},{"not_picked":["Well Laid Plans","Slice"],"picked":"Backflip","floor":10},{"not_picked":["Bouncing Flask","Slice","Underhanded Strike"],"picked":"Dash","floor":12},{"not_picked":["Blade Dance","Noxious Fumes","Dagger Spray"],"picked":"Malaise","floor":14},{"not_picked":["Venomology","Burst","Phantasmal Killer"],"picked":"Adrenaline","floor":16},{"not_picked":["Masterful Stab+1","Accuracy+1","Slice+1"],"picked":"Noxious Fumes","floor":18},{"not_picked":["Terror","Dodge and Roll","Bouncing Flask"],"picked":"Bane+1","floor":20},{"not_picked":["Calculated Gamble","PiercingWail","Wraith Form v2"],"picked":"Caltrops+1","floor":22},{"not_picked":["Deflect","Dagger Spray+1","Outmaneuver"],"picked":"Footwork","floor":27},{"not_picked":["Finisher+1","Underhanded Strike+1","Prepared"],"picked":"Bane+1","floor":31},{"not_picked":["Envenom","Night Terror","Venomology"],"picked":"Malaise","floor":33},{"not_picked":["Prepared+1","Acrobatics+1","Dagger Throw+1"],"picked":"Escape Plan","floor":35},{"not_picked":["Acrobatics+1","Reflex+1","Underhanded Strike+1"],"picked":"Footwork","floor":38},{"not_picked":["Bane+1","Dagger Throw+1","Blur","Accuracy+1"],"picked":"SKIP","floor":40},{"not_picked":["Deadly Poison+1","Caltrops","Underhanded Strike+1"],"picked":"Deflect+1","floor":42},{"not_picked":["Underhanded Strike+1","Dodge and Roll+1","Predator+1"],"picked":"After Image","floor":44},{"not_picked":["PiercingWail+1","Tactician+1","Accuracy"],"picked":"Dodge and Roll+1","floor":44},{"not_picked":["Riddle With Holes+1","Deflect","Backflip+1"],"picked":"Well Laid Plans+1","floor":44},{"not_picked":["Eviscerate+1","PiercingWail","Prepared"],"picked":"Crippling Poison+1","floor":44},{"not_picked":["Cloak And Dagger+1","Bane+1","Sucker Punch+1"],"picked":"Bouncing Flask+1","floor":44},{"not_picked":["Dagger Throw+1","Blade Dance","Finisher+1"],"picked":"Leg Sweep","floor":47},{"not_picked":["Backstab+1","Blade Dance+1","Outmaneuver+1"],"picked":"Sucker Punch+1","floor":54}],"player_experience":387385,"relics_obtained":[{"floor":6,"key":"PreservedInsect"},{"floor":9,"key":"Blue Candle"},{"floor":10,"key":"Question Card"},{"floor":14,"key":"WingedGreaves"},{"floor":17,"key":"Smiling Mask"},{"floor":17,"key":"Meat on the Bone"},{"floor":17,"key":"Girya"},{"floor":19,"key":"Mummified Hand"},{"floor":24,"key":"Regal Pillow"},{"floor":26,"key":"Molten Egg 2"},{"floor":27,"key":"Red Mask"},{"floor":31,"key":"Pocketwatch"},{"floor":40,"key":"Kunai"},{"floor":54,"key":"Snake Skull"}],"event_choices":[{"damage_healed":0,"gold_gain":0,"player_choice":"Donut","damage_taken":0,"max_hp_gain":5,"max_hp_loss":0,"event_name":"Big Fish","floor":2,"gold_loss":0},{"damage_healed":0,"gold_gain":175,"player_choice":"AGREE","damage_taken":0,"max_hp_gain":0,"max_hp_loss":0,"event_name":"Liars Game","floor":11,"gold_loss":0,"cards_obtained":["Doubt"]},{"damage_healed":0,"gold_gain":0,"player_choice":"Relic","damage_taken":0,"max_hp_gain":0,"max_hp_loss":0,"event_name":"Wheel of Change","floor":19,"gold_loss":0},{"damage_healed":0,"gold_gain":0,"player_choice":"Ignored","damage_taken":0,"max_hp_gain":0,"max_hp_loss":0,"event_name":"Ghosts","floor":21,"gold_loss":0},{"damage_healed":0,"gold_gain":0,"player_choice":"Fought Bandits","damage_taken":0,"max_hp_gain":0,"max_hp_loss":0,"event_name":"Masked Bandits","floor":27,"gold_loss":0},{"cards_removed":["Malaise"],"damage_healed":0,"gold_gain":0,"player_choice":"Removed Skill","damage_taken":0,"max_hp_gain":0,"max_hp_loss":0,"event_name":"Falling","floor":36,"gold_loss":0},{"damage_healed":0,"gold_gain":100,"player_choice":"Pray","damage_taken":0,"max_hp_gain":0,"max_hp_loss":0,"event_name":"Golden Shrine","floor":39,"gold_loss":0},{"damage_healed":0,"gold_gain":0,"player_choice":"Cursed","damage_taken":0,"max_hp_gain":0,"max_hp_loss":0,"event_name":"Wheel of Change","floor":48,"gold_loss":0,"cards_obtained":["Decay"]}],"is_beta":false,"boss_relics":[{"not_picked":["Runic Dome","Fusion Hammer"],"picked":"Calling Bell"},{"not_picked":["Coffee Dripper","Black Star"],"picked":"Cursed Key"}],"items_purged_floors":[25,28,30,37,44],"is_endless":false,"potions_floor_spawned":[4,6,7,14,18,31,33,40],"killed_by":"The Heart","ascension_level":3}}