{"host":"bq4pt811tk9yrmjl","time":1607550342,"event":{"gold_per_floor":[117,117,4,18,18,18,53,53,53,379,394,423,25,25,25,128,128,143,143,143,143,143],"floor_reached":21,"playtime":430,"items_purged":[],"score":231,"play_id":"85981398-bbb4-43b3-9f8b-a1decc18a05c","local_time":"20201209194542","is_ascension_mode":true,"campfire_choices":[{"data":"Vigilance","floor":6,"key":"SMITH"},{"data":"Eruption","floor":8,"key":"SMITH"},{"data":"Prostrate","floor":15,"key":"SMITH"}],"neow_cost":"NONE","seed_source_timestamp":4233072842800,"circlet_count":0,"master_deck":["Strike_P","Strike_P","Strike_P","Strike_P","Defend_P","Defend_P","Defend_P","Defend_P","Eruption+1","Vigilance+1","Study+1","Wireheading+1","Prostrate+1","BattleHymn+1","Vault","FollowUp"],"relics":["PureWater","NeowsBlessing","Frozen Egg 2","StoneCalendar","Mercury Hourglass","Old Coin","Dream Catcher","Lee\u0027s Waffle","Pantograph","Busted Crown"],"potions_floor_usage":[10,10,14],"damage_taken":[{"damage":0,"enemies":"Small Slimes","floor":1,"turns":1},{"damage":0,"enemies":"2 Louse","floor":4,"turns":1},{"damage":0,"enemies":"Gremlin Nob","floor":7,"turns":1},{"damage":3,"enemies":"Lagavulin","floor":10,"turns":7},{"damage":0,"enemies":"Cultist","floor":11,"turns":3},{"damage":20,"enemies":"Gremlin Nob","floor":12,"turns":4},{"damage":0,"enemies":"Exordium Wildlife","floor":14,"turns":1},{"damage":35,"enemies":"Slime Boss","floor":16,"turns":6},{"damage":0,"enemies":"Spheric Guardian","floor":18,"turns":4},{"damage":0,"enemies":"3 Byrds","floor":21,"turns":1}],"seed_played":"475239934353147598","potions_obtained":[{"floor":1,"key":"SmokeBomb"},{"floor":4,"key":"ColorlessPotion"},{"floor":11,"key":"SpeedPotion"},{"floor":16,"key":"Ambrosia"},{"floor":18,"key":"SpeedPotion"}],"is_trial":false,"path_per_floor":["M","?","$","M","?","R","E","R","T","E","M","E","$","M","R","B",null,"M","?","?","M"],"character_chosen":"WATCHER","items_purchased":["Study+1","Regen Potion","Lee\u0027s Waffle","Pantograph"],"campfire_rested":0,"item_purchase_floors":[3,3,13,13],"current_hp_per_floor":[72,54,54,54,54,54,54,54,54,66,66,46,79,79,79,44,79,79,79,64,64,64],"gold":143,"neow_bonus":"THREE_ENEMY_KILL","is_prod":false,"is_daily":false,"chose_seed":false,"campfire_upgraded":3,"win_rate":0,"timestamp":1607550342,"path_taken":["M","?","$","M","?","R","E","R","T","E","M","E","$","?","R","BOSS","M","?","?","M"],"build_version":"2020-11-30","purchased_purges":0,"victory":false,"max_hp_per_floor":[72,72,72,72,72,72,72,72,72,72,72,72,79,79,79,79,79,79,79,84,84,84],"card_choices":[{"not_picked":["Sanctity","ThirdEye","JustLucky"],"picked":"SKIP","floor":1},{"not_picked":["SashWhip","CutThroughFate"],"picked":"Wireheading+1","floor":4},{"not_picked":["Evaluate","Wish"],"picked":"Prostrate","floor":7},{"not_picked":["EmptyFist","Crescendo"],"picked":"BattleHymn+1","floor":10},{"not_picked":["Perseverance","Swivel","CrushJoints"],"picked":"SKIP","floor":11},{"not_picked":["Halt","FlyingSleeves","ClearTheMind"],"picked":"SKIP","floor":12},{"not_picked":["Wish","Blasphemy"],"picked":"Vault","floor":16},{"not_picked":[],"picked":"FollowUp","floor":18}],"player_experience":51172,"relics_obtained":[{"floor":7,"key":"StoneCalendar"},{"floor":9,"key":"Mercury Hourglass"},{"floor":10,"key":"Old Coin"},{"floor":12,"key":"Dream Catcher"}],"event_choices":[{"damage_healed":0,"gold_gain":0,"player_choice":"Success","damage_taken":18,"relics_obtained":["Frozen Egg 2"],"max_hp_gain":0,"max_hp_loss":0,"event_name":"Scrap Ooze","floor":2,"gold_loss":0},{"damage_healed":0,"gold_gain":0,"player_choice":"Got Potions","damage_taken":0,"max_hp_gain":0,"max_hp_loss":0,"event_name":"Lab","floor":5,"gold_loss":0},{"damage_healed":0,"gold_gain":0,"player_choice":"Ignored","damage_taken":0,"max_hp_gain":0,"max_hp_loss":0,"event_name":"Vampires","floor":19,"gold_loss":0},{"damage_healed":0,"gold_gain":0,"player_choice":"Shed Blood","damage_taken":20,"max_hp_gain":5,"max_hp_loss":0,"event_name":"Forgotten Altar","floor":20,"gold_loss":0}],"is_beta":false,"boss_relics":[{"not_picked":["Coffee Dripper","Velvet Choker"],"picked":"Busted Crown"}],"items_purged_floors":[],"is_endless":false,"potions_floor_spawned":[1,4,11,16,18],"killed_by":"3 Byrds","ascension_level":1}}