{"host":"nptej036rrbiurf5","time":1607477652,"event":{"gold_per_floor":[365,8,24,44,61,61,81,94,118,118,118,136,36,63,63,140,140,160,173,190,208,208,208],"floor_reached":22,"playtime":741,"items_purged":["Normality","Strike_B"],"score":346,"play_id":"fed24d2f-7f3e-4863-9e77-debeca28c661","local_time":"20201209103412","is_ascension_mode":true,"campfire_choices":[{"data":"Creative AI","floor":6.0,"key":"SMITH"},{"floor":10.0,"key":"REST"},{"floor":15.0,"key":"REST"}],"neow_cost":"CURSE","seed_source_timestamp":1199219665782200,"circlet_count":0,"master_deck":["AscendersBane","Strike_B","Strike_B","Strike_B","Defend_B","Defend_B","Defend_B","Defend_B","Zap","Dualcast","Darkness","Panacea","Coolheaded","Genetic Algorithm","Ball Lightning","Creative AI+1","Compile Driver","Electrodynamics","Coolheaded","Fission","Chill"],"special_seed":0,"relics":["Cracked Core","DataDisk","Anchor","Odd Mushroom","Cursed Key"],"potions_floor_usage":[],"damage_taken":[{"damage":1.0,"enemies":"Cultist","floor":1.0,"turns":3.0},{"damage":5.0,"enemies":"Jaw Worm","floor":3.0,"turns":4.0},{"damage":10.0,"enemies":"2 Louse","floor":4.0,"turns":2.0},{"damage":5.0,"enemies":"Looter","floor":5.0,"turns":3.0},{"damage":12.0,"enemies":"Exordium Thugs","floor":7.0,"turns":5.0},{"damage":24.0,"enemies":"Lots of Slimes","floor":8.0,"turns":3.0},{"damage":0.0,"enemies":"3 Louse","floor":12.0,"turns":1.0},{"damage":4.0,"enemies":"The Mushroom Lair","floor":14.0,"turns":4.0},{"damage":16.0,"enemies":"Hexaghost","floor":16.0,"turns":8.0},{"damage":24.0,"enemies":"Spheric Guardian","floor":18.0,"turns":6.0},{"damage":16.0,"enemies":"2 Thieves","floor":19.0,"turns":4.0},{"damage":14.0,"enemies":"Centurion and Healer","floor":20.0,"turns":6.0},{"damage":0.0,"enemies":"Snake Plant","floor":21.0,"turns":3.0},{"damage":12,"enemies":"Cultist and Chosen","floor":22,"turns":3}],"seed_played":"5792547809127714391","potions_obtained":[{"floor":1.0,"key":"BlessingOfTheForge"},{"floor":3.0,"key":"BlessingOfTheForge"},{"floor":8.0,"key":"Ancient Potion"},{"floor":12.0,"key":"Swift Potion"},{"floor":19.0,"key":"BlessingOfTheForge"}],"is_trial":false,"path_per_floor":["M","$","M","M","M","R","M","M","T","R","?","M","$","?","R","B",null,"M","M","M","M","M"],"character_chosen":"DEFECT","items_purchased":["DataDisk","Panacea","Coolheaded"],"campfire_rested":2,"item_purchase_floors":[2,2,2],"current_hp_per_floor":[63,63,58,48,43,43,31,7,7,28,28,28,28,24,45,29,61,37,21,7,7,0,0],"gold":208,"neow_bonus":"TWO_FIFTY_GOLD","is_prod":false,"is_daily":false,"chose_seed":false,"campfire_upgraded":1,"win_rate":0,"timestamp":1607477652,"path_taken":["M","$","M","M","M","R","M","?","T","R","?","?","?","?","R","BOSS","M","M","M","M","M"],"build_version":"2020-11-30","purchased_purges":2,"victory":false,"max_hp_per_floor":[71,71,71,71,71,71,71,71,71,71,71,71,71,71,71,71,71,71,71,71,71,71,71],"card_choices":[{"not_picked":["Beam Cell","Redo"],"picked":"Darkness","floor":1.0},{"not_picked":["Stack","Reprogram"],"picked":"Genetic Algorithm","floor":3.0},{"not_picked":["Stack","Leap"],"picked":"Ball Lightning","floor":4.0},{"not_picked":["Scrape","White Noise"],"picked":"Creative AI","floor":5.0},{"not_picked":["Beam Cell","Conserve Battery"],"picked":"Compile Driver","floor":7.0},{"not_picked":["Stack","Self Repair"],"picked":"Electrodynamics","floor":8.0},{"not_picked":["Conserve Battery","Scrape"],"picked":"Coolheaded","floor":12.0},{"not_picked":["Electrodynamics","Hyperbeam"],"picked":"Fission","floor":16.0},{"not_picked":["Hello World","Barrage","FTL"],"picked":"SKIP","floor":18.0},{"not_picked":["Rip and Tear","Conserve Battery","Hologram"],"picked":"SKIP","floor":19.0},{"not_picked":["Self Repair","Leap"],"picked":"Chill","floor":20.0},{"not_picked":["Stack+1","Coolheaded","Barrage"],"picked":"SKIP","floor":21.0}],"player_experience":801112,"relics_obtained":[{"floor":9.0,"key":"Anchor"},{"floor":14.0,"key":"Odd Mushroom"}],"event_choices":[{"damage_healed":0.0,"max_hp_gain":0.0,"max_hp_loss":0.0,"gold_gain":0.0,"event_name":"Lab","player_choice":"Got Potions","floor":11.0,"gold_loss":0.0,"damage_taken":0.0},{"damage_healed":0.0,"max_hp_gain":0.0,"max_hp_loss":0.0,"gold_gain":0.0,"event_name":"Mushrooms","player_choice":"Fought Mushrooms","floor":14.0,"gold_loss":0.0,"damage_taken":0.0}],"is_beta":false,"boss_relics":[{"not_picked":["Runic Dome","Coffee Dripper"],"picked":"Cursed Key"}],"items_purged_floors":[2,13],"is_endless":false,"potions_floor_spawned":[1,3,8,12,19],"killed_by":"Cultist and Chosen","ascension_level":18}}