{"host":"10hinapzqlh39548","time":1607527354,"event":{"gold_per_floor":[10,25,45,0,0,0,18,351,351,351,368,368,534,534,534,629,629,641,740,334,426,446,473,473,483,510,510,600,611,626,114,114,211,211,230,240,41,41,57,84,84,115,191,191,218,218,235,115,115,115,115,115,115,146,146],"floor_reached":56,"playtime":3534,"items_purged":["Strike_B","Strike_B","Strike_B","Defend_B"],"score":1859,"play_id":"7182c262-2a10-44b5-aa92-b2caa00c964f","local_time":"20201209162234","is_ascension_mode":true,"campfire_choices":[{"data":"MostiFishMod:SeaWaves","floor":6.0,"key":"SMITH"},{"data":"Genetic Algorithm","floor":10.0,"key":"SMITH"},{"data":"Coolheaded","floor":12.0,"key":"SMITH"},{"floor":15.0,"key":"REST"},{"floor":24.0,"key":"REST"},{"data":"MostiFishMod:GatherIntelligence","floor":27.0,"key":"SMITH"},{"floor":32.0,"key":"REST"},{"data":"MostiFishMod:InterfaceCompatibility","floor":41.0,"key":"SMITH"},{"floor":44.0,"key":"RECALL"},{"data":"Mirror Shield","floor":46.0,"key":"SMITH"},{"data":"Coolheaded","floor":49.0,"key":"SMITH"},{"data":"Dualcast","floor":52,"key":"PURGE"}],"neow_cost":"NO_GOLD","seed_source_timestamp":0,"circlet_count":0,"master_deck":["Defend_B","Defend_B","Defend_B","Zap","Genetic Algorithm+1","ReplayTheSpireMod:Calculation Training","MostiFishMod:SeaWaves+1","Beam Cell","Go for the Eyes","Coolheaded+1","Mirror Shield+1","MostiFishMod:GatherIntelligence+1","Go for the Eyes","Coolheaded+1","Cold Snap","All For One","MostiFishMod:InterfaceCompatibility+1","Streamline+1","Gash","Scrape","Coolheaded","MostiFishMod:GatherIntelligence"],"special_seed":0,"relics":["FrozenCore","DaveBox","DianPoetry","ShadowXiaoBlade","Question Card","Replay:Mystery Machine","Old Coin","ImportantClient","Oddly Smooth Stone","Tiny Chest","Kunai","Dream Catcher","BargainBundle","PreservedInsect","Replay:Multitool","Philosopher\u0027s Stone","SynthV:C4","Torii","White Beast Statue","MealTicket","ReplayFunnel"],"potions_floor_usage":[55],"damage_taken":[{"damage":2.0,"enemies":"Jaw Worm","floor":1.0,"turns":2.0},{"damage":0.0,"enemies":"Cultist","floor":2.0,"turns":3.0},{"damage":0.0,"enemies":"Small Slimes","floor":3.0,"turns":3.0},{"damage":12.0,"enemies":"Exordium Thugs","floor":7.0,"turns":3.0},{"damage":21.0,"enemies":"Replay:BlueRogue","floor":8.0,"turns":3.0},{"damage":8.0,"enemies":"Large Slime","floor":11.0,"turns":3.0},{"damage":10.0,"enemies":"Red Slaver","floor":13.0,"turns":5.0},{"damage":0.0,"enemies":"Hexaghost","floor":16.0,"turns":6.0},{"damage":0.0,"enemies":"Spheric Guardian","floor":18.0,"turns":4.0},{"damage":18.0,"enemies":"2 Thieves","floor":21.0,"turns":5.0},{"damage":0.0,"enemies":"Cultist and Chosen","floor":22.0,"turns":6.0},{"damage":19.0,"enemies":"Slavers","floor":23.0,"turns":5.0},{"damage":6.0,"enemies":"Snake Plant","floor":25.0,"turns":3.0},{"damage":0.0,"enemies":"Shelled Parasite and Fungi","floor":29.0,"turns":4.0},{"damage":0.0,"enemies":"Snecko","floor":30.0,"turns":4.0},{"damage":0.0,"enemies":"Collector","floor":33.0,"turns":7.0},{"damage":0.0,"enemies":"Orb Walker","floor":35.0,"turns":2.0},{"damage":6.0,"enemies":"3 Shapes","floor":36.0,"turns":4.0},{"damage":0.0,"enemies":"Transient","floor":39.0,"turns":5.0},{"damage":0.0,"enemies":"R_Hoarder","floor":40.0,"turns":3.0},{"damage":0.0,"enemies":"Giant Head","floor":42.0,"turns":4.0},{"damage":0.0,"enemies":"4 Shapes","floor":47.0,"turns":5.0},{"damage":8.0,"enemies":"Donu and Deca","floor":50.0,"turns":5.0},{"damage":0,"enemies":"Shield and Spear","floor":54,"turns":4},{"damage":4,"enemies":"The Heart","floor":55,"turns":7}],"seed_played":"-8352065180169646790","potions_obtained":[{"floor":1.0,"key":"LiquidMemories"},{"floor":3.0,"key":"SkillPotion"},{"floor":13.0,"key":"SteroidPotion"},{"floor":23.0,"key":"Swift Potion"},{"floor":29.0,"key":"BlessingOfTheForge"},{"floor":35.0,"key":"FocusPotion"},{"floor":47.0,"key":"Reflective Coating"}],"is_trial":false,"path_per_floor":["M","M","M","$","?","R","M","E","T","R","M","R","M","?","R","B",null,"M","?","$","M","M","E","R","M","T","R","?","M","M","$","R","B",null,"M","M","$","?","M","E","R","E","T","R","T","R","M","$","R","B",null,"R","$","E","B",null],"character_chosen":"DEFECT","items_purchased":["Beam Cell","Oddly Smooth Stone","Tiny Chest","MostiFishMod:GatherIntelligence","BargainBundle","PreservedInsect","Replay:Multitool","Gash","Scrape"],"campfire_rested":3,"item_purchase_floors":[4,20,20,20,31,31,31,37,37],"current_hp_per_floor":[66,66,66,66,66,66,54,33,33,33,25,25,15,8,30,30,64,64,64,64,46,46,27,49,43,43,43,31,31,31,31,53,53,70,70,64,64,64,64,68,68,68,68,68,68,68,68,75,75,67,73,73,75,75,71],"gold":146,"neow_bonus":"ONE_RARE_RELIC","is_prod":false,"is_daily":false,"chose_seed":false,"campfire_upgraded":7,"win_rate":0,"timestamp":1607527354,"path_taken":["M","M","M","$","?","R","M","E","T","R","?","R","M","?","R","BOSS","M","?","$","M","M","E","R","M","T","R","?","?","M","$","R","BOSS","M","M","$","?","M","E","R","E","T","R","?","R","M","$","R","BOSS","R","$","E","BOSS"],"build_version":"2020-11-30","purchased_purges":4,"victory":true,"max_hp_per_floor":[75,75,75,75,75,75,75,75,75,75,75,75,75,75,75,75,75,75,75,75,75,75,75,75,75,75,75,75,75,75,75,75,75,75,75,75,75,75,75,75,75,75,75,75,75,75,75,75,75,75,75,75,75,75,75],"card_choices":[{"not_picked":["Sunder","ReplaySolidLightProjector"],"picked":"Genetic Algorithm","floor":1.0},{"not_picked":["Chaos","ReplayTheSpireMod:System Scan","Redo"],"picked":"ReplayTheSpireMod:Calculation Training","floor":2.0},{"not_picked":["BasicCrystalCard","Compile Driver","Rip and Tear"],"picked":"MostiFishMod:SeaWaves","floor":3.0},{"not_picked":["Aggregate","Self Repair","Cold Snap"],"picked":"Go for the Eyes","floor":7.0},{"not_picked":["Genetic Algorithm","Heatsinks","Melter","Compile Driver"],"picked":"SKIP","floor":8.0},{"not_picked":["Go for the Eyes","ReplayTheSpireMod:Repulse","Storm"],"picked":"Coolheaded","floor":11.0},{"not_picked":["Machine Learning","Ball Lightning","Beam Cell","Sweeping Beam"],"picked":"SKIP","floor":13.0},{"not_picked":["MostiFishMod:LinkProtocol","Multi-Cast","Buffer"],"picked":"Mirror Shield","floor":16.0},{"not_picked":["Genetic Algorithm","Leap","Beam Cell","Ball Lightning+1"],"picked":"SKIP","floor":18.0},{"not_picked":["Ball Lightning+1","Rebound","Stack"],"picked":"Go for the Eyes","floor":21.0},{"not_picked":["Aggregate","Conserve Battery","Rebound"],"picked":"Coolheaded","floor":22.0},{"not_picked":["MostiFishMod:GoodWordForIt","Conserve Battery","Cold Snap","FIFO Queue"],"picked":"SKIP","floor":23.0},{"not_picked":["Conserve Battery+1","ReplaySort","Time Bomb","Hello World"],"picked":"SKIP","floor":25.0},{"not_picked":["Darkness","Barrage","Static Discharge","Leap"],"picked":"SKIP","floor":29.0},{"not_picked":["Chaos","Steam","Skim"],"picked":"Cold Snap","floor":30.0},{"not_picked":["Hologram","Conserve Battery+1","ReplayTheSpireMod:GoodbyeWorld+1"],"picked":"All For One","floor":32.0},{"not_picked":["MostiFishMod:DawningShadow","MostiFishMod:TalkingToTheRain","MostiFishMod:Impulse"],"picked":"MostiFishMod:InterfaceCompatibility","floor":33.0},{"not_picked":["Leap","Turbo+1","Panic Button+1"],"picked":"Streamline+1","floor":35.0},{"not_picked":["Rebound+1","Skim+1","Undo","ReplayTheSpireMod:Repulse"],"picked":"SKIP","floor":36.0},{"not_picked":["Panic Button+1","Ball Lightning+1","Stack","Go for the Eyes+1"],"picked":"SKIP","floor":39.0},{"not_picked":["Stack+1","Chill+1","Rebound+1"],"picked":"Coolheaded","floor":40.0},{"not_picked":["Conserve Battery+1","Auto Shields","MostiFishMod:FluxCapactior","ReplayTheSpireMod:GoodbyeWorld"],"picked":"SKIP","floor":42.0},{"not_picked":["Compile Driver","Heatsinks+1","Crystallizer","Auto Shields+1"],"picked":"SKIP","floor":47.0},{"not_picked":["Reprogram+1","Melter+1","Stack"],"picked":"MostiFishMod:GatherIntelligence","floor":54}],"player_experience":1069502,"relics_obtained":[{"floor":1.0,"key":"Question Card"},{"floor":8.0,"key":"Old Coin"},{"floor":16.0,"key":"ImportantClient"},{"floor":23.0,"key":"Kunai"},{"floor":26.0,"key":"Dream Catcher"},{"floor":40.0,"key":"SynthV:C4"},{"floor":42.0,"key":"Torii"},{"floor":43.0,"key":"White Beast Statue"},{"floor":45.0,"key":"MealTicket"},{"floor":54,"key":"ReplayFunnel"}],"event_choices":[{"damage_healed":0.0,"max_hp_gain":0.0,"max_hp_loss":0.0,"gold_gain":0.0,"event_name":"WeMeetAgain","player_choice":"Gave Potion","floor":5.0,"gold_loss":0.0,"damage_taken":0.0,"relics_obtained":["Replay:Mystery Machine"]},{"cards_removed":["Strike_B"],"damage_healed":0.0,"max_hp_gain":0.0,"max_hp_loss":0.0,"gold_gain":0.0,"event_name":"Golden Wing","player_choice":"Card Removal","floor":14.0,"gold_loss":0.0,"damage_taken":7.0},{"damage_healed":0.0,"max_hp_gain":0.0,"max_hp_loss":0.0,"gold_gain":99.0,"event_name":"Nest","player_choice":"Stole From Cult","floor":19.0,"gold_loss":0.0,"damage_taken":0.0},{"damage_healed":0.0,"max_hp_gain":0.0,"max_hp_loss":0.0,"gold_gain":90.0,"event_name":"Knowing Skull","player_choice":"GOLD ","floor":28.0,"potions_obtained":[],"gold_loss":0.0,"damage_taken":12.0,"cards_obtained":[]},{"damage_healed":0.0,"max_hp_gain":0.0,"max_hp_loss":0.0,"gold_gain":0.0,"event_name":"SensoryStone","player_choice":"Memory 1","floor":38.0,"gold_loss":0.0,"damage_taken":0.0}],"is_beta":false,"boss_relics":[{"not_picked":["Ring of Chaos","BirthdayGift-Icosahedron"],"picked":"FrozenCore"},{"not_picked":["MostiFishMod:Hod","DiscerningMonocle"],"picked":"Philosopher\u0027s Stone"}],"items_purged_floors":[20,31,37,48],"is_endless":false,"potions_floor_spawned":[1,3,13,23,29,30,35,47,54],"ascension_level":9}}