{"host":"tizlcdlg6ougng56","time":1607504085,"event":{"gold_per_floor":[119,44,63,63,74,74,94,94,94,105,105,132,147,166,166,268,268,278,278,290,306,206,206,131,6,6,6,18,45,45,70,70,168,168,180,230,11,22,36,36,55,55,55,55,73,84,111,0,0,0],"floor_reached":51,"playtime":8822,"items_purged":["DTMod:TargetDefense","DTMod:Coolant","DTMod:Strike","DTMod:TargetDefense"],"score":794,"play_id":"0f7507a2-9fd7-436d-80dc-f9f065e55a05","local_time":"20201209175445","is_ascension_mode":false,"metric_token":415,"campfire_choices":[{"data":"DTMod:DarkBreath","floor":6,"key":"SMITH"},{"data":"DTMod:DoubleHit","floor":8,"key":"SMITH"},{"data":"DTMod:HeatWave","floor":15,"key":"SMITH"},{"data":"DTMod:LightShield","floor":23,"key":"SMITH"},{"data":"DTMod:ComboAttack","floor":30,"key":"SMITH"},{"data":"DTMod:Conduct","floor":32,"key":"SMITH"},{"data":"DTMod:DragonDance","floor":40,"key":"SMITH"},{"data":"DTMod:RepeatStrike","floor":42,"key":"SMITH"},{"data":"DTMod:WarmUp","floor":44,"key":"SMITH"},{"data":"DTMod:Cover","floor":49,"key":"SMITH"}],"neow_cost":"NONE","dtmod_dragon_data":[2,58,1,0,8,0],"seed_source_timestamp":577144929619600,"circlet_count":0,"master_deck":["DTMod:Strike","DTMod:Strike","DTMod:DoubleHit+1","DTMod:SwitchingTactic+1","DTMod:Cover+1","DTMod:DarkBreath+1","DTMod:Conduct+1","DTMod:FierySynthesis+1","DTMod:HeatWave+1","DTMod:LightShield+1","DTMod:Astonish+1","DTMod:WarmUp+1","DTMod:ComboAttack+1","DTMod:Cover","DTMod:RepeatStrike+1","DTMod:MagiciansMark+1","DTMod:DragonDance+1","DTMod:RunningTactic+1","DTMod:Training+1"],"relics":["DTMod:MagicStone","Pocketwatch","WingedGreaves","StoneCalendar","Tiny Chest","DTMod:TacticalNote","Sozu","Incense Burner","Centennial Puzzle","Bag of Preparation","Red Mask"],"potions_floor_usage":[16,20,28,29,45],"damage_taken":[{"damage":0,"enemies":"Cultist","floor":1,"turns":4},{"damage":0,"enemies":"2 Louse","floor":3,"turns":2},{"damage":0,"enemies":"Small Slimes","floor":5,"turns":3},{"damage":0,"enemies":"Looter","floor":7,"turns":3},{"damage":0,"enemies":"Exordium Wildlife","floor":10,"turns":3},{"damage":0,"enemies":"Gremlin Nob","floor":12,"turns":2},{"damage":5,"enemies":"Exordium Thugs","floor":13,"turns":3},{"damage":0,"enemies":"Gremlin Gang","floor":14,"turns":3},{"damage":29,"enemies":"The Guardian","floor":16,"turns":7},{"damage":0,"enemies":"3 Byrds","floor":18,"turns":5},{"damage":0,"enemies":"2 Thieves","floor":20,"turns":2},{"damage":0,"enemies":"Shelled Parasite and Fungi","floor":21,"turns":6},{"damage":0,"enemies":"Centurion and Healer","floor":28,"turns":3},{"damage":0,"enemies":"Slavers","floor":29,"turns":3},{"damage":0,"enemies":"Gremlin Leader","floor":31,"turns":4},{"damage":0,"enemies":"Automaton","floor":33,"turns":7},{"damage":0,"enemies":"Orb Walker","floor":35,"turns":2},{"damage":0,"enemies":"Mind Bloom Boss Battle","floor":36,"turns":4},{"damage":0,"enemies":"3 Shapes","floor":38,"turns":2},{"damage":0,"enemies":"Jaw Worm Horde","floor":39,"turns":4},{"damage":0,"enemies":"Transient","floor":41,"turns":5},{"damage":3,"enemies":"Sphere and 2 Shapes","floor":45,"turns":3},{"damage":21,"enemies":"3 Darklings","floor":46,"turns":3},{"damage":1,"enemies":"Giant Head","floor":47,"turns":5},{"damage":12,"enemies":"Donu and Deca","floor":50,"turns":6},{"damage":31,"enemies":"Malkuth","floor":51,"turns":8}],"seed_played":"7877032363531019692","potions_obtained":[{"floor":3,"key":"GamblersBrew"},{"floor":5,"key":"LiquidBronze"},{"floor":12,"key":"Block Potion"},{"floor":18,"key":"FearPotion"},{"floor":20,"key":"Swift Potion"},{"floor":28,"key":"Regen Potion"}],"is_trial":false,"path_per_floor":["M","$","M","$","M","R","M","R","T","M","?","E","M","M","R","B",null,"M","?","M","M","$","R","?","$","T","?","M","E","R","E","R","B",null,"M","?","$","M","M","R","M","R","T","R","M","M","E","?","R","B",null],"character_chosen":"THE_DT","items_purchased":["DTMod:DragonDance"],"campfire_rested":0,"item_purchase_floors":[37],"current_hp_per_floor":[45,45,45,45,45,45,45,45,45,45,36,36,31,31,31,2,45,45,45,45,45,45,45,45,45,45,45,45,45,45,45,45,45,45,45,45,45,45,45,45,45,45,45,45,42,24,30,30,30,25],"gold":0,"neow_bonus":"TRANSFORM_CARD","is_prod":false,"is_daily":false,"chose_seed":false,"campfire_upgraded":10,"win_rate":1,"timestamp":1607504085,"path_taken":["M","$","M","?","M","R","M","R","T","M","?","E","M","M","R","BOSS","M","?","M","M","$","R","?","$","T","?","?","E","R","E","R","BOSS","M","?","$","M","M","R","M","R","T","R","M","M","E","?","R","BOSS"],"build_version":"2020-11-30","purchased_purges":4,"victory":true,"max_hp_per_floor":[45,45,45,45,45,45,45,45,45,45,45,45,45,45,45,45,45,45,45,45,45,45,45,45,45,45,45,45,45,45,45,45,45,45,45,45,45,45,45,45,45,45,45,45,45,45,45,45,45,45],"card_choices":[{"not_picked":["DTMod:DeepFocus","DTMod:Punisher"],"picked":"DTMod:Cover","floor":1},{"not_picked":["DTMod:QuickFly","DTMod:MagicField"],"picked":"DTMod:DarkBreath","floor":3},{"not_picked":["DTMod:BlazingStrike","DTMod:BlueScale","DTMod:Threaten"],"picked":"SKIP","floor":5},{"not_picked":["DTMod:Cover","DTMod:BlazingStrike"],"picked":"DTMod:Conduct","floor":7},{"not_picked":["DTMod:PurifyingFlame","DTMod:Cover"],"picked":"DTMod:FierySynthesis","floor":10},{"not_picked":["DTMod:ComboAttack","DTMod:LastStand"],"picked":"DTMod:HeatWave","floor":12},{"not_picked":["DTMod:MasterPlan","DTMod:FlameSlash","DTMod:HeatWave"],"picked":"SKIP","floor":13},{"not_picked":["DTMod:FlameSlash","DTMod:Threaten","DTMod:BizarreTactic"],"picked":"SKIP","floor":14},{"not_picked":["DTMod:GearUp","DTMod:Harmonize"],"picked":"DTMod:LightShield","floor":16},{"not_picked":["DTMod:Cover","DTMod:CleansingStrike"],"picked":"DTMod:Astonish+1","floor":18},{"not_picked":["DTMod:BuildUp","DTMod:Threaten"],"picked":"DTMod:WarmUp","floor":20},{"not_picked":["DTMod:ForkedFire","DTMod:Hide"],"picked":"DTMod:ComboAttack","floor":21},{"not_picked":["DTMod:BlazingStrike","DTMod:WarmUp","DTMod:HeatWave"],"picked":"SKIP","floor":28},{"not_picked":["DTMod:BlueScale","DTMod:Feint","DTMod:Outburst"],"picked":"SKIP","floor":29},{"not_picked":["DTMod:LightShield","DTMod:Cover","DTMod:MaximumCharge+1"],"picked":"SKIP","floor":31},{"not_picked":["DTMod:LightShield","DTMod:MaximumCharge+1"],"picked":"DTMod:Cover","floor":31},{"not_picked":["DTMod:TriAttack","DTMod:Safeguard"],"picked":"DTMod:RepeatStrike","floor":33},{"not_picked":["DTMod:PurifyingFlame","DTMod:Threaten+1","DTMod:DarkBreath"],"picked":"SKIP","floor":35},{"not_picked":["DTMod:BreakAttack","DTMod:DarkBreath+1"],"picked":"DTMod:MagiciansMark+1","floor":36},{"not_picked":["DTMod:MasterPlan","DTMod:BurningForce+1","DTMod:CleansingStrike"],"picked":"SKIP","floor":38},{"not_picked":["DTMod:RepeatStrike","DTMod:Overwhelm","DTMod:StarRain+1"],"picked":"SKIP","floor":39},{"not_picked":["DTMod:FlameSlash","DTMod:Threaten+1"],"picked":"DTMod:RunningTactic+1","floor":41},{"not_picked":["DTMod:BizarreTactic","DTMod:ShieldDrain","DTMod:BlazingStrike"],"picked":"SKIP","floor":45},{"not_picked":["DTMod:LastStand","DTMod:Threaten"],"picked":"DTMod:Training+1","floor":46},{"not_picked":["DTMod:PurifyingFlame+1","DTMod:CleansingStrike+1","DTMod:TagTeam+1"],"picked":"SKIP","floor":47}],"player_experience":354726,"relics_obtained":[{"floor":9,"key":"Pocketwatch"},{"floor":12,"key":"WingedGreaves"},{"floor":26,"key":"StoneCalendar"},{"floor":29,"key":"Tiny Chest"},{"floor":31,"key":"DTMod:TacticalNote"},{"floor":36,"key":"Incense Burner"},{"floor":43,"key":"Centennial Puzzle"},{"floor":47,"key":"Bag of Preparation"}],"event_choices":[{"damage_healed":0,"gold_gain":0,"player_choice":"Entered Light","damage_taken":9,"max_hp_gain":0,"max_hp_loss":0,"event_name":"Shining Light","floor":11,"gold_loss":0,"cards_upgraded":["DTMod:FierySynthesis","DTMod:SwitchingTactic"]},{"damage_healed":0,"gold_gain":0,"player_choice":"Ignored","damage_taken":0,"max_hp_gain":0,"max_hp_loss":0,"event_name":"The Mausoleum","floor":19,"gold_loss":0},{"cards_removed":["DTMod:Strike"],"damage_healed":0,"gold_gain":0,"player_choice":"Gave Gold","damage_taken":0,"max_hp_gain":0,"max_hp_loss":0,"event_name":"Beggar","floor":24,"gold_loss":75},{"cards_removed":["DTMod:TargetDefense"],"damage_healed":0,"gold_gain":0,"player_choice":"Elegance","damage_taken":0,"max_hp_gain":0,"max_hp_loss":0,"event_name":"Back to Basics","floor":27,"gold_loss":0},{"damage_healed":0,"gold_gain":0,"player_choice":"Fight","damage_taken":0,"max_hp_gain":0,"max_hp_loss":0,"event_name":"MindBloom","floor":36,"gold_loss":0},{"damage_healed":0,"gold_gain":0,"player_choice":"Paid","damage_taken":0,"relics_obtained":["Red Mask"],"max_hp_gain":0,"max_hp_loss":0,"event_name":"Tomb of Lord Red Mask","floor":48,"gold_loss":111}],"is_beta":false,"boss_relics":[{"not_picked":["DTMod:TheChair","Tiny House"],"picked":"DTMod:MagicStone"},{"not_picked":["Cursed Key","Velvet Choker"],"picked":"Sozu"}],"items_purged_floors":[2,22,25,37],"is_endless":false,"potions_floor_spawned":[3,5,12,18,20,28,38,46,47],"ascension_level":0}}