{"host":"d6jq5n191gimxfx1","time":1607543967,"event":{"gold_per_floor":[118,118,131,151,151,151,163,179,202,236,261,261,278,290,290,290,290],"floor_reached":16,"playtime":639,"items_purged":[],"score":120,"play_id":"7ba00abe-df2a-406d-a3fe-a30f3e743eda","local_time":"20201209205927","is_ascension_mode":true,"campfire_choices":[{"data":"Eruption","floor":6,"key":"SMITH"},{"floor":12,"key":"REST"},{"data":"Evaluate","floor":15,"key":"SMITH"}],"neow_cost":"NONE","seed_source_timestamp":2342591081618500,"circlet_count":0,"master_deck":["Strike_P","Strike_P","Strike_P","Defend_P","Defend_P","Defend_P","Defend_P+1","Eruption+1","Vigilance","EmptyFist","SashWhip+1","Halt+1","ConjureBlade","FlurryOfBlows+1","Consecrate","Evaluate+1"],"relics":["PureWater","NeowsBlessing","MealTicket","War Paint","PreservedInsect","Whetstone"],"potions_floor_usage":[7,16,16],"damage_taken":[{"damage":0,"enemies":"2 Louse","floor":1,"turns":1},{"damage":0,"enemies":"Cultist","floor":3,"turns":1},{"damage":0,"enemies":"Jaw Worm","floor":4,"turns":1},{"damage":13,"enemies":"Lots of Slimes","floor":7,"turns":4},{"damage":12,"enemies":"Large Slime","floor":8,"turns":3},{"damage":13,"enemies":"Gremlin Nob","floor":10,"turns":4},{"damage":3,"enemies":"Exordium Wildlife","floor":13,"turns":3},{"damage":5,"enemies":"Lots of Slimes","floor":14,"turns":4},{"damage":54,"enemies":"Slime Boss","floor":16,"turns":6}],"seed_played":"-2237491337006983538","potions_obtained":[{"floor":1,"key":"LiquidBronze"},{"floor":7,"key":"Dexterity Potion"},{"floor":10,"key":"Fire Potion"},{"floor":14,"key":"ColorlessPotion"}],"is_trial":false,"path_per_floor":["M","?","M","M","?","R","M","M","T","E","T","R","M","M","R","B"],"character_chosen":"WATCHER","items_purchased":[],"campfire_rested":1,"item_purchase_floors":[],"current_hp_per_floor":[72,72,72,72,69,69,56,44,44,31,31,52,49,44,44,0,0],"gold":290,"neow_bonus":"THREE_ENEMY_KILL","is_prod":false,"is_daily":false,"chose_seed":false,"campfire_upgraded":2,"win_rate":0,"timestamp":1607543967,"path_taken":["M","?","M","?","?","R","M","M","T","E","?","R","M","?","R","BOSS"],"build_version":"2020-11-30","purchased_purges":0,"victory":false,"max_hp_per_floor":[72,72,72,72,72,72,72,72,72,72,72,72,72,72,72,72,72],"card_choices":[{"not_picked":["ForeignInfluence","MentalFortress"],"picked":"EmptyFist","floor":1},{"not_picked":["Swivel","CutThroughFate"],"picked":"SashWhip","floor":3},{"not_picked":["ClearTheMind","EmptyFist"],"picked":"Halt","floor":4},{"not_picked":["PathToVictory","SashWhip"],"picked":"ConjureBlade","floor":7},{"not_picked":["WreathOfFlame","WindmillStrike","EmptyFist"],"picked":"SKIP","floor":8},{"not_picked":["WaveOfTheHand","MentalFortress"],"picked":"FlurryOfBlows","floor":10},{"not_picked":["ThirdEye","EmptyBody"],"picked":"Consecrate","floor":13},{"not_picked":["FollowUp","Perseverance"],"picked":"Evaluate","floor":14}],"player_experience":567483,"relics_obtained":[{"floor":9,"key":"War Paint"},{"floor":10,"key":"PreservedInsect"},{"floor":11,"key":"Whetstone"}],"event_choices":[{"cards_removed":["Strike_P"],"damage_healed":0,"gold_gain":0,"player_choice":"Purged","damage_taken":0,"max_hp_gain":0,"max_hp_loss":0,"event_name":"Purifier","floor":2,"gold_loss":0},{"damage_healed":0,"gold_gain":0,"player_choice":"Success","damage_taken":3,"relics_obtained":["MealTicket"],"max_hp_gain":0,"max_hp_loss":0,"event_name":"Scrap Ooze","floor":5,"gold_loss":0}],"is_beta":false,"boss_relics":[],"items_purged_floors":[],"is_endless":false,"potions_floor_spawned":[1,7,10,14],"killed_by":"Slime Boss","ascension_level":3}}