{"host":"0vkf1k7bkmi4whcf","time":1607516501,"event":{"gold_per_floor":[360,360,370,113,125,125,157,382,382,382,451,485,485,176,176,286,286,317,282,292,342,358,393,454,494,521,521,550,239,289,339,339,455,455,472,797,92,142,161,209,228,327,327,338,338,364,414,425,425,425],"floor_reached":51,"playtime":2645,"items_purged":["Doubt","Regret"],"score":1028,"play_id":"cc90fa33-f3ee-4951-b33b-e490cbe7169e","local_time":"20201209132141","is_ascension_mode":true,"campfire_choices":[{"data":"StarDustReverie","floor":6,"key":"SMITH"},{"data":"MysteriousBeam","floor":10,"key":"SMITH"},{"floor":13,"key":"REST"},{"data":"OpenUniverse","floor":15,"key":"SMITH"},{"floor":27,"key":"REST"},{"floor":32,"key":"REST"},{"floor":45,"key":"REST"},{"data":"OortCloud","floor":49,"key":"SMITH"}],"neow_cost":"TEN_PERCENT_HP_LOSS","seed_source_timestamp":252143739198900,"circlet_count":0,"master_deck":["Strike_MRS","Strike_MRS","Strike_MRS","Defend_MRS","Defend_MRS","Defend_MRS","Defend_MRS","MasterSpark","UpSweep","IllusionStar","StarDustReverie+1","GasGiant","WitchLeyline","MysteriousBeam+1","MilkyWay","WitchOfGreed","ChargeUpSpray","GasGiant","GalacticHalo","Dark Shackles","GrandCross","OpenUniverse+1","Acceleration","SuperNova","WitchLeyline","IllusionStar+1","OortCloud+1","DragonMeteor+1","MilkyWay+1","MilkyWay+1","NonDirectionalLaser","Dark Shackles","AsteroidBelt","BinaryStars","GasGiant","IllusionStar","AsteroidBelt","ShootTheMoon","UnstableBomb","The Bomb","expansioncontent:Corrupt","expansioncontent:YouAreMine","OortCloud+1","EventHorizon","GravityBeat+1","FairyDestructionRay+1","Occultation","MysteriousBeam+1","Doubt","CollectingQuirk"],"relics":["MiniHakkero","SsserpentHead","DemoMod:GnawedKey","DemoMod:ChaffGrenade","Philosopher\u0027s Stone","DemoMod:MeltedRock","ZunR:ReiMu","Mango","Boot","Oddly Smooth Stone","HandDrill","RedLine:ReiMu","Bottled Tornado","Mummified Hand","CaptainsWheel","SproutingBranch"],"potions_floor_usage":[16,23,25,33,50,50],"damage_taken":[{"damage":0,"enemies":"Cultist","floor":1,"turns":3},{"damage":7,"enemies":"Jaw Worm","floor":3,"turns":2},{"damage":0,"enemies":"Small Slimes","floor":5,"turns":2},{"damage":13,"enemies":"3 Louse","floor":7,"turns":4},{"damage":0,"enemies":"Large Slime","floor":11,"turns":2},{"damage":23,"enemies":"Lots of Slimes","floor":12,"turns":5},{"damage":29,"enemies":"The Guardian","floor":16,"turns":9},{"damage":11,"enemies":"Spheric Guardian","floor":18,"turns":5},{"damage":6,"enemies":"3 Byrds","floor":22,"turns":4},{"damage":11,"enemies":"Slavers","floor":23,"turns":3},{"damage":0,"enemies":"Snecko","floor":24,"turns":2},{"damage":25,"enemies":"Book of Stabbing","floor":25,"turns":5},{"damage":2,"enemies":"Chosen and Byrds","floor":28,"turns":4},{"damage":21,"enemies":"Champ","floor":33,"turns":8},{"damage":9,"enemies":"3 Shapes","floor":35,"turns":2},{"damage":7,"enemies":"3 Darklings","floor":39,"turns":3},{"damage":0,"enemies":"Nemesis","floor":40,"turns":5},{"damage":0,"enemies":"Jaw Worm Horde","floor":41,"turns":3},{"damage":6,"enemies":"2 Orb Walkers","floor":42,"turns":2},{"damage":30,"enemies":"Writhing Mass","floor":44,"turns":3},{"damage":9,"enemies":"4 Shapes","floor":46,"turns":3},{"damage":20,"enemies":"Spire Growth","floor":48,"turns":3},{"damage":16,"enemies":"Donu and Deca","floor":50,"turns":5}],"seed_played":"3049992124998785412","potions_obtained":[{"floor":7,"key":"Energy Potion"},{"floor":7,"key":"DuplicationPotion"},{"floor":11,"key":"DemoMod:LeadSkinPotion"},{"floor":16,"key":"hexamod:EctoCoolerPotion"},{"floor":18,"key":"CultistPotion"},{"floor":23,"key":"Guardian:BlockOnCardUsePotion"},{"floor":25,"key":"Strength Potion"},{"floor":33,"key":"EssenceOfSteel"},{"floor":46,"key":"DemoMod:LeadSkinPotion"}],"is_trial":false,"path_per_floor":["M","?","M","$","M","R","M","?","T","R","M","M","R","$","R","B",null,"M","?","?","?","M","E","M","E","T","R","M","$","?","?","R","B",null,"M","?","$","?","M","E","M","?","T","M","R","M","?","M","R","B",null],"character_chosen":"MARISA","items_purchased":["GasGiant","WitchLeyline","MysteriousBeam","DemoMod:GnawedKey","MilkyWay","Dark Shackles","GrandCross","OpenUniverse","Acceleration","HandDrill","NonDirectionalLaser","Dark Shackles","AsteroidBelt","Bottled Tornado","IllusionStar","AsteroidBelt","ShootTheMoon","UnstableBomb","The Bomb"],"campfire_rested":4,"item_purchase_floors":[4,4,4,4,4,14,14,14,14,29,29,29,29,37,37,37,37,37,37],"current_hp_per_floor":[68,68,61,61,61,61,48,48,48,48,48,25,45,45,45,16,55,44,44,44,44,38,41,41,16,16,40,38,38,38,38,62,41,72,63,63,63,58,51,51,51,45,45,24,48,48,82,62,62,60],"gold":425,"neow_bonus":"TWO_FIFTY_GOLD","is_prod":false,"is_daily":false,"chose_seed":false,"campfire_upgraded":4,"win_rate":0,"timestamp":1607516501,"path_taken":["M","?","M","?","M","R","M","?","T","R","?","M","R","$","R","BOSS","M","?","?","?","M","E","?","E","T","R","M","$","?","?","R","BOSS","M","?","?","?","M","E","M","?","T","M","R","M","?","M","R","BOSS"],"build_version":"2020-11-30","purchased_purges":2,"victory":true,"max_hp_per_floor":[68,68,68,68,68,68,68,68,68,68,68,68,68,68,68,68,68,68,68,68,68,68,82,82,82,82,82,82,82,82,82,82,82,82,82,82,82,82,82,82,82,82,82,82,82,82,82,82,82,82],"relic_stats":{"SsserpentHead":700,"counters":[23,87],"Mummified Hand":[19],"HandDrill":[18],"Boot":[89],"obtain_stats":[{"DemoMod:ChaffGrenade":9,"ZunR:ReiMu":20,"Oddly Smooth Stone":26,"Mango":23,"DemoMod:GlassGuonStoneRelic":5,"SproutingBranch":43,"Bottled Tornado":37,"Boot":25,"RedLine:ReiMu":34,"SsserpentHead":2,"CaptainsWheel":42,"Shuriken":22,"Mummified Hand":40,"Philosopher\u0027s Stone":17,"DemoMod:MeltedRock":19,"DemoMod:GnawedKey":4,"HandDrill":29,"MiniHakkero":0,"Meat on the Bone":50},{"DemoMod:ChaffGrenade":4,"ZunR:ReiMu":8,"Oddly Smooth Stone":12,"Mango":10,"DemoMod:GlassGuonStoneRelic":3,"SproutingBranch":19,"Bottled Tornado":15,"Boot":12,"RedLine:ReiMu":14,"SsserpentHead":1,"CaptainsWheel":19,"Shuriken":9,"Mummified Hand":17,"Philosopher\u0027s Stone":7,"DemoMod:MeltedRock":8,"DemoMod:GnawedKey":2,"HandDrill":13,"MiniHakkero":0,"Meat on the Bone":23},{"DemoMod:ChaffGrenade":11,"ZunR:ReiMu":32,"Oddly Smooth Stone":46,"Mango":39,"DemoMod:GlassGuonStoneRelic":7,"SproutingBranch":73,"Bottled Tornado":60,"Boot":46,"RedLine:ReiMu":58,"SsserpentHead":3,"CaptainsWheel":73,"Shuriken":33,"Mummified Hand":68,"Philosopher\u0027s Stone":27,"DemoMod:MeltedRock":32,"DemoMod:GnawedKey":5,"HandDrill":50,"MiniHakkero":0,"Meat on the Bone":83}]},"card_choices":[{"not_picked":["6A","ManaConvection"],"picked":"IllusionStar","floor":1},{"not_picked":["WitchOfGreed","DC"],"picked":"StarDustReverie","floor":3},{"not_picked":["DC","GravityBeat"],"picked":"WitchOfGreed","floor":5},{"not_picked":["RefractionSpark","GrandCross"],"picked":"ChargeUpSpray","floor":7},{"not_picked":["Acceleration","SprinkleStarSeal"],"picked":"GasGiant","floor":11},{"not_picked":["GrandCross","UnstableBomb"],"picked":"GalacticHalo","floor":12},{"not_picked":["SatelliteIllusion","BigCrunch"],"picked":"SuperNova","floor":16},{"not_picked":["SporeBomb","GrandCross"],"picked":"WitchLeyline","floor":18},{"not_picked":["GasGiant+1","MilkyWay+1"],"picked":"IllusionStar+1","floor":22},{"not_picked":["UnstableBomb","Acceleration"],"picked":"OortCloud","floor":23},{"not_picked":["UnstableBomb","MagicChant"],"picked":"DragonMeteor+1","floor":24},{"not_picked":["UnstableBomb+1","6A"],"picked":"MilkyWay+1","floor":25},{"not_picked":["MachineGunSpark","WitchOfGreed"],"picked":"MilkyWay+1","floor":28},{"not_picked":["SuperNova","FinalSpark"],"picked":"BinaryStars","floor":33},{"not_picked":["EnergyFlow","PowerUp+1"],"picked":"GasGiant","floor":35},{"not_picked":["expansioncontent:DonusPower","expansioncontent:DefensiveMode"],"picked":"expansioncontent:Corrupt","floor":38},{"not_picked":["expansioncontent:Collect","expansioncontent:TimeRipple"],"picked":"expansioncontent:YouAreMine","floor":38},{"not_picked":["MachineGunSpark+1","IllusionStar+1"],"picked":"OortCloud+1","floor":39},{"not_picked":["OpenUniverse","FairyDestructionRay+1"],"picked":"EventHorizon","floor":40},{"not_picked":["MilkyWay","GasGiant"],"picked":"GravityBeat+1","floor":41},{"not_picked":["GalacticHalo","Orbital+1"],"picked":"FairyDestructionRay+1","floor":42},{"not_picked":["ShootTheMoon+1","Acceleration+1"],"picked":"Occultation","floor":44},{"not_picked":["ChargeUpSpray","IllusionStar"],"picked":"MysteriousBeam+1","floor":46},{"not_picked":["WitchOfGreed","IllusionStar+1"],"picked":"CollectingQuirk","floor":48}],"player_experience":684832,"relics_obtained":[{"floor":9,"key":"DemoMod:ChaffGrenade"},{"floor":23,"key":"Mango"},{"floor":25,"key":"Boot"},{"floor":26,"key":"Oddly Smooth Stone"},{"floor":40,"key":"Mummified Hand"},{"floor":42,"key":"CaptainsWheel"},{"floor":43,"key":"SproutingBranch"}],"event_choices":[{"damage_healed":0,"gold_gain":0,"player_choice":"Trade","damage_taken":0,"relics_obtained":["SsserpentHead"],"max_hp_gain":0,"max_hp_loss":0,"event_name":"FaceTrader","floor":2,"gold_loss":0},{"damage_healed":0,"gold_gain":175,"player_choice":"AGREE","damage_taken":207,"max_hp_gain":0,"max_hp_loss":0,"event_name":"betterThird:BetterSerpent","floor":8,"gold_loss":0},{"damage_healed":0,"gold_gain":0,"player_choice":"Obtained Relic","damage_taken":0,"relics_obtained":["DemoMod:MeltedRock"],"max_hp_gain":0,"max_hp_loss":0,"event_name":"Addict","floor":19,"gold_loss":85},{"damage_healed":0,"gold_gain":0,"player_choice":"Keep O-miki","damage_taken":0,"relics_obtained":["ZunR:ReiMu"],"max_hp_gain":0,"max_hp_loss":0,"event_name":"ZunEvent","floor":20,"gold_loss":40},{"cards_removed":["Strike_MRS"],"damage_healed":0,"gold_gain":0,"player_choice":"Card Removal","damage_taken":0,"max_hp_gain":0,"max_hp_loss":0,"event_name":"Wheel of Change","floor":21,"gold_loss":0},{"damage_healed":0,"gold_gain":0,"player_choice":"Ignored","damage_taken":0,"max_hp_gain":0,"max_hp_loss":0,"event_name":"Ghosts","floor":31,"gold_loss":0},{"damage_healed":0,"gold_gain":275,"player_choice":"Desecrate","damage_taken":0,"max_hp_gain":0,"max_hp_loss":0,"event_name":"Golden Shrine","floor":36,"gold_loss":0,"cards_obtained":["Regret"]},{"damage_healed":0,"gold_gain":0,"player_choice":"Memory 2","damage_taken":5,"max_hp_gain":0,"max_hp_loss":0,"event_name":"SensoryStone","floor":38,"gold_loss":0},{"damage_healed":0,"gold_gain":0,"player_choice":"Fight","damage_taken":0,"max_hp_gain":0,"max_hp_loss":0,"event_name":"Mysterious Sphere","floor":42,"gold_loss":0},{"damage_healed":34,"gold_gain":0,"player_choice":"Heal","damage_taken":0,"max_hp_gain":0,"max_hp_loss":0,"event_name":"MindBloom","floor":47,"gold_loss":0,"cards_obtained":["Doubt"]}],"is_beta":false,"boss_relics":[{"not_picked":["Black Star","Ectoplasm"],"picked":"Philosopher\u0027s Stone"},{"not_picked":["Busted Crown","Fusion Hammer"],"picked":"RedLine:ReiMu"}],"items_purged_floors":[14,37],"is_endless":false,"potions_floor_spawned":[7,11,18,23,28,35,40,46,48],"ascension_level":5}}