{"host":"n3vqtvx9hbigdfc4","time":1607499832,"event":{"gold_per_floor":[359,320,19,19,33,60,76,76,76,76,90,102,19,36,36,131,131,114,125,40,40,60,60,76,76,102,112,112,112,144,144,144,244,244,255,271,271,281,296,296,596,596,596,596,609,625,100,117,117,117],"floor_reached":51,"playtime":4245,"items_purged":["Strike_G"],"score":1124,"play_id":"a194037a-31f6-4bfd-9acb-a36b61bba4eb","local_time":"20201209014352","is_ascension_mode":true,"campfire_choices":[{"floor":10.0,"key":"REST"},{"data":"Endless Agony","floor":15.0,"key":"SMITH"},{"data":"Infinite Blades","floor":23.0,"key":"SMITH"},{"data":"Fluid Movement","floor":25,"key":"SMITH"},{"floor":28,"key":"REST"},{"floor":32,"key":"REST"},{"data":"1","floor":40,"key":"LIFT"},{"data":"2","floor":42,"key":"LIFT"},{"data":"Phantasmal Killer","floor":44,"key":"SMITH"},{"floor":49,"key":"REST"}],"neow_cost":"CURSE","seed_source_timestamp":793556101090900,"circlet_count":0,"master_deck":["AscendersBane","Strike_G","Strike_G+1","Strike_G+1","Defend_G","Defend_G","Defend_G+1","Defend_G","Defend_G","Survivor+1","Neutralize","Endless Agony+1","Accuracy","Leg Sweep","Escape Plan","Leg Sweep+1","Cloak And Dagger","Cloak And Dagger","Venomology","Cloak And Dagger+1","Finisher","Infinite Blades+1","Prepared+1","Fluid Movement+1","Blade Dance","Flying Knee","Phantasmal Killer+1","Dagger Spray+1","PiercingWail","Accuracy","Underhanded Strike","Dagger Throw","Slice","Terror","ReplayTheSpireMod:The Works+1"],"special_seed":0,"relics":["Ring of the Snake","betterThird:SlimedRelic","TheAbacus","Pen Nib","Counterbalance","Bottled Flame","Honey Jar","InkBottle","Gremlin Food","Replay:Rubber Ducky","Girya","Replay:Bronze Core","Old Coin","Thread and Needle","Pet Ghost","StrikeDummy"],"potions_floor_usage":[24,27,27,38,48,50,50,50],"damage_taken":[{"damage":4.0,"enemies":"2 Louse","floor":1.0,"turns":5.0},{"damage":0.0,"enemies":"Jaw Worm","floor":5.0,"turns":6.0},{"damage":10.0,"enemies":"Lagavulin","floor":6.0,"turns":9.0},{"damage":4.0,"enemies":"Small Slimes","floor":7.0,"turns":4.0},{"damage":0.0,"enemies":"Exordium Thugs","floor":11.0,"turns":6.0},{"damage":0.0,"enemies":"Blue Slaver","floor":12.0,"turns":5.0},{"damage":0.0,"enemies":"Large Slime","floor":13.0,"turns":6.0},{"damage":0.0,"enemies":"3 Louse","floor":14.0,"turns":6.0},{"damage":41.0,"enemies":"Slime Boss","floor":16.0,"turns":17.0},{"damage":15.0,"enemies":"2 Thieves","floor":18.0,"turns":4.0},{"damage":0.0,"enemies":"Chosen","floor":19.0,"turns":5.0},{"damage":0.0,"enemies":"Centurion and Healer","floor":22.0,"turns":6.0},{"damage":11,"enemies":"Sentry and Sphere","floor":24,"turns":8},{"damage":0,"enemies":"Snake Plant","floor":27,"turns":6},{"damage":24,"enemies":"Slavers","floor":30,"turns":9},{"damage":8,"enemies":"Collector","floor":33,"turns":17},{"damage":0,"enemies":"3 Darklings","floor":35,"turns":4},{"damage":0,"enemies":"3 Shapes","floor":36,"turns":5},{"damage":13,"enemies":"Spire Growth","floor":38,"turns":4},{"damage":0,"enemies":"3 Darklings","floor":45,"turns":3},{"damage":12,"enemies":"Writhing Mass","floor":46,"turns":5},{"damage":0,"enemies":"4 Shapes","floor":48,"turns":3},{"damage":0,"enemies":"Awakened One","floor":50,"turns":8}],"seed_played":"581910199643209368","potions_obtained":[{"floor":1.0,"key":"Ancient Potion"},{"floor":5.0,"key":"Explosive Potion"},{"floor":7.0,"key":"FearPotion"},{"floor":12.0,"key":"Swift Potion"},{"floor":14.0,"key":"Energy Potion"},{"floor":16.0,"key":"Elixir"},{"floor":19.0,"key":"ColorlessPotion"},{"floor":22.0,"key":"SkillPotion"},{"floor":33,"key":"CultistPotion"},{"floor":35,"key":"Strength Potion"},{"floor":39,"key":"Milkshake"},{"floor":39,"key":"hexamod:EctoCoolerPotion"},{"floor":48,"key":"ColorlessPotion"}],"is_trial":false,"path_per_floor":["M","?","$","?","M","E","M","?","T","R","M","M","M","M","R","B",null,"M","M","?","?","M","R","M","R","T","M","R","?","E","T","R","B",null,"M","M","?","M","?","R","?","R","T","R","M","M","$","M","R","B",null],"character_chosen":"THE_SILENT","items_purchased":["TheAbacus","Pen Nib","Pet Ghost","Terror","StrikeDummy"],"campfire_rested":4,"item_purchase_floors":[3,3,47,47,47],"current_hp_per_floor":[59,48,48,34,34,24,20,25,25,47,47,47,47,47,47,6,58,43,43,43,43,43,43,32,32,32,32,54,40,16,16,40,32,68,68,68,68,55,35,35,35,35,35,35,35,23,23,23,47,47],"gold":117,"neow_bonus":"TWO_FIFTY_GOLD","is_prod":false,"is_daily":false,"chose_seed":false,"campfire_upgraded":4,"win_rate":0,"timestamp":1607499832,"path_taken":["M","?","$","?","M","E","M","?","T","R","M","M","M","?","R","BOSS","M","M","?","?","M","R","M","R","T","M","R","?","E","?","R","BOSS","M","M","?","M","?","R","?","R","T","R","M","?","$","M","R","BOSS"],"build_version":"2020-11-30","purchased_purges":1,"victory":true,"max_hp_per_floor":[70,70,70,70,70,70,70,75,75,75,75,75,75,75,75,75,75,75,75,75,75,75,75,75,75,75,75,75,80,80,80,80,80,80,80,80,80,80,80,80,80,80,80,80,80,80,80,80,80,80],"relic_stats":{"TheAbacus":[210],"counters":[23,151],"Pen Nib":[40],"obtain_stats":[{"Gremlin Food":26,"Girya":31,"Counterbalance":6,"Thread and Needle":43,"Pen Nib":3,"Pet Ghost":47,"Replay:Rubber Ducky":30,"Old Coin":41,"Bottled Flame":9,"TheAbacus":3,"betterThird:SlimedRelic":2,"Replay:Bronze Core":34,"Honey Jar":17,"StrikeDummy":47,"InkBottle":20,"Ring of the Snake":0},{"Gremlin Food":13,"Girya":15,"Counterbalance":3,"Thread and Needle":19,"Pen Nib":1,"Pet Ghost":21,"Replay:Rubber Ducky":15,"Old Coin":19,"Bottled Flame":4,"TheAbacus":1,"betterThird:SlimedRelic":1,"Replay:Bronze Core":16,"Honey Jar":9,"StrikeDummy":21,"InkBottle":11,"Ring of the Snake":0},{"Gremlin Food":87,"Girya":102,"Counterbalance":20,"Thread and Needle":132,"Pen Nib":5,"Pet Ghost":140,"Replay:Rubber Ducky":102,"Old Coin":132,"Bottled Flame":24,"TheAbacus":5,"betterThird:SlimedRelic":5,"Replay:Bronze Core":119,"Honey Jar":64,"StrikeDummy":140,"InkBottle":73,"Ring of the Snake":0}],"InkBottle":[48],"Ring of the Snake":[47]},"card_choices":[{"not_picked":["Outmaneuver","Bouncing Flask"],"picked":"Quick Slash","floor":1.0},{"not_picked":["Catalyst","Dagger Throw"],"picked":"Endless Agony","floor":5.0},{"not_picked":["Dodge and Roll","Terror"],"picked":"Accuracy","floor":6.0},{"not_picked":["Accuracy","ReplayTheSpireMod:From All Sides"],"picked":"Leg Sweep","floor":7.0},{"not_picked":["Noxious Fumes","Acrobatics"],"picked":"Escape Plan","floor":11.0},{"not_picked":["Deflect","Catalyst"],"picked":"Leg Sweep","floor":12.0},{"not_picked":["ReplayTheSpireMod:Exploit Weakness","PiercingWail"],"picked":"Cloak And Dagger","floor":13.0},{"not_picked":["Acrobatics","Flechettes"],"picked":"Cloak And Dagger","floor":14.0},{"not_picked":["Night Terror","Grand Finale"],"picked":"Venomology","floor":16.0},{"not_picked":["Dagger Spray+1","Poisoned Stab","Underhanded Strike"],"picked":"Cloak And Dagger+1","floor":18.0},{"not_picked":["Sucker Punch","Dagger Spray","Dodge and Roll"],"picked":"Finisher","floor":19.0},{"not_picked":["Cloak And Dagger","Bane+1","Riddle With Holes"],"picked":"Prepared+1","floor":22.0},{"not_picked":["Prepared","Hidden Blade","Backflip"],"picked":"Fluid Movement","floor":24},{"not_picked":["Crippling Poison","ReplayTheSpireMod:Speed Training","A Thousand Cuts"],"picked":"Blade Dance","floor":27},{"not_picked":["Poisoned Stab+1","Acrobatics","Quick Slash"],"picked":"Flying Knee","floor":30},{"not_picked":["Doppelganger","Burst","Venomology"],"picked":"Phantasmal Killer","floor":33},{"not_picked":["Underhanded Strike","Sucker Punch","Hidden Blade"],"picked":"Dagger Spray+1","floor":35},{"not_picked":["Quick Slash","Hidden Blade+1","All Out Attack"],"picked":"PiercingWail","floor":36},{"not_picked":["Outmaneuver","Quick Slash+1","Bane+1"],"picked":"Accuracy","floor":38},{"not_picked":["Poisoned Stab","Quick Slash","Deadly Poison"],"picked":"Underhanded Strike","floor":39},{"not_picked":["Atom Bomb","Flying Knee","Expertise"],"picked":"Dagger Throw","floor":45},{"not_picked":["PiercingWail","Underhanded Strike","Hidden Blade"],"picked":"Slice","floor":46},{"not_picked":["Acrobatics","Cloak And Dagger","Underhanded Strike"],"picked":"ReplayTheSpireMod:The Works+1","floor":48}],"player_experience":441735,"relics_obtained":[{"floor":6.0,"key":"Counterbalance"},{"floor":9.0,"key":"Bottled Flame"},{"floor":26,"key":"Gremlin Food"},{"floor":30,"key":"Replay:Rubber Ducky"},{"floor":31,"key":"Girya"},{"floor":43,"key":"Thread and Needle"}],"event_choices":[{"damage_healed":0.0,"max_hp_gain":0.0,"max_hp_loss":0.0,"gold_gain":0.0,"event_name":"betterThird:BetterGoop","player_choice":"Slimed","floor":2.0,"gold_loss":39.0,"damage_taken":11.0},{"damage_healed":48.0,"max_hp_gain":0.0,"max_hp_loss":70.0,"gold_gain":0.0,"event_name":"betterThird:BetterShining","player_choice":"Upgrade","floor":4.0,"gold_loss":0.0,"damage_taken":14.0,"cards_upgraded":["Strike_G","Defend_G"]},{"damage_healed":0.0,"max_hp_gain":5.0,"max_hp_loss":0.0,"gold_gain":0.0,"event_name":"Big Fish","player_choice":"Donut","floor":8.0,"gold_loss":0.0,"damage_taken":0.0},{"damage_healed":0.0,"max_hp_gain":0.0,"max_hp_loss":0.0,"gold_gain":0.0,"event_name":"Addict","player_choice":"Obtained Relic","floor":20.0,"gold_loss":85.0,"damage_taken":0.0,"relics_obtained":["InkBottle"]},{"damage_healed":0.0,"max_hp_gain":0.0,"max_hp_loss":0.0,"gold_gain":0.0,"event_name":"The Library","player_choice":"Read","floor":21.0,"gold_loss":0.0,"damage_taken":0.0,"cards_obtained":["Infinite Blades"]},{"damage_healed":0,"gold_gain":0,"player_choice":"Shed Blood","damage_taken":19,"max_hp_gain":5,"max_hp_loss":0,"event_name":"Forgotten Altar","floor":29,"gold_loss":0},{"cards_removed":["Strike_G"],"damage_healed":0,"gold_gain":0,"player_choice":"Removed Attack","damage_taken":0,"max_hp_gain":0,"max_hp_loss":0,"event_name":"Falling","floor":37,"gold_loss":0},{"cards_removed":["Quick Slash"],"damage_healed":0,"gold_gain":0,"player_choice":"Gave Card","damage_taken":0,"relics_obtained":["Old Coin"],"max_hp_gain":0,"max_hp_loss":0,"event_name":"WeMeetAgain","floor":41,"gold_loss":0}],"is_beta":false,"boss_relics":[{"not_picked":["Replay:Ancient Bell","Snecko Eye"],"picked":"Honey Jar"},{"not_picked":["Empty Cage","Runic Dome"],"picked":"Replay:Bronze Core"}],"items_purged_floors":[47],"is_endless":false,"potions_floor_spawned":[1,5,7,12,14,16,19,22,33,35,48],"ascension_level":12}}