{"host":"bxdue9bkfm2khp2x","time":1607486172,"event":{"gold_per_floor":[120,1700,1713,1733,1259,1284,298,298,323,333,333,345,375,388,388,485,485,505,445,154,167,167,167,167,83,83,111,111,126,160,173,173,273,273,293,293,304,324,343,343,114,142,142,346,56,56,6,19,19,19],"floor_reached":51,"playtime":5147,"items_purged":["alterego_mod:Strike","alterego_mod:Defend","alterego_mod:Strike","Shame","alterego_mod:Strike","alterego_mod:Strike","alterego_mod:BrynhildrsRune"],"score":1006,"play_id":"51cb6928-ade1-422b-948e-a08535d00485","local_time":"20201209115612","is_ascension_mode":true,"campfire_choices":[{"data":"alterego_mod:BigMeatyClaws","floor":11.0,"key":"SMITH"},{"data":"alterego_mod:Nekomimi","floor":15.0,"key":"SMITH"},{"data":"alterego_mod:TrickOrTreatment","floor":23.0,"key":"SMITH"},{"data":"alterego_mod:DiscoLights","floor":28.0,"key":"SMITH"},{"data":"alterego_mod:DiscoLights","floor":32.0,"key":"SMITH"},{"data":"alterego_mod:Palingenesis","floor":40.0,"key":"SMITH"},{"data":"alterego_mod:DiscoLights","floor":49,"key":"SMITH"}],"neow_cost":"NONE","seed_source_timestamp":0,"circlet_count":0,"master_deck":["alterego_mod:Defend","alterego_mod:Defend","alterego_mod:BigMeatyClaws+1","alterego_mod:SakuraLabyrinth","TheCursedMod:StingEye","alterego_mod:TrickOrTreatment+1","alterego_mod:Nekomimi+1","alterego_mod:MagicResistance","alterego_mod:Birthday","alterego_mod:DeftHands","alterego_mod:ChallengeComplete","alterego_mod:ChallengeComplete","alterego_mod:ClassAdvantage+1","alterego_mod:DiscoLights+1","alterego_mod:DiscoLights+1","alterego_mod:Exercise+1","alterego_mod:DiscoLights+1","alterego_mod:Rip","alterego_mod:Palingenesis+1","alterego_mod:TrickOrTreatment+1","alterego_mod:ChallengeComplete","alterego_mod:DiscoLights+1"],"special_seed":0,"relics":["alterego_mod:MasochisticConstitution","REME_ComplimentaryCards","DaveBox","ice","Question Card","BionicSphere","Ying","Ancient Tea Set","GodSword1","Medical Kit","conspire:BottledYoYo","Potion Belt","Smiling Mask","ImportantClient","Dota2Spire:RefresherOrb","Oddly Smooth Stone","Bag of Preparation","GodSword4","Juzu Bracelet","Blood Vial","JellyFishMachine","vexMod:PaidLearning","Dota2Spire:OrchidMalevolence","Blue Doll","Omamori"],"potions_floor_usage":[48,50,50,50,50],"damage_taken":[{"damage":9.0,"enemies":"Cultist","floor":1.0,"turns":5.0},{"damage":5.0,"enemies":"Jaw Worm","floor":3.0,"turns":8.0},{"damage":0.0,"enemies":"Small Slimes","floor":4.0,"turns":7.0},{"damage":2.0,"enemies":"3 Sentries","floor":6.0,"turns":13.0},{"damage":0.0,"enemies":"Exordium Wildlife","floor":10.0,"turns":2.0},{"damage":0.0,"enemies":"Looter","floor":12.0,"turns":3.0},{"damage":2.0,"enemies":"Lagavulin","floor":13.0,"turns":6.0},{"damage":0.0,"enemies":"Exordium Thugs","floor":14.0,"turns":5.0},{"damage":1.0,"enemies":"Slime Boss","floor":16.0,"turns":10.0},{"damage":0.0,"enemies":"3 Byrds","floor":18.0,"turns":5.0},{"damage":0.0,"enemies":"conspire:FuzzyDice","floor":21.0,"turns":5.0},{"damage":0.0,"enemies":"conspire:Head Lice","floor":27.0,"turns":6.0},{"damage":1.0,"enemies":"conspire:HollyBat","floor":29.0,"turns":7.0},{"damage":1.0,"enemies":"Gremlin Leader","floor":30.0,"turns":4.0},{"damage":0.0,"enemies":"3 Cultists","floor":31.0,"turns":5.0},{"damage":0.0,"enemies":"Champ","floor":33.0,"turns":7.0},{"damage":0.0,"enemies":"Orb Walker","floor":35.0,"turns":2.0},{"damage":23.0,"enemies":"3 Shapes","floor":37.0,"turns":5.0},{"damage":14.0,"enemies":"3 Darklings","floor":38.0,"turns":6.0},{"damage":0.0,"enemies":"Jaw Worm Horde","floor":39.0,"turns":5.0},{"damage":1.0,"enemies":"R_Hoarder","floor":42.0,"turns":5.0},{"damage":0,"enemies":"4 Shapes","floor":48,"turns":4},{"damage":12,"enemies":"Replay:Hell Engine","floor":50,"turns":7}],"seed_played":"-8016599421975346848","potions_obtained":[{"floor":6.0,"key":"SkillPotion"},{"floor":12.0,"key":"LifebloodPotion"},{"floor":16.0,"key":"Explosive Potion"},{"floor":18.0,"key":"BlessingOfTheForge"},{"floor":31.0,"key":"Regen Potion"},{"floor":35.0,"key":"Reflective Coating"},{"floor":37.0,"key":"Slimebound:ThreeZeroPotion"},{"floor":42.0,"key":"EssenceOfSteel"},{"floor":48,"key":"Death Potion"}],"is_trial":false,"path_per_floor":["M","?","M","M","$","E","$","?","T","M","R","M","E","M","R","B",null,"M","?","$","M","?","R","?","R","T","E","R","M","E","M","R","B",null,"M","?","M","M","M","R","$","E","T","?","$","?","$","M","R","B",null],"character_chosen":"The_Alterego","items_purchased":["Ying","Ancient Tea Set","Strength Potion","Swift Potion","GodSword1","Medical Kit","alterego_mod:Nekomimi","alterego_mod:MagicResistance","alterego_mod:Birthday","conspire:BottledYoYo","Dota2Spire:HealingSalve","Oddly Smooth Stone","Bag of Preparation","alterego_mod:DiscoLights","vexMod:PaidLearning","alterego_mod:ChallengeComplete","Blue Doll","Omamori"],"campfire_rested":0,"item_purchase_floors":[5,5,5,5,7,7,7,7,7,7,7,20,20,25,41,41,45,45],"current_hp_per_floor":[62,62,65,72,72,73,73,78,78,78,78,78,77,79,79,80,80,80,80,80,80,80,80,80,80,80,80,80,80,82,82,82,82,82,82,82,62,66,79,79,79,83,83,62,62,62,62,64,64,63],"gold":19,"neow_bonus":"RANDOM_COLORLESS","is_prod":false,"is_daily":false,"chose_seed":false,"campfire_upgraded":7,"win_rate":0,"timestamp":1607486172,"path_taken":["M","?","M","M","$","E","$","?","T","M","R","M","E","M","R","BOSS","M","?","$","M","?","R","?","R","T","E","R","M","E","M","R","BOSS","M","?","M","M","M","R","$","E","T","?","?","?","$","M","R","BOSS"],"build_version":"2020-11-30","purchased_purges":7,"victory":true,"max_hp_per_floor":[71,71,72,72,72,73,73,78,78,78,78,78,79,79,79,80,80,80,80,80,80,80,80,80,80,80,80,80,81,82,82,82,82,82,82,82,83,84,84,84,84,85,85,85,85,85,85,85,85,86],"card_choices":[{"not_picked":["alterego_mod:Clones","alterego_mod:Swimsuit"],"picked":"alterego_mod:SakuraLabyrinth","floor":1.0},{"not_picked":["alterego_mod:BustOut","alterego_mod:GoddessCore","alterego_mod:Undulate","alterego_mod:PerceptionDisorder"],"picked":"SKIP","floor":3.0},{"not_picked":["alterego_mod:Complex","alterego_mod:GoddessCore","alterego_mod:PerceptionDisorder","alterego_mod:Belle"],"picked":"SKIP","floor":4.0},{"not_picked":["alterego_mod:Mirror","alterego_mod:Collar","alterego_mod:Bounce"],"picked":"alterego_mod:TrickOrTreatment","floor":6.0},{"not_picked":["alterego_mod:DestructionOfProperty","alterego_mod:HighServant","alterego_mod:TrashNCrash"],"picked":"alterego_mod:DeftHands","floor":10.0},{"not_picked":["alterego_mod:Complex","alterego_mod:Birthday","alterego_mod:PresenceConcealment","alterego_mod:Skirt"],"picked":"SKIP","floor":12.0},{"not_picked":["alterego_mod:TrickOrTreatment","alterego_mod:GachaTicket","alterego_mod:Skirt"],"picked":"alterego_mod:ChallengeComplete","floor":13.0},{"not_picked":["alterego_mod:Cooking","alterego_mod:Belle","alterego_mod:Maid"],"picked":"alterego_mod:ChallengeComplete","floor":14.0},{"not_picked":["alterego_mod:AlterEgo","alterego_mod:STier","alterego_mod:Tantrum"],"picked":"alterego_mod:ClassAdvantage","floor":16.0},{"not_picked":["alterego_mod:TrashNCrash","alterego_mod:HighServant+1","alterego_mod:Crossover","alterego_mod:DeftHands"],"picked":"SKIP","floor":18.0},{"not_picked":["alterego_mod:PainIsPleasure","alterego_mod:Santa","alterego_mod:SakuraPetals","alterego_mod:GoddessCore"],"picked":"SKIP","floor":21.0},{"not_picked":["alterego_mod:DustData+1","alterego_mod:Jiggle","alterego_mod:Cooking"],"picked":"alterego_mod:Exercise+1","floor":27.0},{"not_picked":["alterego_mod:HighServant","alterego_mod:Undulate","alterego_mod:Exercise","alterego_mod:Bloomers"],"picked":"SKIP","floor":29.0},{"not_picked":["alterego_mod:RingBreak","alterego_mod:BusterCard+1","alterego_mod:HighServant+1"],"picked":"alterego_mod:DiscoLights+1","floor":30.0},{"not_picked":["alterego_mod:Birthday+1","alterego_mod:SakuraLabyrinth","alterego_mod:RocketPunch"],"picked":"alterego_mod:Rip","floor":31.0},{"not_picked":["alterego_mod:Venus","alterego_mod:Vow","alterego_mod:AlterEgo"],"picked":"alterego_mod:Palingenesis","floor":33.0},{"not_picked":["alterego_mod:BiFurious+1","alterego_mod:Santa+1","alterego_mod:Complex","alterego_mod:SakuraPetals"],"picked":"SKIP","floor":35.0},{"not_picked":[],"picked":"alterego_mod:TrickOrTreatment","floor":36.0},{"not_picked":["alterego_mod:BusterCard","alterego_mod:PurpleHair","alterego_mod:Maid+1","alterego_mod:Punishment+1"],"picked":"SKIP","floor":37.0},{"not_picked":["alterego_mod:Complex","alterego_mod:SuperDuperMasochism","alterego_mod:Pet","alterego_mod:TrashNCrash+1"],"picked":"SKIP","floor":38.0},{"not_picked":["alterego_mod:Bunnysuit","alterego_mod:Complex","alterego_mod:Cycle+1","alterego_mod:BeGentle"],"picked":"SKIP","floor":39.0},{"not_picked":["alterego_mod:Swimsuit","alterego_mod:InsideBaseball","alterego_mod:Rip"],"picked":"alterego_mod:DiscoLights","floor":42.0},{"not_picked":["alterego_mod:Birthday+1","alterego_mod:1TonWallop+1","alterego_mod:BiFurious+1","alterego_mod:Jiggle"],"picked":"SKIP","floor":48}],"player_experience":1331181,"relics_obtained":[{"floor":1.0,"key":"Question Card"},{"floor":9.0,"key":"Potion Belt"},{"floor":13.0,"key":"Smiling Mask"},{"floor":16.0,"key":"ImportantClient"},{"floor":26.0,"key":"GodSword4"},{"floor":27.0,"key":"Juzu Bracelet"},{"floor":30.0,"key":"Blood Vial"},{"floor":42.0,"key":"Dota2Spire:OrchidMalevolence"}],"event_choices":[{"cards_removed":["alterego_mod:Impale"],"damage_healed":0.0,"max_hp_gain":0.0,"max_hp_loss":0.0,"gold_gain":0.0,"event_name":"The Cleric","player_choice":"Card Removal","floor":2.0,"gold_loss":50.0,"damage_taken":0.0},{"damage_healed":0.0,"max_hp_gain":5.0,"max_hp_loss":0.0,"gold_gain":0.0,"event_name":"Big Fish","player_choice":"Donut","floor":8.0,"gold_loss":0.0,"damage_taken":0.0},{"cards_removed":["alterego_mod:Defend"],"damage_healed":0.0,"max_hp_gain":0.0,"max_hp_loss":0.0,"gold_gain":0.0,"event_name":"Back to Basics","player_choice":"Elegance","floor":22.0,"gold_loss":0.0,"damage_taken":0.0},{"damage_healed":0,"gold_gain":0,"player_choice":"Leave","damage_taken":0,"max_hp_gain":0,"max_hp_loss":0,"event_name":"conspire:Investor","floor":46,"gold_loss":0}],"is_beta":false,"boss_relics":[{"not_picked":["Transparent","Dota2Spire:Bloodstone"],"picked":"Dota2Spire:RefresherOrb"},{"not_picked":["aspiration:SecretTechniqueScroll","ChewingGum"],"picked":"JellyFishMachine"}],"items_purged_floors":[5,7,20,25,41,45,47],"is_endless":false,"potions_floor_spawned":[6,12,16,18,31,35,37,42,48],"ascension_level":5}}