{"host":"6wux4armhsntp4yb","time":1607485784,"event":{"gold_per_floor":[115,115,115,136,80,80,80,113,136,136,171,187,207,223,223,223,223],"floor_reached":16,"playtime":567,"items_purged":[],"score":270,"play_id":"944376ae-8b17-4ecd-bfe4-7b0c4e6b5e11","local_time":"20201209124944","is_ascension_mode":true,"campfire_choices":[{"data":"Neutralize","floor":6.0,"key":"SMITH"},{"data":"Footwork","floor":10.0,"key":"SMITH"},{"data":"Cloak And Dagger","floor":15,"key":"SMITH"}],"neow_cost":"NONE","seed_source_timestamp":274376867475657,"circlet_count":0,"master_deck":["AscendersBane","Strike_G","Strike_G","Strike_G","Strike_G","Defend_G","Defend_G","Defend_G","Defend_G","Defend_G","Survivor","Neutralize+1","Footwork+1","Slice","PiercingWail","Footwork+1","Dash","Dodge and Roll","Cloak And Dagger+1"],"special_seed":0,"relics":["Ring of the Snake","NeowsBlessing","Golden Idol","Potion Belt","Bag of Marbles","Lantern"],"potions_floor_usage":[11,16],"damage_taken":[{"damage":0.0,"enemies":"Small Slimes","floor":1.0,"turns":1.0},{"damage":0.0,"enemies":"Jaw Worm","floor":4.0,"turns":1.0},{"damage":0.0,"enemies":"Gremlin Nob","floor":8.0,"turns":1.0},{"damage":23,"enemies":"3 Sentries","floor":11,"turns":16},{"damage":0,"enemies":"Cultist","floor":12,"turns":4},{"damage":0,"enemies":"Red Slaver","floor":13,"turns":4},{"damage":0,"enemies":"Exordium Wildlife","floor":14,"turns":9},{"damage":43,"enemies":"Hexaghost","floor":16,"turns":11}],"seed_played":"-4031421948288677645","potions_obtained":[{"floor":1.0,"key":"Poison Potion"},{"floor":12,"key":"Energy Potion"},{"floor":13,"key":"Explosive Potion"}],"is_trial":false,"path_per_floor":["M","?","?","M","$","R","?","E","T","R","E","M","M","M","R","B"],"character_chosen":"THE_SILENT","items_purchased":["PowerPotion"],"campfire_rested":0,"item_purchase_floors":[5],"current_hp_per_floor":[59,59,59,59,59,59,59,59,59,59,36,36,36,36,36,0,0],"gold":223,"neow_bonus":"THREE_ENEMY_KILL","is_prod":false,"is_daily":false,"chose_seed":false,"campfire_upgraded":3,"win_rate":0,"timestamp":1607485784,"path_taken":["M","?","?","?","?","R","?","E","T","R","E","M","M","M","R","BOSS"],"build_version":"2020-11-30","purchased_purges":0,"victory":false,"max_hp_per_floor":[66,60,60,60,60,60,60,60,60,60,60,60,60,60,60,60,60],"relic_stats":{"counters":[8,47],"Golden Idol":28,"obtain_stats":[{"Potion Belt":8,"Lantern":11,"NeowsBlessing":0,"Golden Idol":2,"Bag of Marbles":9,"Ring of the Snake":0},{"Potion Belt":3,"Lantern":4,"NeowsBlessing":0,"Golden Idol":1,"Bag of Marbles":3,"Ring of the Snake":0},{"Potion Belt":3,"Lantern":19,"NeowsBlessing":0,"Golden Idol":1,"Bag of Marbles":3,"Ring of the Snake":0}],"Ring of the Snake":[16]},"card_choices":[{"not_picked":["PiercingWail","Infinite Blades"],"picked":"Footwork","floor":1.0},{"not_picked":["Backflip","Reflex"],"picked":"PiercingWail","floor":4.0},{"not_picked":["Flying Knee","Acrobatics"],"picked":"Footwork","floor":8.0},{"not_picked":["Die Die Die","Dagger Throw"],"picked":"Dash","floor":11},{"not_picked":["Sucker Punch","Leg Sweep"],"picked":"Dodge and Roll","floor":12},{"not_picked":["Flying Knee","Heel Hook"],"picked":"Cloak And Dagger","floor":13},{"not_picked":["Quick Slash","Finisher","Underhanded Strike"],"picked":"SKIP","floor":14}],"player_experience":5594296,"relics_obtained":[{"floor":8.0,"key":"Potion Belt"},{"floor":9.0,"key":"Bag of Marbles"},{"floor":11,"key":"Lantern"}],"event_choices":[{"damage_healed":0.0,"max_hp_gain":0.0,"max_hp_loss":6.0,"gold_gain":0.0,"event_name":"Golden Idol","player_choice":"Lose Max HP","floor":2.0,"gold_loss":0.0,"damage_taken":0.0,"relics_obtained":["Golden Idol"]},{"damage_healed":0.0,"max_hp_gain":0.0,"max_hp_loss":0.0,"gold_gain":0.0,"cards_transformed":["Strike_G"],"event_name":"Transmorgrifier","player_choice":"Transformed","floor":3.0,"gold_loss":0.0,"damage_taken":0.0,"cards_obtained":["Slice"]},{"damage_healed":0.0,"max_hp_gain":0.0,"max_hp_loss":0.0,"gold_gain":0.0,"event_name":"Upgrade Shrine","player_choice":"Upgraded","floor":7.0,"gold_loss":0.0,"damage_taken":0.0,"cards_upgraded":["Footwork"]}],"is_beta":false,"boss_relics":[],"items_purged_floors":[],"is_endless":false,"potions_floor_spawned":[1,12,13],"killed_by":"Hexaghost","ascension_level":20}}