{"host":"brlhu57vzmgrzvkq","time":1607549497,"event":{"gold_per_floor":[114,114,133,32,48,76,76,102,178,178,189,205,48,61,61,161,161,161,161,161,86,86,86,86,86,86,86,86,86,86,86,86,86,86,86,86,86,86,86,86,86,86,86,59,59,59,59,59,59,59],"floor_reached":51,"playtime":2635,"items_purged":["Strike_P"],"score":872,"play_id":"b5d580c6-6d19-43a0-8a0d-9780e247b1a6","local_time":"20201209143137","is_ascension_mode":true,"campfire_choices":[{"data":"Prostrate","floor":7.0,"key":"SMITH"},{"floor":10.0,"key":"RECALL"},{"floor":15.0,"key":"REST"},{"data":"Wallop","floor":23.0,"key":"SMITH"},{"floor":32.0,"key":"REST"},{"floor":49.0,"key":"REST"}],"neow_cost":"NONE","seed_source_timestamp":730548752233800,"circlet_count":0,"master_deck":["Strike_P+1","Defend_P","Defend_P","Defend_P","Defend_P+1","Eruption+1","Vigilance+1","Weave+1","Worship+1","Prostrate+1","EmptyFist","Judgement","ThirdEye","Scrawl","WaveOfTheHand+1","Evaluate+1","Wallop+1","LessonLearned","Perseverance+1","SandsOfTime+1","EmptyBody+1","Brilliance","Nirvana","Parasite","ThirdEye+1","Protect+1","Scrawl+1"],"special_seed":0,"relics":["PureWater","Gambling Chip","Blood Vial","HornCleat","Damaru","Ectoplasm","Toy Ornithopter","Toxic Egg 2","Ancient Tea Set","Bronze Scales","Sozu","Pear","Regal Pillow","Bag of Marbles","MealTicket","GoldenEye","Unceasing Top"],"potions_floor_usage":[50,50],"damage_taken":[{"damage":5.0,"enemies":"Small Slimes","floor":1.0,"turns":2.0},{"damage":0.0,"enemies":"Cultist","floor":3.0,"turns":2.0},{"damage":0.0,"enemies":"2 Louse","floor":5.0,"turns":2.0},{"damage":16.0,"enemies":"3 Sentries","floor":6.0,"turns":8.0},{"damage":42.0,"enemies":"Gremlin Nob","floor":8.0,"turns":5.0},{"damage":0.0,"enemies":"Looter","floor":11.0,"turns":2.0},{"damage":0.0,"enemies":"Blue Slaver","floor":12.0,"turns":1.0},{"damage":0.0,"enemies":"Lots of Slimes","floor":14.0,"turns":5.0},{"damage":29.0,"enemies":"The Guardian","floor":16.0,"turns":11.0},{"damage":1.0,"enemies":"3 Byrds","floor":18.0,"turns":3.0},{"damage":0.0,"enemies":"Shell Parasite","floor":19.0,"turns":2.0},{"damage":8.0,"enemies":"Centurion and Healer","floor":20.0,"turns":5.0},{"damage":0.0,"enemies":"Sentry and Sphere","floor":22.0,"turns":3.0},{"damage":13.0,"enemies":"Gremlin Leader","floor":24.0,"turns":9.0},{"damage":11.0,"enemies":"Book of Stabbing","floor":27.0,"turns":11.0},{"damage":18.0,"enemies":"Cultist and Chosen","floor":28.0,"turns":8.0},{"damage":0.0,"enemies":"Snake Plant","floor":29.0,"turns":9.0},{"damage":15.0,"enemies":"Gremlin Leader","floor":31.0,"turns":6.0},{"damage":14.0,"enemies":"Champ","floor":33.0,"turns":9.0},{"damage":0.0,"enemies":"3 Darklings","floor":35.0,"turns":7.0},{"damage":0.0,"enemies":"Orb Walker","floor":37.0,"turns":2.0},{"damage":0.0,"enemies":"Writhing Mass","floor":38.0,"turns":2.0},{"damage":7.0,"enemies":"4 Shapes","floor":39.0,"turns":11.0},{"damage":13.0,"enemies":"Reptomancer","floor":40.0,"turns":7.0},{"damage":9.0,"enemies":"Nemesis","floor":42.0,"turns":5.0},{"damage":20.0,"enemies":"Giant Head","floor":45.0,"turns":9.0},{"damage":0.0,"enemies":"Spire Growth","floor":46.0,"turns":3.0},{"damage":0.0,"enemies":"Mind Bloom Boss Battle","floor":47.0,"turns":7.0},{"damage":0.0,"enemies":"2 Orb Walkers","floor":48.0,"turns":3.0},{"damage":27,"enemies":"Time Eater","floor":50,"turns":9}],"seed_played":"-750699935175352006","potions_obtained":[{"floor":1.0,"key":"Explosive Potion"},{"floor":5.0,"key":"SkillPotion"},{"floor":14.0,"key":"SkillPotion"},{"floor":20.0,"key":"Swift Potion"},{"floor":22.0,"key":"DistilledChaos"},{"floor":28.0,"key":"Fire Potion"},{"floor":31.0,"key":"SkillPotion"}],"is_trial":false,"path_per_floor":["M","?","M","$","M","E","R","E","T","R","M","M","$","M","R","B",null,"M","M","M","?","M","R","E","?","T","E","M","M","?","E","R","B",null,"M","$","M","M","M","E","?","E","T","$","E","M","?","?","R","B",null],"character_chosen":"WATCHER","items_purchased":["Prostrate","Damaru","Protect+1"],"campfire_rested":3,"item_purchase_floors":[4,13,44],"current_hp_per_floor":[67,67,67,67,67,51,51,9,9,9,11,13,13,15,36,9,72,71,72,64,64,66,66,55,72,72,66,50,52,39,26,49,37,77,77,77,77,77,70,74,74,67,67,67,49,51,53,55,87,65],"gold":59,"neow_bonus":"UPGRADE_CARD","is_prod":false,"is_daily":false,"chose_seed":false,"campfire_upgraded":2,"win_rate":0,"timestamp":1607549497,"path_taken":["M","?","M","$","M","E","R","E","T","R","?","M","?","M","R","BOSS","M","M","M","?","M","R","E","?","T","E","M","M","?","E","R","BOSS","M","$","M","M","M","E","?","E","T","$","E","M","?","?","R","BOSS"],"build_version":"2020-11-30","purchased_purges":1,"victory":true,"max_hp_per_floor":[72,72,72,72,72,72,72,72,72,72,72,72,72,72,72,72,72,72,72,72,72,72,72,72,72,72,72,72,72,77,77,77,77,77,77,77,77,77,77,87,87,87,87,87,87,87,87,87,87,87],"card_choices":[{"not_picked":["WreathOfFlame","PathToVictory"],"picked":"Weave","floor":1.0},{"not_picked":["Study","CarveReality"],"picked":"Worship","floor":3.0},{"not_picked":["SashWhip","Vengeance"],"picked":"EmptyFist","floor":5.0},{"not_picked":["Indignation","ReachHeaven","EmptyFist"],"picked":"SKIP","floor":6.0},{"not_picked":["EmptyBody","Evaluate"],"picked":"Judgement","floor":8.0},{"not_picked":["CutThroughFate","TalkToTheHand"],"picked":"ThirdEye","floor":11.0},{"not_picked":["CarveReality","BattleHymn","FollowUp"],"picked":"SKIP","floor":12.0},{"not_picked":["FlurryOfBlows","ForeignInfluence","Indignation"],"picked":"SKIP","floor":14.0},{"not_picked":["Omniscience","Vault"],"picked":"Scrawl","floor":16.0},{"not_picked":["FlyingSleeves+1","LikeWater"],"picked":"WaveOfTheHand+1","floor":18.0},{"not_picked":["Sanctity","Worship","BowlingBash"],"picked":"SKIP","floor":19.0},{"not_picked":["EmptyBody+1","BowlingBash+1"],"picked":"Evaluate+1","floor":20.0},{"not_picked":["Indignation","Halt"],"picked":"Wallop","floor":22.0},{"not_picked":["Conclude+1","Evaluate","CrushJoints"],"picked":"SKIP","floor":24.0},{"not_picked":["SashWhip","WindmillStrike"],"picked":"LessonLearned","floor":27.0},{"not_picked":["ForeignInfluence+1","EmptyFist"],"picked":"Perseverance+1","floor":28.0},{"not_picked":["EmptyFist+1","Evaluate+1"],"picked":"SandsOfTime+1","floor":29.0},{"not_picked":["WreathOfFlame+1","Swivel+1"],"picked":"EmptyBody+1","floor":31.0},{"not_picked":["Judgement+1","LessonLearned"],"picked":"Brilliance","floor":33.0},{"not_picked":["CrushJoints","PathToVictory+1","EmptyBody+1"],"picked":"SKIP","floor":35.0},{"not_picked":["EmptyBody+1","Nirvana","Crescendo+1"],"picked":"SKIP","floor":37.0},{"not_picked":["EmptyBody+1","Crescendo+1"],"picked":"Nirvana","floor":37.0},{"not_picked":["EmptyBody+1","FearNoEvil+1","Vengeance+1"],"picked":"SKIP","floor":38.0},{"not_picked":["InnerPeace+1","FearNoEvil","FlurryOfBlows"],"picked":"SKIP","floor":39.0},{"not_picked":["BowlingBash+1","FollowUp+1","Indignation+1"],"picked":"SKIP","floor":40.0},{"not_picked":["Swivel+1","Halt+1"],"picked":"ThirdEye+1","floor":42.0},{"not_picked":["ThirdEye+1","Study","FollowUp"],"picked":"SKIP","floor":45.0},{"not_picked":["EmptyBody+1","Wallop+1"],"picked":"Scrawl+1","floor":46.0}],"player_experience":53275,"relics_obtained":[{"floor":6.0,"key":"Gambling Chip"},{"floor":8.0,"key":"Blood Vial"},{"floor":9.0,"key":"HornCleat"},{"floor":24.0,"key":"Toy Ornithopter"},{"floor":26.0,"key":"Toxic Egg 2"},{"floor":27.0,"key":"Ancient Tea Set"},{"floor":31.0,"key":"Bronze Scales"},{"floor":40.0,"key":"Pear"},{"floor":42.0,"key":"Regal Pillow"},{"floor":43.0,"key":"Bag of Marbles"},{"floor":45.0,"key":"MealTicket"},{"floor":47.0,"key":"GoldenEye"},{"floor":48.0,"key":"Unceasing Top"}],"event_choices":[{"damage_healed":0.0,"max_hp_gain":0.0,"max_hp_loss":0.0,"gold_gain":0.0,"event_name":"Accursed Blacksmith","player_choice":"Forge","floor":2.0,"gold_loss":0.0,"damage_taken":0.0,"cards_upgraded":["Vigilance"]},{"cards_removed":["Strike_P"],"damage_healed":0.0,"max_hp_gain":0.0,"max_hp_loss":0.0,"gold_gain":0.0,"event_name":"Beggar","player_choice":"Gave Gold","floor":21.0,"gold_loss":75.0,"damage_taken":0.0},{"damage_healed":24.0,"max_hp_gain":0.0,"max_hp_loss":0.0,"gold_gain":0.0,"event_name":"The Library","player_choice":"Heal","floor":25.0,"gold_loss":0.0,"damage_taken":0.0},{"damage_healed":0.0,"max_hp_gain":5.0,"max_hp_loss":0.0,"gold_gain":0.0,"event_name":"Forgotten Altar","player_choice":"Shed Blood","floor":30.0,"gold_loss":0.0,"damage_taken":18.0},{"cards_removed":["Strike_P"],"damage_healed":0.0,"max_hp_gain":0.0,"max_hp_loss":0.0,"gold_gain":0.0,"event_name":"Falling","player_choice":"Removed Attack","floor":41.0,"gold_loss":0.0,"damage_taken":0.0},{"damage_healed":0.0,"max_hp_gain":0.0,"max_hp_loss":0.0,"gold_gain":0.0,"event_name":"MindBloom","player_choice":"Fight","floor":47.0,"gold_loss":0.0,"damage_taken":0.0},{"damage_healed":0.0,"max_hp_gain":0.0,"max_hp_loss":0.0,"gold_gain":0.0,"event_name":"Mysterious Sphere","player_choice":"Fight","floor":48.0,"gold_loss":0.0,"damage_taken":0.0}],"is_beta":false,"boss_relics":[{"not_picked":["Tiny House","Empty Cage"],"picked":"Ectoplasm"},{"not_picked":["Coffee Dripper","Astrolabe"],"picked":"Sozu"}],"items_purged_floors":[4],"is_endless":false,"potions_floor_spawned":[1,5,14,20,22,28,31,38,39,40,45],"ascension_level":1}}