{"host":"i0avyit1s6jb1siw","time":1607535385,"event":{"gold_per_floor":[115,190,170,183,247,247,275,286,286,186,186,215,215,225,225,302,302,314,24,35,48,68,68,78,111,111,141,191,191,201,201,201,201,201],"floor_reached":33,"playtime":730,"items_purged":["Shame","Strike_G","Strike_G"],"score":690,"play_id":"c6ada4f7-fd5e-4af0-997d-a869ad434655","local_time":"20201209183625","is_ascension_mode":true,"campfire_choices":[{"data":"Poisoned Stab","floor":6,"key":"SMITH"},{"data":"Deadly Poison","floor":11,"key":"SMITH"},{"data":"Strike_G","floor":15,"key":"PURGE"},{"data":"Flechettes","floor":23,"key":"SMITH"},{"data":"Ghostly","floor":32,"key":"SMITH"}],"neow_cost":"NONE","seed_source_timestamp":0,"circlet_count":0,"master_deck":["AscendersBane","Strike_G+1","Defend_G","Defend_G","Defend_G","Defend_G","Defend_G","Survivor","Neutralize","Poisoned Stab+1","Backstab+1","After Image","Deadly Poison+1","Flechettes+1","Adrenaline","Deadly Poison+1","Bouncing Flask+1","Poison Darts","Ghostly","Ghostly","Ghostly+1"],"special_seed":0,"relics":["Ring of the Snake","NeowsBlessing","ReplayTheSpireMod:CursedCoin","Whetstone","Anchor","Blood Vial","Velvet Choker","Lee\u0027s Waffle","Dream Catcher","StrikeDummy","Dota2Spire:BladeMail"],"potions_floor_usage":[16,25],"damage_taken":[{"damage":0.0,"enemies":"Jaw Worm","floor":1.0,"turns":1.0},{"damage":0,"enemies":"Cultist","floor":4,"turns":1},{"damage":0,"enemies":"3 Sentries","floor":7,"turns":1},{"damage":0,"enemies":"Small Slimes","floor":8,"turns":2},{"damage":13,"enemies":"Lagavulin","floor":12,"turns":5},{"damage":0,"enemies":"3 Louse","floor":14,"turns":3},{"damage":8,"enemies":"Hexaghost","floor":16,"turns":9},{"damage":24,"enemies":"3 Byrds","floor":18,"turns":6},{"damage":0,"enemies":"2 Thieves","floor":20,"turns":4},{"damage":0,"enemies":"Centurion and Healer","floor":21,"turns":7},{"damage":35,"enemies":"Cultist and Chosen","floor":22,"turns":7},{"damage":4,"enemies":"Snake Plant","floor":24,"turns":3},{"damage":25,"enemies":"Gremlin Leader","floor":25,"turns":6},{"damage":0,"enemies":"Replay:Snechameleon","floor":27,"turns":4},{"damage":0,"enemies":"Centurion and Healer","floor":30,"turns":5},{"damage":73,"enemies":"Champ","floor":33,"turns":10}],"seed_played":"-7212542929137242317","potions_obtained":[{"floor":1.0,"key":"Milkshake"},{"floor":3,"key":"SneckoOil"},{"floor":4,"key":"Adrenaline Potion"},{"floor":5,"key":"Dota2Spire:HealingSalve"},{"floor":21,"key":"Explosive Potion"},{"floor":22,"key":"FairyPotion"},{"floor":27,"key":"Dexterity Potion"}],"is_trial":false,"path_per_floor":["M","$","?","M","?","R","E","M","T","$","R","E","?","M","R","B",null,"M","$","M","M","M","R","M","E","T","E","?","?","M","?","R","B"],"character_chosen":"THE_SILENT","items_purchased":["ReplayTheSpireMod:CursedCoin","Lee\u0027s Waffle"],"campfire_rested":0,"item_purchase_floors":[2,19],"current_hp_per_floor":[59,59,59,59,38,38,38,38,38,38,38,25,25,27,27,21,55,33,73,73,73,38,38,36,19,19,21,21,21,23,23,23,0,0],"gold":201,"neow_bonus":"THREE_ENEMY_KILL","is_prod":false,"is_daily":false,"chose_seed":false,"campfire_upgraded":4,"win_rate":0,"timestamp":1607535385,"path_taken":["M","$","?","?","?","R","E","M","T","$","R","E","?","M","R","BOSS","M","$","M","M","M","R","M","E","T","E","?","?","M","?","R","BOSS"],"build_version":"2020-11-30","purchased_purges":3,"victory":false,"max_hp_per_floor":[66,66,66,66,66,66,66,66,66,66,66,66,66,66,66,66,66,66,73,73,73,73,73,73,73,73,73,73,73,73,36,36,36,36],"card_choices":[{"not_picked":["Expertise","Terror"],"picked":"Poisoned Stab","floor":1.0},{"not_picked":["Dagger Throw","Slice"],"picked":"Backstab","floor":4},{"not_picked":["Dodge and Roll","Dagger Spray"],"picked":"After Image","floor":7},{"not_picked":["Dagger Throw","Sneak Up"],"picked":"Deadly Poison","floor":8},{"not_picked":["Accuracy","Grand Finale","Backflip"],"picked":"SKIP","floor":12},{"not_picked":["Deflect","Outmaneuver"],"picked":"Flechettes","floor":14},{"not_picked":["ReplayTheSpireMod:Necrosis","Glass Knife"],"picked":"Adrenaline","floor":16},{"not_picked":["Dagger Throw","Prepared"],"picked":"Deadly Poison+1","floor":18},{"not_picked":["Slice","Outmaneuver","Prepared"],"picked":"SKIP","floor":20},{"not_picked":["PiercingWail","Blade Dance","Prepared"],"picked":"SKIP","floor":21},{"not_picked":["Dagger Throw","PiercingWail"],"picked":"Bouncing Flask+1","floor":22},{"not_picked":["Slice","Distraction","Bane"],"picked":"SKIP","floor":24},{"not_picked":["Heel Hook","Cloak And Dagger"],"picked":"Poison Darts","floor":25},{"not_picked":["Predator","All Out Attack","Poison Darts"],"picked":"SKIP","floor":27},{"not_picked":["Backflip","Hidden Blade","Flying Knee"],"picked":"SKIP","floor":30}],"player_experience":2058115,"relics_obtained":[{"floor":5,"key":"Whetstone"},{"floor":7,"key":"Anchor"},{"floor":12,"key":"Blood Vial"},{"floor":25,"key":"Dream Catcher"},{"floor":26,"key":"StrikeDummy"},{"floor":27,"key":"Dota2Spire:BladeMail"}],"event_choices":[{"damage_healed":0,"gold_gain":0,"player_choice":"Bought 1 Potion","damage_taken":0,"max_hp_gain":0,"max_hp_loss":0,"event_name":"The Woman in Blue","floor":3,"gold_loss":0},{"cards_removed":["Strike_G"],"damage_healed":0,"gold_gain":0,"player_choice":"Forget","damage_taken":0,"max_hp_gain":0,"max_hp_loss":0,"event_name":"Living Wall","floor":13,"gold_loss":0},{"damage_healed":0,"gold_gain":50,"player_choice":"Stole From Cult","damage_taken":0,"max_hp_gain":0,"max_hp_loss":0,"event_name":"Nest","floor":28,"gold_loss":0},{"damage_healed":0,"gold_gain":0,"player_choice":"Ignored","damage_taken":0,"max_hp_gain":0,"max_hp_loss":0,"event_name":"Cursed Tome","floor":29,"gold_loss":0},{"damage_healed":0,"gold_gain":0,"player_choice":"Became a Ghost","damage_taken":0,"max_hp_gain":0,"max_hp_loss":37,"event_name":"Ghosts","floor":31,"gold_loss":0,"cards_obtained":["Ghostly","Ghostly","Ghostly"]}],"is_beta":false,"boss_relics":[{"not_picked":["Honey Jar","Busted Crown"],"picked":"Velvet Choker"}],"items_purged_floors":[2,10,19],"is_endless":false,"potions_floor_spawned":[1,4,21,22,27,30],"killed_by":"Champ","ascension_level":20}}