{"host":"ci7ivtocgfxh0ueo","time":1607491785,"event":{"gold_per_floor":[115,265,312,312,0,31,31,50,77,89,89,9,9,43,43,120,120,133,133,2,15,15,15,15,15,40,61,70,70,70,70,70,153,153,174,174,174,174],"floor_reached":37,"playtime":791,"items_purged":["Doubt"],"score":709,"play_id":"12cdb62a-c862-46f3-bf9d-0b6fc09f520d","local_time":"20201209132945","is_ascension_mode":true,"campfire_choices":[{"data":"Panacea","floor":7,"key":"SMITH"},{"data":"Flex","floor":11,"key":"SMITH"},{"data":"Juggernaut","floor":15,"key":"SMITH"},{"floor":23,"key":"REST"},{"floor":24,"key":"REST"},{"floor":28,"key":"REST"},{"floor":29,"key":"REST"},{"data":"Seeing Red","floor":30,"key":"SMITH"},{"data":"Seeing Red","floor":32,"key":"SMITH"}],"neow_cost":"NONE","seed_source_timestamp":67057931906200,"circlet_count":0,"master_deck":["AscendersBane","Bash","Seeing Red+1","Flex+1","Panacea+1","Metallicize","Juggernaut+1","Sever Soul","Reaper","Immolate","Reaper","Evolve","Carnage","Berserk","Exhume","Feel No Pain","Juggernaut","True Grit","Twin Strike","Armaments","Seeing Red+1","Infernal Blade+1","Intimidate","Uppercut","Seeing Red+1","Limit Break","Dark Embrace"],"relics":["Burning Blood","NeowsBlessing","Dream Catcher","Matryoshka","InkBottle","Lantern","Omamori","WingedGreaves","Juzu Bracelet","Pandora\u0027s Box","CeramicFish","Calling Bell","Bronze Scales","Paper Frog","Ginger"],"potions_floor_usage":[14,14,21,37],"damage_taken":[{"damage":0,"enemies":"Jaw Worm","floor":1,"turns":1},{"damage":0,"enemies":"Gremlin Nob","floor":6,"turns":2},{"damage":0,"enemies":"Small Slimes","floor":8,"turns":1},{"damage":14,"enemies":"Cultist","floor":10,"turns":5},{"damage":11,"enemies":"3 Sentries","floor":14,"turns":5},{"damage":50,"enemies":"Hexaghost","floor":16,"turns":9},{"damage":22,"enemies":"Spheric Guardian","floor":18,"turns":4},{"damage":43,"enemies":"Shell Parasite","floor":21,"turns":4},{"damage":58,"enemies":"Snake Plant","floor":27,"turns":5},{"damage":65,"enemies":"Automaton","floor":33,"turns":8},{"damage":45,"enemies":"3 Shapes","floor":35,"turns":6},{"damage":60,"enemies":"3 Darklings","floor":37,"turns":3}],"seed_played":"-5837607596218536946","potions_obtained":[{"floor":1,"key":"Regen Potion"},{"floor":35,"key":"Energy Potion"}],"is_trial":false,"path_per_floor":["M","?","T","?","$","E","R","M","T","M","R","$","T","E","R","B",null,"M","?","$","M","?","R","R","?","T","M","R","R","R","?","R","B",null,"M","?","M"],"character_chosen":"IRONCLAD","items_purchased":["Flex","Panacea","DistilledChaos","Metallicize","Reaper","BloodPotion"],"campfire_rested":4,"item_purchase_floors":[5,5,5,5,12,20],"current_hp_per_floor":[74,74,74,74,74,75,75,75,75,67,67,67,67,74,74,43,67,51,51,51,29,29,51,73,73,73,21,43,65,65,65,65,31,64,41,56,0,0],"gold":174,"neow_bonus":"THREE_ENEMY_KILL","is_prod":false,"is_daily":false,"chose_seed":false,"campfire_upgraded":5,"win_rate":0,"timestamp":1607491785,"path_taken":["M","?","?","?","$","E","R","?","T","M","R","$","?","E","R","BOSS","M","?","$","M","?","R","R","?","T","M","R","R","R","?","R","BOSS","M","?","M"],"build_version":"2020-11-30","purchased_purges":1,"victory":false,"max_hp_per_floor":[75,75,75,75,75,75,75,75,75,75,75,75,75,75,75,75,75,75,75,75,75,75,75,75,75,75,75,75,75,75,75,75,75,75,75,75,75,75],"card_choices":[{"not_picked":["Intimidate","Sword Boomerang"],"picked":"Seeing Red","floor":1},{"not_picked":["Rage","Armaments"],"picked":"Juggernaut","floor":6},{"not_picked":["Feel No Pain","Shrug It Off"],"picked":"Sever Soul","floor":8},{"not_picked":["Rage","Wild Strike"],"picked":"Perfected Strike","floor":10},{"not_picked":["Second Wind","Clothesline"],"picked":"Iron Wave","floor":14},{"not_picked":["Reaper","Berserk"],"picked":"Immolate","floor":16},{"not_picked":["Clash","Headbutt"],"picked":"Armaments","floor":18},{"not_picked":["True Grit","Iron Wave"],"picked":"Infernal Blade+1","floor":21},{"not_picked":["Bloodletting","Thunderclap"],"picked":"Intimidate","floor":24},{"not_picked":["Metallicize","Fiend Fire"],"picked":"Uppercut","floor":27},{"not_picked":["Perfected Strike","Pommel Strike"],"picked":"Seeing Red","floor":28},{"not_picked":["Immolate","Brutality"],"picked":"Limit Break","floor":33},{"not_picked":["Power Through","Whirlwind"],"picked":"Dark Embrace","floor":35}],"player_experience":1230103,"relics_obtained":[{"floor":3,"key":"Dream Catcher"},{"floor":6,"key":"Matryoshka"},{"floor":9,"key":"InkBottle"},{"floor":9,"key":"Lantern"},{"floor":13,"key":"Omamori"},{"floor":13,"key":"WingedGreaves"},{"floor":14,"key":"Juzu Bracelet"},{"floor":26,"key":"CeramicFish"},{"floor":34,"key":"Bronze Scales"},{"floor":34,"key":"Paper Frog"},{"floor":34,"key":"Ginger"}],"event_choices":[{"damage_healed":0,"gold_gain":150,"player_choice":"AGREE","damage_taken":0,"max_hp_gain":0,"max_hp_loss":0,"event_name":"Liars Game","floor":2,"gold_loss":0,"cards_obtained":["Doubt"]},{"damage_healed":0,"gold_gain":0,"player_choice":"Upgraded","damage_taken":0,"max_hp_gain":0,"max_hp_loss":0,"event_name":"Upgrade Shrine","floor":4,"gold_loss":0,"cards_upgraded":["Seeing Red"]},{"damage_healed":0,"gold_gain":0,"cards_transformed":["Perfected Strike","Iron Wave"],"player_choice":"Became Test Subject","damage_taken":0,"max_hp_gain":0,"max_hp_loss":0,"event_name":"Drug Dealer","floor":19,"gold_loss":0,"cards_obtained":["Wild Strike","Seeing Red"]},{"damage_healed":0,"gold_gain":0,"player_choice":"Ignored","damage_taken":0,"max_hp_gain":0,"max_hp_loss":0,"event_name":"Ghosts","floor":22,"gold_loss":0},{"cards_removed":["Wild Strike"],"damage_healed":0,"gold_gain":0,"player_choice":"Elegance","damage_taken":0,"max_hp_gain":0,"max_hp_loss":0,"event_name":"Back to Basics","floor":25,"gold_loss":0},{"damage_healed":0,"gold_gain":0,"player_choice":"Ignored","damage_taken":0,"max_hp_gain":0,"max_hp_loss":0,"event_name":"Cursed Tome","floor":31,"gold_loss":0},{"damage_healed":15,"gold_gain":0,"player_choice":"Writhe","damage_taken":0,"max_hp_gain":0,"max_hp_loss":0,"event_name":"Winding Halls","floor":36,"gold_loss":0,"cards_obtained":["Writhe"]}],"is_beta":false,"boss_relics":[{"not_picked":["Mark of Pain","Philosopher\u0027s Stone"],"picked":"Pandora\u0027s Box"},{"not_picked":["Busted Crown","Empty Cage"],"picked":"Calling Bell"}],"items_purged_floors":[20],"is_endless":false,"potions_floor_spawned":[1,10,35],"killed_by":"3 Darklings","ascension_level":16}}