{"host":"gzrx8rm2nhta4pjr","time":1607479685,"event":{"gold_per_floor":[114,131,142,75,75,103,103,113,161,226,248,268,178,178,178,279,279,294,321,321,321],"floor_reached":20,"playtime":1054,"items_purged":[],"score":247,"play_id":"8ab5e6e0-5ec2-4deb-a0be-fa75d66c22f6","local_time":"20201208210805","is_ascension_mode":false,"campfire_choices":[{"floor":7,"key":"REST"},{"floor":15,"key":"REST"}],"neow_cost":"","seed_source_timestamp":0,"circlet_count":0,"master_deck":["Iron Wave","Iron Wave","Iron Wave","Iron Wave","Entrench","Entrench","Entrench","Entrench","Barricade","Body Slam","Rupture","Metallicize","Regret","Heavy Blade","Iron Wave","Burning Pact","Searing Blow","Immolate","Juggernaut","Disarm+1","Hemokinesis"],"special_seed":0,"relics":["Burning Blood","Self Forming Clay","StuffTheSpire:Mouthbags","infinitespire:PuzzleCube","Akabeko","Odd Mushroom","potionbrewer:BhaskarasWheel","Red Mask"],"potions_floor_usage":[6,8,8,16,16],"damage_taken":[{"damage":0,"enemies":"2 Louse","floor":1,"turns":3},{"damage":0,"enemies":"Small Slimes","floor":2,"turns":5},{"damage":1,"enemies":"Jaw Worm","floor":3,"turns":3},{"damage":37,"enemies":"Gremlin Nob","floor":6,"turns":8},{"damage":8,"enemies":"Lots of Slimes","floor":8,"turns":3},{"damage":12,"enemies":"3 Sentries","floor":10,"turns":8},{"damage":15,"enemies":"The Mushroom Lair","floor":11,"turns":4},{"damage":12,"enemies":"3 Louse","floor":12,"turns":4},{"damage":23,"enemies":"Hexaghost","floor":16,"turns":11},{"damage":11,"enemies":"Spheric Guardian","floor":18,"turns":4},{"damage":81,"enemies":"Masked Bandits","floor":19,"turns":6},{"damage":8,"enemies":"Shell Parasite","floor":20,"turns":5}],"seed_played":"-5708687523535469373","potions_obtained":[{"floor":1,"key":"potionbrewer:NoxiousPotion"},{"floor":2,"key":"SCP261:GirlTearsPotion"},{"floor":6,"key":"potionbrewer:NoxiousPotion"},{"floor":11,"key":"LiquidBronze"},{"floor":13,"key":"SCP261:AppleJuicePotion"}],"is_trial":false,"path_per_floor":["M","M","M","$","?","E","R","M","T","?","?","M","?","?","R","B",null,"M","?","M"],"character_chosen":"IRONCLAD","items_purchased":["Metallicize"],"campfire_rested":2,"item_purchase_floors":[4],"current_hp_per_floor":[46,52,57,57,57,26,50,48,48,42,33,27,27,27,51,42,88,83,8,0,0],"gold":321,"neow_bonus":"","is_prod":false,"is_daily":false,"chose_seed":false,"campfire_upgraded":0,"win_rate":0,"timestamp":1607479685,"path_taken":["M","M","M","$","?","E","R","M","T","?","?","M","?","?","R","BOSS","M","?","M"],"build_version":"2020-11-30","purchased_purges":0,"victory":false,"max_hp_per_floor":[80,80,80,80,80,80,80,80,80,80,80,80,80,80,80,88,88,88,88,88,88],"card_choices":[{"not_picked":["Headbutt","Pommel Strike","Shrug It Off"],"picked":"SKIP","floor":1},{"not_picked":["Sword Boomerang","Perfected Strike"],"picked":"Body Slam","floor":2},{"not_picked":["Intimidate","Flex"],"picked":"Rupture","floor":3},{"not_picked":["Pommel Strike","Flex"],"picked":"Heavy Blade","floor":6},{"not_picked":["Clothesline","Shrug It Off","Headbutt"],"picked":"SKIP","floor":8},{"not_picked":["Clothesline","Shrug It Off","Headbutt"],"picked":"SKIP","floor":8},{"not_picked":["StuffTheSpire:BloodClot","Clash"],"picked":"Burning Pact","floor":10},{"not_picked":["Havoc","StuffTheSpire:RockThrow"],"picked":"Searing Blow","floor":11},{"not_picked":["Fire Breathing","Reckless Charge"],"picked":"Immolate","floor":12},{"not_picked":["Double Tap","Limit Break"],"picked":"Juggernaut","floor":16},{"not_picked":["StuffTheSpire:RagingBull","Body Slam"],"picked":"Disarm+1","floor":18},{"not_picked":["Anger+1","True Grit"],"picked":"Hemokinesis","floor":19}],"player_experience":1287645,"relics_obtained":[{"floor":6,"key":"StuffTheSpire:Mouthbags"},{"floor":9,"key":"infinitespire:PuzzleCube"},{"floor":11,"key":"Odd Mushroom"},{"floor":19,"key":"Red Mask"}],"event_choices":[{"damage_healed":0,"gold_gain":0,"player_choice":"Box","damage_taken":0,"relics_obtained":["Self Forming Clay"],"max_hp_gain":0,"max_hp_loss":0,"event_name":"Big Fish","floor":5,"gold_loss":0,"cards_obtained":["Regret"]},{"damage_healed":0,"gold_gain":0,"player_choice":"Searched \u00272\u0027 times","damage_taken":0,"relics_obtained":["Akabeko"],"max_hp_gain":0,"max_hp_loss":0,"event_name":"Dead Adventurer","floor":10,"gold_loss":0},{"damage_healed":0,"gold_gain":0,"player_choice":"Fought Mushrooms","damage_taken":0,"max_hp_gain":0,"max_hp_loss":0,"event_name":"Mushrooms","floor":11,"gold_loss":0},{"damage_healed":0,"gold_gain":0,"player_choice":"Fought Bandits","damage_taken":0,"max_hp_gain":0,"max_hp_loss":0,"event_name":"Masked Bandits","floor":19,"gold_loss":0}],"is_beta":false,"boss_relics":[{"not_picked":["Philosopher\u0027s Stone","Velvet Choker"],"picked":"potionbrewer:BhaskarasWheel"}],"items_purged_floors":[],"is_endless":false,"potions_floor_spawned":[1,2,6,11],"killed_by":"Shell Parasite","ascension_level":0}}