{"host":"zaewvcigpm0efuvp","time":1607524191,"event":{"gold_per_floor":[116,116,133,133,151,151,151,151,151,161,213,66,80,80,123,141,141,271,271,296,256,296,296,296,296],"floor_reached":24,"playtime":1710,"items_purged":[],"score":186,"play_id":"c3eb5be3-d3ff-4657-8eba-f27e02cbe9a2","local_time":"20201209152951","is_ascension_mode":false,"campfire_choices":[{"data":"RemiliaMod:CYMZW","floor":6,"key":"SMITH"},{"data":"Dagger Spray","floor":9,"key":"SMITH"},{"data":"conspire:DoublingDagger","floor":17,"key":"SMITH"}],"neow_cost":"NONE","seed_source_timestamp":714808782832700,"circlet_count":0,"master_deck":["Strike_G","Strike_G","Strike_G","Strike_G","Strike_G","Defend_G","Defend_G","Defend_G","Defend_G","Defend_G","Survivor","Neutralize","BettingIsNotGood+1","StuffTheSpire:Python","Dash","RemiliaMod:CYMZW+1","ReplayTheSpireMod:Tripwire","jedi:pocketpoison+1","conspire:DoublingDagger+1","Prepared","StuffTheSpire:Shiver","jedi:rejectivetoxin","ReplayTheSpireMod:The Works","Choke"],"relics":["HushsDoor","KeepersGift","halation:SimulatedSpire","infinitespire:Cubic Diamond","YumHeart","infinitespire:CursedDice","Golden Idol","Bromod:ArcaneTempo","hubris:Backtick","Burning Blood"],"potions_floor_usage":[18,18,18,22],"damage_taken":[{"damage":3,"enemies":"2 Louse","floor":1,"turns":4},{"damage":0,"enemies":"Small Slimes","floor":3,"turns":4},{"damage":1,"enemies":"Jaw Worm","floor":5,"turns":2},{"damage":0,"enemies":"2 Fungi Beasts","floor":10,"turns":2},{"damage":7,"enemies":"Large Slime","floor":13,"turns":7},{"damage":7,"enemies":"Lots of Slimes","floor":15,"turns":5},{"damage":0,"enemies":"Lots of Slimes","floor":16,"turns":1},{"damage":82,"enemies":"Fading Forest","floor":18,"turns":11},{"damage":36,"enemies":"2 Thieves","floor":20,"turns":4},{"damage":48,"enemies":"Shell Parasite","floor":22,"turns":11},{"damage":18,"enemies":"Snake Plant","floor":24,"turns":2}],"seed_played":"3174916790374397705","potions_obtained":[{"floor":3,"key":"construct:ShiftPotion"},{"floor":10,"key":"Elixir"},{"floor":16,"key":"Dota2Spire:HealingSalve"},{"floor":18,"key":"FearPotion"},{"floor":20,"key":"FearPotion"}],"is_trial":false,"path_per_floor":["M","?","M","?","M","R","PTL","PTL","R","M","T","$","M","?","MIM","M","R","B",null,"M","?","M","?","M"],"character_chosen":"THE_SILENT","items_purchased":["infinitespire:CursedDice"],"campfire_rested":0,"item_purchase_floors":[12],"current_hp_per_floor":[67,67,67,72,71,71,71,71,71,71,71,71,64,46,39,39,39,35,75,45,45,13,13,0,0],"gold":296,"neow_bonus":"SIMULATED_SPIRE","is_prod":false,"is_daily":false,"chose_seed":false,"campfire_upgraded":3,"win_rate":0.0,"timestamp":1607524191,"path_taken":["M","?","M","?","M","R","PTL","PTL","R","M","T","$","M","?","?","?","R","BOSS","M","?","M","?","M"],"build_version":"2020-11-30","purchased_purges":0,"victory":false,"max_hp_per_floor":[70,70,70,75,75,75,75,75,75,75,75,75,75,75,75,75,75,75,75,75,75,75,75,75,75],"card_choices":[{"not_picked":[],"picked":"BettingIsNotGood","floor":0},{"not_picked":["Bomb","Prepared"],"picked":"StuffTheSpire:Python","floor":1},{"not_picked":["Backflip","Skewer"],"picked":"Dash","floor":3},{"not_picked":["Prepared","Acrobatics"],"picked":"ReplayTheSpireMod:Tripwire","floor":5},{"not_picked":["Masterful Stab","Acrobatics"],"picked":"jedi:pocketpoison","floor":10},{"not_picked":["Backflip","Deflect"],"picked":"conspire:DoublingDagger","floor":13},{"not_picked":["Riddle With Holes","Escape Plan"],"picked":"Prepared","floor":15},{"not_picked":["Bomb","Acrobatics"],"picked":"StuffTheSpire:Shiver","floor":16},{"not_picked":["Wraith Form v2","aspiration:Lunge"],"picked":"jedi:rejectivetoxin","floor":18},{"not_picked":["Dagger Throw","conspire:PoisonWeapons"],"picked":"ReplayTheSpireMod:The Works","floor":20},{"not_picked":["ReplayTheSpireMod:Shiv Toss+1","jedi:poisonivy"],"picked":"Choke","floor":22}],"player_experience":2258,"relics_obtained":[{"floor":11,"key":"YumHeart"},{"floor":15,"key":"Bromod:ArcaneTempo"}],"event_choices":[{"damage_healed":0,"gold_gain":0,"player_choice":"CYMZW","damage_taken":0,"max_hp_gain":5,"max_hp_loss":0,"event_name":"Remilia_CDSJ09","floor":4,"gold_loss":0},{"damage_healed":0,"gold_gain":0,"player_choice":"Take Damage","damage_taken":18,"relics_obtained":["Golden Idol"],"max_hp_gain":0,"max_hp_loss":0,"event_name":"Golden Idol","floor":14,"gold_loss":0},{"damage_healed":0,"gold_gain":0,"player_choice":"Upgrade","damage_taken":0,"max_hp_gain":0,"max_hp_loss":0,"event_name":"Designer","floor":21,"gold_loss":40,"cards_upgraded":["BettingIsNotGood"]},{"damage_healed":0,"gold_gain":0,"player_choice":"Upgraded","damage_taken":0,"max_hp_gain":0,"max_hp_loss":0,"event_name":"Upgrade Shrine","floor":23,"gold_loss":0,"cards_upgraded":["jedi:pocketpoison"]}],"is_beta":false,"boss_relics":[{"not_picked":["halation:CatFaceCupcake","conspire:SpecialSausage"],"picked":"hubris:Backtick"},{"not_picked":[]}],"items_purged_floors":[],"is_endless":false,"potions_floor_spawned":[3,10,16,18,20],"killed_by":"Snake Plant","ascension_level":0}}