{"host":"u515qumgrc6s41he","time":1607516764,"event":{"gold_per_floor":[117,117,132,148,160,160,185,196,196,196,208,383,417,434,434,529,829,839,574,574,594,594,594],"floor_reached":22,"playtime":2135,"items_purged":["Doubt"],"score":267,"play_id":"7d6ce713-a7a4-460b-8a8e-82f58fbf1ea1","local_time":"20201209212604","is_ascension_mode":true,"campfire_choices":[{"data":"Shrug It Off","floor":6.0,"key":"SMITH"},{"data":"Armaments","floor":10.0,"key":"SMITH"},{"floor":15.0,"key":"REST"}],"neow_cost":"NONE","seed_source_timestamp":2162808655191700,"circlet_count":0,"master_deck":["Strike_R","Strike_R","Strike_R","Strike_R","Strike_R","Defend_R","Defend_R","Bash","Perfected Strike","Shrug It Off+1","Twin Strike","Massacre","Armaments+1","Body Slam","Twin Strike","Pommel Strike","ReplayReversal","Reaper","ReplayTheSpireMod:Faulty Equipment","animator:Curse_Nutcracker","ReplayTheSpireMod:Faulty Equipment","Seeing Red","Disarm+1","Double Tap+1","Rage","Perfected Strike"],"special_seed":0,"relics":["Philosopher\u0027s Stone","Potion Belt","Blue Doll","Bronze Scales","Replay:Ancient Bell","Oddly Smooth Stone","Golden Egg","Old Coin","Tiny Chest"],"potions_floor_usage":[21,21],"damage_taken":[{"damage":7.0,"enemies":"2 Louse","floor":1.0,"turns":3.0},{"damage":0.0,"enemies":"Cultist","floor":3.0,"turns":2.0},{"damage":5.0,"enemies":"Jaw Worm","floor":4.0,"turns":4.0},{"damage":1.0,"enemies":"Blue Slaver","floor":5.0,"turns":2.0},{"damage":16.0,"enemies":"Lagavulin","floor":7.0,"turns":4.0},{"damage":8.0,"enemies":"3 Louse","floor":8.0,"turns":3.0},{"damage":2.0,"enemies":"Large Slime","floor":11.0,"turns":5.0},{"damage":22.0,"enemies":"Gremlin Nob","floor":13.0,"turns":4.0},{"damage":0.0,"enemies":"Looter","floor":14.0,"turns":2.0},{"damage":23.0,"enemies":"Hexaghost","floor":16.0,"turns":7.0},{"damage":32.0,"enemies":"Spheric Guardian","floor":18.0,"turns":4.0},{"damage":27,"enemies":"Shell Parasite","floor":21,"turns":4},{"damage":21,"enemies":"Snake Plant","floor":22,"turns":1}],"seed_played":"4118470063202609555","potions_obtained":[{"floor":1.0,"key":"SteroidPotion"},{"floor":2.0,"key":"Regen Potion"},{"floor":2.0,"key":"hexamod:EctoCoolerPotion"},{"floor":8.0,"key":"Adrenaline Potion"},{"floor":13.0,"key":"Adrenaline Potion"},{"floor":16.0,"key":"Toxic Potion"},{"floor":18.0,"key":"FearPotion"}],"is_trial":false,"path_per_floor":["M","?","M","M","M","R","E","M","T","R","M","?","E","M","R","B",null,"M","$","?","M","M"],"character_chosen":"IRONCLAD","items_purchased":["Disarm+1","Tiny Chest"],"campfire_rested":1,"item_purchase_floors":[19,19],"current_hp_per_floor":[65,65,65,60,59,59,43,35,35,35,33,33,11,11,35,12,63,31,31,31,16,0,0],"gold":594,"neow_bonus":"BOSS_RELIC","is_prod":false,"is_daily":false,"chose_seed":false,"campfire_upgraded":2,"win_rate":0,"timestamp":1607516764,"path_taken":["M","?","M","?","M","R","E","M","T","R","M","?","E","M","R","BOSS","M","$","?","M","M"],"build_version":"2020-11-30","purchased_purges":1,"victory":false,"max_hp_per_floor":[80,80,80,80,80,80,80,80,80,80,80,80,80,80,80,80,80,80,80,80,80,80,80],"relic_stats":{"counters":[13,45],"Bronze Scales":[50],"Tiny Chest":0,"obtain_stats":[{"Potion Belt":7,"Golden Egg":17,"Bronze Scales":13,"Oddly Smooth Stone":17,"Philosopher\u0027s Stone":0,"Blue Doll":9,"Tiny Chest":19,"Replay:Ancient Bell":17,"Burning Blood":0,"Old Coin":17},{"Potion Belt":5,"Golden Egg":10,"Bronze Scales":8,"Oddly Smooth Stone":10,"Philosopher\u0027s Stone":0,"Blue Doll":6,"Tiny Chest":11,"Replay:Ancient Bell":10,"Burning Blood":0,"Old Coin":10},{"Potion Belt":15,"Golden Egg":36,"Bronze Scales":27,"Oddly Smooth Stone":36,"Philosopher\u0027s Stone":0,"Blue Doll":18,"Tiny Chest":40,"Replay:Ancient Bell":36,"Burning Blood":0,"Old Coin":36}]},"card_choices":[{"not_picked":["Rage","ReplayTheSpireMod:Strike From Hell"],"picked":"Perfected Strike","floor":1.0},{"not_picked":["Thunderclap","Rampage"],"picked":"Shrug It Off","floor":3.0},{"not_picked":["Anger","Reckless Charge"],"picked":"Twin Strike","floor":4.0},{"not_picked":["Iron Wave","Dropkick"],"picked":"Massacre","floor":5.0},{"not_picked":["Infernal Blade","Immolate"],"picked":"Armaments","floor":7.0},{"not_picked":["Reckless Charge","Iron Wave"],"picked":"Body Slam","floor":8.0},{"not_picked":["Body Slam","Ghostly Armor"],"picked":"Twin Strike","floor":11.0},{"not_picked":["Dark Embrace","Clothesline"],"picked":"Pommel Strike","floor":13.0},{"not_picked":["Thunderclap","Evolve"],"picked":"ReplayReversal","floor":14.0},{"not_picked":["Replay:Many Hands","Bludgeon"],"picked":"Reaper","floor":16.0},{"not_picked":["AbeCurse","Spreading Infection"],"picked":"ReplayTheSpireMod:Faulty Equipment","floor":17.0},{"not_picked":["animator:Curse_Greed","hexamod:Haunted"],"picked":"animator:Curse_Nutcracker","floor":17.0},{"not_picked":["Guardian:Aged","Parasite"],"picked":"ReplayTheSpireMod:Faulty Equipment","floor":17.0},{"not_picked":["Iron Wave","Body Slam"],"picked":"Seeing Red","floor":18.0},{"not_picked":["Replay:Undeath\u0027s Touch","Blood for Blood"],"picked":"Perfected Strike","floor":21}],"player_experience":172182,"relics_obtained":[{"floor":7.0,"key":"Potion Belt"},{"floor":9.0,"key":"Blue Doll"},{"floor":13.0,"key":"Bronze Scales"}],"event_choices":[{"damage_healed":0.0,"max_hp_gain":0.0,"max_hp_loss":0.0,"gold_gain":0.0,"event_name":"Lab","player_choice":"Got Potions","floor":2.0,"gold_loss":0.0,"damage_taken":0.0},{"damage_healed":0.0,"max_hp_gain":0.0,"max_hp_loss":0.0,"gold_gain":175.0,"event_name":"Liars Game","player_choice":"AGREE","floor":12.0,"gold_loss":0.0,"damage_taken":0.0,"cards_obtained":["Doubt"]},{"damage_healed":0.0,"max_hp_gain":0.0,"max_hp_loss":0.0,"gold_gain":0.0,"cards_transformed":["Defend_R","Defend_R"],"event_name":"Drug Dealer","player_choice":"Became Test Subject","floor":20.0,"gold_loss":0.0,"damage_taken":0.0,"cards_obtained":["Double Tap","Rage"]}],"is_beta":false,"boss_relics":[{"not_picked":["Replay:Drink Me","Pandora\u0027s Box"],"picked":"Replay:Ancient Bell"},{"not_picked":["Anchor","MealTicket"],"picked":"Oddly Smooth Stone"},{"not_picked":["Onion Ring","Replay:Ringing Soul"],"picked":"Golden Egg"},{"not_picked":["Replay:PocketPolymizer","Lizard Tail"],"picked":"Old Coin"}],"items_purged_floors":[19],"is_endless":false,"potions_floor_spawned":[1,5,8,13,16,18],"killed_by":"Snake Plant","ascension_level":7}}