{"host":"reugk9pd1uotrglt","time":1607538874,"event":{"gold_per_floor":[116,132,150,162,173,173,201,201,201,201,220,253,94,129,129,203,253,270,285,296,218,236,236,263,263,263,292,304,129,146,158,158,230,230,249,217,235,248,25,56,56,86,86,86,121,146,7,18,18,18,18,18],"floor_reached":51,"playtime":2135,"items_purged":["Pain"],"score":2248,"play_id":"01541df8-65bc-4e7c-ae2b-fa394c939292","local_time":"20201209193434","is_ascension_mode":true,"campfire_choices":[{"data":"Apotheosis","floor":6.0,"key":"SMITH"},{"data":"Whirlwind","floor":8.0,"key":"SMITH"},{"data":"Berserk","floor":15.0,"key":"SMITH"},{"data":"Disarm","floor":23.0,"key":"SMITH"},{"data":"Metallicize","floor":25.0,"key":"SMITH"},{"floor":32.0,"key":"REST"},{"floor":41.0,"key":"REST"},{"floor":44.0,"key":"REST"},{"floor":49.0,"key":"REST"}],"neow_cost":"","seed_source_timestamp":231742283104600,"circlet_count":0,"master_deck":["AscendersBane","Strike_R","Strike_R","Strike_R+1","Strike_R","Strike_R","Defend_R","Defend_R+1","Defend_R","Defend_R","Bash","Ghostly Armor","Finesse","Apotheosis+1","Metallicize+1","Whirlwind+1","Pummel","Cleave","Spot Weakness","Perfected Strike","Heavy Blade","Twin Strike","Shrug It Off","Perfected Strike","Disarm+1","Berserk+1","Sword Boomerang","Inflame","Shrug It Off+1","Twin Strike","Metallicize","Twin Strike","Limit Break+1","Metallicize","Flame Barrier","Perfected Strike","Twin Strike","Metallicize","Shrug It Off","Dropkick","Inflame","Enlightenment","Inflame"],"special_seed":0,"relics":["Burning Blood","Kunai","Shuriken","HornCleat","Anchor","Lee\u0027s Waffle","Regal Pillow","Bronze Scales","Akabeko","WarpedTongs","Omamori","The Courier","Tiny House","Nunchaku","Self Forming Clay","InkBottle","Pear","Runic Pyramid","Membership Card","Bag of Preparation","Lantern","Orichalcum","Paper Frog","Art of War","Shovel","War Paint"],"potions_floor_usage":[],"damage_taken":[{"damage":0.0,"enemies":"Cultist","floor":1.0,"turns":3.0},{"damage":0.0,"enemies":"2 Louse","floor":2.0,"turns":2.0},{"damage":0.0,"enemies":"Jaw Worm","floor":3.0,"turns":2.0},{"damage":0.0,"enemies":"Blue Slaver","floor":4.0,"turns":4.0},{"damage":0.0,"enemies":"3 Louse","floor":5.0,"turns":3.0},{"damage":28.0,"enemies":"Gremlin Nob","floor":7.0,"turns":4.0},{"damage":0.0,"enemies":"Exordium Wildlife","floor":11.0,"turns":2.0},{"damage":0.0,"enemies":"3 Sentries","floor":12.0,"turns":3.0},{"damage":4.0,"enemies":"Lagavulin","floor":14.0,"turns":6.0},{"damage":6.0,"enemies":"The Guardian","floor":16.0,"turns":8.0},{"damage":0.0,"enemies":"3 Byrds","floor":18.0,"turns":3.0},{"damage":1.0,"enemies":"2 Thieves","floor":19.0,"turns":3.0},{"damage":11.0,"enemies":"Shelled Parasite and Fungi","floor":20.0,"turns":4.0},{"damage":4.0,"enemies":"Snecko","floor":22.0,"turns":3.0},{"damage":31.0,"enemies":"Gremlin Leader","floor":24.0,"turns":7.0},{"damage":19.0,"enemies":"Slavers","floor":27.0,"turns":2.0},{"damage":12.0,"enemies":"Sentry and Sphere","floor":28.0,"turns":4.0},{"damage":7.0,"enemies":"3 Cultists","floor":30.0,"turns":5.0},{"damage":1.0,"enemies":"Centurion and Healer","floor":31.0,"turns":5.0},{"damage":0.0,"enemies":"Champ","floor":33.0,"turns":10.0},{"damage":14.0,"enemies":"3 Darklings","floor":35.0,"turns":4.0},{"damage":1.0,"enemies":"Orb Walker","floor":37.0,"turns":2.0},{"damage":17.0,"enemies":"Sphere and 2 Shapes","floor":38.0,"turns":25.0},{"damage":73.0,"enemies":"Giant Head","floor":40.0,"turns":7.0},{"damage":24.0,"enemies":"Reptomancer","floor":42.0,"turns":5.0},{"damage":14.0,"enemies":"Nemesis","floor":45.0,"turns":5.0},{"damage":0.0,"enemies":"Mind Bloom Boss Battle","floor":46.0,"turns":4.0},{"damage":21.0,"enemies":"Maw","floor":48.0,"turns":6.0},{"damage":48.0,"enemies":"Donu and Deca","floor":50.0,"turns":7.0},{"damage":91,"enemies":"Awakened One","floor":51,"turns":6}],"seed_played":"-1785563096005131754","potions_obtained":[{"floor":1.0,"key":"Fruit Juice"},{"floor":2.0,"key":"FearPotion"},{"floor":4.0,"key":"Dexterity Potion"},{"floor":5.0,"key":"Energy Potion"},{"floor":17.0,"key":"FairyPotion"},{"floor":19.0,"key":"SkillPotion"},{"floor":24.0,"key":"Fire Potion"},{"floor":31.0,"key":"HeartOfIron"},{"floor":40.0,"key":"FearPotion"},{"floor":42.0,"key":"PowerPotion"}],"is_trial":false,"path_per_floor":["M","M","M","M","M","R","E","R","T","?","M","E","$","E","R","B",null,"M","M","M","?","M","R","E","R","T","E","M","$","M","M","R","B",null,"M","$","M","M","$","E","R","E","T","R","E","?","$","M","R","B","B"],"character_chosen":"IRONCLAD","items_purchased":["Ghostly Armor","Kunai","Shuriken","Finesse","HornCleat","Apotheosis","Metallicize","Anchor","Whirlwind","Lee\u0027s Waffle","Regal Pillow","Pummel","Disarm","Limit Break","Metallicize","Flame Barrier","Membership Card","Metallicize","Bag of Preparation","Enlightenment","War Paint","Inflame"],"campfire_rested":4,"item_purchase_floors":[0,0,0,0,0,0,0,0,0,0,0,0,13,29,29,36,39,39,39,47,47,47],"current_hp_per_floor":[82,87,87,87,87,87,65,65,65,65,71,77,77,79,79,79,90,92,92,87,87,89,89,64,64,64,61,55,55,54,59,102,102,102,94,94,99,88,88,21,66,48,48,93,85,91,91,76,102,60,0,0],"gold":18,"neow_bonus":"","is_prod":false,"is_daily":false,"chose_seed":false,"campfire_upgraded":5,"win_rate":0,"timestamp":1607538874,"path_taken":["M","M","M","M","?","R","E","R","T","?","M","E","$","E","R","BOSS","M","M","?","?","M","R","E","R","T","E","M","$","M","M","R","BOSS","M","$","?","M","?","E","R","E","T","R","E","?","$","M","R","BOSS","BOSS"],"build_version":"2020-11-30","purchased_purges":1,"victory":false,"max_hp_per_floor":[82,87,87,87,87,87,87,87,87,87,87,87,87,87,87,87,92,92,92,92,92,92,92,92,92,92,102,102,102,102,102,102,102,102,102,102,102,102,102,102,102,102,102,102,102,102,102,102,102,102,102,102],"card_choices":[{"not_picked":["Seeing Red","Shockwave"],"picked":"Cleave","floor":1.0},{"not_picked":["Clothesline","Headbutt"],"picked":"Spot Weakness","floor":2.0},{"not_picked":["Twin Strike","Shrug It Off"],"picked":"Perfected Strike","floor":3.0},{"not_picked":["Iron Wave","Ghostly Armor","Shrug It Off"],"picked":"SKIP","floor":4.0},{"not_picked":["Clothesline","Whirlwind"],"picked":"Heavy Blade","floor":5.0},{"not_picked":["Fiend Fire","Brutality"],"picked":"Twin Strike","floor":7.0},{"not_picked":["Flex","Whirlwind"],"picked":"Shrug It Off","floor":11.0},{"not_picked":["Warcry","Headbutt"],"picked":"Perfected Strike","floor":12.0},{"not_picked":["Havoc","Pommel Strike"],"picked":"Berserk","floor":14.0},{"not_picked":["Armaments","Pommel Strike"],"picked":"Sword Boomerang","floor":17.0},{"not_picked":["Heavy Blade","Shrug It Off"],"picked":"Inflame","floor":18.0},{"not_picked":["Dropkick","Brutality"],"picked":"Shrug It Off+1","floor":19.0},{"not_picked":["Battle Trance","Hemokinesis"],"picked":"Twin Strike","floor":20.0},{"not_picked":["Cleave","Iron Wave"],"picked":"Metallicize","floor":22.0},{"not_picked":["Thunderclap","Cleave","Armaments"],"picked":"SKIP","floor":24.0},{"not_picked":["Fire Breathing","Sentinel"],"picked":"Twin Strike","floor":27.0},{"not_picked":["Rampage+1","Flex","Reckless Charge"],"picked":"SKIP","floor":28.0},{"not_picked":["Anger","Havoc","Body Slam"],"picked":"SKIP","floor":30.0},{"not_picked":["Spot Weakness","Immolate","Headbutt"],"picked":"SKIP","floor":31.0},{"not_picked":["Body Slam+1","Headbutt","Fire Breathing"],"picked":"SKIP","floor":35.0},{"not_picked":["Flex","Ghostly Armor+1"],"picked":"Perfected Strike","floor":37.0},{"not_picked":["Armaments","Dual Wield"],"picked":"Twin Strike","floor":38.0},{"not_picked":["Battle Trance","Immolate","Wild Strike"],"picked":"SKIP","floor":40.0},{"not_picked":["Anger+1","Headbutt"],"picked":"Shrug It Off","floor":42.0},{"not_picked":["Clothesline","Cleave+1"],"picked":"Dropkick","floor":45.0},{"not_picked":["Armaments+1","Perfected Strike"],"picked":"Inflame","floor":46.0},{"not_picked":["Juggernaut","Sword Boomerang","True Grit+1"],"picked":"SKIP","floor":48.0}],"player_experience":1465694,"relics_obtained":[{"floor":7.0,"key":"Bronze Scales"},{"floor":9.0,"key":"Akabeko"},{"floor":12.0,"key":"Omamori"},{"floor":14.0,"key":"The Courier"},{"floor":24.0,"key":"Self Forming Clay"},{"floor":26.0,"key":"InkBottle"},{"floor":27.0,"key":"Pear"},{"floor":40.0,"key":"Lantern"},{"floor":42.0,"key":"Orichalcum"},{"floor":43.0,"key":"Paper Frog"},{"floor":45.0,"key":"Art of War"},{"floor":46.0,"key":"Shovel"}],"event_choices":[{"damage_healed":0.0,"max_hp_gain":0.0,"max_hp_loss":0.0,"gold_gain":0.0,"event_name":"Accursed Blacksmith","player_choice":"Rummage","floor":10.0,"gold_loss":0.0,"damage_taken":0.0,"relics_obtained":["WarpedTongs"],"cards_obtained":["Pain"]},{"damage_healed":0.0,"max_hp_gain":0.0,"max_hp_loss":0.0,"gold_gain":0.0,"event_name":"WeMeetAgain","player_choice":"Paid Gold","floor":21.0,"gold_loss":78.0,"damage_taken":0.0,"relics_obtained":["Nunchaku"]},{"damage_healed":0.0,"max_hp_gain":0.0,"max_hp_loss":0.0,"gold_gain":0.0,"event_name":"MindBloom","player_choice":"Fight","floor":46.0,"gold_loss":0.0,"damage_taken":0.0}],"is_beta":false,"boss_relics":[{"not_picked":["Busted Crown","Astrolabe"],"picked":"Tiny House"},{"not_picked":["Mark of Pain","Black Star"],"picked":"Runic Pyramid"}],"items_purged_floors":[13],"is_endless":false,"potions_floor_spawned":[1,2,4,5,19,24,27,31,33,38,40,42,46],"killed_by":"Awakened One","ascension_level":20}}