{"host":"ygefd14btj4nx1b7","time":1607478720,"event":{"gold_per_floor":[117,19,19,19,19,46,46,74,74,87,122,138,313,313,313,328,328,427,427,440,10,30,46,46,46,46],"floor_reached":25,"playtime":4238,"items_purged":[],"score":321,"play_id":"5f03858f-ac56-4345-898c-5fc4d106e3a5","local_time":"20201208195200","is_ascension_mode":true,"campfire_choices":[{"data":"True Grit","floor":7,"key":"SMITH"},{"data":"Armaments","floor":7,"key":"SMITH"},{"data":"ReplayTheSpireMod:Strike From Hell","floor":17,"key":"SMITH"},{"data":"ReplayTheSpireMod:Strike From Hell","floor":17,"key":"SMITH"}],"neow_cost":"NONE","seed_source_timestamp":972580082252900,"circlet_count":0,"master_deck":["Strike_R","Strike_R","Strike_R","Strike_R","Strike_R","Defend_R","Defend_R","Defend_R","Bash","True Grit+1","ReplayTheSpireMod:Strike From Hell+1","Armaments+1","Regret","Iron Wave","Defy Death","Thunderclap","Feed","Armaments","Doubt","ReplayTheSpireMod:Strike From Hell+1","Feed","Havoc+1","True Grit","ReplayTheSpireMod:Strike From Hell","True Grit"],"relics":["Burning Blood","NeowsBlessing","ReplayTheSpireMod:Ninjato","Replay:Arrowhead","Pocketwatch","Replay:Mystery Machine","Black Star","StrikeDummy","Sling"],"potions_floor_usage":[11,18,18,22,23,23],"damage_taken":[{"damage":0,"enemies":"Jaw Worm","floor":1,"turns":1},{"damage":0,"enemies":"Lagavulin","floor":6,"turns":1},{"damage":0,"enemies":"3 Sentries","floor":8,"turns":1},{"damage":2,"enemies":"Small Slimes","floor":10,"turns":4},{"damage":10,"enemies":"Gremlin Nob","floor":11,"turns":4},{"damage":0,"enemies":"2 Louse","floor":12,"turns":2},{"damage":5,"enemies":"Gremlin Gang","floor":16,"turns":3},{"damage":27,"enemies":"Slime Boss","floor":18,"turns":5},{"damage":55,"enemies":"Spheric Guardian","floor":20,"turns":6},{"damage":4,"enemies":"2 Thieves","floor":22,"turns":3},{"damage":40,"enemies":"Sentry and Sphere","floor":23,"turns":6},{"damage":25,"enemies":"Gremlin Leader","floor":25,"turns":5}],"seed_played":"-3410667097043991945","potions_obtained":[{"floor":8,"key":"SteroidPotion"},{"floor":10,"key":"Fire Potion"},{"floor":12,"key":"Fire Potion"},{"floor":16,"key":"Cursed Concoction"},{"floor":18,"key":"Dexterity Potion"},{"floor":20,"key":"AttackPotion"},{"floor":23,"key":"Venom Potion"}],"is_trial":false,"path_per_floor":["M","$","?","?","$","E","R","E","T","M","E","M","?","PTL","PTL","M","R","B",null,"M","$","M","M","$","E"],"character_chosen":"IRONCLAD","items_purchased":["ReplayTheSpireMod:Strike From Hell","Armaments","StrikeDummy","Sling","True Grit"],"campfire_rested":0,"item_purchase_floors":[2,2,21,21,21],"current_hp_per_floor":[80,80,73,73,73,79,79,80,80,80,76,83,83,83,83,86,86,69,90,41,41,50,20,20,0,0],"gold":46,"neow_bonus":"THREE_ENEMY_KILL","is_prod":false,"is_daily":false,"chose_seed":false,"campfire_upgraded":4,"win_rate":0,"timestamp":1607478720,"path_taken":["M","$","?","?","$","E","R","E","T","M","E","M","?","PTL","PTL","?","R","BOSS","M","$","M","M","$","E"],"build_version":"2020-11-30","purchased_purges":0,"victory":false,"max_hp_per_floor":[80,80,80,80,80,80,80,80,80,80,80,83,83,83,83,86,86,90,90,90,90,97,101,101,101,101],"card_choices":[{"not_picked":["Anger","Wild Strike"],"picked":"True Grit","floor":1},{"not_picked":["Sword Boomerang","Shrug It Off"],"picked":"Iron Wave","floor":6},{"not_picked":["Hemokinesis","Abandon"],"picked":"Defy Death","floor":8},{"not_picked":["Shrug It Off","Clothesline"],"picked":"Thunderclap","floor":10},{"not_picked":["Shrug It Off","Hemokinesis"],"picked":"Feed","floor":11},{"not_picked":["Havoc","Anger"],"picked":"Armaments","floor":12},{"not_picked":["Replay:Undeath\u0027s Touch","Shockwave"],"picked":"ReplayTheSpireMod:Strike From Hell","floor":16},{"not_picked":["Bludgeon","Impervious"],"picked":"Feed","floor":18},{"not_picked":["Armaments","Thunderclap"],"picked":"Havoc+1","floor":20},{"not_picked":["Sword Boomerang+1","Dark Embrace+1"],"picked":"ReplayTheSpireMod:Strike From Hell","floor":22},{"not_picked":["Power Through","Ghostly Armor+1"],"picked":"True Grit","floor":23}],"player_experience":368232,"relics_obtained":[{"floor":6,"key":"Replay:Arrowhead"},{"floor":8,"key":"Pocketwatch"},{"floor":11,"key":"Replay:Mystery Machine"}],"event_choices":[{"cards_removed":["Defend_R"],"damage_healed":0,"gold_gain":0,"player_choice":"Card Removal","damage_taken":7,"max_hp_gain":0,"max_hp_loss":0,"event_name":"Golden Wing","floor":3,"gold_loss":0},{"damage_healed":0,"gold_gain":0,"player_choice":"Box","damage_taken":0,"relics_obtained":["ReplayTheSpireMod:Ninjato"],"max_hp_gain":0,"max_hp_loss":0,"event_name":"Big Fish","floor":4,"gold_loss":0,"cards_obtained":["Regret"]},{"damage_healed":0,"gold_gain":175,"player_choice":"AGREE","damage_taken":0,"max_hp_gain":0,"max_hp_loss":0,"event_name":"Liars Game","floor":13,"gold_loss":0,"cards_obtained":["Doubt"]}],"is_beta":false,"boss_relics":[{"not_picked":["SlaversCollar","Runic Dome"],"picked":"Black Star"}],"items_purged_floors":[],"is_endless":false,"potions_floor_spawned":[8,10,12,16,18,20,23],"killed_by":"Gremlin Leader","ascension_level":2}}