{"host":"uua02xqorlefedoe","time":1607518367,"event":{"gold_per_floor":[117,42,56,56,72,106,117,143,143,172,216,238,283,295,307,415,427,457,469,481,512,538,584,596,643,678,704,729,768,796,828,840,852,852],"floor_reached":33,"playtime":2331,"items_purged":[],"score":524,"play_id":"325740c6-6311-4876-a40f-2afc54f771ce","local_time":"20201209125247","is_ascension_mode":true,"campfire_choices":[{"data":"Demon Form","floor":15.0,"key":"SMITH"},{"data":"True Grit","floor":24,"key":"SMITH"},{"data":"Armaments","floor":32,"key":"SMITH"}],"neow_cost":"NONE","seed_source_timestamp":4749253299873600,"circlet_count":0,"master_deck":["Strike_R","Strike_R","Strike_R","Defend_R","Defend_R","Defend_R","Bash","Power Through+1","Double Tap+1","Twin Strike+1","Hemokinesis","Reaper","Pommel Strike","Iron Wave","Headbutt","Demon Form+1","Shockwave","Twin Strike","Cleave","Disarm","Regret","Limit Break","True Grit+1","Spot Weakness+1","Warcry+1","Armaments+1","Feed","Iron Wave","Flame Barrier+1","True Grit+1","Exhume+1"],"special_seed":0,"relics":["Astrolabe","Ornamental Fan","WingedGreaves","Darkstone Periapt","Sundial","MawBank","Paper Frog","Bronze Scales","Question Card","Sozu","Toy Ornithopter","Toxic Egg 2","Bag of Preparation","Smiling Mask"],"potions_floor_usage":[31,33,33],"damage_taken":[{"damage":1.0,"enemies":"Cultist","floor":1.0,"turns":4.0},{"damage":0.0,"enemies":"2 Louse","floor":3.0,"turns":2.0},{"damage":2.0,"enemies":"Jaw Worm","floor":5.0,"turns":2.0},{"damage":27.0,"enemies":"3 Sentries","floor":6.0,"turns":10.0},{"damage":11.0,"enemies":"Red Slaver","floor":7.0,"turns":4.0},{"damage":7.0,"enemies":"Lagavulin","floor":8.0,"turns":7.0},{"damage":14.0,"enemies":"Gremlin Nob","floor":10.0,"turns":4.0},{"damage":15.0,"enemies":"Lagavulin","floor":11.0,"turns":7.0},{"damage":17.0,"enemies":"Gremlin Gang","floor":12.0,"turns":3.0},{"damage":18.0,"enemies":"3 Sentries","floor":13.0,"turns":6.0},{"damage":40.0,"enemies":"Hexaghost","floor":16.0,"turns":6.0},{"damage":7.0,"enemies":"Shell Parasite","floor":18.0,"turns":3.0},{"damage":3.0,"enemies":"Chosen","floor":21.0,"turns":4.0},{"damage":24.0,"enemies":"Snake Plant","floor":22.0,"turns":3.0},{"damage":4,"enemies":"Gremlin Leader","floor":23,"turns":5},{"damage":61,"enemies":"Slavers","floor":25,"turns":5},{"damage":13,"enemies":"Centurion and Healer","floor":27,"turns":5},{"damage":28,"enemies":"Chosen and Byrds","floor":28,"turns":6},{"damage":14,"enemies":"Book of Stabbing","floor":29,"turns":6},{"damage":11,"enemies":"Snake Plant","floor":30,"turns":3},{"damage":79,"enemies":"Centurion and Healer","floor":31,"turns":15},{"damage":60,"enemies":"Automaton","floor":33,"turns":8}],"seed_played":"9106078658972624910","potions_obtained":[{"floor":3.0,"key":"LiquidMemories"},{"floor":6.0,"key":"Weak Potion"},{"floor":7.0,"key":"DuplicationPotion"},{"floor":11.0,"key":"Explosive Potion"},{"floor":16.0,"key":"ColorlessPotion"}],"is_trial":false,"path_per_floor":["M","$","M","T","M","E","M","E","T","E","E","M","E","?","R","B",null,"M","?","$","M","M","E","R","E","T","M","M","E","M","M","R","B"],"character_chosen":"IRONCLAD","items_purchased":["Reaper"],"campfire_rested":0,"item_purchase_floors":[2],"current_hp_per_floor":[71,71,79,79,80,61,50,54,54,50,50,49,47,53,53,17,69,69,69,69,66,55,77,77,86,86,76,61,71,73,43,43,0,0],"gold":852,"neow_bonus":"BOSS_RELIC","is_prod":false,"is_daily":false,"chose_seed":false,"campfire_upgraded":3,"win_rate":0,"timestamp":1607518367,"path_taken":["M","$","M","?","M","E","M","E","T","E","E","M","E","?","R","BOSS","M","?","?","M","M","E","R","E","T","?","M","E","M","M","R","BOSS"],"build_version":"2020-11-30","purchased_purges":0,"victory":false,"max_hp_per_floor":[80,80,80,80,80,80,80,80,80,80,80,80,80,86,86,86,86,86,86,86,86,86,86,86,86,86,89,89,89,89,92,92,92,92],"card_choices":[{"not_picked":["Armaments","Headbutt"],"picked":"Hemokinesis","floor":1.0},{"not_picked":["Armaments","Shockwave"],"picked":"Pommel Strike","floor":3.0},{"not_picked":["True Grit","Flex"],"picked":"Iron Wave","floor":5.0},{"not_picked":["Dark Embrace","Bloodletting"],"picked":"Headbutt","floor":6.0},{"not_picked":["Pommel Strike","Warcry"],"picked":"Demon Form","floor":7.0},{"not_picked":["Pommel Strike","Clothesline"],"picked":"Shockwave","floor":8.0},{"not_picked":["Rampage","Rupture"],"picked":"Twin Strike","floor":10.0},{"not_picked":["Juggernaut","Iron Wave"],"picked":"Cleave","floor":11.0},{"not_picked":["Body Slam","Sentinel","Rage"],"picked":"SKIP","floor":12.0},{"not_picked":["Whirlwind","Cleave"],"picked":"Disarm","floor":13.0},{"not_picked":["Bludgeon","Barricade","Double Tap"],"picked":"Limit Break","floor":16.0},{"not_picked":["Body Slam+1","Pommel Strike","Blood for Blood","Carnage"],"picked":"SKIP","floor":18.0},{"not_picked":["Heavy Blade","Sword Boomerang","Clash"],"picked":"Spot Weakness+1","floor":21.0},{"not_picked":["Twin Strike+1","True Grit","Heavy Blade"],"picked":"Warcry+1","floor":22.0},{"not_picked":["Thunderclap","Entrench","Cleave"],"picked":"Armaments","floor":23},{"not_picked":["Searing Blow","Clash","Clothesline"],"picked":"Feed","floor":25},{"not_picked":["Whirlwind","Clash+1","Wild Strike"],"picked":"Iron Wave","floor":27},{"not_picked":["Flex+1","Clash","Whirlwind","Heavy Blade"],"picked":"SKIP","floor":28},{"not_picked":["Fire Breathing","Clothesline","Perfected Strike"],"picked":"Flame Barrier+1","floor":29},{"not_picked":["Metallicize","Rage+1","Iron Wave"],"picked":"True Grit+1","floor":30},{"not_picked":["Flex+1","Spot Weakness+1","Pummel"],"picked":"Exhume+1","floor":31}],"player_experience":411037,"relics_obtained":[{"floor":4.0,"key":"Ornamental Fan"},{"floor":6.0,"key":"WingedGreaves"},{"floor":8.0,"key":"Darkstone Periapt"},{"floor":9.0,"key":"Sundial"},{"floor":10.0,"key":"MawBank"},{"floor":11.0,"key":"Paper Frog"},{"floor":13.0,"key":"Bronze Scales"},{"floor":23,"key":"Toy Ornithopter"},{"floor":25,"key":"Toxic Egg 2"},{"floor":26,"key":"Bag of Preparation"},{"floor":29,"key":"Smiling Mask"}],"event_choices":[{"damage_healed":0.0,"max_hp_gain":0.0,"max_hp_loss":0.0,"gold_gain":0.0,"event_name":"Big Fish","player_choice":"Box","floor":14.0,"gold_loss":0.0,"damage_taken":0.0,"relics_obtained":["Question Card"],"cards_obtained":["Regret"]},{"damage_healed":0.0,"max_hp_gain":0.0,"max_hp_loss":0.0,"gold_gain":0.0,"event_name":"The Library","player_choice":"Read","floor":19.0,"gold_loss":0.0,"damage_taken":0.0,"cards_obtained":["True Grit"]}],"is_beta":false,"boss_relics":[{"not_picked":["Empty Cage","Fusion Hammer"],"picked":"Sozu"}],"items_purged_floors":[],"is_endless":false,"potions_floor_spawned":[3,6,7,11,16,21,22,23,27,29,30],"killed_by":"Automaton","ascension_level":8}}