{"host":"v0kr0xkqfgnh389p","time":1607555622,"event":{"gold_per_floor":[109,184,40,40,50,79,5,31,31,31,63,28,40,50,50,50,50],"floor_reached":16,"playtime":545,"items_purged":[],"score":150,"play_id":"b80c9b44-2f22-45f2-ab6d-025a607da771","local_time":"20201209181342","is_ascension_mode":true,"campfire_choices":[{"floor":15,"key":"RECALL"}],"neow_cost":"NONE","seed_source_timestamp":31272083460300,"circlet_count":0,"master_deck":["Strike_P","Strike_P","Strike_P","Strike_P","Defend_P","Defend_P","Defend_P","Defend_P","Eruption+1","Vigilance+1","WindmillStrike","MentalFortress","FollowUp","EmptyBody","Wireheading","ConjureBlade","LikeWater"],"special_seed":0,"relics":["PureWater","NeowsBlessing","Replay:Mystery Machine","CloakClasp","Simple Rune","Replay:Kaleidoscope"],"potions_floor_usage":[],"damage_taken":[{"damage":0,"enemies":"Jaw Worm","floor":1,"turns":1},{"damage":0,"enemies":"2 Louse","floor":5,"turns":1},{"damage":0,"enemies":"Gremlin Nob","floor":6,"turns":1},{"damage":17,"enemies":"3 Sentries","floor":8,"turns":9},{"damage":2,"enemies":"Lagavulin","floor":11,"turns":9},{"damage":0,"enemies":"Small Slimes","floor":13,"turns":2},{"damage":8,"enemies":"2 Fungi Beasts","floor":14,"turns":3},{"damage":53,"enemies":"Fading Forest","floor":16,"turns":7}],"seed_played":"2751340095717266703","potions_obtained":[{"floor":8,"key":"SneckoOil"},{"floor":14,"key":"Strength Potion"}],"is_trial":false,"path_per_floor":["M","?","$","?","M","E","$","E","T","$","E","?","M","M","R_BF","B"],"character_chosen":"WATCHER","items_purchased":["Replay:Mystery Machine","FollowUp","EmptyBody"],"campfire_rested":0,"item_purchase_floors":[3,7,7],"current_hp_per_floor":[72,61,61,47,47,47,47,30,30,30,28,46,46,38,38,0,0],"gold":50,"neow_bonus":"THREE_ENEMY_KILL","is_prod":false,"is_daily":false,"chose_seed":false,"campfire_upgraded":0,"win_rate":0,"timestamp":1607555622,"path_taken":["M","?","$","?","M","E","?","E","T","$","E","?","M","M","R_BF","BOSS"],"build_version":"2020-11-30","purchased_purges":0,"victory":false,"max_hp_per_floor":[72,72,72,72,72,72,72,72,72,72,72,72,72,72,72,72,72],"card_choices":[{"not_picked":["Swivel","Halt","BowlingBash"],"picked":"SKIP","floor":1},{"not_picked":["Replay:AtTheReady","Replay:BluntJabs"],"picked":"WindmillStrike","floor":5},{"not_picked":["Crescendo","Weave"],"picked":"MentalFortress","floor":6},{"not_picked":["FlurryOfBlows","EmptyBody"],"picked":"Wireheading","floor":8},{"not_picked":["FollowUp","InnerPeace"],"picked":"ConjureBlade","floor":11},{"not_picked":["Swivel","Protect"],"picked":"LikeWater","floor":13},{"not_picked":["Sanctity","JustLucky","Protect"],"picked":"SKIP","floor":14}],"player_experience":697175,"relics_obtained":[{"floor":6,"key":"CloakClasp"},{"floor":8,"key":"Simple Rune"},{"floor":11,"key":"Replay:Kaleidoscope"}],"event_choices":[{"damage_healed":0,"gold_gain":75,"player_choice":"Gather Gold","damage_taken":11,"max_hp_gain":0,"max_hp_loss":0,"event_name":"World of Goop","floor":2,"gold_loss":0},{"damage_healed":0,"gold_gain":0,"player_choice":"Entered Light","damage_taken":14,"max_hp_gain":0,"max_hp_loss":0,"event_name":"Shining Light","floor":4,"gold_loss":0,"cards_upgraded":["Eruption","Vigilance"]},{"damage_healed":18,"gold_gain":0,"player_choice":"Healed","damage_taken":0,"max_hp_gain":0,"max_hp_loss":0,"event_name":"The Cleric","floor":12,"gold_loss":35}],"is_beta":false,"boss_relics":[],"items_purged_floors":[],"is_endless":false,"potions_floor_spawned":[8,14],"killed_by":"Fading Forest","ascension_level":1}}