{"host":"qzq79ra7wsn8vwi4","time":1607539013,"event":{"gold_per_floor":[115,134,144,144,158,158,188,201,201,215,215,215],"floor_reached":11,"playtime":568,"items_purged":[],"score":67,"play_id":"c1cea0ad-5e47-4f07-b944-8bf0919d4895","local_time":"20201209103653","is_ascension_mode":false,"campfire_choices":[{"data":"Barricade","floor":6,"key":"SMITH"}],"neow_cost":"NONE","seed_source_timestamp":181540792337100,"circlet_count":0,"master_deck":["Strike_R","Strike_R","Strike_R","Strike_R","Strike_R","Defend_R","Bash","Uppercut+1","Cleave+1","Dual Wield+1","Pommel Strike","Heavy Blade","Iron Wave","Barricade+1","Battle Trance","Body Slam","Heavy Blade"],"relics":["Astrolabe","Mummified Hand","Odd Mushroom","Eternal Feather"],"potions_floor_usage":[11],"damage_taken":[{"damage":4,"enemies":"Cultist","floor":1,"turns":3},{"damage":0,"enemies":"2 Louse","floor":2,"turns":2},{"damage":0,"enemies":"Small Slimes","floor":3,"turns":2},{"damage":11,"enemies":"Exordium Wildlife","floor":5,"turns":4},{"damage":32,"enemies":"The Mushroom Lair","floor":7,"turns":4},{"damage":13,"enemies":"Gremlin Gang","floor":8,"turns":4},{"damage":14,"enemies":"Blue Slaver","floor":10,"turns":3},{"damage":9,"enemies":"3 Sentries","floor":11,"turns":2}],"seed_played":"4759866516619022764","potions_obtained":[{"floor":2,"key":"hexamod:EctoCoolerPotion"},{"floor":5,"key":"Dexterity Potion"}],"is_trial":false,"path_per_floor":["M","M","M","?","M","R","?","M","T","M","E"],"character_chosen":"IRONCLAD","items_purchased":[],"campfire_rested":0,"item_purchase_floors":[],"current_hp_per_floor":[76,76,76,73,62,62,30,17,17,3,0,0],"gold":215,"neow_bonus":"BOSS_RELIC","is_prod":false,"is_daily":false,"chose_seed":false,"campfire_upgraded":1,"win_rate":0,"timestamp":1607539013,"path_taken":["M","?","M","?","M","R","?","M","T","M","E"],"build_version":"2020-11-30","purchased_purges":0,"victory":false,"max_hp_per_floor":[80,80,80,80,80,80,80,80,80,80,80,80],"card_choices":[{"not_picked":["Warcry","Pummel"],"picked":"Pommel Strike","floor":1},{"not_picked":["Sword Boomerang","Body Slam"],"picked":"Heavy Blade","floor":2},{"not_picked":["Warcry","Headbutt"],"picked":"Iron Wave","floor":3},{"not_picked":["Iron Wave","Intimidate"],"picked":"Barricade","floor":5},{"not_picked":["Headbutt","Cleave"],"picked":"Battle Trance","floor":7},{"not_picked":["Cleave","Warcry"],"picked":"Body Slam","floor":8},{"not_picked":["Pommel Strike","Perfected Strike"],"picked":"Heavy Blade","floor":10}],"player_experience":119119,"relics_obtained":[{"floor":7,"key":"Odd Mushroom"},{"floor":9,"key":"Eternal Feather"}],"event_choices":[{"damage_healed":0,"gold_gain":0,"player_choice":"Success","damage_taken":3,"relics_obtained":["Mummified Hand"],"max_hp_gain":0,"max_hp_loss":0,"event_name":"Scrap Ooze","floor":4,"gold_loss":0},{"damage_healed":0,"gold_gain":0,"player_choice":"Fought Mushrooms","damage_taken":0,"max_hp_gain":0,"max_hp_loss":0,"event_name":"Mushrooms","floor":7,"gold_loss":0}],"is_beta":false,"boss_relics":[],"items_purged_floors":[],"is_endless":false,"potions_floor_spawned":[2,5],"killed_by":"3 Sentries","ascension_level":0}}