{"host":"d1za9dvx43o9v494","time":1607520537,"event":{"gold_per_floor":[0,0,16,116,26,42,66,77,111,36,55,69,87,87,101,206,206,131,131,164,164,97,125,207,207,226,226,226,226,236,251,266,365,415,415,425,445,720,720,752,752,770,799,724,724,724,735,751,771,771],"floor_reached":52,"playtime":3192,"items_purged":["Pain"],"score":1228,"play_id":"2a1e3cc5-7a11-40b1-a9bb-b09958ed292f","local_time":"20201209162857","is_ascension_mode":true,"campfire_choices":[{"floor":1,"key":"RECALL"},{"data":"champ:CrookedStrike","floor":10,"key":"SMITH"},{"data":"champ:FocusedDefense","floor":18,"key":"SMITH"},{"floor":27,"key":"REST"},{"data":"1","floor":36,"key":"LIFT"},{"data":"champ:PerfectForm","floor":40,"key":"SMITH"},{"data":"2","floor":45,"key":"LIFT"}],"neow_cost":"NO_GOLD","seed_source_timestamp":1729519163741,"circlet_count":1,"master_deck":["champ:Strike+1","champ:Strike+1","champ:Strike+1","champ:Strike+1","champ:Defend+1","champ:Defend+1","champ:Defend+1","champ:Defend+1","champ:Execute+1","champ:Taunt+1","champ:CrookedStrike+1","champ:ArenaPreparation+1","champ:ViciousMockery+1","champ:FocusedDefense+1","champ:EnchantSword+1","champ:CrownThrow+1","champ:FocusedBerserking+1","champ:FlashCut+1","champ:StanceDance+1","champ:FocusedGladiator+1","champ:AdrenalArmor+1","champ:PerfectForm+1","champ:VampiricStrike+1","champ:GladiatorStyle+1","champ:EnchantShield+1","expansioncontent:SuperHexaguard","expansioncontent:YouAreMine","champ:FanOfKnives+1","champ:Encircle"],"special_seed":0,"relics":["champ:ChampionCrown","WarpedTongs","Nunchaku","Black Star","PreservedInsect","SacredBark","champ:GladiatorsBookOfMartialProwess","Bag of Marbles","InkBottle","Mango","Omamori","Sundial","Letter Opener","Nloth\u0027s Gift","expansioncontent:StudyCardRelic","Circlet","downfall:RedIOUUpgrade","downfall:TeleportStone","Girya","Kunai","Oddly Smooth Stone","Bird Faced Urn","Happy Flower"],"potions_floor_usage":[16,16,31,32,33,33],"damage_taken":[{"damage":13,"enemies":"Small Slimes","floor":3,"turns":3},{"damage":16,"enemies":"downfall:FleeingMerchant","floor":5,"turns":4},{"damage":17,"enemies":"Cultist","floor":6,"turns":4},{"damage":5,"enemies":"2 Louse","floor":8,"turns":2},{"damage":50,"enemies":"Gremlin Nob","floor":9,"turns":6},{"damage":26,"enemies":"Exordium Thugs","floor":11,"turns":3},{"damage":12,"enemies":"3 Louse","floor":12,"turns":4},{"damage":22,"enemies":"2 Fungi Beasts","floor":13,"turns":4},{"damage":6,"enemies":"Blue Slaver","floor":15,"turns":3},{"damage":42,"enemies":"downfall:Ironclad","floor":16,"turns":9},{"damage":58,"enemies":"Slavers","floor":20,"turns":7},{"damage":21,"enemies":"downfall:FleeingMerchant","floor":22,"turns":4},{"damage":43,"enemies":"Book of Stabbing","floor":23,"turns":4},{"damage":0,"enemies":"Chosen","floor":25,"turns":1},{"damage":29,"enemies":"Shell Parasite","floor":26,"turns":4},{"damage":11,"enemies":"3 Cultists","floor":30,"turns":5},{"damage":22,"enemies":"Snecko","floor":31,"turns":4},{"damage":51,"enemies":"Sentry and Sphere","floor":32,"turns":5},{"damage":47,"enemies":"downfall:Silent","floor":33,"turns":8},{"damage":52,"enemies":"Mind Bloom Boss Battle","floor":35,"turns":7},{"damage":19,"enemies":"Orb Walker","floor":37,"turns":2},{"damage":0,"enemies":"3 Shapes","floor":38,"turns":1},{"damage":0,"enemies":"Giant Head","floor":41,"turns":1},{"damage":0,"enemies":"Jaw Worm Horde","floor":43,"turns":1},{"damage":0,"enemies":"Nemesis","floor":44,"turns":1},{"damage":0,"enemies":"Maw","floor":48,"turns":1},{"damage":26,"enemies":"3 Darklings","floor":49,"turns":3},{"damage":45,"enemies":"Spire Growth","floor":50,"turns":3},{"damage":62,"enemies":"downfall:Defect","floor":51,"turns":4}],"seed_played":"-1036018388644997424","potions_obtained":[{"floor":3,"key":"GamblersBrew"},{"floor":8,"key":"LiquidBronze"},{"floor":16,"key":"champ:CounterstrikePotion"},{"floor":20,"key":"Dexterity Potion"},{"floor":23,"key":"Energy Potion"},{"floor":31,"key":"sneckomod:MuddlingPotion"},{"floor":33,"key":"Ancient Potion"},{"floor":44,"key":"SkillPotion"},{"floor":48,"key":"PowerPotion"},{"floor":49,"key":"Slimebound:ThreeZeroPotion"}],"is_trial":false,"path_per_floor":["R","?","M","?","$","M","T","M","E","R","M","M","M","?","M","B",null,"R","?","E","?","$","E","T","M","M","R","T","?","M","M","M","B",null,"R","M","M","?","R","E","T","M","E","R","?","?","M","M","M","B",null],"character_chosen":"THE_CHAMP","items_purchased":["champ:FlashCut"],"campfire_rested":1,"item_purchase_floors":[22],"current_hp_per_floor":[90,90,82,82,76,74,74,86,46,46,33,31,31,31,30,4,90,90,90,53,53,44,35,35,35,20,51,51,51,45,43,22,2,104,104,104,104,104,104,104,104,104,104,114,114,104,104,104,114,114],"gold":771,"neow_bonus":"ONE_RARE_RELIC","is_prod":false,"is_daily":false,"chose_seed":false,"campfire_upgraded":3,"win_rate":0,"timestamp":1607520537,"path_taken":["R","?","?","?","?","?","T","M","E","R","M","M","M","?","M","BOSS","R","?","E","?","$","E","T","?","M","R","?","?","M","?","M","BOSS","R","M","?","?","R","E","T","?","E","R","?","?","M","?","M","BOSS"],"build_version":"2020-11-30","purchased_purges":1,"victory":true,"max_hp_per_floor":[90,90,90,90,90,90,90,90,90,90,90,90,90,90,90,90,90,90,90,90,90,90,104,104,104,104,104,104,104,104,104,104,104,104,104,104,104,104,104,104,104,104,104,114,114,114,114,114,114,114],"card_choices":[{"not_picked":["champ:CalledShot","champ:GladiatorsShout"],"picked":"champ:CrookedStrike","floor":3},{"not_picked":["champ:FanOfKnives","champ:CalledShot"],"picked":"champ:ArenaPreparation","floor":5},{"not_picked":["champ:RisingSlash","champ:AdrenalArmor","champ:SteelEdge"],"picked":"SKIP","floor":6},{"not_picked":["champ:BladeFlurry","champ:EndlessRage"],"picked":"champ:ViciousMockery","floor":8},{"not_picked":["champ:PerfectedStrike","champ:ArenaPreparation","champ:AdrenalArmor"],"picked":"SKIP","floor":9},{"not_picked":["champ:PerfectedStrike","champ:ArenaPreparation","champ:AdrenalArmor"],"picked":"SKIP","floor":9},{"not_picked":["champ:Shatter","champ:StanceDance","champ:IronFortress"],"picked":"SKIP","floor":11},{"not_picked":["champ:Haymaker","champ:Circumvent","champ:Backstep"],"picked":"SKIP","floor":12},{"not_picked":["champ:Haymaker","champ:LastStand","champ:RecklessLeap"],"picked":"SKIP","floor":13},{"not_picked":["champ:FocusedDefense","champ:TornadoPunch","champ:EnragedBash"],"picked":"SKIP","floor":15},{"not_picked":["champ:TornadoPunch","champ:EnragedBash"],"picked":"champ:FocusedDefense","floor":15},{"not_picked":["champ:ShieldSlam","champ:VampiricStrike"],"picked":"champ:EnchantSword","floor":16},{"not_picked":["champ:Backstep","champ:Shatter","champ:SteelEdge"],"picked":"SKIP","floor":20},{"not_picked":["champ:TornadoPunch+1","champ:DefensiveShout"],"picked":"champ:FocusedBerserking","floor":22},{"not_picked":["champ:Duel","champ:BladeFlurry+1"],"picked":"champ:StanceDance+1","floor":23},{"not_picked":["champ:BerserkersShout","champ:ArenaPreparation","champ:CrookedStrike"],"picked":"SKIP","floor":25},{"not_picked":["champ:FanOfKnives+1","champ:PerfectedStrike"],"picked":"champ:FocusedGladiator+1","floor":26},{"not_picked":["champ:CrookedStrike","champ:Encircle"],"picked":"champ:AdrenalArmor+1","floor":30},{"not_picked":["champ:FlashCut","champ:Encircle"],"picked":"champ:PerfectForm","floor":31},{"not_picked":["champ:BerserkerStyle","champ:AdrenalArmor","champ:Riposte"],"picked":"SKIP","floor":32},{"not_picked":["champ:DancingMaster","champ:Improvising"],"picked":"champ:VampiricStrike","floor":33},{"not_picked":["champ:FocusedBerserking","champ:BerserkersShout+1","champ:StanceDance"],"picked":"SKIP","floor":37},{"not_picked":["champ:CrownThrow","champ:BerserkerStyle","champ:RisingSlash"],"picked":"SKIP","floor":38},{"not_picked":["champ:CheapShot","champ:Balance"],"picked":"champ:GladiatorStyle+1","floor":41},{"not_picked":["champ:BladeFlurry","champ:Shatter+1","champ:DefensiveShout"],"picked":"SKIP","floor":43},{"not_picked":["champ:Circumvent","champ:GutPunch+1"],"picked":"champ:EnchantShield","floor":44},{"not_picked":["expansioncontent:CaCaw","expansioncontent:DecasProtection"],"picked":"expansioncontent:SuperHexaguard","floor":47},{"not_picked":["expansioncontent:DonusPower","expansioncontent:TimeRipple"],"picked":"expansioncontent:YouAreMine","floor":47},{"not_picked":["champ:BerserkersShout","champ:StanceDance+1"],"picked":"champ:FanOfKnives+1","floor":48},{"not_picked":["champ:TornadoPunch","champ:BladeFlurry","champ:Circumvent"],"picked":"SKIP","floor":49},{"not_picked":["champ:TornadoPunch","champ:BladeFlurry","champ:Circumvent"],"picked":"SKIP","floor":49},{"not_picked":["champ:AdrenalArmor+1","champ:SteelEdge"],"picked":"champ:Encircle","floor":50}],"player_experience":529945,"relics_obtained":[{"floor":7,"key":"Nunchaku"},{"floor":9,"key":"PreservedInsect"},{"floor":9,"key":"Orichalcum"},{"floor":20,"key":"Bag of Marbles"},{"floor":20,"key":"InkBottle"},{"floor":23,"key":"Mango"},{"floor":23,"key":"Omamori"},{"floor":24,"key":"Sundial"},{"floor":28,"key":"Letter Opener"},{"floor":35,"key":"Girya"},{"floor":41,"key":"Kunai"},{"floor":41,"key":"Oddly Smooth Stone"},{"floor":44,"key":"Bird Faced Urn"},{"floor":44,"key":"Happy Flower"}],"event_choices":[{"damage_healed":0,"gold_gain":0,"player_choice":"Rummage","damage_taken":0,"relics_obtained":["WarpedTongs"],"max_hp_gain":0,"max_hp_loss":0,"event_name":"Accursed Blacksmith","floor":2,"gold_loss":0,"cards_obtained":["Pain"]}],"is_beta":false,"boss_relics":[{"not_picked":["Velvet Choker","Empty Cage"],"picked":"SacredBark"},{"not_picked":["SlaversCollar","Calling Bell"],"picked":"expansioncontent:StudyCardRelic"}],"items_purged_floors":[5],"is_endless":false,"potions_floor_spawned":[3,8,16,20,23,26,31,33,44,48,49,50],"ascension_level":1}}