{"host":"3rixevx6n8b56xaj","time":1607526838,"event":{"gold_per_floor":[115,130,130,149,71,96,108,139,151,194,223,235,265,296,308,423,435,458,486,498,530,559,605,157,170,196,209,209,221,221,235,235,339,339,349,29,47,65,84,110,110,145,145,174,49,63,75,75,75,75,75,75,25,52,52,52],"floor_reached":55,"playtime":2464,"items_purged":["Strike_B","Strike_B","Rip and Tear"],"score":847,"play_id":"feb34d7e-6ff3-4984-ab17-4851070c8b1c","local_time":"20201210001358","is_ascension_mode":false,"campfire_choices":[{"data":"Defragment","floor":7,"key":"SMITH"},{"data":"Defragment","floor":12,"key":"SMITH"},{"data":"Dualcast","floor":15,"key":"SMITH"},{"data":"Self Repair","floor":30,"key":"SMITH"},{"data":"Creative AI","floor":32,"key":"SMITH"},{"data":"Amplify","floor":41,"key":"SMITH"},{"floor":49,"key":"RECALL"},{"data":"Recycle","floor":52,"key":"SMITH"}],"neow_cost":"NONE","seed_source_timestamp":1132225173602500,"circlet_count":0,"master_deck":["Strike_B+1","Defend_B","Defend_B","Defend_B","Zap","Dualcast+1","Compile Driver","Defragment+1","BootSequence","Lockon+1","Reboot","Defragment+1","Glacier","Electrodynamics","Self Repair+1","Recycle+1","Ball Lightning+1","Creative AI+1","Undo","Conserve Battery","Coolheaded+1","Meteor Strike","Amplify+1","Go for the Eyes+1","Tempest+1","Machine Learning","Core Surge"],"relics":["Cracked Core","NeowsBlessing","MawBank","Blue Candle","Black Star","Centennial Puzzle","Bag of Marbles","Incense Burner","Happy Flower","Coffee Dripper","Medical Kit","Dead Branch","Whetstone","PreservedInsect","Omamori","StrikeDummy","Thread and Needle","Oddly Smooth Stone","Orichalcum","Turnip","Lantern"],"potions_floor_usage":[6,13,29,33,33,40,46,50,54,55,55,55],"damage_taken":[{"damage":0,"enemies":"Cultist","floor":1,"turns":1},{"damage":0,"enemies":"Small Slimes","floor":2,"turns":1},{"damage":0,"enemies":"2 Louse","floor":4,"turns":1},{"damage":23,"enemies":"Lagavulin","floor":6,"turns":4},{"damage":0,"enemies":"Large Slime","floor":8,"turns":4},{"damage":25,"enemies":"3 Sentries","floor":10,"turns":6},{"damage":3,"enemies":"Red Slaver","floor":11,"turns":2},{"damage":3,"enemies":"Gremlin Gang","floor":13,"turns":3},{"damage":1,"enemies":"Large Slime","floor":14,"turns":3},{"damage":0,"enemies":"Hexaghost","floor":16,"turns":10},{"damage":5,"enemies":"Chosen","floor":18,"turns":4},{"damage":5,"enemies":"Shell Parasite","floor":19,"turns":6},{"damage":15,"enemies":"Snake Plant","floor":21,"turns":4},{"damage":23,"enemies":"Centurion and Healer","floor":22,"turns":4},{"damage":7,"enemies":"Gremlin Leader","floor":23,"turns":6},{"damage":0,"enemies":"Chosen and Byrds","floor":25,"turns":3},{"damage":0,"enemies":"Cultist and Chosen","floor":27,"turns":3},{"damage":27,"enemies":"Shelled Parasite and Fungi","floor":29,"turns":3},{"damage":12,"enemies":"Centurion and Healer","floor":31,"turns":3},{"damage":18,"enemies":"Collector","floor":33,"turns":11},{"damage":0,"enemies":"3 Shapes","floor":35,"turns":5},{"damage":14,"enemies":"Orb Walker","floor":37,"turns":6},{"damage":9,"enemies":"Sphere and 2 Shapes","floor":38,"turns":7},{"damage":28,"enemies":"Spire Growth","floor":39,"turns":6},{"damage":8,"enemies":"Reptomancer","floor":40,"turns":5},{"damage":2,"enemies":"Giant Head","floor":42,"turns":7},{"damage":0,"enemies":"Reptomancer","floor":44,"turns":6},{"damage":0,"enemies":"4 Shapes","floor":46,"turns":3},{"damage":0,"enemies":"3 Darklings","floor":47,"turns":4},{"damage":10,"enemies":"Donu and Deca","floor":50,"turns":7},{"damage":27,"enemies":"Shield and Spear","floor":54,"turns":6},{"damage":69,"enemies":"The Heart","floor":55,"turns":8}],"seed_played":"6713103996164728818","potions_obtained":[{"floor":3,"key":"Ancient Potion"},{"floor":3,"key":"GamblersBrew"},{"floor":3,"key":"Swift Potion"},{"floor":4,"key":"BlessingOfTheForge"},{"floor":10,"key":"AttackPotion"},{"floor":13,"key":"FearPotion"},{"floor":19,"key":"DuplicationPotion"},{"floor":25,"key":"PowerPotion"},{"floor":29,"key":"FocusPotion"},{"floor":31,"key":"FocusPotion"},{"floor":38,"key":"Energy Potion"},{"floor":39,"key":"ColorlessPotion"},{"floor":44,"key":"ColorlessPotion"},{"floor":46,"key":"ColorlessPotion"},{"floor":54,"key":"Explosive Potion"}],"is_trial":false,"path_per_floor":["M","M","?","M","$","E","R","M","T","E","M","R","M","M","R","B",null,"M","M","?","M","M","E","$","M","T","M","?","M","R","M","R","B",null,"M","$","M","M","M","E","R","E","T","E","$","M","M","?","R","B",null,"R","$","E","B"],"character_chosen":"DEFECT","items_purchased":["Defragment","Incense Burner","Undo","Medical Kit","Amplify","ColorlessPotion"],"campfire_rested":0,"item_purchase_floors":[5,24,24,36,36,53],"current_hp_per_floor":[75,75,75,75,75,52,52,52,52,27,24,24,21,20,20,20,75,70,65,65,57,34,34,34,41,41,41,41,21,21,19,19,11,75,75,75,61,62,54,56,56,74,74,75,75,75,75,75,75,75,75,75,75,68,0,0],"gold":52,"neow_bonus":"THREE_ENEMY_KILL","is_prod":false,"is_daily":false,"chose_seed":false,"campfire_upgraded":7,"win_rate":0,"timestamp":1607526838,"path_taken":["M","?","?","M","?","E","R","M","T","E","M","R","M","M","R","BOSS","M","M","?","M","M","E","$","M","T","M","?","M","R","?","R","BOSS","M","$","M","?","M","E","R","E","T","E","$","?","M","?","R","BOSS","R","$","E","BOSS"],"build_version":"2020-11-30","purchased_purges":3,"victory":false,"max_hp_per_floor":[75,75,75,75,75,75,75,75,75,75,75,75,75,75,75,75,75,75,75,75,75,75,75,75,75,75,75,75,75,75,75,75,75,75,75,75,75,75,75,75,75,75,75,75,75,75,75,75,75,75,75,75,75,75,75,75],"card_choices":[{"not_picked":["Rebound","Cold Snap"],"picked":"Rip and Tear","floor":1},{"not_picked":["Gash","Storm"],"picked":"Compile Driver","floor":2},{"not_picked":["Auto Shields","Turbo","Coolheaded"],"picked":"SKIP","floor":4},{"not_picked":["Compile Driver","Chaos"],"picked":"BootSequence","floor":6},{"not_picked":["Leap","Sunder"],"picked":"Lockon","floor":8},{"not_picked":["White Noise","Auto Shields"],"picked":"Reboot","floor":10},{"not_picked":["Redo","Tempest"],"picked":"Defragment","floor":11},{"not_picked":["Stack","Gash","Leap"],"picked":"SKIP","floor":13},{"not_picked":["Hello World","Lockon"],"picked":"Glacier","floor":14},{"not_picked":["Buffer","Reboot"],"picked":"Electrodynamics","floor":16},{"not_picked":["Scrape+1","Compile Driver","Redo"],"picked":"SKIP","floor":18},{"not_picked":["Reprogram+1","Cold Snap","Streamline"],"picked":"SKIP","floor":19},{"not_picked":["Double Energy","Sweeping Beam"],"picked":"Ball Lightning+1","floor":21},{"not_picked":["Rebound","Gash","Beam Cell+1"],"picked":"SKIP","floor":22},{"not_picked":["Leap+1","Rebound"],"picked":"Creative AI","floor":23},{"not_picked":["Barrage","Doom and Gloom","Stack+1"],"picked":"SKIP","floor":25},{"not_picked":["Go for the Eyes","Barrage+1","Beam Cell"],"picked":"SKIP","floor":27},{"not_picked":["Go for the Eyes","Barrage+1","Beam Cell"],"picked":"SKIP","floor":27},{"not_picked":["Self Repair","Rebound"],"picked":"Conserve Battery","floor":29},{"not_picked":["Rebound","Thunder Strike"],"picked":"Coolheaded+1","floor":31},{"not_picked":["Electrodynamics","Seek"],"picked":"Meteor Strike","floor":33},{"not_picked":["Beam Cell+1","Sweeping Beam+1","Leap"],"picked":"SKIP","floor":35},{"not_picked":["Rebound","Consume+1","Barrage+1"],"picked":"SKIP","floor":37},{"not_picked":["Beam Cell","Hologram","Redo"],"picked":"SKIP","floor":38},{"not_picked":["Conserve Battery+1","Beam Cell+1","Hologram"],"picked":"SKIP","floor":39},{"not_picked":["Amplify","Electrodynamics"],"picked":"Go for the Eyes+1","floor":40},{"not_picked":["Beam Cell+1","Sweeping Beam+1","Ball Lightning"],"picked":"SKIP","floor":42},{"not_picked":["Sunder+1","Cold Snap"],"picked":"Tempest+1","floor":44},{"not_picked":["Stack","Redo+1","Compile Driver"],"picked":"SKIP","floor":46},{"not_picked":["Streamline","Rebound+1"],"picked":"Machine Learning","floor":47},{"not_picked":["Chill","Biased Cognition"],"picked":"Core Surge","floor":54}],"player_experience":499873,"relics_obtained":[{"floor":6,"key":"MawBank"},{"floor":10,"key":"Blue Candle"},{"floor":23,"key":"Centennial Puzzle"},{"floor":23,"key":"Bag of Marbles"},{"floor":26,"key":"Happy Flower"},{"floor":40,"key":"Dead Branch"},{"floor":40,"key":"Whetstone"},{"floor":42,"key":"PreservedInsect"},{"floor":42,"key":"Omamori"},{"floor":43,"key":"StrikeDummy"},{"floor":44,"key":"Thread and Needle"},{"floor":44,"key":"Oddly Smooth Stone"},{"floor":48,"key":"Orichalcum"},{"floor":54,"key":"Turnip"},{"floor":54,"key":"Lantern"}],"event_choices":[{"damage_healed":0,"gold_gain":0,"player_choice":"Got Potions","damage_taken":0,"max_hp_gain":0,"max_hp_loss":0,"event_name":"Lab","floor":3,"gold_loss":0},{"damage_healed":0,"gold_gain":0,"cards_transformed":["Strike_B","Defend_B"],"player_choice":"Became Test Subject","damage_taken":0,"max_hp_gain":0,"max_hp_loss":0,"event_name":"Drug Dealer","floor":20,"gold_loss":0,"cards_obtained":["Self Repair","Recycle"]},{"damage_healed":0,"gold_gain":0,"player_choice":"Ignored","damage_taken":0,"max_hp_gain":0,"max_hp_loss":0,"event_name":"NoteForYourself","floor":28,"gold_loss":0},{"damage_healed":0,"gold_gain":0,"player_choice":"Relic","damage_taken":0,"max_hp_gain":0,"max_hp_loss":0,"event_name":"Wheel of Change","floor":48,"gold_loss":0}],"is_beta":false,"boss_relics":[{"not_picked":["Runic Pyramid","SacredBark"],"picked":"Black Star"},{"not_picked":["Astrolabe","Snecko Eye"],"picked":"Coffee Dripper"}],"items_purged_floors":[24,36,45],"is_endless":false,"potions_floor_spawned":[4,10,13,14,19,25,29,31,38,39,44,46,54],"killed_by":"The Heart","ascension_level":0}}