{"host":"5gc11emcm5chfr5t","time":1607551220,"event":{"gold_per_floor":[116,291,291,291,0,43,43,62,62,77,77,111,132,165,165,285,285,310,310,325,344,392,392,433,452,452,48,62,62,62,80,80,80,80],"floor_reached":33,"playtime":1108,"items_purged":["Regret","Doubt"],"score":353,"play_id":"86e29085-dc1c-4016-b7c3-4f98bd22e8fd","local_time":"20201209170020","is_ascension_mode":true,"campfire_choices":[{"data":"Double Tap","floor":7,"key":"SMITH"},{"data":"Thunderclap","floor":15,"key":"SMITH"},{"data":"The Bomb","floor":23,"key":"SMITH"},{"floor":32,"key":"REST"}],"neow_cost":"CURSE","seed_source_timestamp":241623439306700,"circlet_count":0,"master_deck":["Bash","The Bomb+1","Armaments","Power Through","Double Tap+1","Clothesline","Thunderclap+1","Second Wind","Bludgeon","Shrug It Off","Bludgeon","Shockwave","Cleave","Exhume","Pummel","Metallicize","Spot Weakness","Clothesline","Iron Wave","Iron Wave+1","Reaper","Intimidate+1","Shame"],"relics":["Burning Blood","Golden Idol","Nunchaku","War Paint","Bottled Flame","Regal Pillow","Mercury Hourglass","Pandora\u0027s Box","Bag of Marbles","Happy Flower","Art of War","Mango","Frozen Egg 2"],"potions_floor_usage":[12,13,18,18,20,28,33],"damage_taken":[{"damage":9,"enemies":"Jaw Worm","floor":1,"turns":4},{"damage":19,"enemies":"3 Sentries","floor":6,"turns":3},{"damage":12,"enemies":"Small Slimes","floor":8,"turns":5},{"damage":0,"enemies":"Cultist","floor":10,"turns":3},{"damage":7,"enemies":"Gremlin Nob","floor":12,"turns":3},{"damage":5,"enemies":"Red Slaver","floor":13,"turns":4},{"damage":2,"enemies":"3 Sentries","floor":14,"turns":4},{"damage":51,"enemies":"Slime Boss","floor":16,"turns":7},{"damage":22,"enemies":"Spheric Guardian","floor":18,"turns":4},{"damage":25,"enemies":"Shell Parasite","floor":20,"turns":5},{"damage":7,"enemies":"Snecko","floor":21,"turns":4},{"damage":29,"enemies":"Slavers","floor":24,"turns":3},{"damage":21,"enemies":"Cultist and Chosen","floor":25,"turns":4},{"damage":11,"enemies":"Centurion and Healer","floor":28,"turns":3},{"damage":30,"enemies":"Snake Plant","floor":31,"turns":4},{"damage":83,"enemies":"Automaton","floor":33,"turns":10}],"seed_played":"-767694524603606461","potions_obtained":[{"floor":1,"key":"Energy Potion"},{"floor":8,"key":"ElixirPotion"},{"floor":12,"key":"HeartOfIron"},{"floor":16,"key":"AttackPotion"},{"floor":18,"key":"EssenceOfSteel"},{"floor":24,"key":"Strength Potion"},{"floor":31,"key":"Block Potion"}],"is_trial":false,"path_per_floor":["M","?","?","?","$","E","R","M","T","M","$","E","M","E","R","B",null,"M","?","M","M","T","R","E","M","T","$","M","?","?","M","R","B"],"character_chosen":"IRONCLAD","items_purchased":["Double Tap","Nunchaku","Mango"],"campfire_rested":1,"item_purchase_floors":[5,5,27],"current_hp_per_floor":[77,77,74,74,74,61,61,55,55,61,61,60,61,65,65,20,74,58,84,65,64,64,64,41,38,38,52,47,47,47,23,67,0,0],"gold":80,"neow_bonus":"RANDOM_COLORLESS_2","is_prod":false,"is_daily":false,"chose_seed":false,"campfire_upgraded":3,"win_rate":0,"timestamp":1607551220,"path_taken":["M","?","?","?","$","E","R","M","T","?","?","E","M","E","R","BOSS","M","?","?","M","?","R","E","?","T","$","M","?","?","M","R","BOSS"],"build_version":"2020-11-30","purchased_purges":2,"victory":false,"max_hp_per_floor":[80,80,74,74,74,74,74,74,74,74,74,74,74,74,74,74,74,74,84,84,84,84,84,84,84,84,98,98,98,98,98,98,98,98],"card_choices":[{"not_picked":["Secret Weapon","Sadistic Nature"],"picked":"The Bomb","floor":0},{"not_picked":["Headbutt","Evolve"],"picked":"Armaments","floor":1},{"not_picked":["Armaments","Bloodletting"],"picked":"Clothesline","floor":6},{"not_picked":["Anger","Entrench"],"picked":"Thunderclap","floor":8},{"not_picked":["Clash","Body Slam","Thunderclap"],"picked":"SKIP","floor":10},{"not_picked":["True Grit","Anger"],"picked":"Second Wind","floor":12},{"not_picked":["Flame Barrier","Inflame"],"picked":"Bludgeon","floor":13},{"not_picked":["Battle Trance","Thunderclap"],"picked":"Shrug It Off","floor":14},{"not_picked":["Double Tap","Fiend Fire"],"picked":"Bludgeon","floor":16},{"not_picked":["Havoc","True Grit+1","Carnage"],"picked":"SKIP","floor":18},{"not_picked":["Sever Soul+1","Heavy Blade+1"],"picked":"Iron Wave","floor":20},{"not_picked":["Armaments","Feel No Pain"],"picked":"Iron Wave+1","floor":21},{"not_picked":["Clash+1","Carnage+1"],"picked":"Reaper","floor":24},{"not_picked":["Anger+1","Dropkick+1","True Grit"],"picked":"SKIP","floor":25},{"not_picked":["Evolve","Armaments"],"picked":"Intimidate+1","floor":28},{"not_picked":["Reckless Charge+1","Heavy Blade","Warcry"],"picked":"SKIP","floor":31}],"player_experience":306063,"relics_obtained":[{"floor":6,"key":"War Paint"},{"floor":9,"key":"Bottled Flame"},{"floor":12,"key":"Regal Pillow"},{"floor":14,"key":"Mercury Hourglass"},{"floor":22,"key":"Bag of Marbles"},{"floor":24,"key":"Happy Flower"},{"floor":26,"key":"Art of War"}],"event_choices":[{"damage_healed":0,"gold_gain":175,"player_choice":"AGREE","damage_taken":0,"max_hp_gain":0,"max_hp_loss":0,"event_name":"Liars Game","floor":2,"gold_loss":0,"cards_obtained":["Doubt"]},{"damage_healed":0,"gold_gain":0,"player_choice":"Lose Max HP","damage_taken":0,"relics_obtained":["Golden Idol"],"max_hp_gain":0,"max_hp_loss":6,"event_name":"Golden Idol","floor":3,"gold_loss":0},{"damage_healed":0,"gold_gain":0,"cards_transformed":["Defend_R"],"player_choice":"Transformed","damage_taken":0,"max_hp_gain":0,"max_hp_loss":0,"event_name":"Transmorgrifier","floor":4,"gold_loss":0,"cards_obtained":["Power Through"]},{"cards_removed":["Barricade"],"damage_healed":16,"gold_gain":0,"player_choice":"Offered Rare","damage_taken":0,"max_hp_gain":10,"max_hp_loss":0,"event_name":"Bonfire Elementals","floor":19,"gold_loss":0},{"damage_healed":0,"gold_gain":0,"player_choice":"Simplicity","damage_taken":0,"max_hp_gain":0,"max_hp_loss":0,"event_name":"Back to Basics","floor":29,"gold_loss":0,"cards_upgraded":[]},{"damage_healed":0,"gold_gain":0,"player_choice":"Stole Relic","damage_taken":0,"relics_obtained":["Frozen Egg 2"],"max_hp_gain":0,"max_hp_loss":0,"event_name":"Addict","floor":30,"gold_loss":0,"cards_obtained":["Shame"]}],"is_beta":false,"boss_relics":[{"not_picked":["Sozu","Astrolabe"],"picked":"Pandora\u0027s Box"}],"items_purged_floors":[5,27],"is_endless":false,"potions_floor_spawned":[1,8,12,16,18,24,31],"killed_by":"Automaton","ascension_level":3}}