{"host":"h7b7nh0hjuoqte6b","time":1607538279,"event":{"gold_per_floor":[113,125,80,80,80,90,124,136,189,189,204,219,219,244,244,349,349,366,382,393,265,277,220,247,266,289,289,324,324,351,361,361,456,456,473,473,493,493,493,493,518,518,518,518,531,542,554,572,572,572,572,572,572,606,606],"floor_reached":56,"playtime":3416,"items_purged":["blademaster:Strike","blademaster:Strike","blademaster:Strike","blademaster:Strike","blademaster:RagingBlow","blademaster:FuriousStrike"],"score":1056,"play_id":"a9eb1c72-cf74-4861-a245-a531bb9077ab","local_time":"20201209102439","is_ascension_mode":false,"campfire_choices":[{"data":"blademaster:AspectOfWind","floor":10,"key":"SMITH"},{"data":"blademaster:StanceMastery","floor":13,"key":"SMITH"},{"data":"blademaster:ChargingUp","floor":15,"key":"SMITH"},{"data":"blademaster:Rupture","floor":27,"key":"SMITH"},{"data":"blademaster:EyeOfTheStorm","floor":29,"key":"SMITH"},{"data":"blademaster:Overcharge","floor":32,"key":"SMITH"},{"floor":40,"key":"REST"},{"floor":42,"key":"REST"},{"floor":44,"key":"REST"},{"floor":49,"key":"REST"},{"floor":52,"key":"REST"}],"neow_cost":"NONE","seed_source_timestamp":142292283243900,"circlet_count":0,"master_deck":["blademaster:Defend+1","blademaster:Defend+1","blademaster:Defend+1","blademaster:Defend+1","blademaster:HighVoltage+1","blademaster:Bloodbath+1","blademaster:AspectOfWind+1","blademaster:StanceMastery+1","blademaster:ChargingUp+1","blademaster:Overcharge+1","blademaster:Discharge+1","blademaster:CombatPrep+1","blademaster:DeadlyDance+1","blademaster:Discharge+1","blademaster:Sharpen+1","blademaster:DeadlyDance+1","blademaster:DeadlyDance+1","blademaster:HighVoltage+1","blademaster:Rupture+1","blademaster:EyeOfTheStorm+1","blademaster:DaggerAndCloak+1","blademaster:Frontflip+1","blademaster:ColdBlood+1","blademaster:EyeOfTheTornado+1","blademaster:CombatPrep+1","blademaster:Vortex"],"relics":["blademaster:DancersAmulet","NeowsBlessing","Replay:Bottled Eggs","Akabeko","Iron Hammer","Bag of Marbles","Red Mask","Bottled Tornado","Runic Pyramid","Mark of the Bloom","Orichalcum","Eternal Feather"],"potions_floor_usage":[],"damage_taken":[{"damage":0,"enemies":"Cultist","floor":1,"turns":1},{"damage":0,"enemies":"2 Louse","floor":2,"turns":1},{"damage":0,"enemies":"Small Slimes","floor":6,"turns":1},{"damage":54,"enemies":"Gremlin Nob","floor":7,"turns":6},{"damage":9,"enemies":"2 Fungi Beasts","floor":8,"turns":4},{"damage":8,"enemies":"3 Louse","floor":11,"turns":3},{"damage":16,"enemies":"Red Slaver","floor":12,"turns":4},{"damage":38,"enemies":"Lagavulin","floor":14,"turns":6},{"damage":27,"enemies":"The Guardian","floor":16,"turns":9},{"damage":10,"enemies":"Shell Parasite","floor":18,"turns":6},{"damage":7,"enemies":"Chosen","floor":19,"turns":6},{"damage":24,"enemies":"Snake Plant","floor":20,"turns":6},{"damage":20,"enemies":"Centurion and Healer","floor":22,"turns":6},{"damage":43,"enemies":"Slavers","floor":24,"turns":4},{"damage":8,"enemies":"Chosen and Byrds","floor":25,"turns":5},{"damage":48,"enemies":"Masked Bandits","floor":28,"turns":5},{"damage":27,"enemies":"Book of Stabbing","floor":30,"turns":6},{"damage":11,"enemies":"Sentry and Sphere","floor":31,"turns":4},{"damage":28,"enemies":"Pondfish","floor":33,"turns":8},{"damage":12,"enemies":"3 Darklings","floor":35,"turns":4},{"damage":1,"enemies":"Orb Walker","floor":37,"turns":4},{"damage":29,"enemies":"Reptomancer","floor":41,"turns":5},{"damage":9,"enemies":"4 Shapes","floor":45,"turns":4},{"damage":21,"enemies":"Spire Growth","floor":46,"turns":5},{"damage":12,"enemies":"3 Darklings","floor":47,"turns":4},{"damage":12,"enemies":"Maw","floor":48,"turns":6},{"damage":61,"enemies":"Replay:Hell Engine","floor":50,"turns":8},{"damage":80,"enemies":"Shield and Spear","floor":54,"turns":6},{"damage":60,"enemies":"The Heart","floor":55,"turns":8}],"seed_played":"4871467421396191842","potions_obtained":[{"floor":1,"key":"BlessingOfTheForge"},{"floor":12,"key":"FearPotion"},{"floor":28,"key":"Flashbang"},{"floor":31,"key":"FairyPotion"}],"is_trial":false,"path_per_floor":["M","M","$","?","?","M","E","M","T","R","M","M","R","E","R","B",null,"M","M","M","$","M","$","E","M","T","R","?","R","E","M","R","B",null,"M","?","M","?","?","R","E","R","T","R","M","M","M","M","R","B",null,"R","$","E","B",null],"character_chosen":"THE_BLADEMASTER","items_purchased":["blademaster:AspectOfWind","blademaster:Discharge","blademaster:Sharpen","blademaster:DeadlyDance"],"campfire_rested":5,"item_purchase_floors":[3,21,21,23],"current_hp_per_floor":[95,105,115,125,135,145,101,102,112,122,124,118,128,100,110,93,255,255,258,244,254,244,254,221,223,233,243,205,215,198,197,207,189,425,423,433,442,452,462,472,453,463,473,483,484,473,471,469,479,428,438,448,458,388,338],"gold":606,"neow_bonus":"THREE_ENEMY_KILL","is_prod":false,"is_daily":false,"chose_seed":false,"campfire_upgraded":6,"win_rate":0,"timestamp":1607538279,"path_taken":["M","?","$","?","?","M","E","M","T","R","M","M","R","E","R","BOSS","M","M","M","$","M","$","E","?","T","R","?","R","E","M","R","BOSS","M","?","M","?","?","R","E","R","T","R","M","?","M","M","R","BOSS","R","$","E","BOSS"],"build_version":"2020-11-30","purchased_purges":6,"victory":true,"max_hp_per_floor":[95,105,115,125,135,145,155,165,175,185,195,205,215,225,235,245,255,265,275,285,295,305,315,325,335,345,355,365,375,385,395,405,415,425,435,445,455,465,475,485,495,505,515,525,535,545,555,565,575,585,595,605,615,625,635],"card_choices":[{"not_picked":["blademaster:Overcharge","blademaster:Momentum"],"picked":"blademaster:Bloodbath","floor":1},{"not_picked":["blademaster:SlyStabs","blademaster:Sunder"],"picked":"blademaster:Slice","floor":2},{"not_picked":["blademaster:EyeOfTheStorm","blademaster:Stability","blademaster:CombatPrep"],"picked":"SKIP","floor":6},{"not_picked":["blademaster:Frontflip","blademaster:OneTrickPony"],"picked":"blademaster:StanceMastery","floor":7},{"not_picked":["blademaster:WindSlash","blademaster:LightningCrash"],"picked":"blademaster:ChargingUp","floor":8},{"not_picked":["blademaster:TraverseCut","blademaster:Cut"],"picked":"blademaster:Overcharge","floor":11},{"not_picked":["blademaster:SlyStabs","blademaster:Thrust"],"picked":"blademaster:Discharge","floor":12},{"not_picked":["blademaster:AspectOfWind","blademaster:ColdBlood"],"picked":"blademaster:CombatPrep","floor":14},{"not_picked":["blademaster:SlyStabs","blademaster:AspectOfWind"],"picked":"blademaster:FuriousStrike","floor":18},{"not_picked":["blademaster:AwakeningDefend+1","blademaster:Gust+1","blademaster:Stability+1"],"picked":"SKIP","floor":19},{"not_picked":["blademaster:SlyStabs","blademaster:Discharge+1"],"picked":"blademaster:DeadlyDance","floor":20},{"not_picked":["blademaster:CullingStrike","blademaster:Quickstep","blademaster:Momentum"],"picked":"SKIP","floor":22},{"not_picked":["blademaster:BloodyBlow+1","blademaster:LightningDraw"],"picked":"blademaster:HighVoltage","floor":24},{"not_picked":["blademaster:Safeguard","blademaster:BladeCross"],"picked":"blademaster:Rupture","floor":25},{"not_picked":["blademaster:BladeMastery+1","blademaster:SlyStabs"],"picked":"blademaster:EyeOfTheStorm","floor":28},{"not_picked":["blademaster:LightningCrash","blademaster:BloodyBlow+1"],"picked":"blademaster:DaggerAndCloak","floor":30},{"not_picked":["blademaster:AwakeningDefend","blademaster:IcyWind"],"picked":"blademaster:Frontflip+1","floor":31},{"not_picked":["blademaster:Flash","blademaster:StanceMastery"],"picked":"blademaster:ColdBlood","floor":33},{"not_picked":["blademaster:EyeOfTheStorm","blademaster:LightningCrash"],"picked":"blademaster:EyeOfTheTornado","floor":35},{"not_picked":["blademaster:Frontflip+1","blademaster:Reversal","blademaster:ThunderSlash+1"],"picked":"SKIP","floor":37},{"not_picked":["blademaster:DeadlyDance","blademaster:Discharge+1","blademaster:Slice"],"picked":"SKIP","floor":41},{"not_picked":["blademaster:SharpBlades+1","blademaster:Quickness+1","blademaster:FuriousStrike"],"picked":"SKIP","floor":45},{"not_picked":["blademaster:Havoc+1","blademaster:Sharpen+1"],"picked":"blademaster:CombatPrep+1","floor":46},{"not_picked":["blademaster:Cut+1","blademaster:AwakeningStrike+1","blademaster:Sharpen+1"],"picked":"SKIP","floor":47},{"not_picked":["blademaster:Sharpen+1","blademaster:EyeOfTheStorm","blademaster:AwakeningDefend"],"picked":"SKIP","floor":48},{"not_picked":["blademaster:AspectOfLightning","blademaster:Thrust"],"picked":"blademaster:Vortex","floor":54}],"player_experience":319233,"relics_obtained":[{"floor":7,"key":"blademaster:BonusComboPerk"},{"floor":7,"key":"Replay:Bottled Eggs"},{"floor":9,"key":"Akabeko"},{"floor":14,"key":"blademaster:FuryEveryTurnPerk"},{"floor":24,"key":"Iron Hammer"},{"floor":24,"key":"blademaster:RandomBladePerk"},{"floor":26,"key":"Bag of Marbles"},{"floor":28,"key":"Red Mask"},{"floor":30,"key":"Bottled Tornado"},{"floor":30,"key":"blademaster:BleedingMoreDamagePerk"},{"floor":41,"key":"Orichalcum"},{"floor":41,"key":"blademaster:OnAttackedChargePerk"},{"floor":43,"key":"Eternal Feather"},{"floor":54,"key":"blademaster:StrongPerk"}],"event_choices":[{"damage_healed":0,"gold_gain":0,"player_choice":"Leave","damage_taken":0,"max_hp_gain":0,"max_hp_loss":0,"event_name":"The Cleric","floor":4,"gold_loss":0},{"damage_healed":0,"gold_gain":0,"player_choice":"Leave","damage_taken":0,"max_hp_gain":0,"max_hp_loss":0,"event_name":"FaceTrader","floor":5,"gold_loss":0},{"damage_healed":0,"gold_gain":0,"player_choice":"Fought Bandits","damage_taken":0,"max_hp_gain":0,"max_hp_loss":0,"event_name":"Masked Bandits","floor":28,"gold_loss":0},{"damage_healed":0,"gold_gain":0,"player_choice":"Upgrade","damage_taken":0,"relics_obtained":["Mark of the Bloom"],"max_hp_gain":0,"max_hp_loss":0,"event_name":"MindBloom","floor":36,"gold_loss":0,"cards_upgraded":["blademaster:Defend","blademaster:Defend","blademaster:Defend","blademaster:Defend","blademaster:HighVoltage","blademaster:Slice","blademaster:Discharge","blademaster:CombatPrep","blademaster:DeadlyDance","blademaster:Discharge","blademaster:Sharpen","blademaster:DeadlyDance","blademaster:DeadlyDance","blademaster:HighVoltage","blademaster:DaggerAndCloak","blademaster:ColdBlood","blademaster:EyeOfTheTornado"]},{"cards_removed":["blademaster:Slice"],"damage_healed":0,"gold_gain":0,"player_choice":"Removed Attack","damage_taken":0,"max_hp_gain":0,"max_hp_loss":0,"event_name":"Falling","floor":38,"gold_loss":0},{"damage_healed":0,"gold_gain":0,"player_choice":"Bought 0 Potions","damage_taken":0,"max_hp_gain":0,"max_hp_loss":0,"event_name":"The Woman in Blue","floor":39,"gold_loss":0}],"is_beta":false,"boss_relics":[{"not_picked":["Replay:Ancient Bell","Ectoplasm","Replay:Drink Me"]},{"not_picked":["Runic Dome","Cursed Key"],"picked":"Runic Pyramid"}],"items_purged_floors":[21,21,21,21,21,21],"is_endless":false,"potions_floor_spawned":[1,12,22,24,28,31,41,45,47],"ascension_level":0}}