{"host":"xodzlm10r37577ou","time":1607528461,"event":{"gold_per_floor":[117,117,87,97,43,43,74,93,119,131,150,169,94,123,123,197,197,216,116,157,157,157],"floor_reached":21,"playtime":568,"items_purged":["Dualcast","Strike_B"],"score":398,"play_id":"1126ae03-a5b0-4654-800e-62fe72f14c68","local_time":"20201209234101","is_ascension_mode":true,"campfire_choices":[{"data":"Zap","floor":6,"key":"SMITH"},{"data":"Fission","floor":15,"key":"SMITH"}],"neow_cost":"NONE","seed_source_timestamp":374088468951200,"circlet_count":0,"master_deck":["AscendersBane","Strike_B","Strike_B","Strike_B","Defend_B","Defend_B","Defend_B","Defend_B","Zap+1","Sweeping Beam+1","Gash","Defragment+1","Buffer","Panic Button","Doom and Gloom","Fission+1","ReplayTheSpireMod:Omega Cannon","Cold Snap+1","ReplayTheSpireMod:Reroute Power"],"relics":["Cracked Core","NeowsBlessing","PreservedInsect","Vajra","Odd Mushroom","Honey Jar","StrikeDummy"],"potions_floor_usage":[11,16],"damage_taken":[{"damage":0,"enemies":"Cultist","floor":1,"turns":1},{"damage":0,"enemies":"2 Louse","floor":4,"turns":1},{"damage":0,"enemies":"Gremlin Nob","floor":7,"turns":1},{"damage":4,"enemies":"Jaw Worm","floor":8,"turns":3},{"damage":9,"enemies":"3 Louse","floor":10,"turns":3},{"damage":10,"enemies":"Gremlin Gang","floor":11,"turns":3},{"damage":0,"enemies":"Blue Slaver","floor":12,"turns":2},{"damage":6,"enemies":"The Mushroom Lair","floor":14,"turns":2},{"damage":31,"enemies":"The Guardian","floor":16,"turns":10},{"damage":17,"enemies":"2 Thieves","floor":18,"turns":2},{"damage":0,"enemies":"Shell Parasite","floor":21,"turns":1}],"seed_played":"-5097475182514882890","potions_obtained":[{"floor":3,"key":"Venom Potion"},{"floor":3,"key":"Energy Potion"},{"floor":7,"key":"Adrenaline Potion"},{"floor":20,"key":"Swift Potion"}],"is_trial":false,"path_per_floor":["M","?","?","M","$","R","E","M","T","M","M","M","$","?","R","B",null,"M","$","?","M"],"character_chosen":"DEFECT","items_purchased":["Defragment+1"],"campfire_rested":0,"item_purchase_floors":[5],"current_hp_per_floor":[64,64,64,64,64,64,64,60,60,51,41,41,41,35,35,4,54,37,37,14,14,14],"gold":157,"neow_bonus":"THREE_ENEMY_KILL","is_prod":false,"is_daily":false,"chose_seed":false,"campfire_upgraded":2,"win_rate":0,"timestamp":1607528461,"path_taken":["M","?","?","?","?","R","E","M","T","M","?","M","?","?","R","BOSS","M","$","?","?"],"build_version":"2020-11-30","purchased_purges":2,"victory":false,"max_hp_per_floor":[71,71,71,71,71,71,71,71,71,71,71,71,71,71,71,71,71,71,71,71,71,71],"card_choices":[{"not_picked":["Panic Button","Doom and Gloom"],"picked":"Sweeping Beam","floor":1},{"not_picked":["Conserve Battery","Beam Cell"],"picked":"Gash","floor":4},{"not_picked":["Coolheaded","Force Field"],"picked":"Buffer","floor":7},{"not_picked":["BasicCrystalCard","Redo","Stack"],"picked":"SKIP","floor":8},{"not_picked":["FIFO Queue","Coolheaded"],"picked":"Panic Button","floor":10},{"not_picked":["Storm","Compile Driver","Panic Button"],"picked":"SKIP","floor":11},{"not_picked":["Barrage","ReplayGash"],"picked":"Doom and Gloom","floor":12},{"not_picked":["ReplayTheSpireMod:GoodbyeWorld","Barrage"],"picked":"Fission","floor":14},{"not_picked":["Fission","ReplayTheSpireMod:Fabricate Wheel"],"picked":"ReplayTheSpireMod:Omega Cannon","floor":16},{"not_picked":["Fusion","Coolheaded","Leap"],"picked":"Cold Snap+1","floor":18},{"not_picked":["Blizzard","Go for the Eyes","Cold Snap"],"picked":"ReplayTheSpireMod:Reroute Power","floor":20}],"player_experience":405233,"relics_obtained":[{"floor":7,"key":"PreservedInsect"},{"floor":9,"key":"Vajra"},{"floor":14,"key":"Odd Mushroom"},{"floor":20,"key":"StrikeDummy"}],"event_choices":[{"damage_healed":0,"gold_gain":0,"player_choice":"Bought 2 Potions","damage_taken":0,"max_hp_gain":0,"max_hp_loss":0,"event_name":"The Woman in Blue","floor":3,"gold_loss":0},{"damage_healed":0,"gold_gain":0,"player_choice":"Fought Mushrooms","damage_taken":0,"max_hp_gain":0,"max_hp_loss":0,"event_name":"Mushrooms","floor":14,"gold_loss":0}],"is_beta":false,"boss_relics":[{"not_picked":["Empty Cage","Inserter"],"picked":"Honey Jar"}],"items_purged_floors":[13,19],"is_endless":false,"potions_floor_spawned":[7,8,10],"killed_by":"Shell Parasite","ascension_level":19}}