{"host":"ocy7z4248lncoz2b","time":1607485102,"event":{"gold_per_floor":[110,110,35,35,51,51,151,151,175,175,185,185,185,220,220,321,321,339,414,426,426,31,51,51,67,67,99,119,119,152,152,152],"floor_reached":31,"playtime":1410,"items_purged":["Burn","construct:Strike_Gold"],"score":326,"play_id":"d1c49f24-60f2-462e-9849-16fd7210276c","local_time":"20201209123822","is_ascension_mode":false,"campfire_choices":[{"data":"construct:Autoturret","floor":6.0,"key":"SMITH"},{"floor":10.0,"key":"REST"},{"data":"hubris:Rewind","floor":13.0,"key":"SMITH"},{"data":"BlessedFruit","floor":15.0,"key":"SMITH"},{"data":"construct:FlameCore","floor":24,"key":"SMITH"}],"neow_cost":"NONE","seed_source_timestamp":122025823014100,"circlet_count":0,"master_deck":["construct:Strike_Gold","construct:Strike_Gold","construct:Strike_Gold","construct:Strike_Gold","construct:Defend_Gold","construct:Defend_Gold","construct:Defend_Gold","construct:Defend_Gold","construct:Defend_Gold","construct:AttackMode","construct:DefenseMode+1","construct:ClusterMines","construct:Autoturret+1","hubris:Rewind+1","construct:Boost","BlessedFruit","BlessedFruit+1","construct:ForceCore","construct:BatteryCore","construct:ModeShift","construct:FlameCore+1","Panache","Spot Weakness+1","Feint"],"special_seed":0,"relics":["construct:ClockworkPhoenix","NeowsBlessing","Guardian:PocketSentry","hubris:FruitBowl","hubris:KleinBottle","infinitespire:Joker Card","Toy Ornithopter","beaked:SacredNecklace","hubris:TerracottaHorce","Ice Cream","construct:ClawGrip","MerchantsRug","infinitespire:ShieldingShard","PrismaticShard","RetroEgg","Quantum Egg","SpikesRelics:SneckoPlush","MiniBlackHole"],"potions_floor_usage":[16,30,31],"damage_taken":[{"damage":0.0,"enemies":"Small Slimes","floor":1.0,"turns":1.0},{"damage":0.0,"enemies":"Jaw Worm","floor":5.0,"turns":1.0},{"damage":0.0,"enemies":"Cultist","floor":11.0,"turns":1.0},{"damage":25.0,"enemies":"3 Sentries","floor":14.0,"turns":13.0},{"damage":24,"enemies":"Hexaghost","floor":16,"turns":9},{"damage":15,"enemies":"3 Byrds","floor":18,"turns":5},{"damage":29,"enemies":"Chosen","floor":20,"turns":5},{"damage":3,"enemies":"3 Cultists","floor":23,"turns":4},{"damage":13,"enemies":"Centurion and Healer","floor":25,"turns":5},{"damage":0,"enemies":"Cultist and Chosen","floor":27,"turns":4},{"damage":13,"enemies":"Cultist and Chosen","floor":28,"turns":5},{"damage":30,"enemies":"Nightmare","floor":30,"turns":6},{"damage":16,"enemies":"Shelled Parasite and Fungi","floor":31,"turns":3}],"seed_played":"-3920530483785667895","potions_obtained":[{"floor":1.0,"key":"BlessingOfTheForge"},{"floor":11.0,"key":"SpeedPotion"},{"floor":16,"key":"blueLaboratory:BottleOfRum"},{"floor":28,"key":"Adrenaline Potion"},{"floor":30,"key":"Explosive Potion"}],"is_trial":false,"path_per_floor":["M","?","$","?","M","R","?","$","T","R","M","?","R","E","R","B",null,"M","?","M","?","$","M","R","M","T","MIM","M","AVR","NM","M"],"character_chosen":"THE_CONSTRUCT_MOD","items_purchased":["Guardian:PocketSentry","hubris:FruitBowl","hubris:KleinBottle","infinitespire:Joker Card","MerchantsRug","infinitespire:ShieldingShard","PrismaticShard","Panache"],"campfire_rested":1,"item_purchase_floors":[8,8,8,8,22,22,22,22],"current_hp_per_floor":[85,85,85,85,85,85,85,18,18,43,43,43,43,18,18,3,68,61,52,27,27,27,31,31,26,26,31,22,22,2,0,0],"gold":152,"neow_bonus":"THREE_ENEMY_KILL","is_prod":false,"is_daily":false,"chose_seed":false,"campfire_upgraded":4,"win_rate":0.0,"timestamp":1607485102,"path_taken":["M","?","$","?","?","R","?","?","T","R","M","?","R","E","R","BOSS","M","?","?","?","$","M","R","M","T","?","M","AVR","NM","M"],"build_version":"2020-11-30","purchased_purges":2,"victory":false,"max_hp_per_floor":[85,85,85,85,85,85,85,85,85,85,85,85,85,85,85,89,89,97,97,101,101,101,108,108,116,116,121,125,125,130,134,134],"card_choices":[{"not_picked":["construct:Anticipate","construct:FlakBarrage"],"picked":"construct:ClusterMines","floor":1.0},{"not_picked":["construct:HeavyBolt","construct:CriticalHit"],"picked":"construct:Autoturret","floor":5.0},{"not_picked":["infinitespire:FutureSight","ReplayTheSpireMod:??????????????????????"],"picked":"hubris:Rewind","floor":8.0},{"not_picked":["construct:Anticipate","construct:SuppressiveFire"],"picked":"construct:Boost","floor":11.0},{"not_picked":["construct:SyphonStrike","construct:HeavyBolt"],"picked":"construct:ForceCore","floor":14.0},{"not_picked":["construct:Afterburners","construct:Multistage"],"picked":"construct:BatteryCore","floor":16},{"not_picked":["construct:BlazingSpeed+1","construct:QuickAttack"],"picked":"construct:ModeShift","floor":18},{"not_picked":["construct:Antimatter","construct:BatteryAcid"],"picked":"construct:FlameCore","floor":20},{"not_picked":["construct:Accumulate","Expertise+1","beaked:BarbedWire"],"picked":"SKIP","floor":23},{"not_picked":["beaked:Pecker+1","beaked:DigDeep","Bane+1"],"picked":"SKIP","floor":25},{"not_picked":["MilkyWay+1","WitchLeyline"],"picked":"Spot Weakness+1","floor":27},{"not_picked":["Slimebound:SplitAcid","beaked:Tradeoff"],"picked":"Feint","floor":28},{"not_picked":["construct:HardReboot","EventHorizon+1","hexamod:InspiringFlames"],"picked":"SKIP","floor":30},{"not_picked":["construct:HardReboot","EventHorizon+1","hexamod:InspiringFlames"],"picked":"SKIP","floor":30}],"player_experience":217208,"relics_obtained":[{"floor":9.0,"key":"Toy Ornithopter"},{"floor":14.0,"key":"HeavenlyBonsai"},{"floor":26,"key":"RetroEgg"},{"floor":27,"key":"Quantum Egg"},{"floor":30,"key":"MiniBlackHole"}],"event_choices":[{"damage_healed":85.0,"max_hp_gain":0.0,"max_hp_loss":85.0,"gold_gain":0.0,"event_name":"betterThird:BetterShining","player_choice":"Embrace Burn","floor":2.0,"gold_loss":0.0,"damage_taken":0.0},{"damage_healed":0.0,"max_hp_gain":0.0,"max_hp_loss":0.0,"gold_gain":0.0,"event_name":"Accursed Blacksmith","player_choice":"Forge","floor":4.0,"gold_loss":0.0,"damage_taken":0.0,"cards_upgraded":["construct:DefenseMode"]},{"damage_healed":0.0,"max_hp_gain":0.0,"max_hp_loss":0.0,"gold_gain":100.0,"event_name":"Golden Shrine","player_choice":"Pray","floor":7.0,"gold_loss":0.0,"damage_taken":0.0},{"damage_healed":0,"gold_gain":75,"player_choice":"Touch","damage_taken":9,"max_hp_gain":0,"max_hp_loss":0,"event_name":"FaceTrader","floor":19,"gold_loss":0},{"damage_healed":0,"gold_gain":0,"player_choice":"Ignored","damage_taken":0,"max_hp_gain":0,"max_hp_loss":0,"event_name":"Ghosts","floor":21,"gold_loss":0}],"is_beta":false,"boss_relics":[{"not_picked":["SacredBark","CosmicIsotope"],"picked":"Replay:Grab Bag"},{"not_picked":["hubris:CrackedHourglass","Busted Crown"],"picked":"beaked:SacredNecklace"},{"not_picked":["hubris:VirtuousBlindfold","Runic Dome"],"picked":"hubris:TerracottaHorce"},{"not_picked":["hubris:HollowSoul","Ring of Chaos"],"picked":"hubris:Backtick"},{"not_picked":["conspire:SpecialSausage","Kintsugi"],"picked":"construct:ClawGrip"}],"items_purged_floors":[3,29],"is_endless":true,"potions_floor_spawned":[1,11,16,20,28,30],"killed_by":"Shelled Parasite and Fungi","ascension_level":0}}