{"host":"f5n4tidiz2n5sooh","time":1607495234,"event":{"gold_per_floor":[110,126,126,137,152,152,163,163,163,163,163],"floor_reached":10,"playtime":238,"items_purged":[],"score":120,"play_id":"3cbe0dcc-3634-469b-a6e6-d84bf00faf70","local_time":"20201209002714","is_ascension_mode":true,"campfire_choices":[{"data":"Bash","floor":6.0,"key":"SMITH"}],"neow_cost":"NONE","seed_source_timestamp":16131934928600,"circlet_count":0,"master_deck":["AscendersBane","Strike_R","Strike_R","Strike_R","Strike_R","Strike_R","Defend_R+1","Defend_R","Defend_R+1","Defend_R","Bash+1","Battle Trance","Cleave","Twin Strike","Disarm"],"special_seed":0,"relics":["Runic Dome"],"potions_floor_usage":[10],"damage_taken":[{"damage":2.0,"enemies":"2 Louse","floor":1.0,"turns":3.0},{"damage":2.0,"enemies":"Jaw Worm","floor":2.0,"turns":3.0},{"damage":14.0,"enemies":"Small Slimes","floor":4.0,"turns":2.0},{"damage":8.0,"enemies":"Blue Slaver","floor":5.0,"turns":2.0},{"damage":11.0,"enemies":"2 Fungi Beasts","floor":7.0,"turns":3.0},{"damage":28,"enemies":"Lagavulin","floor":10,"turns":5}],"seed_played":"-7304360537005433788","potions_obtained":[{"floor":4.0,"key":"AttackPotion"}],"is_trial":false,"path_per_floor":["M","M","?","M","M","R","M","?","T","E"],"character_chosen":"IRONCLAD","items_purchased":[],"campfire_rested":0,"item_purchase_floors":[],"current_hp_per_floor":[66,64,69,55,47,47,36,12,12,0,0],"gold":163,"neow_bonus":"BOSS_RELIC","is_prod":false,"is_daily":false,"chose_seed":false,"campfire_upgraded":1,"win_rate":0,"timestamp":1607495234,"path_taken":["M","M","?","M","M","R","M","?","T","E"],"build_version":"2020-11-30","purchased_purges":0,"victory":false,"max_hp_per_floor":[75,75,80,80,80,80,80,80,80,80,80],"relic_stats":{"counters":[6,18],"obtain_stats":[{"Runic Dome":0,"Burning Blood":0},{"Runic Dome":0,"Burning Blood":0},{"Runic Dome":0,"Burning Blood":0}]},"card_choices":[{"not_picked":["Body Slam","True Grit"],"picked":"Battle Trance","floor":1.0},{"not_picked":["Anger","Clash"],"picked":"Cleave","floor":2.0},{"not_picked":["Rupture","Iron Wave"],"picked":"Twin Strike","floor":4.0},{"not_picked":["Armaments","True Grit","Anger"],"picked":"SKIP","floor":5.0},{"not_picked":["Hemokinesis","Clothesline"],"picked":"Disarm","floor":7.0}],"player_experience":1859663,"relics_obtained":[],"event_choices":[{"damage_healed":0.0,"max_hp_gain":5.0,"max_hp_loss":0.0,"gold_gain":0.0,"event_name":"Big Fish","player_choice":"Donut","floor":3.0,"gold_loss":0.0,"damage_taken":0.0},{"damage_healed":0.0,"max_hp_gain":0.0,"max_hp_loss":0.0,"gold_gain":0.0,"event_name":"Shining Light","player_choice":"Entered Light","floor":8.0,"gold_loss":0.0,"damage_taken":24.0,"cards_upgraded":["Defend_R","Defend_R"]}],"is_beta":false,"boss_relics":[],"items_purged_floors":[],"is_endless":false,"potions_floor_spawned":[4],"killed_by":"Lagavulin","ascension_level":20}}