{"host":"6q3xrfxx8iswq9mh","time":1607523109,"event":{"gold_per_floor":[110,222,73,86,86,117,135,135,135,135,135,135,149,164,164,260,260,276,296,296,308,91,91,102,122,122,134,134,149,169,169,169,272,272,290,340,358,358,108,108,108,13,13,13,39,39,50,70,70,70,70],"floor_reached":50,"playtime":2483,"items_purged":["Runesmith:Strike_RS","Runesmith:BackupBattery"],"score":624,"play_id":"4b4327ef-0aeb-475f-b6b0-52bf0be7fba3","local_time":"20201209221149","is_ascension_mode":false,"campfire_choices":[{"data":"Runesmith:MetallurgicalResearch","floor":8.0,"key":"SMITH"},{"data":"Runesmith:GrandSlam","floor":10.0,"key":"SMITH"},{"floor":15.0,"key":"DIG"},{"floor":23.0,"key":"REST"},{"floor":32.0,"key":"REST"},{"floor":41,"key":"REST"},{"data":"Runesmith:GrandSlam","floor":44,"key":"SMITH"},{"floor":49,"key":"REST"}],"neow_cost":"NONE","seed_source_timestamp":973141987128700,"circlet_count":0,"master_deck":["Runesmith:Strike_RS","Runesmith:Strike_RS","Runesmith:Defend_RS","Runesmith:Defend_RS","Runesmith:CraftFirestone","Runesmith:Fortify","Runesmith:EarthShield","Runesmith:CraftVitae","Runesmith:ChiselStab","Runesmith:ChiselStab","Runesmith:MetallurgicalResearch+1","Runesmith:HammerThrow","Runesmith:PoweredAnvil","Runesmith:GrandSlam+1","Runesmith:CreatorForm","Runesmith:Grindstone","Runesmith:GrandSlam+1","Runesmith:Firewall","Runesmith:HammerThrow+1","Runesmith:ChiselStab","Runesmith:UnstableHammer+1","ReplayTheSpireMod:Private Reserves","Runesmith:CraftIndustria","Runesmith:Retool","Runesmith:PoweredAnvil"],"special_seed":0,"relics":["Runesmith:CoreCrystal","NeowsBlessing","Mirror","Mummified Hand","Ring of Searing","ReplayTheSpireMod:Ninjato","Runesmith:UraniumAnvil","Snack Pack","Nloth\u0027s Gift","Turnip","Happy Flower","Bag of Preparation","Dream Catcher"],"potions_floor_usage":[48,50,50,50],"damage_taken":[{"damage":0.0,"enemies":"Cultist","floor":1.0,"turns":1.0},{"damage":0.0,"enemies":"2 Louse","floor":4.0,"turns":1.0},{"damage":0.0,"enemies":"Gremlin Nob","floor":6.0,"turns":1.0},{"damage":1.0,"enemies":"Jaw Worm","floor":7.0,"turns":4.0},{"damage":6.0,"enemies":"3 Louse","floor":13.0,"turns":4.0},{"damage":0.0,"enemies":"Looter","floor":14.0,"turns":3.0},{"damage":0.0,"enemies":"Hexaghost","floor":16.0,"turns":8.0},{"damage":24.0,"enemies":"Spheric Guardian","floor":18.0,"turns":5.0},{"damage":4.0,"enemies":"3 Byrds","floor":19.0,"turns":5.0},{"damage":7.0,"enemies":"Sentry and Sphere","floor":21.0,"turns":6.0},{"damage":24.0,"enemies":"Shelled Parasite and Fungi","floor":24.0,"turns":4.0},{"damage":0.0,"enemies":"Snake Plant","floor":25.0,"turns":4.0},{"damage":13.0,"enemies":"3 Cultists","floor":27.0,"turns":5.0},{"damage":10.0,"enemies":"Centurion and Healer","floor":29.0,"turns":7.0},{"damage":10.0,"enemies":"Snecko","floor":30.0,"turns":6.0},{"damage":0.0,"enemies":"Automaton","floor":33.0,"turns":9.0},{"damage":25.0,"enemies":"3 Darklings","floor":35.0,"turns":5.0},{"damage":0.0,"enemies":"Mind Bloom Boss Battle","floor":36.0,"turns":6.0},{"damage":3.0,"enemies":"3 Shapes","floor":37.0,"turns":5.0},{"damage":26,"enemies":"Nemesis","floor":45,"turns":5},{"damage":6,"enemies":"Sphere and 2 Shapes","floor":47,"turns":5},{"damage":23,"enemies":"4 Shapes","floor":48,"turns":7},{"damage":94,"enemies":"Donu and Deca","floor":50,"turns":9}],"seed_played":"7580727752358824049","potions_obtained":[{"floor":7.0,"key":"LifebloodPotion"},{"floor":13.0,"key":"BlessingOfTheForge"},{"floor":14.0,"key":"EssenceOfSteel"},{"floor":18.0,"key":"Dexterity Potion"},{"floor":29.0,"key":"Dexterity Potion"},{"floor":37.0,"key":"Elixir"},{"floor":46,"key":"ColorlessPotion"},{"floor":46,"key":"Dexterity Potion"},{"floor":46,"key":"Fire Potion"},{"floor":48,"key":"Weak Potion"}],"is_trial":false,"path_per_floor":["M","?","$","M","?","E","M","R","T","R","?","?","M","M","R","B",null,"M","M","?","M","$","R","M","M","T","M","?","M","M","?","R","B",null,"M","?","M","?","$","?","R","$","T","R","E","?","M","M","R","B"],"character_chosen":"RUNESMITH_CLASS","items_purchased":["Runesmith:MetallurgicalResearch","Runesmith:GrandSlam","Happy Flower","ReplayTheSpireMod:Private Reserves"],"campfire_rested":4,"item_purchase_floors":[3,22,39,42],"current_hp_per_floor":[70,53,53,53,53,53,52,52,52,52,45,45,39,39,39,39,70,46,42,42,35,35,56,32,32,32,21,21,11,1,1,22,28,70,47,49,48,48,48,48,69,69,69,69,46,46,46,25,46,0,0],"gold":70,"neow_bonus":"THREE_ENEMY_KILL","is_prod":false,"is_daily":false,"chose_seed":false,"campfire_upgraded":3,"win_rate":0.0,"timestamp":1607523109,"path_taken":["M","?","$","?","?","E","M","R","T","R","?","?","M","M","R","BOSS","M","M","?","M","$","R","M","?","T","M","?","?","M","?","R","BOSS","M","?","M","?","$","?","R","$","T","R","E","?","?","M","R","BOSS"],"build_version":"2020-11-30","purchased_purges":2,"victory":false,"max_hp_per_floor":[70,70,70,70,70,70,70,70,70,70,70,70,70,70,70,70,70,70,70,70,70,70,70,70,70,70,70,70,70,70,70,70,70,70,70,70,70,70,70,70,70,70,70,70,70,70,70,70,70,70,70],"card_choices":[{"not_picked":["Runesmith:RuneHurl","Runesmith:Overpower"],"picked":"Runesmith:EarthShield","floor":1.0},{"not_picked":["Runesmith:ChiselStab","Runesmith:MakeshiftArmor"],"picked":"Runesmith:CraftVitae","floor":2.0},{"not_picked":["Runesmith:Grindstone","Runesmith:HammerTime"],"picked":"Runesmith:ChiselStab","floor":2.0},{"not_picked":["Runesmith:Grindstone","Runesmith:Empowerment"],"picked":"Runesmith:ChiselStab","floor":2.0},{"not_picked":["Runesmith:Grindstone","Runesmith:EarthShield"],"picked":"Runesmith:HammerThrow","floor":4.0},{"not_picked":["Runesmith:EnergizedChisel","Runesmith:ChargedHammer"],"picked":"Runesmith:PoweredAnvil","floor":6.0},{"not_picked":["Runesmith:RuneHurl","Runesmith:ChiselStab"],"picked":"Runesmith:GrandSlam","floor":7.0},{"not_picked":["Runesmith:StaticCage","Runesmith:HammerThrow"],"picked":"Runesmith:BackupBattery","floor":13.0},{"not_picked":["Runesmith:ChargedHammer","Runesmith:UnstableHammer","Runesmith:HeatExchange"],"picked":"SKIP","floor":14.0},{"not_picked":["Runesmith:FissionHammer","Runesmith:DuctTape"],"picked":"Runesmith:CreatorForm","floor":16.0},{"not_picked":["Runesmith:Overpower+1","Runesmith:CraftMagma"],"picked":"Runesmith:Grindstone","floor":18.0},{"not_picked":["Runesmith:HeatExchange+1","Runesmith:NegativeSpace","Runesmith:Grindstone"],"picked":"SKIP","floor":19.0},{"not_picked":["Runesmith:Overpower","Runesmith:Permafrost","Runesmith:CraftProtectio"],"picked":"SKIP","floor":21.0},{"not_picked":["Runesmith:Electrocute","Runesmith:Attraction","Runesmith:Overpower"],"picked":"SKIP","floor":24.0},{"not_picked":["Runesmith:Repurpose","Runesmith:GenerateForcefield","Runesmith:CraftProtectio+1"],"picked":"SKIP","floor":25.0},{"not_picked":["Runesmith:Terraform","Runesmith:CraftSpiculum"],"picked":"Runesmith:Firewall","floor":27.0},{"not_picked":["Runesmith:CraftMagma+1","Runesmith:RuneHurl"],"picked":"Runesmith:HammerThrow+1","floor":29.0},{"not_picked":["Runesmith:HammerThrow","Runesmith:Discharge","Runesmith:EnergizedChisel"],"picked":"SKIP","floor":30.0},{"not_picked":["Runesmith:CraftMagma+1","Runesmith:CraftProtectio+1"],"picked":"Runesmith:ChiselStab","floor":35.0},{"not_picked":["Runesmith:Augment","Runesmith:FrozenChisel"],"picked":"Runesmith:UnstableHammer+1","floor":36.0},{"not_picked":["Runesmith:CraftVitae+1","Runesmith:Terraform+1","Runesmith:Grindstone"],"picked":"SKIP","floor":37.0},{"not_picked":["Runesmith:MetallurgicalResearch","Runesmith:Attraction"],"picked":"Runesmith:CraftIndustria","floor":45},{"not_picked":["Runesmith:Grindstone+1","Runesmith:Firestorm","Runesmith:CraftMedicinae"],"picked":"SKIP","floor":47},{"not_picked":["Runesmith:StaticCage+1","Runesmith:CraftMagma+1"],"picked":"Runesmith:Retool","floor":48},{"not_picked":["Runesmith:Overpower+1","Runesmith:HammerThrow+1"],"picked":"Runesmith:PoweredAnvil","floor":49}],"player_experience":267674,"relics_obtained":[{"floor":6.0,"key":"Mirror"},{"floor":9.0,"key":"Mummified Hand"},{"floor":12.0,"key":"Ring of Searing"},{"floor":15.0,"key":"ReplayTheSpireMod:Ninjato"},{"floor":26.0,"key":"Snack Pack"},{"floor":28.0,"key":"The Courier"},{"floor":36.0,"key":"Turnip"},{"floor":43,"key":"Bag of Preparation"},{"floor":45,"key":"Dream Catcher"}],"event_choices":[{"cards_removed":["Runesmith:Strike_RS"],"damage_healed":0.0,"max_hp_gain":0.0,"max_hp_loss":0.0,"gold_gain":0.0,"event_name":"Living Wall","player_choice":"Forget","floor":5.0,"gold_loss":0.0,"damage_taken":0.0},{"cards_removed":["Runesmith:Defend_RS"],"damage_healed":0.0,"max_hp_gain":0.0,"max_hp_loss":0.0,"gold_gain":0.0,"event_name":"Golden Wing","player_choice":"Card Removal","floor":11.0,"gold_loss":0.0,"damage_taken":7.0},{"cards_removed":["Runesmith:Defend_RS"],"damage_healed":0.0,"max_hp_gain":0.0,"max_hp_loss":0.0,"gold_gain":0.0,"event_name":"Bonfire Elementals","player_choice":"Offered Basic","floor":20.0,"gold_loss":0.0,"damage_taken":0.0},{"damage_healed":0.0,"max_hp_gain":0.0,"max_hp_loss":0.0,"gold_gain":0.0,"event_name":"Wheel of Change","player_choice":"Relic","floor":28.0,"gold_loss":0.0,"damage_taken":0.0},{"damage_healed":0.0,"max_hp_gain":0.0,"max_hp_loss":0.0,"gold_gain":0.0,"event_name":"N\u0027loth","player_choice":"Traded Relic","floor":31.0,"relics_lost":["The Courier"],"gold_loss":0.0,"damage_taken":0.0,"relics_obtained":["Nloth\u0027s Gift"]},{"damage_healed":0.0,"max_hp_gain":0.0,"max_hp_loss":0.0,"gold_gain":0.0,"event_name":"MindBloom","player_choice":"Fight","floor":36.0,"gold_loss":0.0,"damage_taken":0.0},{"damage_healed":0,"gold_gain":0,"player_choice":"Ignored","damage_taken":0,"max_hp_gain":0,"max_hp_loss":0,"event_name":"Mysterious Sphere","floor":38,"gold_loss":0},{"damage_healed":0,"gold_gain":0,"player_choice":"Ignored","damage_taken":0,"max_hp_gain":0,"max_hp_loss":0,"event_name":"Tomb of Lord Red Mask","floor":40,"gold_loss":0},{"damage_healed":0,"gold_gain":0,"player_choice":"Got Potions","damage_taken":0,"max_hp_gain":0,"max_hp_loss":0,"event_name":"Lab","floor":46,"gold_loss":0}],"is_beta":false,"boss_relics":[{"not_picked":["Busted Crown","Replay:Bronze Core"],"picked":"Runesmith:UraniumAnvil"},{"not_picked":["Replay:Drink Me","Cursed Key"],"picked":"Runesmith:CoreCrystal"}],"items_purged_floors":[22,39],"is_endless":false,"potions_floor_spawned":[7,13,14,18,24,29,37,48],"killed_by":"Donu and Deca","ascension_level":0}}