{"host":"raoabm19igg6waea","time":1607477578,"event":{"gold_per_floor":[117,131,151,0,17,49,49,69,92,107,107,187,202,237,237,337,337,354,354,354,371,371,398,398,408,432,451,486,499,499,424,424,528,528,543,561,573,57,57,57,89,101,101,101,76,111,123,141,141,141],"floor_reached":51,"playtime":3348,"items_purged":["Hemokinesis","Demon Form"],"score":819,"play_id":"978a0451-a1e8-408c-9cd5-e259a102c234","local_time":"20201209023258","is_ascension_mode":true,"campfire_choices":[{"floor":11.0,"key":"REST"},{"data":"Strike_R","floor":15.0,"key":"PURGE"},{"data":"hubris:Fate","floor":24.0,"key":"SMITH"},{"data":"Exhume","floor":30.0,"key":"SMITH"},{"data":"Battle Trance","floor":32.0,"key":"SMITH"},{"data":"ReplayTheSpireMod:??????????????????????","floor":40.0,"key":"SMITH"},{"data":"Exhume","floor":49,"key":"SMITH"}],"neow_cost":"NONE","seed_source_timestamp":1067913453787999,"circlet_count":0,"master_deck":["Flex+1","infinitespire:OneForAll+1","Replay:Many Hands+1","Dropkick+1","Searing Blow","Exhume+1","conspire:Charge","Sentinel","Eclipse","hubris:Fate+1","Battle Trance+1","Uppercut+1","Twin Strike+1","Shrug It Off","Metallicize+1","Battle Trance+1","Replay:Undeath\u0027s Touch","ReplayTheSpireMod:??????????????????????+1","Exhume+1"],"special_seed":0,"relics":["Burning Blood","Gremlin Food","vexMod:PaidLearning","MealTicket","King of Hearts","Whetstone","Gremlin Horn","Meat on the Bone","Pandora\u0027s Box","hubris:Towel","infinitespire:PuzzleCube","Astrolabe","Nilry\u0027s Codex","Eternal Feather","Orichalcum","Pondfish Scales","Pear","hubris:CrystalStatue","hubris:SlimyHat"],"potions_floor_usage":[48],"damage_taken":[{"damage":6.0,"enemies":"Cultist","floor":1.0,"turns":3.0},{"damage":0.0,"enemies":"Small Slimes","floor":2.0,"turns":3.0},{"damage":0.0,"enemies":"2 Louse","floor":3.0,"turns":3.0},{"damage":9.0,"enemies":"Exordium Wildlife","floor":5.0,"turns":3.0},{"damage":45.0,"enemies":"3 Sentries","floor":6.0,"turns":11.0},{"damage":22.0,"enemies":"Looter","floor":8.0,"turns":3.0},{"damage":0.0,"enemies":"2 Fungi Beasts","floor":10.0,"turns":3.0},{"damage":0.0,"enemies":"Exordium Wildlife","floor":13.0,"turns":2.0},{"damage":16.0,"enemies":"Gremlin Nob","floor":14.0,"turns":3.0},{"damage":27.0,"enemies":"Slime Boss","floor":16.0,"turns":8.0},{"damage":12.0,"enemies":"Chosen","floor":18.0,"turns":3.0},{"damage":10.0,"enemies":"Shell Parasite","floor":21.0,"turns":2.0},{"damage":3.0,"enemies":"conspire:SneckoGhost","floor":23.0,"turns":4.0},{"damage":0.0,"enemies":"Shelled Parasite and Fungi","floor":25.0,"turns":2.0},{"damage":12.0,"enemies":"Snake Plant","floor":27.0,"turns":3.0},{"damage":0.0,"enemies":"theDuelist:KaibaA2","floor":28.0,"turns":2.0},{"damage":0.0,"enemies":"3 Cultists","floor":29.0,"turns":1.0},{"damage":11.0,"enemies":"Collector","floor":33.0,"turns":4.0},{"damage":0.0,"enemies":"Orb Walker","floor":35.0,"turns":2.0},{"damage":2.0,"enemies":"3 Shapes","floor":36.0,"turns":1.0},{"damage":0.0,"enemies":"Jaw Worm Horde","floor":37.0,"turns":2.0},{"damage":24.0,"enemies":"beaked:SuperParasite","floor":41.0,"turns":5.0},{"damage":0.0,"enemies":"Transient","floor":42.0,"turns":5.0},{"damage":6.0,"enemies":"R_Hoarder","floor":46.0,"turns":3.0},{"damage":0.0,"enemies":"3 Darklings","floor":47.0,"turns":2.0},{"damage":0,"enemies":"Jaw Worm Horde","floor":48,"turns":2},{"damage":0,"enemies":"Replay:Hell Engine","floor":50,"turns":2}],"seed_played":"-2480593200479873334","potions_obtained":[{"floor":2.0,"key":"ElixirPotion"},{"floor":5.0,"key":"BloodPotion"},{"floor":13.0,"key":"SteroidPotion"},{"floor":14.0,"key":"AttackPotion"},{"floor":18.0,"key":"EssenceOfSteel"},{"floor":25.0,"key":"infinitespire:BlackPotion"},{"floor":48,"key":"DistilledChaos"}],"is_trial":false,"path_per_floor":["M","M","M","$","M","E","?","M","T","M","R","T","M","E","R","B",null,"M","?","AVR","M","?","E","R","M","T","M","E","M","R","$","R","B",null,"M","M","M","?","?","R","E","M","T","?","?","E","M","M","R","B",null],"character_chosen":"IRONCLAD","items_purchased":["vexMod:PaidLearning"],"campfire_rested":1,"item_purchase_floors":[4],"current_hp_per_floor":[72,78,80,80,77,38,38,22,22,28,52,52,58,48,48,39,70,64,64,64,60,44,47,56,62,62,71,77,80,80,80,80,75,79,80,80,80,80,80,80,77,83,83,83,83,83,89,90,90,90],"gold":141,"neow_bonus":"RANDOM_COMMON_RELIC","is_prod":false,"is_daily":false,"chose_seed":false,"campfire_upgraded":5,"win_rate":0,"timestamp":1607477578,"path_taken":["M","M","M","?","?","E","?","M","T","M","R","?","M","E","R","BOSS","M","?","AVR","M","?","E","R","M","T","M","E","M","R","?","R","BOSS","M","?","M","?","?","R","E","M","T","?","?","E","?","M","R","BOSS"],"build_version":"2020-11-30","purchased_purges":2,"victory":true,"max_hp_per_floor":[80,80,80,80,80,80,80,80,80,80,80,80,80,80,80,80,80,80,80,80,80,80,80,80,80,80,80,80,80,80,80,80,80,80,80,80,80,80,80,80,90,90,90,90,90,90,90,90,90,90],"card_choices":[{"not_picked":["Abandon","Hemokinesis","True Grit"],"picked":"SKIP","floor":1.0},{"not_picked":["hubris:CleavingFinish","ReplayReversal"],"picked":"Flex","floor":2.0},{"not_picked":["Headbutt","Run Through"],"picked":"infinitespire:OneForAll","floor":3.0},{"not_picked":["Heavy Blade","Infernal Blade","Reckless Charge"],"picked":"SKIP","floor":5.0},{"not_picked":["Body Slam","hubris:CleavingFinish"],"picked":"Replay:Many Hands","floor":6.0},{"not_picked":["Wild Strike","Body Slam","Disarm"],"picked":"SKIP","floor":8.0},{"not_picked":["Heavy Blade","Cleave"],"picked":"Dropkick","floor":10.0},{"not_picked":["Reckless Charge","Evolve","Rupture"],"picked":"SKIP","floor":13.0},{"not_picked":["Wild Strike","Defy Death"],"picked":"Searing Blow","floor":14.0},{"not_picked":["Fiend Fire","Replay:Many Hands"],"picked":"Exhume","floor":16.0},{"not_picked":["Thunderclap","Life Link","ReplayReversal"],"picked":"SKIP","floor":18.0},{"not_picked":["Twin Strike","Battle Trance"],"picked":"Shrug It Off","floor":21.0},{"not_picked":["Iron Wave+1","Rage"],"picked":"Metallicize+1","floor":23.0},{"not_picked":["Clash","Infernal Blade+1","True Grit"],"picked":"SKIP","floor":25.0},{"not_picked":["Anger","Flex"],"picked":"Battle Trance","floor":27.0},{"not_picked":["Feel No Pain","Evolve","Anger"],"picked":"SKIP","floor":28.0},{"not_picked":["Shrug It Off","Twin Strike+1","Iron Wave+1"],"picked":"SKIP","floor":29.0},{"not_picked":["ReplayTheSpireMod:Muscle Training+1","Dual Wield+1","Anger"],"picked":"SKIP","floor":35.0},{"not_picked":["Sword Boomerang","ReplayTheSpireMod:Muscle Training+1","Heavy Blade+1"],"picked":"SKIP","floor":36.0},{"not_picked":["Sword Boomerang+1","Whirlwind+1"],"picked":"Replay:Undeath\u0027s Touch","floor":37.0},{"not_picked":["infinitespire:Fortify","infinitespire:Punishment"],"picked":"ReplayTheSpireMod:??????????????????????","floor":38.0},{"not_picked":["Massacre","Run Through","Offering"],"picked":"SKIP","floor":41.0},{"not_picked":["Shrug It Off+1","Sever Soul+1","Wild Strike+1"],"picked":"SKIP","floor":42.0},{"not_picked":["ReplayTheSpireMod:Stacked+1","Massacre"],"picked":"Exhume","floor":46.0},{"not_picked":["Armaments","ReplayTheSpireMod:Limb From Limb+1","infinitespire:OneForAll+1"],"picked":"SKIP","floor":47.0},{"not_picked":["Havoc","Reckless Charge","Anger+1"],"picked":"SKIP","floor":48}],"player_experience":358383,"relics_obtained":[{"floor":6.0,"key":"MealTicket"},{"floor":7.0,"key":"King of Hearts"},{"floor":9.0,"key":"Whetstone"},{"floor":12.0,"key":"Gremlin Horn"},{"floor":14.0,"key":"Meat on the Bone"},{"floor":22.0,"key":"Nilry\u0027s Codex"},{"floor":23.0,"key":"Eternal Feather"},{"floor":26.0,"key":"Orichalcum"},{"floor":28.0,"key":"Pondfish Scales"},{"floor":41.0,"key":"Pear"},{"floor":43.0,"key":"hubris:CrystalStatue"},{"floor":46.0,"key":"hubris:SlimyHat"}],"event_choices":[{"damage_healed":0.0,"max_hp_gain":0.0,"max_hp_loss":0.0,"gold_gain":0.0,"event_name":"Cursed Tome","player_choice":"Obtained Book","floor":22.0,"gold_loss":0.0,"damage_taken":16.0},{"cards_removed":["Bash"],"damage_healed":0.0,"max_hp_gain":0.0,"max_hp_loss":0.0,"gold_gain":0.0,"event_name":"Falling","player_choice":"Removed Attack","floor":39.0,"gold_loss":0.0,"damage_taken":0.0}],"is_beta":false,"boss_relics":[{"not_picked":["Runic Dome","Runic Pyramid"],"picked":"Pandora\u0027s Box"},{"not_picked":["Replay:Bronze Core","Velvet Choker","Cursed Key"]}],"items_purged_floors":[20,31],"is_endless":false,"potions_floor_spawned":[2,5,13,14,18,25,29,35,41,42,48],"ascension_level":6}}