{"host":"dntw6kil9p09eemm","time":1607538952,"event":{"gold_per_floor":[118,132,148,323,323,323,342,359,359,378,227,239,113,145,145,246,246,265,265,278,298,208,208,223,235,235,267,219,219,246,246,246,246,246],"floor_reached":33,"playtime":1282,"items_purged":["Doubt"],"score":289,"play_id":"defb688f-28c7-4527-90c6-7c427b7f11d8","local_time":"20201210033552","is_ascension_mode":false,"campfire_choices":[{"data":"Zap","floor":6,"key":"SMITH"},{"floor":15,"key":"REST"},{"floor":23,"key":"REST"},{"floor":29,"key":"REST"},{"floor":32,"key":"REST"}],"neow_cost":"TEN_PERCENT_HP_LOSS","seed_source_timestamp":58931366171700,"circlet_count":0,"master_deck":["Strike_B","Strike_B","Defend_B","Defend_B","Defend_B+1","Zap+1","Dualcast","Beam Cell","Hologram","Undo","Loop","Ball Lightning","Redo","Defragment","FTL","Streamline","Electrodynamics","Conserve Battery","Defragment","Leap","Turbo","FTL+1","Conserve Battery","Decay"],"relics":["Cracked Core","Bottled Lightning","MerchantsRug","Pear","Ancient Tea Set","Mercury Hourglass","Darkstone Periapt"],"potions_floor_usage":[16,18,25,30,30],"damage_taken":[{"damage":3,"enemies":"Jaw Worm","floor":1,"turns":4},{"damage":0,"enemies":"Cultist","floor":2,"turns":3},{"damage":0,"enemies":"2 Louse","floor":3,"turns":2},{"damage":3,"enemies":"Red Slaver","floor":7,"turns":3},{"damage":12,"enemies":"Large Slime","floor":8,"turns":7},{"damage":1,"enemies":"2 Fungi Beasts","floor":10,"turns":3},{"damage":1,"enemies":"Exordium Thugs","floor":12,"turns":3},{"damage":24,"enemies":"3 Sentries","floor":14,"turns":4},{"damage":44,"enemies":"The Guardian","floor":16,"turns":7},{"damage":0,"enemies":"3 Byrds","floor":18,"turns":1},{"damage":12,"enemies":"Shell Parasite","floor":20,"turns":4},{"damage":23,"enemies":"3 Cultists","floor":21,"turns":4},{"damage":29,"enemies":"Snake Plant","floor":24,"turns":4},{"damage":11,"enemies":"Centurion and Healer","floor":25,"turns":3},{"damage":20,"enemies":"Gremlin Leader","floor":27,"turns":4},{"damage":19,"enemies":"Book of Stabbing","floor":30,"turns":5},{"damage":75,"enemies":"Automaton","floor":33,"turns":6}],"seed_played":"8041178765934954965","potions_obtained":[{"floor":1,"key":"SpeedPotion"},{"floor":8,"key":"DistilledChaos"},{"floor":10,"key":"SkillPotion"},{"floor":14,"key":"LiquidBronze"},{"floor":21,"key":"SteroidPotion"},{"floor":24,"key":"PowerPotion"},{"floor":27,"key":"Weak Potion"},{"floor":30,"key":"GamblersBrew"}],"is_trial":false,"path_per_floor":["M","M","M","?","?","R","M","M","T","M","$","M","$","E","R","B",null,"M","$","M","M","?","R","M","M","T","E","$","R","E","?","R","B"],"character_chosen":"DEFECT","items_purchased":["Defragment","MerchantsRug","Conserve Battery"],"campfire_rested":4,"item_purchase_floors":[11,13,28],"current_hp_per_floor":[65,65,65,65,65,65,62,50,50,49,49,48,48,34,57,13,78,78,78,66,43,43,66,37,26,26,6,6,29,10,16,41,0,0],"gold":246,"neow_bonus":"REMOVE_TWO","is_prod":false,"is_daily":false,"chose_seed":false,"campfire_upgraded":1,"win_rate":0,"timestamp":1607538952,"path_taken":["M","M","M","?","?","R","M","M","T","?","?","M","$","E","R","BOSS","M","$","M","M","?","R","M","?","T","E","?","R","E","?","R","BOSS"],"build_version":"2020-11-30","purchased_purges":1,"victory":false,"max_hp_per_floor":[68,68,68,68,68,68,68,68,68,68,68,68,68,78,78,78,78,78,78,78,78,78,78,78,78,78,78,78,78,78,84,84,84,84],"card_choices":[{"not_picked":["Melter","Rebound"],"picked":"Beam Cell","floor":1},{"not_picked":["Leap","Lockon"],"picked":"Hologram","floor":2},{"not_picked":["Streamline","Storm"],"picked":"Undo","floor":3},{"not_picked":["Leap","Compile Driver"],"picked":"Loop","floor":7},{"not_picked":["Aggregate","Conserve Battery"],"picked":"Ball Lightning","floor":8},{"not_picked":["Storm","Self Repair"],"picked":"Redo","floor":10},{"not_picked":["Rip and Tear","Static Discharge"],"picked":"FTL","floor":12},{"not_picked":["Multi-Cast","Gash"],"picked":"Streamline","floor":14},{"not_picked":["Echo Form","Rainbow"],"picked":"Electrodynamics","floor":16},{"not_picked":["Coolheaded","Sweeping Beam+1"],"picked":"Conserve Battery","floor":18},{"not_picked":["Reinforced Body","Leap"],"picked":"Defragment","floor":20},{"not_picked":["Streamline+1","Glacier"],"picked":"Leap","floor":21},{"not_picked":["Steam","Hello World"],"picked":"Turbo","floor":24},{"not_picked":["Go for the Eyes","Leap"],"picked":"FTL+1","floor":25},{"not_picked":["Steam+1","Darkness","Cold Snap"],"picked":"SKIP","floor":27},{"not_picked":["Barrage","Rebound","Chaos"],"picked":"SKIP","floor":30}],"player_experience":85231,"relics_obtained":[{"floor":9,"key":"Bottled Lightning"},{"floor":14,"key":"Pear"},{"floor":26,"key":"Ancient Tea Set"},{"floor":27,"key":"Mercury Hourglass"},{"floor":30,"key":"Darkstone Periapt"}],"event_choices":[{"damage_healed":0,"gold_gain":175,"player_choice":"AGREE","damage_taken":0,"max_hp_gain":0,"max_hp_loss":0,"event_name":"Liars Game","floor":4,"gold_loss":0,"cards_obtained":["Doubt"]},{"damage_healed":0,"gold_gain":0,"player_choice":"Ignored","damage_taken":0,"max_hp_gain":0,"max_hp_loss":0,"event_name":"NoteForYourself","floor":5,"gold_loss":0},{"cards_removed":["Strike_B"],"damage_healed":0,"gold_gain":0,"player_choice":"Upgrade and Remove","damage_taken":0,"max_hp_gain":0,"max_hp_loss":0,"event_name":"Designer","floor":22,"gold_loss":90,"cards_upgraded":["Defend_B"]},{"damage_healed":0,"gold_gain":0,"player_choice":"Smashed Altar","damage_taken":0,"max_hp_gain":0,"max_hp_loss":0,"event_name":"Forgotten Altar","floor":31,"gold_loss":0,"cards_obtained":["Decay"]}],"is_beta":false,"boss_relics":[{"not_picked":["Cursed Key","Snecko Eye","Runic Pyramid"]}],"items_purged_floors":[11],"is_endless":false,"potions_floor_spawned":[1,8,10,14,21,24,27,30],"killed_by":"Automaton","ascension_level":0}}