{"host":"m98e3ia7l93qbhre","time":1607526539,"event":{"gold_per_floor":[119,119,119,129,139,139,214,214,214,245,6,26,39,54,54,130,130,140,140,240,252,252,252,278,278,325,354,354,373,18,118,118,200,200,215,215,215,234,259,288,288,83,83,83,102,118,111,33,33,33,33],"floor_reached":50,"playtime":4721,"items_purged":["Parasite","Strike_R","Regret"],"score":1052,"play_id":"b105b642-d1e8-41ab-a9b9-f29a1c3a659d","local_time":"20201209230859","is_ascension_mode":true,"campfire_choices":[{"data":"Armaments","floor":6.0,"key":"SMITH"},{"floor":15,"key":"REST"},{"floor":23,"key":"REST"},{"floor":25,"key":"REST"},{"floor":28,"key":"REST"},{"floor":32,"key":"REST"},{"data":"1","floor":41,"key":"LIFT"},{"data":"2","floor":49,"key":"LIFT"}],"neow_cost":"PERCENT_DAMAGE","seed_source_timestamp":1288023075418566,"circlet_count":0,"master_deck":["AscendersBane","Strike_R","Strike_R","Strike_R","Defend_R","Defend_R","Defend_R","Defend_R","Bash","Armaments+1","Metallicize","Mayhem","Thunderclap","Spot Weakness","Inflame","CurseOfTheBell","Sword Boomerang","Rage","Offering","Whirlwind","Finesse","Offering","Regret","Doubt","Parasite","Seeing Red"],"special_seed":0,"relics":["Burning Blood","Bag of Marbles","GodSword3","Mango","Ginger","Calling Bell","Bag of Preparation","Ornamental Fan","FossilizedHelix","Nilry\u0027s Codex","Strawberry","Pen Nib","StoneCalendar","Oddly Smooth Stone","Bronze Scales","Orichalcum","Lizard Tail","Eternal Feather","EasyGame_NEW","Girya","Baka2","Smiling Mask","Vajra","MagicDraw4"],"potions_floor_usage":[16,18,18,24,27,33,50,50,50],"damage_taken":[{"damage":15.0,"enemies":"Small Slimes","floor":1.0,"turns":4.0},{"damage":5.0,"enemies":"2 Louse","floor":4.0,"turns":3.0},{"damage":0.0,"enemies":"Cultist","floor":5.0,"turns":2.0},{"damage":29.0,"enemies":"3 Sentries","floor":10.0,"turns":5.0},{"damage":3,"enemies":"Gremlin Nob","floor":12,"turns":4},{"damage":3,"enemies":"Exordium Thugs","floor":13,"turns":3},{"damage":14,"enemies":"Looter","floor":14,"turns":3},{"damage":53,"enemies":"The Guardian","floor":16,"turns":6},{"damage":25,"enemies":"2 Thieves","floor":18,"turns":5},{"damage":28,"enemies":"Shell Parasite","floor":21,"turns":8},{"damage":38,"enemies":"Gremlin Leader","floor":24,"turns":5},{"damage":30,"enemies":"Slavers","floor":27,"turns":3},{"damage":11,"enemies":"Centurion and Healer","floor":29,"turns":5},{"damage":26,"enemies":"Colosseum Slavers","floor":31,"turns":3},{"damage":23,"enemies":"Colosseum Nobs","floor":31,"turns":4},{"damage":123,"enemies":"Automaton","floor":33,"turns":8},{"damage":20,"enemies":"Orb Walker","floor":35,"turns":4},{"damage":0,"enemies":"3 Darklings","floor":38,"turns":2},{"damage":6,"enemies":"Mind Bloom Boss Battle","floor":39,"turns":4},{"damage":31,"enemies":"Nemesis","floor":40,"turns":5},{"damage":17,"enemies":"Sphere and 2 Shapes","floor":45,"turns":4},{"damage":28,"enemies":"Maw","floor":46,"turns":6},{"damage":0,"enemies":"3 Darklings","floor":47,"turns":3},{"damage":96,"enemies":"Awakened One","floor":50,"turns":5}],"seed_played":"-7921487796006604598","potions_obtained":[{"floor":13,"key":"Regen Potion"},{"floor":16,"key":"SpeedPotion"},{"floor":18,"key":"Explosive Potion"},{"floor":21,"key":"Strength Potion"},{"floor":27,"key":"Swift Potion"},{"floor":39,"key":"DistilledChaos"}],"is_trial":false,"path_per_floor":["M","?","?","M","M","R","?","?","T","E","$","E","M","M","R","B",null,"M","?","?","M","T","R","E","R","T","E","R","M","$","?","R","B",null,"M","?","?","M","?","E","R","$","T","?","M","M","M","$","R","B"],"character_chosen":"IRONCLAD","items_purchased":["Mayhem","Orichalcum","Heavy Blade","Swift Potion","Vajra","Seeing Red"],"campfire_rested":5,"item_purchase_floors":[11,30,30,30,42,48],"current_hp_per_floor":[55,55,48,49,55,55,44,66,66,57,57,60,63,55,85,52,88,69,53,53,27,27,62,30,65,65,41,76,71,71,34,78,58,103,89,89,89,95,95,70,82,82,82,82,71,55,66,66,81,0,0],"gold":33,"neow_bonus":"TWENTY_PERCENT_HP_BONUS","is_prod":false,"is_daily":false,"chose_seed":false,"campfire_upgraded":1,"win_rate":0,"timestamp":1607526539,"path_taken":["M","?","?","M","M","R","?","?","T","E","$","E","M","M","R","BOSS","M","?","?","?","?","R","E","R","T","E","R","M","$","?","R","BOSS","M","?","?","?","?","E","R","$","T","?","?","M","?","?","R","BOSS"],"build_version":"2020-11-30","purchased_purges":3,"victory":false,"max_hp_per_floor":[89,89,89,89,89,89,89,89,89,103,100,100,100,100,100,100,100,100,100,100,118,118,118,118,118,118,118,118,118,118,118,118,118,118,118,118,118,118,118,118,118,118,118,118,118,118,118,118,118,118,118],"card_choices":[{"not_picked":["Anger","Hemokinesis","Havoc"],"picked":"SKIP","floor":1.0},{"not_picked":["Pummel","Second Wind"],"picked":"Armaments","floor":4.0},{"not_picked":["Pommel Strike","Perfected Strike"],"picked":"Metallicize","floor":5.0},{"not_picked":["Shockwave","Dropkick","Hemokinesis"],"picked":"SKIP","floor":10},{"not_picked":["Havoc","Headbutt"],"picked":"Thunderclap","floor":12},{"not_picked":["Dual Wield","Flame Barrier"],"picked":"Spot Weakness","floor":13},{"not_picked":["Headbutt","Disarm"],"picked":"Inflame","floor":14},{"not_picked":["Fire Breathing","Sentinel","Warcry+1"],"picked":"SKIP","floor":18},{"not_picked":["Headbutt","Wild Strike","Infernal Blade"],"picked":"SKIP","floor":21},{"not_picked":["Power Through","Warcry","Pommel Strike"],"picked":"SKIP","floor":24},{"not_picked":["Iron Wave","Second Wind","Burning Pact"],"picked":"SKIP","floor":27},{"not_picked":["Intimidate","Flex"],"picked":"Sword Boomerang","floor":29},{"not_picked":["Immolate","Twin Strike"],"picked":"Rage","floor":31},{"not_picked":["Barricade","Reaper"],"picked":"Offering","floor":33},{"not_picked":["Carnage+1","True Grit+1"],"picked":"Whirlwind","floor":35},{"not_picked":["Thunderclap","Rage+1","Cleave"],"picked":"SKIP","floor":35},{"not_picked":["Combust","Intimidate","Iron Wave+1"],"picked":"SKIP","floor":35},{"not_picked":["Armaments","Searing Blow+1","Clash"],"picked":"SKIP","floor":35},{"not_picked":["Violence","Swift Strike"],"picked":"Finesse","floor":36},{"not_picked":["Heavy Blade","Wild Strike","Second Wind+1"],"picked":"SKIP","floor":38},{"not_picked":["Havoc+1","Reaper","Carnage"],"picked":"SKIP","floor":40},{"not_picked":["Fire Breathing","Evolve","Flex"],"picked":"SKIP","floor":45},{"not_picked":["Battle Trance","Clash","Flex"],"picked":"SKIP","floor":46},{"not_picked":["Heavy Blade","Hemokinesis+1","Twin Strike"],"picked":"SKIP","floor":47}],"player_experience":340470,"relics_obtained":[{"floor":1.0,"key":"Baka"},{"floor":9.0,"key":"GodSword3"},{"floor":10,"key":"Mango"},{"floor":12,"key":"Ginger"},{"floor":17,"key":"Bag of Preparation"},{"floor":17,"key":"Ornamental Fan"},{"floor":17,"key":"FossilizedHelix"},{"floor":19,"key":"Nilry\u0027s Codex"},{"floor":21,"key":"Strawberry"},{"floor":22,"key":"Pen Nib"},{"floor":24,"key":"StoneCalendar"},{"floor":26,"key":"Oddly Smooth Stone"},{"floor":27,"key":"Bronze Scales"},{"floor":31,"key":"Lizard Tail"},{"floor":31,"key":"Eternal Feather"},{"floor":39,"key":"Girya"},{"floor":39,"key":"Baka2"},{"floor":40,"key":"Smiling Mask"},{"floor":43,"key":"MagicDraw4"}],"event_choices":[{"cards_removed":["Strike_R"],"damage_healed":0.0,"max_hp_gain":0.0,"max_hp_loss":0.0,"gold_gain":0.0,"event_name":"Living Wall","player_choice":"Forget","floor":2.0,"gold_loss":0.0,"damage_taken":0.0},{"damage_healed":0.0,"max_hp_gain":0.0,"max_hp_loss":0.0,"gold_gain":0.0,"event_name":"Scrap Ooze","player_choice":"Success","floor":3.0,"gold_loss":0.0,"damage_taken":7.0,"relics_obtained":["Bag of Marbles"]},{"damage_healed":0.0,"max_hp_gain":0.0,"max_hp_loss":0.0,"gold_gain":75.0,"event_name":"World of Goop","player_choice":"Gather Gold","floor":7.0,"gold_loss":0.0,"damage_taken":11.0},{"damage_healed":22.0,"max_hp_gain":0.0,"max_hp_loss":0.0,"gold_gain":0.0,"event_name":"Mushrooms","player_choice":"Healed and dodged fight","floor":8.0,"gold_loss":0.0,"damage_taken":0.0,"cards_obtained":["Parasite"]},{"damage_healed":0,"gold_gain":0,"player_choice":"Obtained Book","damage_taken":16,"max_hp_gain":0,"max_hp_loss":0,"event_name":"Cursed Tome","floor":19,"gold_loss":0},{"damage_healed":0,"gold_gain":100,"player_choice":"Pray","damage_taken":0,"max_hp_gain":0,"max_hp_loss":0,"event_name":"Golden Shrine","floor":20,"gold_loss":0},{"damage_healed":0,"gold_gain":0,"player_choice":"Fight","damage_taken":0,"max_hp_gain":0,"max_hp_loss":0,"event_name":"Colosseum","floor":31,"gold_loss":0},{"damage_healed":0,"gold_gain":0,"player_choice":"Fought Nobs","damage_taken":0,"max_hp_gain":0,"max_hp_loss":0,"event_name":"Colosseum","floor":31,"gold_loss":0},{"damage_healed":0,"gold_gain":0,"player_choice":"Memory 1","damage_taken":0,"max_hp_gain":0,"max_hp_loss":0,"event_name":"SensoryStone","floor":36,"gold_loss":0},{"damage_healed":0,"gold_gain":0,"player_choice":"Copied","damage_taken":0,"max_hp_gain":0,"max_hp_loss":0,"event_name":"Duplicator","floor":37,"gold_loss":0,"cards_obtained":["Offering"]},{"damage_healed":0,"gold_gain":0,"player_choice":"Fight","damage_taken":0,"max_hp_gain":0,"max_hp_loss":0,"event_name":"MindBloom","floor":39,"gold_loss":0},{"cards_removed":["Heavy Blade"],"damage_healed":0,"gold_gain":0,"player_choice":"Removed Attack","damage_taken":0,"max_hp_gain":0,"max_hp_loss":0,"event_name":"Falling","floor":44,"gold_loss":0}],"is_beta":false,"boss_relics":[{"not_picked":["Runic Dome","Astrolabe"],"picked":"Calling Bell"},{"not_picked":["Sozu","Coffee Dripper"],"picked":"EasyGame_NEW"}],"items_purged_floors":[11,30,42],"is_endless":false,"potions_floor_spawned":[4,13,14,16,18,21,27,31,39],"killed_by":"Awakened One","ascension_level":14}}