{"host":"cxlfijb3ipw68228","time":1607491161,"event":{"gold_per_floor":[116,116,127,2,2,2,13,13,13,30,50,50,1956,1977,1977,2077,2077,2088,2088,1988,1289,414,414,2439,2451,2451,2451,2451,2451,1890,1419,1419,1523,1523,1539,1551,1565,1578,1578,1605,1081,1081,1081,1093,1113,738,738,756,756,756,756,756,584,616,616],"floor_reached":56,"playtime":3801,"items_purged":["Strike_G","Strike_G","Defend_G","Defend_G","Strike_G","Defend_G","Strike_G"],"score":1283,"play_id":"70f02f2c-5131-4d69-b596-bc6e47e2b576","local_time":"20201209001921","is_ascension_mode":false,"campfire_choices":[{"data":"Calculated Gamble","floor":6.0,"key":"SMITH"},{"data":"expansioncontent:TimeRipple","floor":12.0,"key":"SMITH"},{"floor":15.0,"key":"DIG"},{"data":"hubris:EnhanceAbility","floor":23.0,"key":"SMITH"},{"floor":29.0,"key":"RECALL"},{"data":"Strike_G","floor":32.0,"key":"PURGE"},{"data":"hubris:SlightOfHand","floor":47,"key":"SMITH"},{"data":"Burst","floor":47,"key":"SMITH"},{"data":"Crow Ritual","floor":49,"key":"SMITH"},{"data":"Doppelganger","floor":49,"key":"SMITH"},{"data":"Replay:SS_hec_2","floor":52,"key":"SMITH"},{"data":"Madness","floor":52,"key":"SMITH"}],"neow_cost":"NONE","seed_source_timestamp":625250709755600,"circlet_count":0,"master_deck":["Defend_G","Defend_G","Survivor","Neutralize","Poisoned Stab","Neutralize","Doppelganger+1","Backstab","expansioncontent:TimeRipple+1","Calculated Gamble+1","Backflip","hubris:Sniper","conspire:PoisonWeapons+1","After Image","Cloak And Dagger","Burst+1","hubris:SlightOfHand+1","hubris:EnhanceAbility+1","Poisoned Stab","Poisoned Stab","Cloak And Dagger","Footwork","ReplayTheSpireMod:Scrap Shanks","Underhanded Strike","Crow Ritual+1","Deflect+1","Tactician+1","Sadistic Nature","Panache+1","Replay:Bag of Tricks","Replay:Sssssssssstrike+1","Finisher","hubris:Insight+1","hubris:TrickCloak","Outmaneuver+1","ReplayTheSpireMod:Private Reserves","Replay:SS_hec_2+1","Prepared+1","ReplayTheSpireMod:The Works+1","Noxious Fumes","Bane+1","Hidden Blade+1","Madness+1","Madness","expansioncontent:CaCaw","Sneak Up+1","Caltrops","Catalyst","Secret Weapon"],"special_seed":0,"relics":["Ring of the Snake","ReplayTheSpireMod:Shallot","Odd Mushroom","hubris:ScarierMask","Nloth\u0027s Gift","CCEMRelics:TinyMinotavrHorn","hubris:TenFootPole","Blue Doll","TheAbacus","Byrd Skull","Ancient Tea Set","halation:Komachan","Bottled Tornado","CCEMRelics:FestiveHat","aspiration:Stabinomicon","Membership Card","Replay:Arrowhead","hubris:MedicalManual","Chemical X","Quantum Egg","Bronze Scales","Replay:Baseball","halation:Thesaurus","halation:LoveArrow","Replay:Accelerometer","conspire:Boomerang","halation:PapillonHeart","halation:PrussianBluePaint","CCEMRelics:WrappedPresent","CeramicFish","hubris:Potato","Mirror","Iron Hammer","TwistedFunnel","hubris:NiceRug","hubris:FunFungus"],"potions_floor_usage":[53,53,54,55],"damage_taken":[{"damage":0.0,"enemies":"Cultist","floor":1.0,"turns":5.0},{"damage":0.0,"enemies":"Small Slimes","floor":3.0,"turns":2.0},{"damage":0.0,"enemies":"2 Louse","floor":7.0,"turns":1.0},{"damage":0.0,"enemies":"Lots of Slimes","floor":10.0,"turns":1.0},{"damage":11.0,"enemies":"Exordium Wildlife","floor":11.0,"turns":4.0},{"damage":0.0,"enemies":"2 Fungi Beasts","floor":13.0,"turns":1.0},{"damage":0.0,"enemies":"The Mushroom Lair","floor":14.0,"turns":2.0},{"damage":38.0,"enemies":"Fading Forest","floor":16.0,"turns":11.0},{"damage":7.0,"enemies":"Shell Parasite","floor":18.0,"turns":9.0},{"damage":5.0,"enemies":"conspire:SneckoGhost","floor":24.0,"turns":5.0},{"damage":8.0,"enemies":"3 Byrds","floor":25.0,"turns":3.0},{"damage":17.0,"enemies":"Champ","floor":33.0,"turns":7.0},{"damage":0.0,"enemies":"Orb Walker","floor":35.0,"turns":3.0},{"damage":0.0,"enemies":"3 Darklings","floor":36.0,"turns":3.0},{"damage":2.0,"enemies":"Sphere and 2 Shapes","floor":37.0,"turns":3.0},{"damage":0.0,"enemies":"Jaw Worm Horde","floor":38.0,"turns":2.0},{"damage":0.0,"enemies":"R_Hoarder","floor":40.0,"turns":2.0},{"damage":0.0,"enemies":"Maw","floor":44.0,"turns":6.0},{"damage":4.0,"enemies":"4 Shapes","floor":45.0,"turns":7.0},{"damage":57,"enemies":"conspire:OrnateMirror","floor":50,"turns":8},{"damage":13,"enemies":"hubris:Merchant","floor":53,"turns":5},{"damage":0,"enemies":"Shield and Spear","floor":54,"turns":4},{"damage":46,"enemies":"The Heart","floor":55,"turns":8}],"seed_played":"-2406475810850223992","potions_obtained":[{"floor":5.0,"key":"DuplicationPotion"},{"floor":5.0,"key":"LiquidMemories"},{"floor":5.0,"key":"Milkshake"},{"floor":16.0,"key":"Toxic Potion"},{"floor":33.0,"key":"AttackPotion"},{"floor":44.0,"key":"BlessingOfTheForge"},{"floor":53,"key":"Block Potion"},{"floor":53,"key":"Block Potion"}],"is_trial":false,"path_per_floor":["M","?","M","$","?","R","M","$","T","M","M","R","M","?","R_BF","B",null,"M","?","?","$","$","R","E","M","T","?","?","R","$","$","R_BF","B",null,"M","M","M","M","?","E","$","?","T","M","M","$","R","?","R","B",null,"R","$","E","B",null],"character_chosen":"THE_SILENT","items_purchased":["expansioncontent:TimeRipple","Calculated Gamble","hubris:TenFootPole","Blue Doll","TheAbacus","hubris:EnhanceAbility","Byrd Skull","Ancient Tea Set","halation:Komachan","BlessingOfTheForge","Poisoned Stab","Cloak And Dagger","Footwork","Membership Card","Replay:Arrowhead","hubris:MedicalManual","Crow Ritual","Deflect+1","Tactician+1","Chemical X","Quantum Egg","Bronze Scales","Sadistic Nature","halation:Thesaurus","Replay:Accelerometer","conspire:Boomerang","Fruit Juice","ReplayTheSpireMod:The Works+1","Noxious Fumes","halation:PrussianBluePaint","CCEMRelics:WrappedPresent","CeramicFish","Mirror","Iron Hammer","TwistedFunnel","expansioncontent:CaCaw","Sneak Up+1","Caltrops"],"campfire_rested":0,"item_purchase_floors":[4,4,21,21,21,21,22,22,22,22,22,22,22,30,30,30,30,30,31,31,31,31,31,41,41,41,41,41,41,46,46,46,53,53,53,53,53,53],"current_hp_per_floor":[77,77,77,77,77,77,77,77,77,77,66,66,66,66,66,38,77,70,70,70,70,70,70,65,57,57,57,50,50,50,50,50,33,77,77,77,75,75,75,75,75,73,73,78,74,83,83,78,78,21,83,83,70,70,36],"gold":616,"neow_bonus":"TEN_PERCENT_HP_BONUS","is_prod":false,"is_daily":false,"chose_seed":false,"campfire_upgraded":9,"win_rate":0,"timestamp":1607491161,"path_taken":["M","?","M","?","?","R","?","$","T","M","M","R","M","?","R_BF","BOSS","M","?","?","?","$","R","E","M","T","?","?","R","?","$","R_BF","BOSS","M","M","M","M","?","E","$","?","T","M","M","$","R","?","R","BOSS","R","$","E","BOSS"],"build_version":"2020-11-30","purchased_purges":7,"victory":true,"max_hp_per_floor":[77,77,77,77,77,77,77,77,77,77,77,77,77,77,77,77,77,77,77,77,77,77,77,77,77,77,77,77,77,77,77,77,77,77,77,77,77,77,77,77,77,73,73,78,78,83,83,83,83,83,83,83,83,83,83],"card_choices":[{"not_picked":["Prepared","Sucker Punch"],"picked":"Poisoned Stab","floor":1.0},{"not_picked":["Acrobatics","Fluid Movement"],"picked":"Backstab","floor":3.0},{"not_picked":["hubris:SlightOfHand","PiercingWail"],"picked":"Backflip","floor":7.0},{"not_picked":["Dodge and Roll","Reflex"],"picked":"hubris:Sniper","floor":10.0},{"not_picked":["Masterful Stab","Flechettes"],"picked":"conspire:PoisonWeapons","floor":11.0},{"not_picked":["Acrobatics","Sneak Up"],"picked":"After Image","floor":13.0},{"not_picked":["Poisoned Stab","Underhanded Strike"],"picked":"Cloak And Dagger","floor":14.0},{"not_picked":["Wraith Form v2","Die Die Die"],"picked":"Burst","floor":16.0},{"not_picked":["Prepared","Sucker Punch+1"],"picked":"hubris:SlightOfHand","floor":18.0},{"not_picked":["Dodge and Roll+1","Outmaneuver+1"],"picked":"ReplayTheSpireMod:Scrap Shanks","floor":24.0},{"not_picked":["conspire:PoisonWeapons","All Out Attack"],"picked":"Underhanded Strike","floor":25.0},{"not_picked":["expansioncontent:DarkVoid+1","Purity+1"],"picked":"Panache+1","floor":33.0},{"not_picked":["Glass Knife","ReplayTheSpireMod:From All Sides"],"picked":"Replay:Bag of Tricks","floor":33.0},{"not_picked":["Thinking Ahead+1","expansioncontent:Collect+1"],"picked":"Replay:Sssssssssstrike+1","floor":35.0},{"not_picked":["Dodge and Roll+1","Endless Agony+1"],"picked":"Finisher","floor":35.0},{"not_picked":["Jack Of All Trades+1","Mind Blast+1"],"picked":"hubris:Insight+1","floor":36.0},{"not_picked":["Dodge and Roll","Deflect"],"picked":"hubris:TrickCloak","floor":36.0},{"not_picked":["Escape Plan+1","Finisher+1"],"picked":"Outmaneuver+1","floor":37.0},{"not_picked":["Deadly Poison","Doppelganger","Bouncing Flask"],"picked":"SKIP","floor":38.0},{"not_picked":["Swift Strike","HandOfGreed"],"picked":"ReplayTheSpireMod:Private Reserves","floor":39.0},{"not_picked":["expansioncontent:Torchfire","Good Instincts"],"picked":"Replay:SS_hec_2","floor":39.0},{"not_picked":["Choke+1","Acrobatics"],"picked":"Prepared+1","floor":40.0},{"not_picked":["Reflex","Calculated Gamble+1"],"picked":"Bane+1","floor":44.0},{"not_picked":["Acrobatics+1","Cloak And Dagger"],"picked":"Hidden Blade+1","floor":45.0},{"not_picked":[],"picked":"Catalyst","floor":53},{"not_picked":[],"picked":"Secret Weapon","floor":53},{"not_picked":["Dagger Throw"],"picked":"SKIP","floor":53},{"not_picked":["Quick Slash"],"picked":"SKIP","floor":53},{"not_picked":["Doppelganger","Dodge and Roll","Dagger Throw"],"picked":"SKIP","floor":54}],"player_experience":498984,"relics_obtained":[{"floor":9.0,"key":"ReplayTheSpireMod:Shallot"},{"floor":14.0,"key":"Odd Mushroom"},{"floor":15.0,"key":"Art of War"},{"floor":24.0,"key":"Bottled Tornado"},{"floor":26.0,"key":"CCEMRelics:FestiveHat"},{"floor":28.0,"key":"aspiration:Stabinomicon"},{"floor":40.0,"key":"Replay:Baseball"},{"floor":46,"key":"hubris:Potato"},{"floor":54,"key":"hubris:FunFungus"}],"event_choices":[{"damage_healed":0.0,"max_hp_gain":0.0,"max_hp_loss":0.0,"gold_gain":0.0,"event_name":"Match and Keep!","player_choice":"2 cards matched","floor":2.0,"gold_loss":0.0,"damage_taken":0.0,"cards_obtained":["Neutralize","Doppelganger"]},{"damage_healed":0.0,"max_hp_gain":0.0,"max_hp_loss":0.0,"gold_gain":0.0,"event_name":"Lab","player_choice":"Got Potions","floor":5.0,"gold_loss":0.0,"damage_taken":0.0},{"damage_healed":0.0,"max_hp_gain":0.0,"max_hp_loss":0.0,"gold_gain":0.0,"event_name":"Mushrooms","player_choice":"Fought Mushrooms","floor":14.0,"gold_loss":0.0,"damage_taken":0.0},{"damage_healed":0.0,"max_hp_gain":0.0,"max_hp_loss":0.0,"gold_gain":0.0,"event_name":"N\u0027loth","player_choice":"Traded Relic","floor":19.0,"relics_lost":["Art of War"],"gold_loss":0.0,"damage_taken":0.0,"relics_obtained":["Nloth\u0027s Gift"]},{"damage_healed":0.0,"max_hp_gain":0.0,"max_hp_loss":0.0,"gold_gain":0.0,"event_name":"WeMeetAgain","player_choice":"Paid Gold","floor":20.0,"gold_loss":100.0,"damage_taken":0.0,"relics_obtained":["CCEMRelics:TinyMinotavrHorn"]},{"damage_healed":0.0,"max_hp_gain":0.0,"max_hp_loss":0.0,"gold_gain":0.0,"event_name":"Upgrade Shrine","player_choice":"Upgraded","floor":27.0,"gold_loss":0.0,"damage_taken":0.0,"cards_upgraded":["conspire:PoisonWeapons"]},{"damage_healed":0.0,"max_hp_gain":0.0,"max_hp_loss":0.0,"gold_gain":0.0,"event_name":"Cursed Tome","player_choice":"Obtained Book","floor":28.0,"gold_loss":0.0,"damage_taken":16.0},{"damage_healed":0.0,"max_hp_gain":0.0,"max_hp_loss":0.0,"gold_gain":3.0,"event_name":"betterStone:BetterStone","player_choice":"1","floor":39.0,"gold_loss":0.0,"damage_taken":0.0},{"damage_healed":0,"gold_gain":0,"player_choice":"Embrace Madness","damage_taken":10,"max_hp_gain":0,"max_hp_loss":0,"event_name":"Winding Halls","floor":48,"gold_loss":0,"cards_obtained":["Madness","Madness"]}],"is_beta":false,"boss_relics":[{"not_picked":["halation:PlatinumPhoenix","Pandora\u0027s Box"],"picked":"hubris:ScarierMask"},{"not_picked":["Philosopher\u0027s Stone","hubris:RunicObelisk"],"picked":"aspiration:PoetsPen_weak"}],"items_purged_floors":[21,22,30,31,41,46,53],"is_endless":false,"potions_floor_spawned":[7,11,14,16,33,40,44,45],"ascension_level":0}}