{"host":"wppa8gky53tnknhf","time":1607516855,"event":{"gold_per_floor":[109,109,109,24,41,67,85,120,120,151,151,151,151,162,162,262,262,279,291,309,232,232,257,307,332,332,367,413,432,463,491,491,591,591,608,312,330,347,365,400,419,419,419,419,434,464,464,491,491,491,491,491,130,165,165,165],"floor_reached":55,"playtime":1713,"items_purged":[],"score":839,"play_id":"0af5da80-ec74-4571-a2af-0d96a3630e21","local_time":"20201209122735","is_ascension_mode":true,"campfire_choices":[{"floor":11,"key":"RECALL"},{"floor":15,"key":"REST"},{"floor":32,"key":"REST"},{"floor":42,"key":"REST"},{"floor":49,"key":"REST"},{"floor":52,"key":"DIG"}],"neow_cost":"NONE","seed_source_timestamp":1891966959919600,"circlet_count":0,"master_deck":["Strike_P+1","Strike_P+1","Strike_P+1","Strike_P+1","Defend_P+1","Defend_P+1","Defend_P+1","Defend_P+1","Eruption+1","Vigilance+1","Wish+1","FearNoEvil+1","infinitespire:Gouge+1","Mind Blast+1","Tantrum+1","Halt+1","FollowUp+1","BowlingBash+1","BowlingBash+1","MentalFortress+1","BowlingBash+1","ReachHeaven+1","ClearTheMind+1","Consecrate+1","Indignation+1","Halt+1","BattleHymn+1","ForeignInfluence+1","Tantrum+1","Judgement+1","Devotion+1","Devotion+1","Consecrate+1","SpiritShield+1","Swivel+1","FollowUp+1","FlyingSleeves+1","Tantrum+1","MentalFortress+1","Halt+1","EmptyBody+1"],"relics":["PureWater","Hammer of Thor","Seething Fire","Anvil of the Gods","Quantum Egg","Peace Pipe","Ginger","infinitespire:FocusingShard","Shovel","energizedSpire:OgreHead","Gremlin Food","Replay:WaspNest","InkBottle","Thread and Needle","ShockBauble","Omamori","TungstenRod","Red Mask","Abe\u0027s Treasure","DollysMirror","Shuriken","Chameleon Ring","hubris:ToyBattleship","Darkstone Periapt","ReplayTheSpireMod:Ninjato","ReplayTheSpireMod:Shallot","Lee\u0027s Waffle","Replay:Wax Seal"],"potions_floor_usage":[23,25,27,31,31,41,41,46,50,55,55],"damage_taken":[{"damage":0,"enemies":"Jaw Worm","floor":1,"turns":3},{"damage":0,"enemies":"Cultist","floor":5,"turns":2},{"damage":3,"enemies":"Replay:BlueRogue","floor":6,"turns":3},{"damage":0,"enemies":"2 Louse","floor":7,"turns":2},{"damage":6,"enemies":"Lagavulin","floor":8,"turns":3},{"damage":1,"enemies":"Replay:BlueRogue","floor":10,"turns":3},{"damage":4,"enemies":"Large Slime","floor":14,"turns":3},{"damage":0,"enemies":"Fading Forest","floor":16,"turns":11},{"damage":0,"enemies":"3 Byrds","floor":18,"turns":2},{"damage":0,"enemies":"Spheric Guardian","floor":19,"turns":3},{"damage":8,"enemies":"Centurion and Healer","floor":20,"turns":5},{"damage":15,"enemies":"Gremlin Leader","floor":23,"turns":3},{"damage":24,"enemies":"Book of Stabbing","floor":25,"turns":3},{"damage":9,"enemies":"Replay:Snechameleon","floor":27,"turns":4},{"damage":0,"enemies":"Snecko","floor":29,"turns":2},{"damage":0,"enemies":"Gremlin Leader","floor":30,"turns":3},{"damage":0,"enemies":"Masked Bandits","floor":31,"turns":2},{"damage":26,"enemies":"Collector","floor":33,"turns":4},{"damage":7,"enemies":"3 Shapes","floor":35,"turns":4},{"damage":2,"enemies":"3 Darklings","floor":37,"turns":2},{"damage":16,"enemies":"4 Shapes","floor":38,"turns":3},{"damage":0,"enemies":"Spire Growth","floor":39,"turns":4},{"damage":12,"enemies":"Nemesis","floor":40,"turns":5},{"damage":6,"enemies":"Maw","floor":41,"turns":3},{"damage":15,"enemies":"4 Shapes","floor":45,"turns":6},{"damage":22,"enemies":"Reptomancer","floor":46,"turns":3},{"damage":10,"enemies":"Nemesis","floor":48,"turns":5},{"damage":11,"enemies":"Replay:Hell Engine","floor":50,"turns":4},{"damage":35,"enemies":"Shield and Spear","floor":54,"turns":4},{"damage":70,"enemies":"The Heart","floor":55,"turns":2}],"seed_played":"-8578359346169246373","potions_obtained":[{"floor":1,"key":"BottledMiracle"},{"floor":7,"key":"Languid Potion"},{"floor":8,"key":"StancePotion"},{"floor":23,"key":"SpeedPotion"},{"floor":25,"key":"ColorlessPotion"},{"floor":33,"key":"Block Potion"},{"floor":39,"key":"SkillPotion"},{"floor":41,"key":"BottledMiracle"},{"floor":45,"key":"StancePotion"},{"floor":46,"key":"Venom Potion"},{"floor":54,"key":"Strength Potion"}],"is_trial":false,"path_per_floor":["M","?","?","$","M","E","M","E","T","E","R","T","?","M","R","B",null,"M","M","M","$","?","E","?","E","T","E","T","M","E","?","R","B",null,"M","$","M","M","M","E","M","R","T","?","M","E","T","E","R","B",null,"R","$","E","B"],"character_chosen":"WATCHER","items_purchased":["Mind Blast","ReachHeaven","Devotion","DollysMirror","Lee\u0027s Waffle","Replay:Wax Seal","MentalFortress","Halt"],"campfire_rested":4,"item_purchase_floors":[4,21,36,36,53,53,53,53],"current_hp_per_floor":[72,72,72,72,72,69,69,63,63,62,62,62,30,26,47,47,72,72,72,64,64,64,49,49,25,25,16,16,16,16,16,37,11,72,65,65,63,47,47,35,29,50,50,50,35,13,13,3,24,13,72,72,79,44,0,0],"gold":165,"neow_bonus":"ONE_RANDOM_RARE_CARD","is_prod":false,"is_daily":false,"chose_seed":false,"campfire_upgraded":0,"win_rate":0,"timestamp":1607516855,"path_taken":["M","?","?","$","?","E","M","E","T","E","R","?","?","M","R","BOSS","M","M","M","$","?","E","?","E","T","E","?","?","E","?","R","BOSS","M","$","M","M","M","E","M","R","T","?","M","E","?","E","R","BOSS","R","$","E","BOSS"],"build_version":"2020-11-30","purchased_purges":0,"victory":false,"max_hp_per_floor":[72,72,72,72,72,72,72,72,72,72,72,72,72,72,72,72,72,72,72,72,72,72,72,72,72,72,72,72,72,72,72,72,72,72,72,72,72,72,72,72,72,72,72,72,72,72,72,72,72,72,72,72,79,79,79,79],"relic_stats":{"Peace Pipe":0,"Darkstone Periapt":0,"Lee\u0027s Waffle":7,"Shovel":1,"counters":[30,106],"Shuriken":[19],"Ginger":[9],"obtain_stats":[{"Darkstone Periapt":47,"ShockBauble":27,"Hammer of Thor":0,"Ginger":12,"Shovel":13,"Chameleon Ring":43,"DollysMirror":36,"Red Mask":31,"Replay:Wax Seal":53,"InkBottle":25,"Gremlin Food":23,"Lee\u0027s Waffle":53,"ReplayTheSpireMod:Ninjato":48,"Quantum Egg":6,"Thread and Needle":26,"infinitespire:FocusingShard":13,"Replay:WaspNest":24,"energizedSpire:OgreHead":17,"Omamori":28,"Seething Fire":0,"Peace Pipe":10,"ReplayTheSpireMod:Shallot":52,"Anvil of the Gods":0,"Shuriken":40,"hubris:ToyBattleship":46,"PureWater":0,"TungstenRod":30,"Abe\u0027s Treasure":34},{"Darkstone Periapt":26,"ShockBauble":14,"Hammer of Thor":0,"Ginger":6,"Shovel":6,"Chameleon Ring":24,"DollysMirror":19,"Red Mask":17,"Replay:Wax Seal":28,"InkBottle":13,"Gremlin Food":12,"Lee\u0027s Waffle":28,"ReplayTheSpireMod:Ninjato":27,"Quantum Egg":3,"Thread and Needle":13,"infinitespire:FocusingShard":6,"Replay:WaspNest":12,"energizedSpire:OgreHead":8,"Omamori":14,"Seething Fire":0,"Peace Pipe":6,"ReplayTheSpireMod:Shallot":28,"Anvil of the Gods":0,"Shuriken":23,"hubris:ToyBattleship":26,"PureWater":0,"TungstenRod":16,"Abe\u0027s Treasure":18},{"Darkstone Periapt":91,"ShockBauble":50,"Hammer of Thor":0,"Ginger":16,"Shovel":16,"Chameleon Ring":82,"DollysMirror":65,"Red Mask":57,"Replay:Wax Seal":100,"InkBottle":46,"Gremlin Food":43,"Lee\u0027s Waffle":100,"ReplayTheSpireMod:Ninjato":96,"Quantum Egg":8,"Thread and Needle":46,"infinitespire:FocusingShard":16,"Replay:WaspNest":43,"energizedSpire:OgreHead":30,"Omamori":50,"Seething Fire":0,"Peace Pipe":16,"ReplayTheSpireMod:Shallot":100,"Anvil of the Gods":0,"Shuriken":79,"hubris:ToyBattleship":91,"PureWater":0,"TungstenRod":55,"Abe\u0027s Treasure":61}],"InkBottle":[27],"TungstenRod":42},"card_choices":[{"not_picked":["JustLucky","EmptyFist"],"picked":"FearNoEvil","floor":1},{"not_picked":["infinitespire:Collect","hubris:InfiniteBlow"],"picked":"infinitespire:Gouge","floor":3},{"not_picked":["FlyingSleeves","CutThroughFate"],"picked":"Tantrum","floor":5},{"not_picked":["InnerPeace","MarkedMod:PinPointDefense"],"picked":"Halt","floor":6},{"not_picked":["Evaluate","MarkedMod:PinPointDefense"],"picked":"FollowUp","floor":7},{"not_picked":["WheelKick","CutThroughFate","Replay:Hum"],"picked":"SKIP","floor":8},{"not_picked":["Replay:BluntJabs","Replay:AllIn"],"picked":"BowlingBash","floor":10},{"not_picked":["Replay:Hum","CutThroughFate"],"picked":"BowlingBash","floor":14},{"not_picked":["PathToVictory","Replay:DivineShield"],"picked":"MentalFortress+1","floor":18},{"not_picked":["WheelKick","Protect"],"picked":"BowlingBash","floor":19},{"not_picked":["MarkedMod:GracefulMovements+1","MarkedMod:Acupuncture","Replay:ManipulateFuture"],"picked":"SKIP","floor":20},{"not_picked":["Replay:DivineShield","Evaluate"],"picked":"ClearTheMind","floor":23},{"not_picked":["CrushJoints+1","EmptyFist"],"picked":"Consecrate","floor":24},{"not_picked":["FlurryOfBlows+1","Swivel+1"],"picked":"Indignation","floor":25},{"not_picked":["JustLucky","Worship+1"],"picked":"Halt+1","floor":27},{"not_picked":["PathToVictory","Pray"],"picked":"BattleHymn","floor":29},{"not_picked":["Alpha","Evaluate"],"picked":"ForeignInfluence+1","floor":30},{"not_picked":["MarkedMod:OneThousandNeedles","Replay:DivineShield"],"picked":"Tantrum","floor":31},{"not_picked":["MarkedMod:ChiBlock","MasterReality"],"picked":"Judgement","floor":33},{"not_picked":["WheelKick+1","Replay:Anticipation+1","Wireheading"],"picked":"SKIP","floor":35},{"not_picked":["JustLucky","ClearTheMind","Replay:Vibes+1"],"picked":"SKIP","floor":37},{"not_picked":["WaveOfTheHand+1","Protect"],"picked":"Consecrate","floor":38},{"not_picked":["Replay:Anticipation+1","Replay:AtTheReady+1","WheelKick+1"],"picked":"SKIP","floor":39},{"not_picked":["CrushJoints+1","Replay:Hum"],"picked":"SpiritShield","floor":40},{"not_picked":["Replay:DivineShield+1","Replay:AtTheReady+1"],"picked":"Swivel+1","floor":41},{"not_picked":["MarkedMod:GentlePulse+1","CutThroughFate"],"picked":"FollowUp","floor":45},{"not_picked":["Meditate","SandsOfTime+1"],"picked":"FlyingSleeves+1","floor":46},{"not_picked":["FearNoEvil","Halt+1"],"picked":"Tantrum+1","floor":48},{"not_picked":["Collect+1","PathToVictory"],"picked":"EmptyBody","floor":54}],"player_experience":656937,"relics_obtained":[{"floor":6,"key":"Quantum Egg"},{"floor":10,"key":"Peace Pipe"},{"floor":12,"key":"Ginger"},{"floor":23,"key":"Gremlin Food"},{"floor":24,"key":"Replay:WaspNest"},{"floor":25,"key":"InkBottle"},{"floor":26,"key":"Thread and Needle"},{"floor":27,"key":"ShockBauble"},{"floor":28,"key":"Omamori"},{"floor":30,"key":"TungstenRod"},{"floor":31,"key":"Red Mask"},{"floor":40,"key":"Shuriken"},{"floor":43,"key":"Chameleon Ring"},{"floor":46,"key":"hubris:ToyBattleship"},{"floor":47,"key":"Darkstone Periapt"},{"floor":48,"key":"ReplayTheSpireMod:Ninjato"},{"floor":52,"key":"ReplayTheSpireMod:Shallot"}],"event_choices":[{"damage_healed":0,"gold_gain":0,"player_choice":"Grow","damage_taken":0,"max_hp_gain":0,"max_hp_loss":0,"event_name":"Living Wall","floor":2,"gold_loss":0,"cards_upgraded":["FearNoEvil"]},{"damage_healed":0,"gold_gain":1,"player_choice":"Relic Relic ","damage_taken":32,"max_hp_gain":0,"max_hp_loss":0,"event_name":"betterThird:BetterScrap","floor":13,"gold_loss":0,"cards_obtained":["All For One"]},{"damage_healed":0,"gold_gain":0,"player_choice":"Simplicity","damage_taken":0,"max_hp_gain":0,"max_hp_loss":0,"event_name":"betterThird:BetterWriting","floor":22,"gold_loss":0},{"damage_healed":0,"gold_gain":0,"player_choice":"Fought Bandits","damage_taken":0,"max_hp_gain":0,"max_hp_loss":0,"event_name":"Masked Bandits","floor":31,"gold_loss":0}],"is_beta":false,"boss_relics":[{"not_picked":["ReplayTheSpireMod:SealedPack","Pandora\u0027s Box"],"picked":"energizedSpire:OgreHead"},{"not_picked":["Philosopher\u0027s Stone","hubris:VirtuousBlindfold"],"picked":"Abe\u0027s Treasure"}],"items_purged_floors":[],"is_endless":false,"potions_floor_spawned":[1,7,8,14,20,23,25,30,33,39,41,45,46,54],"killed_by":"The Heart","ascension_level":1}}