{"host":"wqmfxiqu77u15tgo","time":1607488344,"event":{"gold_per_floor":[4076,4076,4095,4195,4212,4247,4280,4280,4335,4361,3637,3663,3691,2567,2567,2666,2666,2686,2785,2785,2014,2049,2079,2079],"floor_reached":23,"playtime":1261,"items_purged":[],"score":563,"play_id":"d4ad28e9-332b-4676-b6d6-6e01ce6b1836","local_time":"20201209123224","daily_mods":["Insanity","Heirloom","Time Dilation","Flight","DeadlyEvents","Elite Swarm","Lethality"],"is_ascension_mode":true,"campfire_choices":[{"data":"MostiFishMod:Unraveling","floor":8,"key":"SMITH"},{"floor":15,"key":"REST"}],"neow_cost":"","seed_source_timestamp":0,"circlet_count":0,"master_deck":["Cloak And Dagger+1","Flying Knee+1","Prepared+1","Underhanded Strike+1","Deadly Poison+1","Slice+1","Finisher+1","Poisoned Stab+1","Poisoned Stab+1","MostiFishMod:PerfectParry+1","Prepared+1","MostiFishMod:FrostNova+1","Dagger Throw+1","Blade Dance+1","Terror+1","Prepared+1","PiercingWail+1","Riddle With Holes+1","PiercingWail+1","Flying Knee+1","MostiFishMod:FrostNova+1","Dagger Throw+1","Masterful Stab+1","PiercingWail+1","Distraction+1","MostiFishMod:PerfectParry+1","Dodge and Roll+1","Reflex+1","Outmaneuver+1","Cloak And Dagger+1","Footwork+1","Distraction+1","PiercingWail+1","Bane+1","Reflex+1","Slice+1","Heel Hook+1","Poisoned Stab+1","Dagger Spray+1","Outmaneuver+1","Blade Dance+1","Flechettes+1","Dodge and Roll+1","All Out Attack+1","Poisoned Stab+1","Leg Sweep+1","Poisoned Stab+1","Poisoned Stab+1","Bane+1","Backflip+1","MostiFishMod:Unraveling+1","MostiFishMod:FrostNova","Ball Lightning","MostiFishMod:UltimateDefense","MostiFishMod:MusicBox","Burst+1","REME_PuzzleBox+1","Deadly Poison","REME_ForAll","MostiFishMod:StarHerder","REME_MagicPocketWatch","MostiFishMod:Kaleido","REME_BuildACard","Armaments","MostiFishMod:Kaleido","MostiFishMod:FantasySummer","MostiFishMod:Neurotoxin"],"relics":["Ring of the Snake","DaveBox","ice","REME_ComplimentaryCards","Tough Bandages","ThornShield","Question Card","PrismaticShard","Bird Faced Urn","Snake Skull","Orichalcum","SentryEyes","MerchantsRug","TungstenRod","CaptainsWheel","The Courier","Anchor","InkBottle","Nunchaku","War Paint","Regal Pillow","Toy Ornithopter","Blood Vial","ImportantClient","BirthdayGift-Icosahedron","Dream Catcher","ChiLing","Chi","Ling","Strawberry","Shuriken","Oddly Smooth Stone","Mercury Hourglass","Happy Flower","Paper Crane"],"potions_floor_usage":[7,16],"damage_taken":[{"damage":0,"enemies":"Small Slimes","floor":1,"turns":1},{"damage":0,"enemies":"2 Louse","floor":3,"turns":2},{"damage":0,"enemies":"Cultist","floor":5,"turns":1},{"damage":0,"enemies":"Gremlin Nob","floor":6,"turns":1},{"damage":27,"enemies":"3 Sentries","floor":7,"turns":3},{"damage":0,"enemies":"Lagavulin","floor":10,"turns":2},{"damage":0,"enemies":"Gremlin Nob","floor":12,"turns":2},{"damage":16,"enemies":"3 Sentries","floor":13,"turns":2},{"damage":1,"enemies":"The Guardian","floor":16,"turns":3},{"damage":0,"enemies":"Spheric Guardian","floor":18,"turns":2},{"damage":0,"enemies":"REME_1_Revenger","floor":22,"turns":2},{"damage":0,"enemies":"Gremlin Leader","floor":23,"turns":2}],"seed_played":"7538527164025963136","potions_obtained":[{"floor":5,"key":"Regen Potion"},{"floor":7,"key":"Fruit Juice"},{"floor":12,"key":"EssenceOfSteel"},{"floor":18,"key":"GamblersBrew"}],"is_trial":true,"path_per_floor":["M","?","M","?","M","E","E","R","T","E","$","E","E","$","R","B",null,"M","?","?","$","E","E"],"character_chosen":"THE_SILENT","items_purchased":["MerchantsRug","TungstenRod","REME_PuzzleBox","Deadly Poison","Swift Potion","Anchor","InkBottle","REME_MagicPocketWatch","MostiFishMod:Kaleido","Nunchaku","War Paint","Regal Pillow","Toy Ornithopter","Blood Vial","ChiLing","MostiFishMod:Kaleido","Strawberry","Shuriken","Oddly Smooth Stone","Mercury Hourglass"],"campfire_rested":1,"item_purchase_floors":[11,11,11,11,11,14,14,14,14,14,14,14,14,14,21,21,21,21,21,21],"current_hp_per_floor":[70,70,70,70,70,70,48,48,48,50,50,50,34,34,71,75,75,75,75,75,82,82,82,82],"gold":2079,"neow_bonus":"","is_prod":false,"is_daily":false,"chose_seed":false,"campfire_upgraded":1,"win_rate":0,"timestamp":1607488344,"path_taken":["M","?","M","?","?","E","E","R","T","E","$","E","E","$","R","BOSS","M","?","?","$","?","E"],"build_version":"2020-11-30","purchased_purges":0,"victory":false,"max_hp_per_floor":[70,70,70,70,70,70,75,75,75,75,75,75,75,75,75,75,75,75,75,75,82,82,82,82],"relic_stats":{"Regal Pillow":15,"Happy Flower":[0],"counters":[12,22],"Snake Skull":[13],"Orichalcum":[12],"War Paint":["Burst","REME_PuzzleBox"],"Question Card":11,"Mercury Hourglass":[19],"Blood Vial":2,"Tough Bandages":[39],"Nunchaku":[2],"Dream Catcher":0,"Shuriken":[1],"Bird Faced Urn":[2],"obtain_stats":[{"Regal Pillow":14,"DaveBox":0,"Chi":21,"Snake Skull":7,"ice":0,"BirthdayGift-Icosahedron":17,"PrismaticShard":1,"Blood Vial":14,"Tough Bandages":0,"Nunchaku":14,"Dream Catcher":20,"Strawberry":21,"InkBottle":14,"Ring of the Snake":0,"ImportantClient":16,"MerchantsRug":11,"Happy Flower":22,"Oddly Smooth Stone":21,"The Courier":13,"Orichalcum":9,"War Paint":14,"Paper Crane":23,"ThornShield":1,"Question Card":1,"Mercury Hourglass":21,"CaptainsWheel":12,"Anchor":14,"Ling":21,"Shuriken":21,"Bird Faced Urn":6,"SentryEyes":10,"TungstenRod":11,"Toy Ornithopter":14,"REME_ComplimentaryCards":0,"ChiLing":21},{"Regal Pillow":8,"DaveBox":0,"Chi":10,"Snake Skull":5,"ice":0,"BirthdayGift-Icosahedron":9,"PrismaticShard":1,"Blood Vial":8,"Tough Bandages":0,"Nunchaku":8,"Dream Catcher":10,"Strawberry":10,"InkBottle":8,"Ring of the Snake":0,"ImportantClient":9,"MerchantsRug":6,"Happy Flower":11,"Oddly Smooth Stone":10,"The Courier":8,"Orichalcum":5,"War Paint":8,"Paper Crane":12,"ThornShield":1,"Question Card":1,"Mercury Hourglass":10,"CaptainsWheel":7,"Anchor":8,"Ling":10,"Shuriken":10,"Bird Faced Urn":4,"SentryEyes":6,"TungstenRod":6,"Toy Ornithopter":8,"REME_ComplimentaryCards":0,"ChiLing":10},{"Regal Pillow":13,"DaveBox":0,"Chi":18,"Snake Skull":8,"ice":0,"BirthdayGift-Icosahedron":16,"PrismaticShard":1,"Blood Vial":13,"Tough Bandages":0,"Nunchaku":13,"Dream Catcher":18,"Strawberry":18,"InkBottle":13,"Ring of the Snake":0,"ImportantClient":16,"MerchantsRug":10,"Happy Flower":20,"Oddly Smooth Stone":18,"The Courier":13,"Orichalcum":8,"War Paint":13,"Paper Crane":22,"ThornShield":1,"Question Card":1,"Mercury Hourglass":18,"CaptainsWheel":12,"Anchor":13,"Ling":18,"Shuriken":18,"Bird Faced Urn":5,"SentryEyes":10,"TungstenRod":10,"Toy Ornithopter":13,"REME_ComplimentaryCards":0,"ChiLing":18}],"TungstenRod":3,"InkBottle":[5],"Toy Ornithopter":3,"Ring of the Snake":[24]},"card_choices":[{"not_picked":["MostiFishMod:PerfectParry","Cloak And Dagger"],"picked":"MostiFishMod:FrostNova","floor":1},{"not_picked":["Dash","Skim","ShootingEcho"],"picked":"BowlingBash","floor":3},{"not_picked":["Dagger Spray","BowlingBash","EmptyBody"],"picked":"Ball Lightning","floor":5},{"not_picked":["The Bomb","MostiFishMod:HiddenBlade","PrayRite:ReiMu"],"picked":"MostiFishMod:UltimateDefense","floor":6},{"not_picked":["REME_TheLastStrike","CollectingQuirk","Dreaming:ReiMu"],"picked":"MostiFishMod:MusicBox","floor":7},{"not_picked":["Juggernaut","MaximisePower","Doppelganger"],"picked":"Burst","floor":10},{"not_picked":["MostiFishMod:Unraveling","Dreaming:ReiMu","MostiFishMod:404NotFound"],"picked":"REME_ForAll","floor":12},{"not_picked":["MostiFishMod:ATRI","MostiFishMod:JungleRules","MostiFishMod:OneDayCity"],"picked":"MostiFishMod:StarHerder","floor":13},{"not_picked":["Demon Form","Reaper","Seek"],"picked":"REME_BuildACard","floor":16},{"not_picked":["Thunderclap","Prostrate","Outmaneuver"],"picked":"Armaments","floor":18},{"not_picked":["Barricade","Ragnarok","MostiFishMod:ChineseTea"],"picked":"MostiFishMod:FantasySummer","floor":22},{"not_picked":["MostiFishMod:GatherIntelligence","MostiFishMod:DarkDeal","CeremonyResonance:ReiMu","A Thousand Cuts"],"picked":"MostiFishMod:Neurotoxin","floor":23}],"player_experience":366781,"relics_obtained":[{"floor":1,"key":"Question Card"},{"floor":1,"key":"PrismaticShard"},{"floor":6,"key":"Bird Faced Urn"},{"floor":7,"key":"Snake Skull"},{"floor":9,"key":"Orichalcum"},{"floor":10,"key":"SentryEyes"},{"floor":12,"key":"CaptainsWheel"},{"floor":13,"key":"The Courier"},{"floor":16,"key":"ImportantClient"},{"floor":22,"key":"Happy Flower"},{"floor":23,"key":"Paper Crane"}],"event_choices":[{"damage_healed":0,"gold_gain":0,"player_choice":"Leave","damage_taken":0,"max_hp_gain":0,"max_hp_loss":0,"event_name":"The Cleric","floor":2,"gold_loss":0},{"damage_healed":0,"gold_gain":100,"player_choice":"Pray","damage_taken":0,"max_hp_gain":0,"max_hp_loss":0,"event_name":"Golden Shrine","floor":4,"gold_loss":0},{"damage_healed":0,"gold_gain":99,"player_choice":"Stole From Cult","damage_taken":0,"max_hp_gain":0,"max_hp_loss":0,"event_name":"Nest","floor":19,"gold_loss":0},{"cards_removed":["BowlingBash"],"damage_healed":0,"gold_gain":0,"player_choice":"Gave Card","damage_taken":0,"relics_obtained":["Dream Catcher"],"max_hp_gain":0,"max_hp_loss":0,"event_name":"WeMeetAgain","floor":20,"gold_loss":0}],"is_beta":false,"boss_relics":[{"not_picked":["EE1DDrone","Ring of the Serpent"],"picked":"BirthdayGift-Icosahedron"}],"items_purged_floors":[],"is_endless":false,"potions_floor_spawned":[5,7,12,13,18],"killed_by":"Gremlin Leader","ascension_level":0}}