{"host":"t7rtdu4954o308h4","time":1607528248,"event":{"gold_per_floor":[110,41,55,55,69,69,97,111,111,140,140,150,166,183,183,286,286,298,371,385,385,405,405,440,440,440,454,473,24,24,42,42,145,145,164,564,186,202,202,235,235,255,279,279,314,339,339,359,359,361,361,361,361,110,146,146],"floor_reached":57,"playtime":4858,"items_purged":["LightDefense","LightAttack"],"score":1521,"play_id":"83240dce-a556-4db0-9d97-bd9b5e169540","local_time":"20201209233728","is_ascension_mode":false,"campfire_choices":[{"data":"ChopItOff","floor":6.0,"key":"SMITH"},{"data":"WildCard","floor":11.0,"key":"SMITH"},{"data":"SunsetBlade","floor":15.0,"key":"SMITH"},{"data":"DarkCloud","floor":23.0,"key":"SMITH"},{"data":"InkOver","floor":25,"key":"SMITH"},{"data":"NonstopAssault","floor":30,"key":"SMITH"},{"data":"UnforgettableMelody","floor":32,"key":"SMITH"},{"data":"CleanUp","floor":41,"key":"SMITH"},{"data":"Faith","floor":44,"key":"SMITH"},{"floor":47,"key":"RECALL"},{"data":"EmotionalTurbulence","floor":49,"key":"SMITH"},{"data":"GoinFirst","floor":53,"key":"SMITH"}],"neow_cost":"NONE","seed_source_timestamp":0,"circlet_count":0,"master_deck":["Dodge","ChargeAndCover","FocusedStrikes","ChopItOff+1","GoinFirst+1","UnforgettableMelody+1","SunsetBlade+1","CurseOfTheBell","Faith+1","DirtyBlow","WildCard+1","Rampage_lor","Commandeering+1","FrontalAssault+1","Crush","EmotionalTurbulence+1","SetFire","UndertakePrescript+1","InkOver+1","DarkCloud+1","Deflect_lor+1","NonstopAssault+1","ClassAndRespect","FormingStorm","Violence+1","Castigation","PuppetBlockade+1","SharpenedBlade","CleanUp+1","Outburst+1","ScratchThat","Unlock1+1","Decapitation","Observe+1"],"special_seed":0,"relics":["PageOfLibrarian","DaveBox","testmod-TestBox","testmod-CrystalShield","GuanYuAspect","Question Card","Dream Catcher","testmod-DragonStarHat","Bird Faced Urn","PageOfLaetitia","PageOfUniverseFragment","Toxic Egg 2","ImportantClient","testmod-Temperance","REME_HandOfSuture","Mango","Question Card","PreservedInsect","testmod-Register","testmod-IncinerationGenerator","SynthV","Pen Nib","testmod-Antiphasic","CeramicFish","PageOfHappyTeddyBear","PageOfFairyFestival"],"potions_floor_usage":[51],"damage_taken":[{"damage":0.0,"enemies":"Cultist","floor":1.0,"turns":2.0},{"damage":0.0,"enemies":"Small Slimes","floor":3.0,"turns":2.0},{"damage":0.0,"enemies":"Jaw Worm","floor":5.0,"turns":2.0},{"damage":0.0,"enemies":"Lagavulin","floor":7.0,"turns":3.0},{"damage":4.0,"enemies":"Lots of Slimes","floor":8.0,"turns":3.0},{"damage":7.0,"enemies":"Gremlin Nob","floor":10.0,"turns":3.0},{"damage":3.0,"enemies":"3 Louse","floor":12.0,"turns":2.0},{"damage":0.0,"enemies":"Exordium Wildlife","floor":13.0,"turns":2.0},{"damage":16.0,"enemies":"Gremlin Gang","floor":14.0,"turns":4.0},{"damage":0.0,"enemies":"The Guardian","floor":16.0,"turns":5.0},{"damage":0.0,"enemies":"Shell Parasite","floor":18.0,"turns":3.0},{"damage":0.0,"enemies":"2 Thieves","floor":20.0,"turns":2.0},{"damage":10.0,"enemies":"Centurion and Healer","floor":22.0,"turns":2.0},{"damage":4,"enemies":"Replay:Snechameleon","floor":24,"turns":2},{"damage":0,"enemies":"Chosen and Byrds","floor":27,"turns":3},{"damage":0,"enemies":"Snecko","floor":28,"turns":2},{"damage":0,"enemies":"Snake Plant","floor":31,"turns":2},{"damage":14,"enemies":"Automaton","floor":33,"turns":5},{"damage":0,"enemies":"Orb Walker","floor":35,"turns":2},{"damage":0,"enemies":"3 Shapes","floor":38,"turns":1},{"damage":0,"enemies":"Reptomancer","floor":40,"turns":2},{"damage":3,"enemies":"Writhing Mass","floor":42,"turns":2},{"damage":0,"enemies":"R_Hoarder","floor":45,"turns":3},{"damage":0,"enemies":"3 Darklings","floor":46,"turns":3},{"damage":0,"enemies":"Transient","floor":48,"turns":5},{"damage":53,"enemies":"Time Eater","floor":50,"turns":6},{"damage":22,"enemies":"Time Eater","floor":51,"turns":12},{"damage":0,"enemies":"Shield and Spear","floor":55,"turns":4},{"damage":49,"enemies":"The Heart","floor":56,"turns":5}],"seed_played":"-4222305925032522567","potions_obtained":[{"floor":3.0,"key":"Fire Potion"},{"floor":5.0,"key":"Strength Potion"},{"floor":8.0,"key":"Fire Potion"},{"floor":10.0,"key":"AttackPotion"},{"floor":12.0,"key":"testmod-TimePotion"},{"floor":45,"key":"Doom Potion"},{"floor":48,"key":"FairyPotion"}],"is_trial":false,"path_per_floor":["M","$","M","?","M","R","E","M","T","E","R","M","M","M","R","B",null,"M","?","M","?","M","R","E","R","T","M","M","$","R","M","R","B",null,"M","?","$","M","?","E","R","M","T","R","E","M","R","M","R","B",null,null,"R","$","E","B",null],"character_chosen":"Librarian","items_purchased":["UnforgettableMelody","PreservedInsect","Violence+1","testmod-Register","SynthV","Pen Nib","SharpenedBlade","PageOfHappyTeddyBear"],"campfire_rested":0,"item_purchase_floors":[2,29,29,29,37,37,37,54],"current_hp_per_floor":[33,33,42,42,48,48,55,55,55,52,52,54,55,44,44,55,55,55,33,50,50,49,49,62,62,62,69,69,69,69,69,69,60,69,69,69,69,69,69,69,69,68,68,68,69,69,69,69,69,51,79,79,79,79,79,50],"gold":146,"neow_bonus":"TEN_PERCENT_HP_BONUS","is_prod":false,"is_daily":false,"chose_seed":false,"campfire_upgraded":11,"win_rate":0.0,"timestamp":1607528248,"path_taken":["M","$","?","?","M","R","E","M","T","E","R","M","M","M","R","BOSS","M","?","?","?","M","R","E","R","T","M","M","$","R","M","R","BOSS","M","?","$","M","?","E","R","?","T","R","E","M","R","M","R","BOSS","R","$","E","BOSS"],"build_version":"2020-11-30","purchased_purges":2,"victory":true,"max_hp_per_floor":[55,55,55,55,55,55,55,55,55,55,55,55,55,55,55,55,55,55,55,55,55,55,55,69,69,69,69,69,69,69,69,69,69,69,69,69,69,69,69,69,69,69,69,69,69,69,69,69,69,79,79,79,79,79,79,84],"card_choices":[{"not_picked":["MultiBlock","AlloutWar","ExtractFuel","Feast","DriedUp","AbsorbImpact","TendonChords","Standoff"],"picked":"GoinFirst","floor":1.0},{"not_picked":["LeRegole","SharpenedBlade","NightInTheBackstreets","Quickness","WrathOfTorment","BackAttack","Multislash","HiddenBlade","StrongStrike"],"picked":"SunsetBlade","floor":3.0},{"not_picked":["ToOvercomeCrisis","QuickAttack","Multislash","Pound","StrongStrike","Bvapour","FleetFootsteps","FocusFire","Cruelty"],"picked":"Faith","floor":5.0},{"not_picked":["SmokingPipe","MindPrepared","StructuralAnalysis","NightInTheBackstreets","Multislash","Deflect_lor","EnergyCycle","GuardingStance","DesperateStruggle"],"picked":"DirtyBlow","floor":7.0},{"not_picked":["TheArtOfRapidSteps","InnerArdor","GuidanceOfTheGears","LossOfSenses","Zzzzzap","ClassAndRespect","SharpSwipe","FierceCharge","Eject"],"picked":"WildCard","floor":8.0},{"not_picked":["BlowItUp","Rewind+1","Pound","Execute_lor","StructuralAnalysis+1","SunsetBlade","ReadyUp+1","Outburst","MultiBlock+1"],"picked":"Rampage_lor","floor":10.0},{"not_picked":["Execute_lor","InkOver","Rewind+1","ScatteringSlash","BackAttack+1","MultiBlock+1","Pound","Wallop_lor","SmokingPipe+1"],"picked":"Commandeering+1","floor":12.0},{"not_picked":["SunsetBlade","ShockRound","GoinFirst","GuardingStance+1","Outburst","EnergyShield+1","BackAttack+1","Faith+1","GaleKick"],"picked":"FrontalAssault+1","floor":13.0},{"not_picked":["DestructiveImpact","GuidanceOfTheGears+1","UpbeatPerformance","ScatteringSlash","PreemptiveStrike","UnforgettableMelody","SharpSwipe","Rewind+1","TendonChords"],"picked":"Crush","floor":14.0},{"not_picked":["ChargeUp","GutHarvesting","Punishment"],"picked":"EmotionalTurbulence","floor":16.0},{"not_picked":["SpearedSweep+1","ScatteringSlash","FleetEdge","ICanCookAnything","EnergyCycle","AsThePrescriptOrders+1","QuickAttack","TendonChords+1","StrongStrike+1"],"picked":"SetFire","floor":18.0},{"not_picked":["WillOfThePrescript+1","EndlessBattle","UnavoidableGaze+1","SuppressingShot","DarkCloud","HandleRequest","Parry","TrimTheIngredients","Slice_lor"],"picked":"UndertakePrescript+1","floor":19.0},{"not_picked":["GuardingStance+1","SweepTheBackstreets","FeatherShield+1","Reload+1","DarkCloud","Overpower","Standoff+1","SilentMist+1","Parry+1"],"picked":"InkOver","floor":19.0},{"not_picked":["HiddenBlade","DesperateStruggle","UpbeatPerformance","EnergyShield+1","Bvapour","Reload+1","FrontalAssault+1","ClassAndRespect","SunsetBlade"],"picked":"DarkCloud","floor":20.0},{"not_picked":["EnergyShield+1","Standoff","NightInTheBackstreets","FleetEdge","MultiBlock+1","UnavoidableGaze+1","Fence+1","FleetFootsteps+1","EmotionalTurbulence"],"picked":"Deflect_lor+1","floor":22.0},{"not_picked":["RushDown+1","FrontalAssault+1","TheRedNotes+1","Diversion+1","MultiBlock+1","SpearedSweep","HeavyPeaks+1","ToOvercomeCrisis+1","ClassAndRespect"],"picked":"NonstopAssault","floor":24},{"not_picked":["QuickAttack+1","Diversion","SunsetBlade","GoinFirst","SkitterAway+1","SharpSwipe","DirtyBlow","DarkCloud+1","UnavoidableGaze+1","FleshFillet"],"picked":"ClassAndRespect","floor":27},{"not_picked":["BizarreAttack","LossOfSenses","SpearedSweep","CutIn","Faith+1","FrontalAssault+1","Multislash","FierceCharge+1","Unlock1","SharpSwipe+1"],"picked":"FormingStorm","floor":28},{"not_picked":["DeepDrag","Rampage_lor+1","HandleRequest","SteelKnuckles","DefenseOrder+1","Rewind+1","ToOvercomeCrisis+1","Diversion","WillBeTasty+1","Faith+1","GuardingStance+1"],"picked":"SKIP","floor":31},{"not_picked":["EnergyBeam","Transpierce","RipSpace","BoundaryOfDeath"],"picked":"Castigation","floor":33},{"not_picked":["Outburst","StayCalm+1","SharpSwipe+1","HandleRequest","NightInTheBackstreets","FleetEdge+1","EnergyConversion","TendonChords+1","ChargeUp","ClassAndRespect"],"picked":"PuppetBlockade+1","floor":35},{"not_picked":["HandleRequest","ProselytesBlade","StartinOutLightly+1","Crush","CombatPreparation+1","Wallop_lor+1","FlashingStrike","Thrust","FierceCharge+1","StructuralAnalysis+1","Pound+1"],"picked":"SKIP","floor":38},{"not_picked":["GuardingStance+1","Rewind+1","Faith+1","TraceOfFumes","SharpenedBlade","Wallop_lor+1","Thrust","ChopItOff+1","ForTheFamily+1","ExtractFuel+1"],"picked":"CleanUp","floor":40},{"not_picked":["WillBeTasty","HiddenBlade+1","WillOfThePrescript+1","MultiHit","SpearedSweep+1","HighKick+1","Rewind+1","IngredientHunt","ICanCookAnything","TrimTheIngredients+1"],"picked":"Outburst+1","floor":42},{"not_picked":["GuardingStance+1","DriedUp+1","Standoff","EndlessBattle+1","FleetEdge","Juggling+1","BackAttack+1","FlowOfTheSword","TimeForALittleTest","Outburst+1"],"picked":"ScratchThat","floor":45},{"not_picked":["Thirst+1","IronWall+1","FierceCharge+1","PreemptiveStrike+1","DesperateStruggle","SteelKnuckles","Struggle+1","FrontalAssault+1","InhaleSmoke+1","CumulusWall+1"],"picked":"Unlock1+1","floor":46},{"not_picked":["HandleRequest+1","SmokingPipe+1","Diversion+1","Gamble+1","PuppetBlockade+1","LoosenUp+1","Unlock1","Reload+1","PreparedMind+1","MultiHit"],"picked":"Decapitation","floor":48},{"not_picked":["DefenseOrder+1","Zzzzzap+1","FlashOfSunup+1","InhaleSmoke+1","PuppetBlockade+1","HighKick+1","Wallop_lor+1","FierceCharge+1","Faith+1","Guardian_lor+1"],"picked":"Observe+1","floor":55}],"player_experience":26033,"relics_obtained":[{"floor":1.0,"key":"Question Card"},{"floor":4.0,"key":"Dream Catcher"},{"floor":4.0,"key":"testmod-DragonStarHat"},{"floor":4.0,"key":"Bird Faced Urn"},{"floor":7.0,"key":"PageOfLaetitia"},{"floor":9.0,"key":"PageOfUniverseFragment"},{"floor":10.0,"key":"Toxic Egg 2"},{"floor":16.0,"key":"ImportantClient"},{"floor":19.0,"key":"REME_HandOfSuture"},{"floor":24,"key":"Mango"},{"floor":26,"key":"Question Card"},{"floor":40,"key":"testmod-Antiphasic"},{"floor":45,"key":"CeramicFish"},{"floor":55,"key":"PageOfFairyFestival"}],"event_choices":[{"damage_healed":0.0,"max_hp_gain":0.0,"max_hp_loss":0.0,"gold_gain":0.0,"event_name":"给自己的盒子","player_choice":"Swap Relic","floor":4.0,"relics_lost":["Calling Bell"],"gold_loss":0.0,"damage_taken":0.0,"relics_obtained":["Calling Bell"]},{"damage_healed":0,"gold_gain":400,"player_choice":"Sell","damage_taken":0,"max_hp_gain":0,"max_hp_loss":0,"event_name":"恩洛斯的盘子","floor":36,"relics_lost":["REME_ComplimentaryCards"],"gold_loss":0},{"damage_healed":0,"gold_gain":0,"player_choice":"Ignored","damage_taken":0,"max_hp_gain":0,"max_hp_loss":0,"event_name":"SecretPortal","floor":39,"gold_loss":0}],"is_beta":false,"boss_relics":[{"not_picked":["Sozu","OneHitWonderSystem"],"picked":"testmod-Temperance"},{"not_picked":["testmod-DeterminationOfClimber","ChewingGum"],"picked":"testmod-IncinerationGenerator"}],"items_purged_floors":[29,37],"is_endless":false,"potions_floor_spawned":[3,5,8,10,12,16,18,20,33,35,40,45,48],"ascension_level":0}}