{"host":"ci7ivtocgfxh0ueo","time":1607489230,"event":{"gold_per_floor":[214,214,214,239,239,282,282,282,282,282,282,282],"floor_reached":11,"playtime":205,"items_purged":[],"score":124,"play_id":"cf4ec207-c21a-4547-bbbe-704abc292041","local_time":"20201209124710","is_ascension_mode":true,"campfire_choices":[{"floor":7,"key":"REST"}],"neow_cost":"NONE","seed_source_timestamp":0,"circlet_count":0,"master_deck":["AscendersBane","Strike_R+1","Strike_R","Strike_R","Strike_R","Strike_R","Defend_R","Defend_R","Defend_R+1","Defend_R","Bash","Combust","Whirlwind","Battle Trance","Pain"],"special_seed":0,"relics":["Burning Blood","Golden Idol","Bag of Preparation","White Beast Statue","Toxic Egg 2","WarpedTongs"],"potions_floor_usage":[6],"damage_taken":[{"damage":7,"enemies":"Small Slimes","floor":1,"turns":4},{"damage":16,"enemies":"Jaw Worm","floor":4,"turns":3},{"damage":54,"enemies":"Lagavulin","floor":6,"turns":8},{"damage":9,"enemies":"2 Louse","floor":11,"turns":2}],"seed_played":"2645298947502522675","potions_obtained":[{"floor":1,"key":"Energy Potion"}],"is_trial":false,"path_per_floor":["M","?","T","M","?","E","R","?","T","?","M"],"character_chosen":"IRONCLAD","items_purchased":[],"campfire_rested":1,"item_purchase_floors":[],"current_hp_per_floor":[67,41,41,31,56,8,30,7,7,7,0,0],"gold":282,"neow_bonus":"HUNDRED_GOLD","is_prod":false,"is_daily":false,"chose_seed":false,"campfire_upgraded":0,"win_rate":0,"timestamp":1607489230,"path_taken":["M","?","?","M","?","E","R","?","T","?","?"],"build_version":"2020-11-30","purchased_purges":0,"victory":false,"max_hp_per_floor":[75,75,75,75,75,75,75,75,75,75,75,75],"card_choices":[{"not_picked":["Thunderclap","Pommel Strike"],"picked":"Combust","floor":1},{"not_picked":["Second Wind","Shrug It Off"],"picked":"Whirlwind","floor":4},{"not_picked":["Body Slam","Brutality"],"picked":"Battle Trance","floor":6}],"player_experience":1228244,"relics_obtained":[{"floor":3,"key":"Bag of Preparation"},{"floor":6,"key":"White Beast Statue"},{"floor":9,"key":"Toxic Egg 2"}],"event_choices":[{"damage_healed":0,"gold_gain":0,"player_choice":"Take Damage","damage_taken":26,"relics_obtained":["Golden Idol"],"max_hp_gain":0,"max_hp_loss":0,"event_name":"Golden Idol","floor":2,"gold_loss":0},{"damage_healed":25,"gold_gain":0,"player_choice":"Banana","damage_taken":0,"max_hp_gain":0,"max_hp_loss":0,"event_name":"Big Fish","floor":5,"gold_loss":0},{"damage_healed":0,"gold_gain":0,"player_choice":"Entered Light","damage_taken":23,"max_hp_gain":0,"max_hp_loss":0,"event_name":"Shining Light","floor":8,"gold_loss":0,"cards_upgraded":["Defend_R","Strike_R"]},{"damage_healed":0,"gold_gain":0,"player_choice":"Rummage","damage_taken":0,"relics_obtained":["WarpedTongs"],"max_hp_gain":0,"max_hp_loss":0,"event_name":"Accursed Blacksmith","floor":10,"gold_loss":0,"cards_obtained":["Pain"]}],"is_beta":false,"boss_relics":[],"items_purged_floors":[],"is_endless":false,"potions_floor_spawned":[1],"killed_by":"2 Louse","ascension_level":16}}