{"host":"6bsan6hkua32tfq7","time":1607504572,"event":{"gold_per_floor":[118,118,130,143,85,85,101,101,101],"floor_reached":8,"playtime":309,"items_purged":[],"score":96,"play_id":"0577b812-279b-4f4d-aaba-94792d60d88c","local_time":"20201209100252","is_ascension_mode":true,"campfire_choices":[{"data":"Eruption","floor":6,"key":"SMITH"}],"neow_cost":"NONE","seed_source_timestamp":151022948604000,"circlet_count":0,"master_deck":["AscendersBane","Strike_P","Strike_P","Strike_P","Strike_P","Defend_P","Defend_P","Defend_P","Defend_P","Eruption+1","Vigilance","SandsOfTime","Evaluate"],"relics":["PureWater","Damaru","betterThird:SlimedRelic"],"potions_floor_usage":[8],"damage_taken":[{"damage":8,"enemies":"Small Slimes","floor":1,"turns":3},{"damage":1,"enemies":"Cultist","floor":3,"turns":5},{"damage":0,"enemies":"Jaw Worm","floor":4,"turns":4},{"damage":0,"enemies":"Large Slime","floor":7,"turns":2},{"damage":75,"enemies":"3 Sentries","floor":8,"turns":11}],"seed_played":"1698213780771537601","potions_obtained":[{"floor":1,"key":"SkillPotion"},{"floor":3,"key":"SpeedPotion"}],"is_trial":false,"path_per_floor":["M","?","M","M","?","R","M","E"],"character_chosen":"WATCHER","items_purchased":[],"campfire_rested":0,"item_purchase_floors":[],"current_hp_per_floor":[53,68,67,67,56,56,56,0,0],"gold":101,"neow_bonus":"RANDOM_COMMON_RELIC","is_prod":false,"is_daily":false,"chose_seed":false,"campfire_upgraded":1,"win_rate":0,"timestamp":1607504572,"path_taken":["M","?","M","?","?","R","M","E"],"build_version":"2020-11-30","purchased_purges":0,"victory":false,"max_hp_per_floor":[68,68,68,68,68,68,68,68,68],"card_choices":[{"not_picked":["ClearTheMind","SashWhip"],"picked":"Study","floor":1},{"not_picked":["Crescendo","Prostrate"],"picked":"SandsOfTime","floor":3},{"not_picked":["EmptyBody","ThirdEye"],"picked":"Evaluate","floor":4},{"not_picked":["FlurryOfBlows","WreathOfFlame","Vengeance"],"picked":"SKIP","floor":7}],"player_experience":5129160,"relics_obtained":[],"event_choices":[{"cards_removed":["Study"],"damage_healed":15,"gold_gain":0,"player_choice":"Offered Uncommon","damage_taken":0,"max_hp_gain":0,"max_hp_loss":0,"event_name":"Bonfire Elementals","floor":2,"gold_loss":0},{"damage_healed":0,"gold_gain":0,"player_choice":"Slimed","damage_taken":11,"max_hp_gain":0,"max_hp_loss":0,"event_name":"betterThird:BetterGoop","floor":5,"gold_loss":58}],"is_beta":false,"boss_relics":[],"items_purged_floors":[],"is_endless":false,"potions_floor_spawned":[1,3,4],"killed_by":"3 Sentries","ascension_level":20}}