{"host":"i4eavuqabbk5mi94","time":1607519542,"event":{"gold_per_floor":[109,127,77,77,352,390,390,409,409,443,128,159,159,174,174,295,295,308,324,24,24,24],"floor_reached":21,"playtime":806,"items_purged":["Regret"],"score":244,"play_id":"3ab2da60-df04-4713-8eba-43b63aece798","local_time":"20201209131222","is_ascension_mode":true,"campfire_choices":[{"data":"Crippling Poison","floor":7,"key":"SMITH"},{"floor":13,"key":"REST"},{"floor":15,"key":"REST"}],"neow_cost":"NONE","seed_source_timestamp":439417160898300,"circlet_count":0,"master_deck":["Strike_G","Strike_G","Strike_G","Strike_G","Strike_G","Defend_G","Defend_G","Defend_G","Defend_G","Survivor","Neutralize","Prepared","Poisoned Stab","Injury","Crippling Poison+1","Bane","Footwork","Backflip","Expertise","Night Terror","Calculated Gamble","Accuracy","Footwork"],"relics":["Ring of the Snake","NeowsBlessing","Golden Idol","Darkstone Periapt","Mummified Hand","Incense Burner","Juzu Bracelet","Bag of Marbles","WristBlade","Letter Opener"],"potions_floor_usage":[10,16],"damage_taken":[{"damage":0,"enemies":"2 Louse","floor":1,"turns":1},{"damage":0,"enemies":"Small Slimes","floor":2,"turns":1},{"damage":0,"enemies":"3 Sentries","floor":6,"turns":1},{"damage":4,"enemies":"Cultist","floor":8,"turns":4},{"damage":23,"enemies":"Gremlin Nob","floor":10,"turns":4},{"damage":6,"enemies":"Lagavulin","floor":12,"turns":7},{"damage":7,"enemies":"Exordium Wildlife","floor":14,"turns":3},{"damage":60,"enemies":"Slime Boss","floor":16,"turns":13},{"damage":39,"enemies":"3 Byrds","floor":18,"turns":5},{"damage":18,"enemies":"Chosen","floor":19,"turns":5},{"damage":15,"enemies":"Snecko","floor":21,"turns":5}],"seed_played":"-3700002283835422357","potions_obtained":[{"floor":6,"key":"SteroidPotion"},{"floor":14,"key":"BlessingOfTheForge"}],"is_trial":false,"path_per_floor":["M","M","?","?","?","E","R","M","T","E","$","E","R","M","R","B",null,"M","M","$","M"],"character_chosen":"THE_SILENT","items_purchased":["Juzu Bracelet","Footwork","Backflip","Letter Opener","Footwork"],"campfire_rested":2,"item_purchase_floors":[11,11,11,20,20],"current_hp_per_floor":[70,70,70,70,70,70,70,66,66,43,43,37,58,51,70,10,70,31,13,13,0,0],"gold":24,"neow_bonus":"THREE_ENEMY_KILL","is_prod":false,"is_daily":false,"chose_seed":false,"campfire_upgraded":1,"win_rate":0,"timestamp":1607519542,"path_taken":["M","M","?","?","?","E","R","?","T","E","$","E","R","M","R","BOSS","M","M","$","M"],"build_version":"2020-11-30","purchased_purges":1,"victory":false,"max_hp_per_floor":[70,70,70,70,70,70,70,70,70,70,70,70,70,70,70,70,70,70,70,70,70,70],"card_choices":[{"not_picked":["Deflect","Quick Slash"],"picked":"Prepared","floor":1},{"not_picked":["Finisher","Masterful Stab"],"picked":"Poisoned Stab","floor":2},{"not_picked":["Sucker Punch","Prepared"],"picked":"Crippling Poison","floor":6},{"not_picked":["Caltrops","Outmaneuver"],"picked":"Bane","floor":8},{"not_picked":["Dodge and Roll","Glass Knife","Finisher"],"picked":"SKIP","floor":10},{"not_picked":["Calculated Gamble","Dash"],"picked":"Expertise","floor":12},{"not_picked":["Backflip","Dodge and Roll","Finisher"],"picked":"SKIP","floor":14},{"not_picked":["Venomology","Die Die Die"],"picked":"Night Terror","floor":16},{"not_picked":["Underhanded Strike","Slice"],"picked":"Calculated Gamble","floor":18},{"not_picked":["Bane","Finisher+1"],"picked":"Accuracy","floor":19}],"player_experience":286147,"relics_obtained":[{"floor":6,"key":"Darkstone Periapt"},{"floor":9,"key":"Mummified Hand"},{"floor":10,"key":"Incense Burner"},{"floor":12,"key":"Bag of Marbles"}],"event_choices":[{"cards_removed":["Defend_G"],"damage_healed":0,"gold_gain":0,"player_choice":"Card Removal","damage_taken":0,"max_hp_gain":0,"max_hp_loss":0,"event_name":"The Cleric","floor":3,"gold_loss":50},{"damage_healed":0,"gold_gain":0,"player_choice":"Take Wound","damage_taken":0,"relics_obtained":["Golden Idol"],"max_hp_gain":0,"max_hp_loss":0,"event_name":"Golden Idol","floor":4,"gold_loss":0,"cards_obtained":["Injury"]},{"damage_healed":0,"gold_gain":275,"player_choice":"Desecrate","damage_taken":0,"max_hp_gain":0,"max_hp_loss":0,"event_name":"Golden Shrine","floor":5,"gold_loss":0,"cards_obtained":["Regret"]}],"is_beta":false,"boss_relics":[{"not_picked":["Sozu","Astrolabe"],"picked":"WristBlade"}],"items_purged_floors":[11],"is_endless":false,"potions_floor_spawned":[6,14],"killed_by":"Snecko","ascension_level":2}}