{"host":"u0f5uy314yz7olfc","time":1607487742,"event":{"gold_per_floor":[117,14,29,4,16,16,34,34,60,11,21,21,21],"floor_reached":12,"playtime":518,"items_purged":[],"score":70,"play_id":"aa9b26bc-5898-47bb-a9e9-91a550106550","local_time":"20201209112222","is_ascension_mode":false,"campfire_choices":[{"floor":6,"key":"REST"},{"data":"Apotheosis","floor":8,"key":"SMITH"}],"neow_cost":"","seed_source_timestamp":439906269689500,"circlet_count":0,"master_deck":["Strike_P","Strike_P","Strike_P","Strike_P","Defend_P","Defend_P","Defend_P","Eruption","Vigilance","Apotheosis+1","MentalFortress","Riddle With Holes","FlurryOfBlows","Swift Strike","MarkedMod:GentlePulse","MarkedMod:FirstStrike","CutThroughFate","Outmaneuver","hubris:Lust","Heatsinks","Replay:BasicMightCard","Pray","MarkedMod:Acupuncture","Wish","FollowUp","Prostrate"],"special_seed":0,"relics":["PureWater","Incense Burner","MerchantsRug","ReplayTheSpireMod:CursedCoin","MealTicket"],"potions_floor_usage":[3,7],"damage_taken":[{"damage":0,"enemies":"Cultist","floor":1,"turns":2},{"damage":0,"enemies":"2 Louse","floor":3,"turns":3},{"damage":0,"enemies":"Small Slimes","floor":5,"turns":2},{"damage":17,"enemies":"Gremlin Gang","floor":7,"turns":3},{"damage":17,"enemies":"Large Slime","floor":11,"turns":3},{"damage":44,"enemies":"3 Sentries","floor":12,"turns":2}],"seed_played":"178425668185973074","potions_obtained":[{"floor":1,"key":"LiquidMemories"},{"floor":3,"key":"SteroidPotion"},{"floor":5,"key":"ColorlessPotion"}],"is_trial":false,"path_per_floor":["M","$","M","$","M","R","M","R","T","$","M","E"],"character_chosen":"WATCHER","items_purchased":["Apotheosis","MerchantsRug","MentalFortress","Riddle With Holes","FlurryOfBlows","Swift Strike","MarkedMod:FirstStrike","CutThroughFate","ReplayTheSpireMod:CursedCoin","Heatsinks","Replay:BasicMightCard","Pray","FollowUp"],"campfire_rested":1,"item_purchase_floors":[0,0,0,0,0,0,2,2,4,4,4,4,10],"current_hp_per_floor":[40,40,40,40,40,61,44,44,44,59,42,0,0],"gold":21,"neow_bonus":"","is_prod":false,"is_daily":false,"chose_seed":false,"campfire_upgraded":1,"win_rate":0,"timestamp":1607487742,"path_taken":["M","$","M","$","?","R","M","R","T","$","M","E"],"build_version":"2020-11-30","purchased_purges":0,"victory":false,"max_hp_per_floor":[72,72,72,72,72,72,72,72,72,72,72,72,72],"relic_stats":{"counters":[203,844],"MealTicket":15,"obtain_stats":[{"Replay:Accelerometer":6,"Whetstone":53,"hubris:MysteriousPyramids":4,"Blood Vial":3,"Replay:Ringing Soul":17,"infinitespire:ShieldingShard":13,"hubris:HerbalPaste":40,"MealTicket":3,"HandDrill":53,"Replay:Wax Seal":3,"Replay:Bottled Steam":42,"MerchantsRug":3,"hubris:MobiusCoin":17,"Pear":16,"Counterbalance":0,"ReplayTheSpireMod:Ring of Addiction":13,"ReplayTheSpireMod:SealedPack":17,"Akabeko":5,"infinitespire:EvilPickle":33,"infinitespire:Lychee Nut":4,"ReplayTheSpireMod:Ring of Collecting":3,"hubris:TenFootPole":54,"Kintsugi":17,"Abe\u0027s Treasure":19,"hubris:Reverence":3,"Lantern":10,"Regal Pillow":20,"Torii":17,"Singing Bowl":10,"Blue Doll":2,"hubris:EmptyBottle":2,"Ancient Tea Set":29,"Pet Ghost":17,"Burning Blood":22,"Matryoshka":7,"hubris:Backtick":22,"Toolbox":7,"Chemical X":3,"Replay:Bottled Eggs":11,"infinitespire:Eraser":6,"Golden Idol":16,"Damaru":17,"infinitespire:Joker Card":13,"PreservedInsect":12,"Ring of Greed":3,"infinitespire:CheckeredPen":24,"hubris:Towel":14,"GoldenEye":0,"Replay:Arrowhead":36,"Ornamental Fan":21,"betterThird:SlimedRelic":12,"Ring of Misfortune":13,"Orrery":32,"Art of War":12,"Garlic":53,"ReplayTheSpireMod:Ring of Challenge":0,"ReplayTheSpireMod:Lightbulb":26,"Toy Ornithopter":13,"Ice Cream":0,"hubris:CrystalStatue":4,"MarkedMod:AcupunctureKit":3,"Sozu":34,"HornCleat":3,"Strawberry":2,"Toxic Egg 2":7,"Happy Flower":0,"ReplayTheSpireMod:CursedCoin":3,"Astrolabe":22,"hubris:FruitBowl":3,"infinitespire:Beetle Shell":6,"War Paint":21,"WarpedTongs":21,"Du-Vu Doll":21,"Bottled Flame":13,"Replay:Baseball":19,"Shuriken":2,"hubris:PeanutButter":12,"Simple Rune":0,"ReplayTheSpireMod:TigerMarble":3,"hubris:ToyBattleship":27,"Black Star":17,"ReplayFunnel":3,"Darkstone Periapt":2,"SacredBark":19,"Melange":2,"hubris:SlimyHat":2,"Incense Burner":0,"Nunchaku":2,"Replay:Bandana":3,"Dream Catcher":3,"Mummified Hand":4,"hubris:Stopwatch":17,"Tiny Chest":2,"Replay:Bottled Snecko":11,"Gremlin Food":4,"hubris:KleinBottle":10,"Replay:Towering Pillar of Hats":9,"infinitespire:CursedDice":22,"Replay:WaspNest":14,"infinitespire:FocusingShard":9,"Orichalcum":12,"Medical Kit":0,"White Beast Statue":9,"Calling Bell":21,"Anchor":7,"infinitespire:WardingShard":9,"HolyWater":17,"infinitespire:Satchel":28,"ChewingGum":19,"Snack Pack":11,"Membership Card":16,"PureWater":0,"hubris:OldNail":2,"ReplayTheSpireMod:ShopPack":29},{"Replay:Accelerometer":141,"Whetstone":119,"hubris:MysteriousPyramids":134,"Blood Vial":11,"Replay:Ringing Soul":103,"infinitespire:ShieldingShard":7,"hubris:HerbalPaste":61,"MealTicket":162,"HandDrill":119,"Replay:Wax Seal":77,"Replay:Bottled Steam":115,"MerchantsRug":11,"hubris:MobiusCoin":93,"Pear":53,"Counterbalance":121,"ReplayTheSpireMod:Ring of Addiction":123,"ReplayTheSpireMod:SealedPack":43,"Akabeko":140,"infinitespire:EvilPickle":111,"infinitespire:Lychee Nut":77,"ReplayTheSpireMod:Ring of Collecting":77,"hubris:TenFootPole":120,"Kintsugi":125,"Abe\u0027s Treasure":18,"hubris:Reverence":156,"Lantern":40,"Regal Pillow":45,"Torii":93,"Singing Bowl":150,"Blue Doll":162,"hubris:EmptyBottle":97,"Ancient Tea Set":57,"Pet Ghost":93,"Burning Blood":153,"Matryoshka":127,"hubris:Backtick":153,"Toolbox":127,"Chemical X":48,"Replay:Bottled Eggs":14,"infinitespire:Eraser":28,"Golden Idol":17,"Damaru":103,"infinitespire:Joker Card":16,"PreservedInsect":85,"Ring of Greed":77,"infinitespire:CheckeredPen":106,"hubris:Towel":92,"GoldenEye":121,"Replay:Arrowhead":112,"Ornamental Fan":45,"betterThird:SlimedRelic":66,"Ring of Misfortune":123,"Orrery":57,"Art of War":85,"Garlic":119,"ReplayTheSpireMod:Ring of Challenge":19,"ReplayTheSpireMod:Lightbulb":107,"Toy Ornithopter":123,"Ice Cream":62,"hubris:CrystalStatue":156,"MarkedMod:AcupunctureKit":71,"Sozu":111,"HornCleat":48,"Strawberry":122,"Toxic Egg 2":122,"Happy Flower":35,"ReplayTheSpireMod:CursedCoin":11,"Astrolabe":56,"hubris:FruitBowl":127,"infinitespire:Beetle Shell":65,"War Paint":45,"WarpedTongs":94,"Du-Vu Doll":45,"Bottled Flame":52,"Replay:Baseball":94,"Shuriken":146,"hubris:PeanutButter":101,"Simple Rune":183,"ReplayTheSpireMod:TigerMarble":48,"hubris:ToyBattleship":107,"Black Star":131,"ReplayFunnel":26,"Darkstone Periapt":63,"SacredBark":54,"Melange":122,"hubris:SlimyHat":179,"Incense Burner":197,"Nunchaku":63,"Replay:Bandana":77,"Dream Catcher":127,"Mummified Hand":180,"hubris:Stopwatch":169,"Tiny Chest":97,"Replay:Bottled Snecko":129,"Gremlin Food":134,"hubris:KleinBottle":175,"Replay:Towering Pillar of Hats":127,"infinitespire:CursedDice":56,"Replay:WaspNest":42,"infinitespire:FocusingShard":65,"Orichalcum":129,"Medical Kit":19,"White Beast Statue":99,"Calling Bell":45,"Anchor":75,"infinitespire:WardingShard":127,"HolyWater":32,"infinitespire:Satchel":57,"ChewingGum":152,"Snack Pack":92,"Membership Card":53,"PureWater":0,"hubris:OldNail":122,"ReplayTheSpireMod:ShopPack":57},{"Replay:Accelerometer":613,"Whetstone":521,"hubris:MysteriousPyramids":591,"Blood Vial":45,"Replay:Ringing Soul":453,"infinitespire:ShieldingShard":25,"hubris:HerbalPaste":259,"MealTicket":700,"HandDrill":521,"Replay:Wax Seal":328,"Replay:Bottled Steam":505,"MerchantsRug":45,"hubris:MobiusCoin":387,"Pear":213,"Counterbalance":531,"ReplayTheSpireMod:Ring of Addiction":536,"ReplayTheSpireMod:SealedPack":174,"Akabeko":610,"infinitespire:EvilPickle":492,"infinitespire:Lychee Nut":328,"ReplayTheSpireMod:Ring of Collecting":328,"hubris:TenFootPole":528,"Kintsugi":555,"Abe\u0027s Treasure":73,"hubris:Reverence":680,"Lantern":160,"Regal Pillow":186,"Torii":387,"Singing Bowl":648,"Blue Doll":700,"hubris:EmptyBottle":412,"Ancient Tea Set":236,"Pet Ghost":387,"Burning Blood":672,"Matryoshka":561,"hubris:Backtick":672,"Toolbox":561,"Chemical X":193,"Replay:Bottled Eggs":53,"infinitespire:Eraser":109,"Golden Idol":64,"Damaru":453,"infinitespire:Joker Card":60,"PreservedInsect":355,"Ring of Greed":328,"infinitespire:CheckeredPen":465,"hubris:Towel":376,"GoldenEye":531,"Replay:Arrowhead":495,"Ornamental Fan":186,"betterThird:SlimedRelic":275,"Ring of Misfortune":536,"Orrery":236,"Art of War":355,"Garlic":521,"ReplayTheSpireMod:Ring of Challenge":77,"ReplayTheSpireMod:Lightbulb":468,"Toy Ornithopter":536,"Ice Cream":261,"hubris:CrystalStatue":680,"MarkedMod:AcupunctureKit":297,"Sozu":492,"HornCleat":193,"Strawberry":534,"Toxic Egg 2":534,"Happy Flower":145,"ReplayTheSpireMod:CursedCoin":45,"Astrolabe":231,"hubris:FruitBowl":561,"infinitespire:Beetle Shell":272,"War Paint":186,"WarpedTongs":396,"Du-Vu Doll":186,"Bottled Flame":208,"Replay:Baseball":396,"Shuriken":631,"hubris:PeanutButter":431,"Simple Rune":782,"ReplayTheSpireMod:TigerMarble":193,"hubris:ToyBattleship":468,"Black Star":579,"ReplayFunnel":100,"Darkstone Periapt":263,"SacredBark":221,"Melange":534,"hubris:SlimyHat":769,"Incense Burner":829,"Nunchaku":263,"Replay:Bandana":328,"Dream Catcher":561,"Mummified Hand":773,"hubris:Stopwatch":731,"Tiny Chest":412,"Replay:Bottled Snecko":568,"Gremlin Food":591,"hubris:KleinBottle":754,"Replay:Towering Pillar of Hats":561,"infinitespire:CursedDice":231,"Replay:WaspNest":169,"infinitespire:FocusingShard":272,"Orichalcum":568,"Medical Kit":77,"White Beast Statue":423,"Calling Bell":186,"Anchor":321,"infinitespire:WardingShard":561,"HolyWater":131,"infinitespire:Satchel":236,"ChewingGum":664,"Snack Pack":376,"Membership Card":213,"PureWater":0,"hubris:OldNail":534,"ReplayTheSpireMod:ShopPack":236}]},"card_choices":[{"not_picked":["Collect","Setup"],"picked":"MarkedMod:GentlePulse","floor":1},{"not_picked":["FlyingSleeves","Prostrate"],"picked":"Outmaneuver","floor":3},{"not_picked":["FlyingSleeves","Replay:ManipulateFuture"],"picked":"MarkedMod:Acupuncture","floor":5},{"not_picked":["Replay:Hum","FollowUp"],"picked":"Wish","floor":7},{"not_picked":["Halt","Clash"],"picked":"Prostrate","floor":11}],"player_experience":262212,"relics_obtained":[{"floor":9,"key":"MealTicket"}],"event_choices":[],"is_beta":false,"boss_relics":[],"items_purged_floors":[],"is_endless":false,"potions_floor_spawned":[1,3,5],"killed_by":"3 Sentries","ascension_level":0}}