{"host":"e4wnmsyty9uvvtwf","time":1607520821,"event":{"gold_per_floor":[119,137,137,163,187,187,224,251,275,292,292,337,380,155,155,155,155],"floor_reached":16,"playtime":636,"items_purged":["Pain"],"score":106,"play_id":"5af818e8-2b56-4fbf-842d-1ae9a9d83aa1","local_time":"20201209213341","is_ascension_mode":false,"campfire_choices":[{"data":"hierophant:Endure","floor":6,"key":"SMITH"},{"floor":11,"key":"REST"},{"floor":15,"key":"REST"}],"neow_cost":"NONE","seed_source_timestamp":942857221634600,"circlet_count":0,"master_deck":["hierophant:Strike_Hierophant","hierophant:Strike_Hierophant","hierophant:Strike_Hierophant","hierophant:Strike_Hierophant","hierophant:Punish","hierophant:Defend_Hierophant","hierophant:Defend_Hierophant","hierophant:Defend_Hierophant","hierophant:Defend_Hierophant","hierophant:ChurchCoffers","hierophant:Martyrdom","hierophant:Doubloon","hierophant:ConvertCurrency","hierophant:SealAway","hierophant:Endure+1","hierophant:PassingBell","hierophant:SecretStash","hierophant:RepressedViolence","hierophant:Repentance","hierophant:Exaltation","hierophant:Dazzle","hierophant:Doubloon"],"relics":["hierophant:PropheticMaskRelic","WarpedTongs","Torii","Boot"],"potions_floor_usage":[5],"damage_taken":[{"damage":0,"enemies":"Cultist","floor":1,"turns":4},{"damage":0,"enemies":"Small Slimes","floor":2,"turns":2},{"damage":1,"enemies":"2 Louse","floor":4,"turns":1},{"damage":31,"enemies":"Exordium Thugs","floor":5,"turns":4},{"damage":32,"enemies":"Gremlin Nob","floor":7,"turns":4},{"damage":8,"enemies":"2 Fungi Beasts","floor":8,"turns":4},{"damage":0,"enemies":"Looter","floor":10,"turns":3},{"damage":2,"enemies":"3 Louse","floor":12,"turns":2},{"damage":15,"enemies":"Blue Slaver","floor":13,"turns":4},{"damage":48,"enemies":"The Guardian","floor":16,"turns":7}],"seed_played":"-772699313584196917","potions_obtained":[{"floor":1,"key":"DistilledChaos"},{"floor":5,"key":"FearPotion"},{"floor":10,"key":"PowerPotion"}],"is_trial":false,"path_per_floor":["M","M","?","M","M","R","E","M","T","M","R","M","M","$","R","B"],"character_chosen":"HIEROPHANT","items_purchased":["hierophant:Exaltation","hierophant:Dazzle"],"campfire_rested":2,"item_purchase_floors":[14,14],"current_hp_per_floor":[82,82,82,81,50,50,18,10,10,10,34,32,17,17,41,0,0],"gold":155,"neow_bonus":"TEN_PERCENT_HP_BONUS","is_prod":false,"is_daily":false,"chose_seed":false,"campfire_upgraded":1,"win_rate":0.0,"timestamp":1607520821,"path_taken":["M","?","?","?","M","R","E","M","T","M","R","M","M","$","R","BOSS"],"build_version":"2020-11-30","purchased_purges":1,"victory":false,"max_hp_per_floor":[82,82,82,82,82,82,82,82,82,82,82,82,82,82,82,82,82],"card_choices":[{"not_picked":["hierophant:Chorus","hierophant:AuricBeam"],"picked":"hierophant:Martyrdom","floor":1},{"not_picked":["hierophant:DisplayOfPower","hierophant:ThreeLashes"],"picked":"hierophant:ConvertCurrency","floor":2},{"not_picked":["hierophant:FlamingChariot","hierophant:Chorus"],"picked":"hierophant:SealAway","floor":4},{"not_picked":["hierophant:Doubloon","hierophant:Purify"],"picked":"hierophant:Endure","floor":5},{"not_picked":["hierophant:Upheaval","hierophant:Chorus"],"picked":"hierophant:PassingBell","floor":7},{"not_picked":["hierophant:Encroach","hierophant:AuricBeam"],"picked":"hierophant:SecretStash","floor":8},{"not_picked":["hierophant:DisplayOfPower","hierophant:Purify","hierophant:PassingBell"],"picked":"SKIP","floor":10},{"not_picked":["hierophant:Smite","hierophant:PassingBell"],"picked":"hierophant:RepressedViolence","floor":12},{"not_picked":["hierophant:EyeForCoin","hierophant:SealAway"],"picked":"hierophant:Repentance","floor":13}],"player_experience":469534,"relics_obtained":[{"floor":7,"key":"Torii"},{"floor":9,"key":"Boot"}],"event_choices":[{"damage_healed":0,"gold_gain":0,"player_choice":"Rummage","damage_taken":0,"relics_obtained":["WarpedTongs"],"max_hp_gain":0,"max_hp_loss":0,"event_name":"Accursed Blacksmith","floor":3,"gold_loss":0,"cards_obtained":["Pain"]}],"is_beta":false,"boss_relics":[],"items_purged_floors":[14],"is_endless":false,"potions_floor_spawned":[1,5,10],"killed_by":"The Guardian","ascension_level":0}}