{"host":"zk71suw73lg2r165","time":1607474305,"event":{"gold_per_floor":[118,130,205,222,222,258,258,289,315,315,315,329,344,0,0,126,126,149,165,165,165,180,221,240,240,240],"floor_reached":25,"playtime":908,"items_purged":["Strike_G"],"score":284,"play_id":"9e29708f-43d9-47b1-8668-1fa3db7df68d","local_time":"20201208193825","is_ascension_mode":true,"campfire_choices":[{"floor":7.0,"key":"REST"},{"floor":11.0,"key":"REST"},{"data":"Noxious Fumes","floor":15,"key":"SMITH"}],"neow_cost":"TEN_PERCENT_HP_LOSS","seed_source_timestamp":5666075855120,"circlet_count":0,"master_deck":["Strike_G+1","Strike_G+1","Strike_G+1","Defend_G+1","Defend_G+1","Defend_G+1","Defend_G+1","Defend_G+1","Survivor","Neutralize","Flechettes","Bouncing Flask","Acrobatics","Blade Dance","Sucker Punch","Blur","Dagger Spray","Noxious Fumes+1","Cloak And Dagger","Burst","Deadly Poison","Dagger Throw","Bouncing Flask","Bane+1","Terror"],"special_seed":0,"relics":["Ring of the Snake","Tough Bandages","Golden Idol","Art of War","Omamori","Vajra","ClockworkSouvenir","Cursed Key","Akabeko","Gremlin Horn"],"potions_floor_usage":[16,16,23,25],"damage_taken":[{"damage":1.0,"enemies":"Jaw Worm","floor":1.0,"turns":5.0},{"damage":0.0,"enemies":"2 Louse","floor":2.0,"turns":2.0},{"damage":1.0,"enemies":"Cultist","floor":4.0,"turns":3.0},{"damage":23.0,"enemies":"3 Sentries","floor":6.0,"turns":7.0},{"damage":28.0,"enemies":"Gremlin Nob","floor":8.0,"turns":4.0},{"damage":4.0,"enemies":"Exordium Thugs","floor":12.0,"turns":4.0},{"damage":0.0,"enemies":"Large Slime","floor":13.0,"turns":4.0},{"damage":4,"enemies":"Hexaghost","floor":16,"turns":8},{"damage":23,"enemies":"2 Thieves","floor":18,"turns":4},{"damage":0,"enemies":"Chosen","floor":19,"turns":4},{"damage":9,"enemies":"3 Cultists","floor":22,"turns":6},{"damage":0,"enemies":"Gremlin Leader","floor":23,"turns":6},{"damage":9,"enemies":"Shelled Parasite and Fungi","floor":24,"turns":5},{"damage":27,"enemies":"Book of Stabbing","floor":25,"turns":4}],"seed_played":"1397303917241039278","potions_obtained":[{"floor":1.0,"key":"Fire Potion"},{"floor":4.0,"key":"Poison Potion"},{"floor":12.0,"key":"DuplicationPotion"},{"floor":13.0,"key":"Fruit Juice"},{"floor":18,"key":"Swift Potion"},{"floor":19,"key":"LiquidBronze"}],"is_trial":false,"path_per_floor":["M","M","?","M","?","E","R","E","T","?","R","M","M","$","R","B",null,"M","M","?","?","M","E","M","E"],"character_chosen":"THE_SILENT","items_purchased":["Noxious Fumes","ClockworkSouvenir","Cloak And Dagger"],"campfire_rested":2,"item_purchase_floors":[14,14,14],"current_hp_per_floor":[62,62,51,50,35,12,30,2,2,2,20,16,16,16,16,17,68,45,45,45,45,36,36,27,0,0],"gold":240,"neow_bonus":"ONE_RARE_RELIC","is_prod":false,"is_daily":false,"chose_seed":false,"campfire_upgraded":1,"win_rate":0,"timestamp":1607474305,"path_taken":["M","M","?","M","?","E","R","E","T","?","R","?","M","?","R","BOSS","M","M","?","?","M","E","M","E"],"build_version":"2020-11-30","purchased_purges":1,"victory":false,"max_hp_per_floor":[63,63,63,63,63,63,63,63,63,63,63,63,63,63,63,68,68,68,68,68,68,68,68,68,68,68],"relic_stats":{"Tough Bandages":[102],"Gremlin Horn":[1,1],"counters":[14,66],"Golden Idol":67,"Art of War":[4],"Cursed Key":0,"obtain_stats":[{"Tough Bandages":0,"Gremlin Horn":23,"Golden Idol":5,"Vajra":9,"Art of War":6,"Omamori":8,"Cursed Key":17,"Akabeko":20,"Ring of the Snake":0,"ClockworkSouvenir":14},{"Tough Bandages":0,"Gremlin Horn":12,"Golden Idol":3,"Vajra":5,"Art of War":4,"Omamori":5,"Cursed Key":8,"Akabeko":10,"Ring of the Snake":0,"ClockworkSouvenir":7},{"Tough Bandages":0,"Gremlin Horn":57,"Golden Idol":10,"Vajra":21,"Art of War":17,"Omamori":21,"Cursed Key":37,"Akabeko":45,"Ring of the Snake":0,"ClockworkSouvenir":29}],"Ring of the Snake":[28]},"card_choices":[{"not_picked":["Escape Plan","Choke"],"picked":"Flechettes","floor":1.0},{"not_picked":["Distraction","Choke"],"picked":"Bouncing Flask","floor":2.0},{"not_picked":["PiercingWail","Outmaneuver"],"picked":"Acrobatics","floor":4.0},{"not_picked":["Underhanded Strike","Acrobatics"],"picked":"Blade Dance","floor":6.0},{"not_picked":["Prepared","A Thousand Cuts"],"picked":"Sucker Punch","floor":8.0},{"not_picked":["Prepared","Dodge and Roll"],"picked":"Blur","floor":12.0},{"not_picked":["Terror","Bouncing Flask"],"picked":"Dagger Spray","floor":13.0},{"not_picked":["Doppelganger","Night Terror"],"picked":"Burst","floor":16},{"not_picked":["Riddle With Holes","Skewer"],"picked":"Deadly Poison","floor":18},{"not_picked":["Bane","Blade Dance"],"picked":"Dagger Throw","floor":19},{"not_picked":["Blade Dance","Quick Slash"],"picked":"Bouncing Flask","floor":22},{"not_picked":["Sucker Punch","Unload"],"picked":"Bane+1","floor":23},{"not_picked":["Deadly Poison","Accuracy"],"picked":"Terror","floor":24}],"player_experience":1298432,"relics_obtained":[{"floor":6.0,"key":"Art of War"},{"floor":8.0,"key":"Omamori"},{"floor":9.0,"key":"Vajra"},{"floor":23,"key":"Gremlin Horn"}],"event_choices":[{"damage_healed":0.0,"max_hp_gain":0.0,"max_hp_loss":0.0,"gold_gain":75.0,"event_name":"World of Goop","player_choice":"Gather Gold","floor":3.0,"gold_loss":0.0,"damage_taken":11.0},{"damage_healed":0.0,"max_hp_gain":0.0,"max_hp_loss":0.0,"gold_gain":0.0,"event_name":"Golden Idol","player_choice":"Take Damage","floor":5.0,"gold_loss":0.0,"damage_taken":15.0,"relics_obtained":["Golden Idol"]},{"cards_removed":["Strike_G"],"damage_healed":0.0,"max_hp_gain":0.0,"max_hp_loss":0.0,"gold_gain":0.0,"event_name":"Purifier","player_choice":"Purged","floor":10.0,"gold_loss":0.0,"damage_taken":0.0},{"damage_healed":0,"gold_gain":0,"player_choice":"Opened","damage_taken":0,"relics_obtained":["Akabeko"],"max_hp_gain":0,"max_hp_loss":0,"event_name":"The Mausoleum","floor":20,"gold_loss":0},{"damage_healed":0,"gold_gain":0,"player_choice":"Simplicity","damage_taken":0,"max_hp_gain":0,"max_hp_loss":0,"event_name":"Back to Basics","floor":21,"gold_loss":0,"cards_upgraded":["Strike_G","Strike_G","Strike_G","Defend_G","Defend_G","Defend_G","Defend_G","Defend_G"]}],"is_beta":false,"boss_relics":[{"not_picked":["Busted Crown","Coffee Dripper"],"picked":"Cursed Key"}],"items_purged_floors":[14],"is_endless":false,"potions_floor_spawned":[1,4,12,13,18,19],"killed_by":"Book of Stabbing","ascension_level":2}}