{"host":"4qkvkh7pd9qr2mca","time":1607528177,"event":{"gold_per_floor":[116,116,191,210,485,485,497,510,510,522,533,91,118,137,137,137,137],"floor_reached":16,"playtime":427,"items_purged":["Regret"],"score":208,"play_id":"f52c97e4-059e-4dfd-9c2e-fea2b4d3dfe7","local_time":"20201209163617","is_ascension_mode":true,"campfire_choices":[{"floor":6.0,"key":"REST"},{"data":"Catalyst","floor":15,"key":"SMITH"}],"neow_cost":"NONE","seed_source_timestamp":21912847228600,"circlet_count":0,"master_deck":["AscendersBane","Strike_G","Strike_G","Strike_G","Strike_G","Defend_G","Defend_G","Defend_G","Defend_G","Defend_G","Survivor","Neutralize","Corpse Explosion","Endless Agony","Bane","Deadly Poison","Acrobatics","Die Die Die","Catalyst","Catalyst+1","Caltrops"],"special_seed":0,"relics":["Ring of the Snake","HornCleat","Orichalcum","DollysMirror","CeramicFish"],"potions_floor_usage":[14],"damage_taken":[{"damage":10.0,"enemies":"Small Slimes","floor":1.0,"turns":4.0},{"damage":4.0,"enemies":"Jaw Worm","floor":4.0,"turns":4.0},{"damage":0.0,"enemies":"Cultist","floor":7.0,"turns":3.0},{"damage":1.0,"enemies":"Looter","floor":8.0,"turns":4.0},{"damage":0.0,"enemies":"Gremlin Gang","floor":10.0,"turns":3.0},{"damage":3.0,"enemies":"Exordium Thugs","floor":11.0,"turns":4.0},{"damage":11.0,"enemies":"3 Sentries","floor":13.0,"turns":3.0},{"damage":0,"enemies":"Exordium Wildlife","floor":14,"turns":2},{"damage":16,"enemies":"Slime Boss","floor":16,"turns":7}],"seed_played":"929577224218816875","potions_obtained":[{"floor":1.0,"key":"Energy Potion"},{"floor":4.0,"key":"Block Potion"},{"floor":10.0,"key":"Regen Potion"}],"is_trial":false,"path_per_floor":["M","?","?","M","?","R","M","M","T","M","M","$","E","M","R","B"],"character_chosen":"THE_SILENT","items_purchased":["Orichalcum","Catalyst","DollysMirror"],"campfire_rested":1,"item_purchase_floors":[12,12,12],"current_hp_per_floor":[49,42,31,27,27,46,46,45,45,45,42,42,31,31,31,15,15],"gold":137,"neow_bonus":"ONE_RANDOM_RARE_CARD","is_prod":false,"is_daily":false,"chose_seed":false,"campfire_upgraded":1,"win_rate":0.0,"timestamp":1607528177,"path_taken":["M","?","?","M","?","R","M","M","T","M","?","$","E","M","R","BOSS"],"build_version":"2020-11-30","purchased_purges":1,"victory":false,"max_hp_per_floor":[66,66,66,66,66,66,66,66,66,66,66,66,66,66,66,66,66],"card_choices":[{"not_picked":["Deflect","Dodge and Roll"],"picked":"Endless Agony","floor":1.0},{"not_picked":["Blade Dance","Distraction"],"picked":"Bane","floor":4.0},{"not_picked":["Tactician","Escape Plan"],"picked":"Deadly Poison","floor":7.0},{"not_picked":["Deadly Poison","Backflip"],"picked":"Acrobatics","floor":8.0},{"not_picked":["Backflip","Bane","Prepared"],"picked":"SKIP","floor":10.0},{"not_picked":["Deflect","Deadly Poison"],"picked":"Die Die Die","floor":11.0},{"not_picked":["Deadly Poison","Dagger Throw","Underhanded Strike"],"picked":"SKIP","floor":13.0},{"not_picked":["Finisher","Underhanded Strike"],"picked":"Caltrops","floor":14}],"player_experience":237352,"relics_obtained":[{"floor":9.0,"key":"HornCleat"},{"floor":13.0,"key":"CeramicFish"}],"event_choices":[{"cards_removed":["Strike_G"],"damage_healed":0.0,"max_hp_gain":0.0,"max_hp_loss":0.0,"gold_gain":0.0,"event_name":"Golden Wing","player_choice":"Card Removal","floor":2.0,"gold_loss":0.0,"damage_taken":7.0},{"damage_healed":0.0,"max_hp_gain":0.0,"max_hp_loss":0.0,"gold_gain":75.0,"event_name":"World of Goop","player_choice":"Gather Gold","floor":3.0,"gold_loss":0.0,"damage_taken":11.0},{"damage_healed":0.0,"max_hp_gain":0.0,"max_hp_loss":0.0,"gold_gain":275.0,"event_name":"Golden Shrine","player_choice":"Desecrate","floor":5.0,"gold_loss":0.0,"damage_taken":0.0,"cards_obtained":["Regret"]}],"is_beta":false,"boss_relics":[],"items_purged_floors":[12],"is_endless":false,"potions_floor_spawned":[1,4,10,11],"killed_by":"Slime Boss","ascension_level":20}}