{"host":"by8i6f8xc0ywpsd5","time":1607531325,"event":{"gold_per_floor":[110,110,130,205,223,223,248,248,248,98,98,111,131,145,145,221,221,235,235,246,256,273,273,290,290,290],"floor_reached":25,"playtime":945,"items_purged":["Strike_B"],"score":414,"play_id":"828ae09e-8fa7-4cfb-a109-b6cdd1f52a88","local_time":"20201209182845","is_ascension_mode":true,"campfire_choices":[{"floor":6,"key":"REST"},{"data":"Defragment","floor":8,"key":"SMITH"},{"data":"Defragment","floor":15,"key":"SMITH"},{"data":"Reboot","floor":23,"key":"SMITH"}],"neow_cost":"NONE","seed_source_timestamp":2094505554555200,"circlet_count":0,"master_deck":["AscendersBane","Strike_B+1","Defend_B+1","Defend_B","Defend_B","Defend_B","Zap","Dualcast","Cold Snap+1","Defragment+1","Genetic Algorithm","Defragment+1","Skim","Genetic Algorithm","Echo Form","Force Field","Doom and Gloom","Reboot+1","Double Energy+1"],"relics":["Cracked Core","Matryoshka","Whetstone","Meat on the Bone","Sozu"],"potions_floor_usage":[13,16,25],"damage_taken":[{"damage":4,"enemies":"Small Slimes","floor":1,"turns":3},{"damage":2,"enemies":"2 Louse","floor":3,"turns":3},{"damage":7,"enemies":"Jaw Worm","floor":5,"turns":3},{"damage":20,"enemies":"Lagavulin","floor":7,"turns":8},{"damage":6,"enemies":"Large Slime","floor":12,"turns":7},{"damage":21,"enemies":"Gremlin Gang","floor":13,"turns":6},{"damage":0,"enemies":"Looter","floor":14,"turns":3},{"damage":15,"enemies":"The Guardian","floor":16,"turns":16},{"damage":5,"enemies":"Spheric Guardian","floor":18,"turns":5},{"damage":35,"enemies":"3 Byrds","floor":20,"turns":6},{"damage":9,"enemies":"Snecko","floor":21,"turns":6},{"damage":21,"enemies":"Snake Plant","floor":22,"turns":5},{"damage":24,"enemies":"Shelled Parasite and Fungi","floor":24,"turns":6},{"damage":34,"enemies":"Slavers","floor":25,"turns":4}],"seed_played":"538001821468761702","potions_obtained":[{"floor":12,"key":"GamblersBrew"},{"floor":13,"key":"Block Potion"},{"floor":14,"key":"EssenceOfSteel"}],"is_trial":false,"path_per_floor":["M","?","M","?","M","R","E","R","T","$","?","M","M","M","R","B",null,"M","?","M","M","M","R","M","E"],"character_chosen":"DEFECT","items_purchased":["Defragment"],"campfire_rested":1,"item_purchase_floors":[10],"current_hp_per_floor":[67,44,42,31,24,47,27,27,27,27,27,33,24,36,36,33,67,62,62,39,42,33,33,21,0,0],"gold":290,"neow_bonus":"TEN_PERCENT_HP_BONUS","is_prod":false,"is_daily":false,"chose_seed":false,"campfire_upgraded":3,"win_rate":0,"timestamp":1607531325,"path_taken":["M","?","M","?","M","R","E","R","T","?","?","M","M","?","R","BOSS","M","?","M","M","M","R","M","E"],"build_version":"2020-11-30","purchased_purges":1,"victory":false,"max_hp_per_floor":[78,78,78,78,78,78,78,78,78,78,78,78,78,78,78,78,78,78,78,78,78,78,78,78,78,78],"relic_stats":{"Sozu":2,"counters":[14,81],"Whetstone":["Cold Snap","Strike_B"],"obtain_stats":[{"Sozu":17,"Matryoshka":7,"Whetstone":9,"Cracked Core":0,"Meat on the Bone":11},{"Sozu":8,"Matryoshka":4,"Whetstone":4,"Cracked Core":0,"Meat on the Bone":4},{"Sozu":49,"Matryoshka":17,"Whetstone":17,"Cracked Core":0,"Meat on the Bone":17}],"Meat on the Bone":96},"card_choices":[{"not_picked":["Rebound","Sweeping Beam"],"picked":"Cold Snap","floor":1},{"not_picked":["Storm","Darkness"],"picked":"Defragment","floor":3},{"not_picked":["Compile Driver","Beam Cell"],"picked":"Genetic Algorithm","floor":5},{"not_picked":["Hyperbeam","Scrape","Fusion"],"picked":"SKIP","floor":7},{"not_picked":["Stack","Go for the Eyes"],"picked":"Skim","floor":12},{"not_picked":["Reprogram","Sweeping Beam","Consume"],"picked":"SKIP","floor":13},{"not_picked":["Hello World","Chaos"],"picked":"Genetic Algorithm","floor":14},{"not_picked":["Reboot","Fission"],"picked":"Echo Form","floor":16},{"not_picked":["Streamline","Steam","Barrage"],"picked":"SKIP","floor":18},{"not_picked":["Gash","Sweeping Beam","Streamline"],"picked":"SKIP","floor":20},{"not_picked":["Turbo","Rip and Tear"],"picked":"Reboot","floor":21},{"not_picked":["Barrage+1","Hello World+1","Sweeping Beam+1"],"picked":"SKIP","floor":22},{"not_picked":["Blizzard","Conserve Battery"],"picked":"Double Energy+1","floor":24}],"player_experience":1622022,"relics_obtained":[{"floor":7,"key":"Matryoshka"},{"floor":9,"key":"Whetstone"},{"floor":11,"key":"Meat on the Bone"}],"event_choices":[{"damage_healed":0,"gold_gain":0,"player_choice":"Entered Light","damage_taken":23,"max_hp_gain":0,"max_hp_loss":0,"event_name":"Shining Light","floor":2,"gold_loss":0,"cards_upgraded":["Defend_B","Strike_B"]},{"damage_healed":0,"gold_gain":75,"player_choice":"Gather Gold","damage_taken":11,"max_hp_gain":0,"max_hp_loss":0,"event_name":"World of Goop","floor":4,"gold_loss":0},{"damage_healed":0,"gold_gain":0,"player_choice":"Relic","damage_taken":0,"max_hp_gain":0,"max_hp_loss":0,"event_name":"Wheel of Change","floor":11,"gold_loss":0},{"damage_healed":0,"gold_gain":0,"cards_transformed":["Strike_B","Strike_B"],"player_choice":"Became Test Subject","damage_taken":0,"max_hp_gain":0,"max_hp_loss":0,"event_name":"Drug Dealer","floor":19,"gold_loss":0,"cards_obtained":["Force Field","Doom and Gloom"]}],"is_beta":false,"boss_relics":[{"not_picked":["SlaversCollar","Tiny House"],"picked":"Sozu"}],"items_purged_floors":[10],"is_endless":false,"potions_floor_spawned":[12,13,14,20,24],"killed_by":"Slavers","ascension_level":20}}