{"host":"u2dm6glrpyjr66v9","time":1607502812,"event":{"gold_per_floor":[111,128,128,142,142,167,183,183,183,200,220,253,269,269,269,364,364,381,381,381,401,420,420,28,28,105,124,124,124,140,152,152,254,254,266,0,0,25,75,75,75,75,75,35,47,47,47,72,72,72,72],"floor_reached":50,"playtime":1541,"items_purged":[],"score":580,"play_id":"b96ad371-220d-443d-afe4-be40b95810ee","local_time":"20201209173332","is_ascension_mode":false,"campfire_choices":[{"data":"Electrodynamics","floor":8,"key":"SMITH"},{"data":"Loop","floor":15,"key":"SMITH"},{"data":"Amplify","floor":23,"key":"SMITH"},{"floor":25,"key":"RECALL"},{"data":"Storm","floor":28,"key":"SMITH"},{"floor":32,"key":"REST"},{"data":"Creative AI","floor":40,"key":"SMITH"},{"data":"Redo","floor":42,"key":"SMITH"},{"data":"Redo","floor":49,"key":"SMITH"}],"neow_cost":"NONE","seed_source_timestamp":1182290076300600,"circlet_count":0,"master_deck":["Strike_B","Strike_B","Strike_B","Defend_B","Defend_B","Defend_B","Defend_B","Zap","Dualcast","Barrage","Self Repair","Auto Shields","Electrodynamics+1","Conserve Battery","Ball Lightning","Redo+1","Loop+1","CurseOfTheBell","Double Energy+1","Streamline+1","Amplify+1","Storm+1","Ball Lightning","Redo+1","Storm+1","Machine Learning","Amplify","Creative AI+1","Redo+1","Electrodynamics","Self Repair","Static Discharge+1","BootSequence"],"relics":["Cracked Core","Mercury Hourglass","Pocketwatch","Ginger","Calling Bell","Strawberry","Question Card","WingedGreaves","Nloth\u0027s Gift","Bird Faced Urn","Pantograph","Black Star","Red Mask","Toy Ornithopter","Unceasing Top","Bottled Lightning","Kunai","Oddly Smooth Stone"],"potions_floor_usage":[16,33,39,50],"damage_taken":[{"damage":0,"enemies":"Cultist","floor":1,"turns":1},{"damage":0,"enemies":"Jaw Worm","floor":2,"turns":1},{"damage":0,"enemies":"2 Louse","floor":4,"turns":1},{"damage":41,"enemies":"Gremlin Nob","floor":6,"turns":5},{"damage":8,"enemies":"Red Slaver","floor":7,"turns":3},{"damage":0,"enemies":"Looter","floor":10,"turns":2},{"damage":11,"enemies":"Exordium Thugs","floor":11,"turns":3},{"damage":7,"enemies":"Lagavulin","floor":12,"turns":5},{"damage":0,"enemies":"3 Louse","floor":13,"turns":2},{"damage":0,"enemies":"Slime Boss","floor":16,"turns":4},{"damage":20,"enemies":"2 Thieves","floor":18,"turns":2},{"damage":0,"enemies":"3 Byrds","floor":21,"turns":2},{"damage":21,"enemies":"Cultist and Chosen","floor":22,"turns":4},{"damage":26,"enemies":"Snake Plant","floor":27,"turns":3},{"damage":24,"enemies":"Centurion and Healer","floor":30,"turns":4},{"damage":30,"enemies":"Snecko","floor":31,"turns":4},{"damage":70,"enemies":"Automaton","floor":33,"turns":7},{"damage":42,"enemies":"3 Darklings","floor":35,"turns":4},{"damage":35,"enemies":"Mind Bloom Boss Battle","floor":39,"turns":5},{"damage":36,"enemies":"Orb Walker","floor":45,"turns":3},{"damage":64,"enemies":"Nemesis","floor":48,"turns":6},{"damage":138,"enemies":"Awakened One","floor":50,"turns":6}],"seed_played":"-7923006320252151625","potions_obtained":[{"floor":2,"key":"SneckoOil"},{"floor":6,"key":"SmokeBomb"},{"floor":7,"key":"Dexterity Potion"},{"floor":10,"key":"PotionOfCapacity"},{"floor":12,"key":"BlessingOfTheForge"},{"floor":13,"key":"Fire Potion"},{"floor":30,"key":"LiquidBronze"},{"floor":33,"key":"DistilledChaos"}],"is_trial":false,"path_per_floor":["M","M","?","M","?","E","M","R","T","M","M","E","M","?","R","B",null,"M","?","?","M","M","R","$","R","T","M","R","?","M","M","R","B",null,"M","?","?","T","?","R","?","R","T","$","M","$","?","E","R","B"],"character_chosen":"DEFECT","items_purchased":["Storm","Bird Faced Urn","Ball Lightning","Self Repair"],"campfire_rested":1,"item_purchase_floors":[24,24,24,44],"current_hp_per_floor":[75,75,75,75,75,41,40,40,40,47,43,43,50,50,50,57,82,62,62,62,62,48,48,48,48,48,39,39,39,30,17,41,19,82,53,53,53,53,75,75,75,75,75,75,67,67,92,62,62,0,0],"gold":72,"neow_bonus":"THREE_ENEMY_KILL","is_prod":false,"is_daily":false,"chose_seed":false,"campfire_upgraded":7,"win_rate":0.0,"timestamp":1607502812,"path_taken":["M","M","?","M","?","E","M","R","T","?","M","E","M","?","R","BOSS","M","?","?","M","?","R","$","R","T","M","R","?","?","M","R","BOSS","M","?","?","?","?","R","?","R","T","$","?","?","?","E","R","BOSS"],"build_version":"2020-11-30","purchased_purges":0,"victory":false,"max_hp_per_floor":[75,75,75,75,75,75,75,75,75,75,75,75,75,75,75,75,82,82,82,82,82,82,82,82,82,82,82,82,82,82,82,82,82,82,82,82,82,82,82,82,82,82,82,82,82,82,92,92,92,92,92],"card_choices":[{"not_picked":["Streamline","Steam Power"],"picked":"Barrage","floor":1},{"not_picked":["Coolheaded","Conserve Battery"],"picked":"Self Repair","floor":2},{"not_picked":["Consume","Chaos"],"picked":"Self Repair","floor":4},{"not_picked":["Rainbow","Redo"],"picked":"Auto Shields","floor":6},{"not_picked":["Barrage","Redo"],"picked":"Electrodynamics","floor":7},{"not_picked":["Streamline","Leap"],"picked":"Conserve Battery","floor":10},{"not_picked":["Conserve Battery","Barrage"],"picked":"Ball Lightning","floor":11},{"not_picked":["Barrage","Steam"],"picked":"Redo","floor":12},{"not_picked":["Leap","Go for the Eyes","Cold Snap"],"picked":"SKIP","floor":13},{"not_picked":["Rainbow","Fission"],"picked":"All For One","floor":16},{"not_picked":["Compile Driver","Reinforced Body","Redo"],"picked":"Double Energy+1","floor":18},{"not_picked":["Barrage","Gash+1","White Noise"],"picked":"Streamline+1","floor":21},{"not_picked":["Coolheaded","Beam Cell","Scrape"],"picked":"Amplify","floor":22},{"not_picked":["Gash","Coolheaded","Conserve Battery+1"],"picked":"Redo","floor":27},{"not_picked":["Self Repair","Conserve Battery","Tempest"],"picked":"Machine Learning","floor":30},{"not_picked":["Barrage+1","Go for the Eyes","Compile Driver"],"picked":"Amplify","floor":31},{"not_picked":["Buffer","Seek","Amplify"],"picked":"Creative AI","floor":33},{"not_picked":["Glacier+1","Go for the Eyes+1","Steam Power"],"picked":"Redo+1","floor":35},{"not_picked":["Hologram+1","Stack","Compile Driver+1"],"picked":"Electrodynamics","floor":39},{"not_picked":["Leap+1","Conserve Battery","Fusion+1"],"picked":"Static Discharge+1","floor":45},{"not_picked":["Multi-Cast","Steam Power","Stack+1"],"picked":"BootSequence","floor":48}],"player_experience":34948,"relics_obtained":[{"floor":6,"key":"Pocketwatch"},{"floor":12,"key":"Ginger"},{"floor":17,"key":"Strawberry"},{"floor":17,"key":"Question Card"},{"floor":17,"key":"WingedGreaves"},{"floor":26,"key":"Pantograph"},{"floor":38,"key":"Toy Ornithopter"},{"floor":39,"key":"Unceasing Top"},{"floor":43,"key":"Bottled Lightning"},{"floor":48,"key":"Kunai"},{"floor":48,"key":"Oddly Smooth Stone"}],"event_choices":[{"damage_healed":0,"gold_gain":0,"player_choice":"Leave","damage_taken":0,"max_hp_gain":0,"max_hp_loss":0,"event_name":"The Cleric","floor":3,"gold_loss":0},{"cards_removed":["Self Repair"],"damage_healed":0,"gold_gain":0,"player_choice":"Gave Card","damage_taken":0,"relics_obtained":["Mercury Hourglass"],"max_hp_gain":0,"max_hp_loss":0,"event_name":"WeMeetAgain","floor":5,"gold_loss":0},{"damage_healed":0,"gold_gain":0,"player_choice":"1 cards matched","damage_taken":0,"max_hp_gain":0,"max_hp_loss":0,"event_name":"Match and Keep!","floor":14,"gold_loss":0,"cards_obtained":["Loop"]},{"damage_healed":0,"gold_gain":0,"player_choice":"Ignored","damage_taken":0,"max_hp_gain":0,"max_hp_loss":0,"event_name":"Vampires","floor":19,"gold_loss":0},{"damage_healed":0,"gold_gain":0,"player_choice":"Traded Relic","damage_taken":0,"relics_obtained":["Nloth\u0027s Gift"],"max_hp_gain":0,"max_hp_loss":0,"event_name":"N\u0027loth","floor":20,"relics_lost":["NeowsBlessing"],"gold_loss":0},{"damage_healed":0,"gold_gain":0,"player_choice":"Copied","damage_taken":0,"max_hp_gain":0,"max_hp_loss":0,"event_name":"Duplicator","floor":29,"gold_loss":0,"cards_obtained":["Storm"]},{"damage_healed":0,"gold_gain":0,"player_choice":"Paid","damage_taken":0,"relics_obtained":["Red Mask"],"max_hp_gain":0,"max_hp_loss":0,"event_name":"Tomb of Lord Red Mask","floor":36,"gold_loss":266},{"cards_removed":["Strike_B"],"damage_healed":0,"gold_gain":0,"player_choice":"Removed Attack","damage_taken":0,"max_hp_gain":0,"max_hp_loss":0,"event_name":"Falling","floor":37,"gold_loss":0},{"damage_healed":0,"gold_gain":0,"player_choice":"Fight","damage_taken":0,"max_hp_gain":0,"max_hp_loss":0,"event_name":"MindBloom","floor":39,"gold_loss":0},{"damage_healed":0,"gold_gain":0,"player_choice":"Ignored","damage_taken":0,"max_hp_gain":0,"max_hp_loss":0,"event_name":"NoteForYourself","floor":41,"gold_loss":0},{"cards_removed":["All For One"],"damage_healed":15,"gold_gain":0,"player_choice":"Offered Rare","damage_taken":0,"max_hp_gain":10,"max_hp_loss":0,"event_name":"Bonfire Elementals","floor":47,"gold_loss":0}],"is_beta":false,"boss_relics":[{"not_picked":["Velvet Choker","Busted Crown"],"picked":"Calling Bell"},{"not_picked":["Empty Cage","Pandora\u0027s Box"],"picked":"Black Star"}],"items_purged_floors":[],"is_endless":false,"potions_floor_spawned":[2,6,7,10,12,13,30,33],"killed_by":"Awakened One","ascension_level":0}}