{"host":"2461dio7vetlq1z3","time":1607503573,"event":{"gold_per_floor":[116,116,126,139,139,172,172,172,195,207,219,231,231],"floor_reached":12,"playtime":734,"items_purged":[],"score":76,"play_id":"4932bf14-fb50-4b00-af8b-861f732160bd","local_time":"20201209094613","is_ascension_mode":false,"campfire_choices":[{"data":"Bash","floor":8,"key":"SMITH"},{"data":"Shrug It Off","floor":11,"key":"SMITH"}],"neow_cost":"","seed_source_timestamp":343724125162300,"circlet_count":0,"master_deck":["Strike_R","Strike_R","Strike_R","Defend_R","Defend_R","Defend_R","Defend_R","Bash+1","Murderer","Shrug It Off+1","SingingMachine","Dazed","Spot Weakness+1","MHz","Flame Barrier+1"],"relics":["Burning Blood","CogitoBucket","LetterFromLob","Golden Idol","Oddly Smooth Stone","MawBank"],"potions_floor_usage":[12,12],"damage_taken":[{"damage":0,"enemies":"2 Louse","floor":1,"turns":3},{"damage":0,"enemies":"Small Slimes","floor":3,"turns":4},{"damage":9,"enemies":"Cultist","floor":4,"turns":2},{"damage":31,"enemies":"3 Sentries","floor":6,"turns":6},{"damage":41,"enemies":"Gremlin Gang","floor":12,"turns":8}],"seed_played":"-5335368077679327672","potions_obtained":[{"floor":3,"key":"Block Potion"},{"floor":4,"key":"SpeedPotion"}],"is_trial":false,"path_per_floor":["M","?","M","M","?","E","M","R","T","?","R","M"],"character_chosen":"IRONCLAD","items_purchased":[],"campfire_rested":0,"item_purchase_floors":[],"current_hp_per_floor":[80,73,79,76,56,31,31,31,31,36,36,0,0],"gold":231,"neow_bonus":"","is_prod":false,"is_daily":false,"chose_seed":false,"campfire_upgraded":2,"win_rate":0,"timestamp":1607503573,"path_taken":["M","?","M","M","?","E","M","R","T","?","R","M"],"build_version":"2020-11-30","purchased_purges":0,"victory":false,"max_hp_per_floor":[80,80,80,80,80,80,80,80,80,80,80,80,80],"relic_stats":{"counters":[5,23],"Golden Idol":7,"MawBank":36,"obtain_stats":[{"CogitoBucket":0,"Golden Idol":5,"Oddly Smooth Stone":6,"LetterFromLob":1,"MawBank":9,"Burning Blood":0},{"CogitoBucket":0,"Golden Idol":3,"Oddly Smooth Stone":4,"LetterFromLob":1,"MawBank":4,"Burning Blood":0},{"CogitoBucket":0,"Golden Idol":9,"Oddly Smooth Stone":15,"LetterFromLob":3,"MawBank":15,"Burning Blood":0}],"Burning Blood":18},"card_choices":[{"not_picked":["CrumblingArmor","Wellcheers"],"picked":"Murderer","floor":1},{"not_picked":["Intimidate","Perfected Strike"],"picked":"Shrug It Off","floor":1},{"not_picked":["BeautyBeast","CrumblingArmor"],"picked":"SingingMachine","floor":3},{"not_picked":["Thunderclap","True Grit"],"picked":"Iron Wave","floor":3},{"not_picked":["Iron Wave","Fiend Fire"],"picked":"Spot Weakness","floor":4},{"not_picked":["CrumblingArmor","OldLady"],"picked":"CherryBlossoms","floor":4},{"not_picked":["WallGazer","Porccubus"],"picked":"MHz","floor":6},{"not_picked":["True Grit","Wild Strike"],"picked":"Flame Barrier","floor":6}],"player_experience":578699,"relics_obtained":[{"floor":1,"key":"LetterFromLob"},{"floor":6,"key":"Oddly Smooth Stone"},{"floor":9,"key":"MawBank"}],"event_choices":[{"cards_removed":["Strike_R"],"damage_healed":0,"gold_gain":0,"player_choice":"Card Removal","damage_taken":7,"max_hp_gain":0,"max_hp_loss":0,"event_name":"Golden Wing","floor":2,"gold_loss":0},{"damage_healed":0,"gold_gain":0,"player_choice":"Take Damage","damage_taken":20,"relics_obtained":["Golden Idol"],"max_hp_gain":0,"max_hp_loss":0,"event_name":"Golden Idol","floor":5,"gold_loss":0},{"cards_removed":["CherryBlossoms"],"damage_healed":5,"gold_gain":0,"player_choice":"Offered Special","damage_taken":0,"max_hp_gain":0,"max_hp_loss":0,"event_name":"Bonfire Elementals","floor":10,"gold_loss":0}],"is_beta":false,"boss_relics":[],"items_purged_floors":[],"is_endless":false,"potions_floor_spawned":[3,4],"killed_by":"Gremlin Gang","ascension_level":0}}