{"host":"78hrz0ylpj9lzvi8","time":1607542788,"event":{"gold_per_floor":[119,60,80,80,80,80,109,109,134,167,6,36,36,46,46,124,124,135,153,54,72,90,90,90],"floor_reached":23,"playtime":735,"items_purged":["Strike_P"],"score":468,"play_id":"99765a88-4bbc-4323-841f-1b2d6017212b","local_time":"20201209163948","is_ascension_mode":true,"campfire_choices":[{"data":"Eruption","floor":6,"key":"SMITH"},{"data":"ForeignInfluence","floor":8,"key":"SMITH"},{"data":"TalkToTheHand","floor":15,"key":"SMITH"}],"neow_cost":"NONE","seed_source_timestamp":17032895004200,"circlet_count":0,"master_deck":["AscendersBane","Strike_P","Strike_P+1","Defend_P","Defend_P","Defend_P","Eruption+1","Vigilance","TalkToTheHand+1","CutThroughFate","CrushJoints","InnerPeace+1","ForeignInfluence+1","Consecrate","Conclude","FearNoEvil+1","LessonLearned","Wallop","Halt+1","EmptyBody","JustLucky"],"relics":["HolyWater","NeowsBlessing","Lantern","Happy Flower","Pen Nib","Yang"],"potions_floor_usage":[16],"damage_taken":[{"damage":0,"enemies":"Jaw Worm","floor":1,"turns":1},{"damage":0,"enemies":"Small Slimes","floor":3,"turns":2},{"damage":0,"enemies":"3 Sentries","floor":7,"turns":1},{"damage":21,"enemies":"Lagavulin","floor":10,"turns":4},{"damage":2,"enemies":"Gremlin Nob","floor":12,"turns":3},{"damage":0,"enemies":"2 Louse","floor":14,"turns":2},{"damage":30,"enemies":"The Guardian","floor":16,"turns":7},{"damage":5,"enemies":"3 Byrds","floor":18,"turns":4},{"damage":15,"enemies":"Chosen","floor":19,"turns":4},{"damage":14,"enemies":"Snake Plant","floor":21,"turns":4},{"damage":7,"enemies":"Centurion and Healer","floor":22,"turns":4},{"damage":13,"enemies":"Slavers","floor":23,"turns":1}],"seed_played":"7470510461261728086","potions_obtained":[{"floor":3,"key":"Ancient Potion"},{"floor":14,"key":"FearPotion"},{"floor":22,"key":"Dexterity Potion"}],"is_trial":false,"path_per_floor":["M","$","M","?","?","R","E","R","T","E","$","E","$","M","R","B",null,"M","M","$","M","M","E"],"character_chosen":"WATCHER","items_purchased":["CutThroughFate","Pen Nib","EmptyBody"],"campfire_rested":0,"item_purchase_floors":[2,11,20],"current_hp_per_floor":[61,61,61,61,54,54,54,54,54,33,33,31,31,31,31,1,51,46,31,31,17,10,0,0],"gold":90,"neow_bonus":"THREE_ENEMY_KILL","is_prod":false,"is_daily":false,"chose_seed":false,"campfire_upgraded":3,"win_rate":0,"timestamp":1607542788,"path_taken":["M","$","M","?","?","R","E","R","T","E","?","E","$","M","R","BOSS","M","M","$","M","M","E"],"build_version":"2020-11-30","purchased_purges":1,"victory":false,"max_hp_per_floor":[68,68,68,68,68,68,68,68,68,68,68,68,68,68,68,68,68,68,68,68,68,68,68,68],"relic_stats":{"Happy Flower":[9],"counters":[12,37],"Yang":[70],"Pen Nib":[7],"obtain_stats":[{"Lantern":7,"NeowsBlessing":0,"Happy Flower":10,"HolyWater":17,"Yang":12,"Pen Nib":11,"PureWater":0},{"Lantern":3,"NeowsBlessing":0,"Happy Flower":4,"HolyWater":7,"Yang":5,"Pen Nib":4,"PureWater":0},{"Lantern":4,"NeowsBlessing":0,"Happy Flower":8,"HolyWater":20,"Yang":11,"Pen Nib":8,"PureWater":0}]},"card_choices":[{"not_picked":["Evaluate","PathToVictory"],"picked":"TalkToTheHand","floor":1},{"not_picked":["FlurryOfBlows","JustLucky"],"picked":"CrushJoints","floor":3},{"not_picked":["CrushJoints","Collect"],"picked":"ForeignInfluence","floor":7},{"not_picked":["Fasting2","Crescendo"],"picked":"Consecrate","floor":10},{"not_picked":["Scrawl","Halt"],"picked":"Conclude","floor":12},{"not_picked":["EmptyFist","Vengeance"],"picked":"FearNoEvil","floor":14},{"not_picked":["Devotion","SpiritShield"],"picked":"LessonLearned","floor":16},{"not_picked":["CutThroughFate","PathToVictory+1"],"picked":"Wallop","floor":18},{"not_picked":["SashWhip","BowlingBash"],"picked":"Halt+1","floor":19},{"not_picked":["Devotion","PathToVictory"],"picked":"JustLucky","floor":21},{"not_picked":["JustLucky","BowlingBash","PathToVictory"],"picked":"SKIP","floor":22}],"player_experience":904103,"relics_obtained":[{"floor":7,"key":"Lantern"},{"floor":10,"key":"Happy Flower"},{"floor":12,"key":"Yang"}],"event_choices":[{"damage_healed":0,"gold_gain":0,"cards_transformed":["Strike_P"],"player_choice":"Change","damage_taken":0,"max_hp_gain":0,"max_hp_loss":0,"event_name":"Living Wall","floor":4,"gold_loss":0,"cards_obtained":["InnerPeace"]},{"cards_removed":["Defend_P"],"damage_healed":0,"gold_gain":0,"player_choice":"Card Removal","damage_taken":7,"max_hp_gain":0,"max_hp_loss":0,"event_name":"Golden Wing","floor":5,"gold_loss":0}],"is_beta":false,"boss_relics":[{"not_picked":["SlaversCollar","Runic Dome"],"picked":"HolyWater"}],"items_purged_floors":[20],"is_endless":false,"potions_floor_spawned":[3,14,22],"killed_by":"Slavers","ascension_level":20}}