{"host":"16pupetwkpt1jfy9","time":1607485450,"event":{"gold_per_floor":[119,69,69,79,95,95,20,20,20,30,44,44,44,61,61,61,61],"floor_reached":16,"playtime":613,"items_purged":["Strike_R"],"score":92,"play_id":"c74db319-62ee-4101-849a-21b8118edf8e","local_time":"20201208224410","is_ascension_mode":false,"campfire_choices":[{"data":"Anger","floor":6,"key":"SMITH"},{"data":"Dual Wield","floor":15,"key":"SMITH"}],"neow_cost":"NONE","seed_source_timestamp":616055041479800,"circlet_count":0,"master_deck":["Strike_R","Strike_R","Strike_R","Strike_R","Defend_R","Defend_R","Defend_R","Defend_R","Anger+1","Dual Wield+1"],"relics":["Burning Blood","NeowsBlessing"],"potions_floor_usage":[11,14,16,16],"damage_taken":[{"damage":0,"enemies":"Cultist","floor":1,"turns":1},{"damage":0,"enemies":"2 Louse","floor":4,"turns":1},{"damage":0,"enemies":"Small Slimes","floor":5,"turns":1},{"damage":35,"enemies":"Gremlin Gang","floor":10,"turns":7},{"damage":9,"enemies":"Exordium Thugs","floor":11,"turns":4},{"damage":0,"enemies":"2 Fungi Beasts","floor":14,"turns":3},{"damage":40,"enemies":"The Guardian","floor":16,"turns":11}],"seed_played":"450398271424208536","potions_obtained":[{"floor":1,"key":"FearPotion"},{"floor":10,"key":"PowerPotion"},{"floor":11,"key":"Guardian:BlockOnCardUsePotion"},{"floor":14,"key":"Dexterity Potion"}],"is_trial":false,"path_per_floor":["M","?","?","M","M","R","$","?","T","M","M","$","?","M","R","B"],"character_chosen":"IRONCLAD","items_purchased":[],"campfire_rested":0,"item_purchase_floors":[],"current_hp_per_floor":[80,80,80,80,80,80,80,80,80,51,48,48,41,47,47,7,7],"gold":61,"neow_bonus":"THREE_ENEMY_KILL","is_prod":false,"is_daily":false,"chose_seed":false,"campfire_upgraded":2,"win_rate":0.0,"timestamp":1607485450,"path_taken":["M","?","?","?","M","R","$","?","T","M","?","?","?","M","R","BOSS"],"build_version":"2020-11-30","purchased_purges":1,"victory":false,"max_hp_per_floor":[80,80,80,80,80,80,80,80,80,80,80,80,80,80,80,80,80],"card_choices":[{"not_picked":["Infernal Blade","Body Slam","Perfected Strike"],"picked":"SKIP","floor":1},{"not_picked":["Cleave","Body Slam","Heavy Blade"],"picked":"SKIP","floor":4},{"not_picked":["Carnage","Body Slam"],"picked":"Anger","floor":5},{"not_picked":["Feel No Pain","Body Slam","Perfected Strike"],"picked":"SKIP","floor":10},{"not_picked":["Clothesline","Searing Blow","Flame Barrier"],"picked":"SKIP","floor":11},{"not_picked":["Headbutt","Rage"],"picked":"Dual Wield","floor":14}],"player_experience":61359,"relics_obtained":[],"event_choices":[{"cards_removed":["Bash"],"damage_healed":0,"gold_gain":0,"player_choice":"Card Removal","damage_taken":0,"max_hp_gain":0,"max_hp_loss":0,"event_name":"The Cleric","floor":2,"gold_loss":50},{"damage_healed":0,"gold_gain":0,"player_choice":"Ignored","damage_taken":0,"max_hp_gain":0,"max_hp_loss":0,"event_name":"Transmorgrifier","floor":3,"gold_loss":0},{"damage_healed":0,"gold_gain":0,"player_choice":"1 cards matched","damage_taken":0,"max_hp_gain":0,"max_hp_loss":0,"event_name":"Match and Keep!","floor":8,"gold_loss":0,"cards_obtained":["Rupture"]},{"cards_removed":["Rupture"],"damage_healed":0,"gold_gain":0,"player_choice":"Card Removal","damage_taken":7,"max_hp_gain":0,"max_hp_loss":0,"event_name":"Golden Wing","floor":13,"gold_loss":0}],"is_beta":false,"boss_relics":[],"items_purged_floors":[7],"is_endless":false,"potions_floor_spawned":[1,10,11,14],"killed_by":"The Guardian","ascension_level":0}}