{"host":"v5q6ggeyvx3goqgy","time":1607527808,"event":{"gold_per_floor":[115,132,132,145,165,165,197,197,197,210,210,229,240,268,268,364,364,384,384,404,421,13,13,13,13,13,31,31,31,44,78,78,176,176,195,214,214,214,225,253,253,253,253,283,283,308,322,322,322,322,322,322,3,34,34],"floor_reached":56,"playtime":4504,"items_purged":["Strike_B","Thunder Strike+1"],"score":1915,"play_id":"dd271d08-1af6-45a3-9a55-c033600c7788","local_time":"20201209153008","is_ascension_mode":true,"campfire_choices":[{"data":"Genetic Algorithm","floor":6.0,"key":"SMITH"},{"data":"Loop","floor":8.0,"key":"SMITH"},{"data":"Conserve Battery","floor":11.0,"key":"SMITH"},{"data":"Chill","floor":15.0,"key":"SMITH"},{"data":"Electrodynamics","floor":23.0,"key":"SMITH"},{"data":"Genetic Algorithm","floor":25.0,"key":"SMITH"},{"data":"Storm","floor":32.0,"key":"SMITH"},{"data":"Seek","floor":41.0,"key":"SMITH"},{"data":"Biased Cognition","floor":45.0,"key":"SMITH"},{"floor":49.0,"key":"RECALL"},{"data":"White Noise","floor":52.0,"key":"SMITH"}],"neow_cost":"","seed_source_timestamp":2053910864987400,"circlet_count":0,"master_deck":["Zap+1","Dualcast","Self Repair","Conserve Battery+1","Genetic Algorithm+1","Loop+1","Coolheaded","Cold Snap","Glacier","Heatsinks","Gash","Gash+1","Gash+1","Hologram+1","Chill+1","Electrodynamics+1","Rebound+1","Thunder Strike+1","Consume","Steam+1","Genetic Algorithm+1","Go for the Eyes+1","Blizzard+1","White Noise+1","Cold Snap+1","Ball Lightning+1","Storm+1","Cold Snap+1","Biased Cognition+1","Storm","Hologram+1","Tempest","Seek+1","Conserve Battery","Cold Snap+1","Blind","Blind","Panache","Biased Cognition+1","Capacitor","Capacitor"],"special_seed":0,"relics":["Cracked Core","Runic Capacitor","Calipers","OrangePellets","TheAbacus","Lee\u0027s Waffle","Molten Egg 2","Bottled Tornado","The Courier","Pandora\u0027s Box","Eternal Feather","Vajra","War Paint","Philosopher\u0027s Stone","Happy Flower","Meat on the Bone","Ginger","HornCleat","DollysMirror","Bag of Preparation","White Beast Statue"],"potions_floor_usage":[55,55,55],"damage_taken":[{"damage":1.0,"enemies":"Jaw Worm","floor":1.0,"turns":5.0},{"damage":3.0,"enemies":"Small Slimes","floor":2.0,"turns":5.0},{"damage":1.0,"enemies":"2 Louse","floor":4.0,"turns":5.0},{"damage":21.0,"enemies":"Gremlin Gang","floor":5.0,"turns":8.0},{"damage":1.0,"enemies":"Lagavulin","floor":7.0,"turns":11.0},{"damage":17.0,"enemies":"Large Slime","floor":10.0,"turns":6.0},{"damage":13.0,"enemies":"Exordium Thugs","floor":12.0,"turns":4.0},{"damage":10.0,"enemies":"2 Fungi Beasts","floor":13.0,"turns":3.0},{"damage":5.0,"enemies":"Gremlin Nob","floor":14.0,"turns":5.0},{"damage":0.0,"enemies":"Hexaghost","floor":16.0,"turns":13.0},{"damage":15.0,"enemies":"Chosen","floor":18.0,"turns":6.0},{"damage":14.0,"enemies":"2 Thieves","floor":20.0,"turns":3.0},{"damage":0.0,"enemies":"Centurion and Healer","floor":21.0,"turns":8.0},{"damage":7.0,"enemies":"Snecko","floor":27.0,"turns":5.0},{"damage":17.0,"enemies":"Snake Plant","floor":30.0,"turns":5.0},{"damage":10.0,"enemies":"Book of Stabbing","floor":31.0,"turns":6.0},{"damage":14.0,"enemies":"Automaton","floor":33.0,"turns":9.0},{"damage":17.0,"enemies":"3 Darklings","floor":35.0,"turns":4.0},{"damage":0.0,"enemies":"3 Shapes","floor":36.0,"turns":4.0},{"damage":8.0,"enemies":"Jaw Worm Horde","floor":39.0,"turns":3.0},{"damage":20.0,"enemies":"Nemesis","floor":40.0,"turns":7.0},{"damage":28.0,"enemies":"Reptomancer","floor":44.0,"turns":5.0},{"damage":0.0,"enemies":"Nemesis","floor":46.0,"turns":5.0},{"damage":10.0,"enemies":"Spire Growth","floor":47.0,"turns":4.0},{"damage":29.0,"enemies":"Time Eater","floor":50.0,"turns":9.0},{"damage":0,"enemies":"Shield and Spear","floor":54,"turns":5},{"damage":11,"enemies":"The Heart","floor":55,"turns":6}],"seed_played":"-1558219756899833943","potions_obtained":[{"floor":1.0,"key":"ColorlessPotion"},{"floor":5.0,"key":"PotionOfCapacity"},{"floor":7.0,"key":"Ancient Potion"},{"floor":18.0,"key":"FocusPotion"},{"floor":20.0,"key":"Strength Potion"},{"floor":21.0,"key":"Energy Potion"},{"floor":33.0,"key":"EssenceOfSteel"},{"floor":54,"key":"Strength Potion"}],"is_trial":false,"path_per_floor":["M","M","?","M","M","R","E","R","T","M","R","M","M","E","R","B",null,"M","?","M","M","$","R","?","R","T","M","?","$","M","E","R","B",null,"M","M","?","$","M","E","R","?","T","E","R","E","M","?","R","B",null,"R","$","E","B",null],"character_chosen":"DEFECT","items_purchased":["Runic Capacitor","Self Repair","Calipers","Conserve Battery","Genetic Algorithm","OrangePellets","Loop","Coolheaded","TheAbacus","Lee\u0027s Waffle","Eternal Feather","Vajra","DollysMirror","Bag of Preparation","Capacitor","Capacitor"],"campfire_rested":0,"item_purchase_floors":[0,0,0,0,0,0,0,0,0,0,22,22,53,53,53,53],"current_hp_per_floor":[82,82,82,82,68,68,74,74,74,64,64,58,48,50,50,57,76,61,61,54,68,68,82,82,82,82,82,82,82,72,69,82,75,80,63,63,63,63,55,42,60,60,60,51,69,76,73,63,82,60,77,82,82,82,78],"gold":34,"neow_bonus":"","is_prod":false,"is_daily":false,"chose_seed":false,"campfire_upgraded":10,"win_rate":0,"timestamp":1607527808,"path_taken":["M","M","?","M","M","R","E","R","T","M","R","M","M","E","R","BOSS","M","?","M","M","$","R","?","R","T","?","?","?","M","E","R","BOSS","M","M","?","$","M","E","R","?","T","E","R","E","M","?","R","BOSS","R","$","E","BOSS"],"build_version":"2020-11-30","purchased_purges":2,"victory":true,"max_hp_per_floor":[82,82,82,82,82,82,82,82,82,82,82,82,82,82,82,82,82,82,82,82,82,82,82,82,82,82,82,82,82,82,82,82,82,82,82,82,82,82,82,82,82,82,82,82,82,82,82,82,82,82,82,82,82,82,82],"card_choices":[{"not_picked":["Sweeping Beam","Darkness"],"picked":"Cold Snap","floor":1.0},{"not_picked":["White Noise","Sweeping Beam"],"picked":"Glacier","floor":2.0},{"not_picked":["Self Repair","Fusion"],"picked":"Heatsinks","floor":4.0},{"not_picked":["Rip and Tear","Leap"],"picked":"Gash","floor":5.0},{"not_picked":["Compile Driver+1","Hologram"],"picked":"Gash+1","floor":7.0},{"not_picked":["Reboot","Rebound+1"],"picked":"Gash+1","floor":10.0},{"not_picked":["Coolheaded","Sweeping Beam+1","Force Field"],"picked":"SKIP","floor":12.0},{"not_picked":["Steam","Rebound+1"],"picked":"Hologram","floor":13.0},{"not_picked":["Amplify","Beam Cell+1"],"picked":"Chill","floor":14.0},{"not_picked":["Creative AI","Buffer"],"picked":"Electrodynamics","floor":16.0},{"not_picked":["Steam","Redo"],"picked":"Go for the Eyes+1","floor":18.0},{"not_picked":["Aggregate","Sweeping Beam+1"],"picked":"White Noise","floor":20.0},{"not_picked":["Self Repair","Coolheaded"],"picked":"Cold Snap+1","floor":21.0},{"not_picked":["Consume","Go for the Eyes+1"],"picked":"Ball Lightning+1","floor":27.0},{"not_picked":["Electrodynamics","Self Repair"],"picked":"Storm","floor":30.0},{"not_picked":["Chaos","Barrage+1"],"picked":"Cold Snap+1","floor":31.0},{"not_picked":["Reboot","Machine Learning"],"picked":"Biased Cognition","floor":33.0},{"not_picked":["Coolheaded","Rebound+1"],"picked":"Storm","floor":35.0},{"not_picked":["Redo+1","Sweeping Beam+1"],"picked":"Hologram+1","floor":36.0},{"not_picked":["Beam Cell+1","Steam"],"picked":"Tempest","floor":39.0},{"not_picked":["Beam Cell+1","Conserve Battery"],"picked":"Seek","floor":40.0},{"not_picked":["Redo+1","Heatsinks","Sunder+1"],"picked":"SKIP","floor":44.0},{"not_picked":["Redo","Rebound+1"],"picked":"Conserve Battery","floor":46.0},{"not_picked":["Sweeping Beam+1","Doom and Gloom+1"],"picked":"Cold Snap+1","floor":47.0},{"not_picked":["Secret Technique","Flash of Steel+1"],"picked":"Blind","floor":48.0},{"not_picked":["Metamorphosis","Secret Technique"],"picked":"Blind","floor":48.0},{"not_picked":["Thinking Ahead","Trip"],"picked":"Panache","floor":48.0},{"not_picked":["Compile Driver+1","Streamline+1","Ball Lightning+1"],"picked":"SKIP","floor":54}],"player_experience":451327,"relics_obtained":[{"floor":7.0,"key":"Molten Egg 2"},{"floor":9.0,"key":"Bottled Tornado"},{"floor":14.0,"key":"The Courier"},{"floor":31.0,"key":"War Paint"},{"floor":40.0,"key":"Happy Flower"},{"floor":43.0,"key":"Meat on the Bone"},{"floor":44.0,"key":"Ginger"},{"floor":46.0,"key":"HornCleat"},{"floor":54,"key":"White Beast Statue"}],"event_choices":[{"damage_healed":0.0,"max_hp_gain":0.0,"max_hp_loss":0.0,"gold_gain":0.0,"event_name":"Liars Game","player_choice":"Ignored","floor":3.0,"gold_loss":0.0,"damage_taken":0.0},{"damage_healed":0.0,"max_hp_gain":0.0,"max_hp_loss":0.0,"gold_gain":0.0,"event_name":"The Library","player_choice":"Read","floor":19.0,"gold_loss":0.0,"damage_taken":0.0,"cards_obtained":["Blizzard"]},{"damage_healed":0.0,"max_hp_gain":0.0,"max_hp_loss":0.0,"gold_gain":0.0,"event_name":"Accursed Blacksmith","player_choice":"Forge","floor":24.0,"gold_loss":0.0,"damage_taken":0.0,"cards_upgraded":["Zap"]},{"damage_healed":0.0,"max_hp_gain":0.0,"max_hp_loss":0.0,"gold_gain":0.0,"event_name":"Vampires","player_choice":"Ignored","floor":28.0,"gold_loss":0.0,"damage_taken":0.0},{"damage_healed":0.0,"max_hp_gain":0.0,"max_hp_loss":0.0,"gold_gain":0.0,"event_name":"Tomb of Lord Red Mask","player_choice":"Ignored","floor":37.0,"gold_loss":0.0,"damage_taken":0.0},{"cards_removed":["Auto Shields"],"damage_healed":0.0,"max_hp_gain":0.0,"max_hp_loss":0.0,"gold_gain":0.0,"event_name":"Falling","player_choice":"Removed Skill","floor":42.0,"gold_loss":0.0,"damage_taken":0.0},{"damage_healed":0.0,"max_hp_gain":0.0,"max_hp_loss":0.0,"gold_gain":0.0,"event_name":"SensoryStone","player_choice":"Memory 3","floor":48.0,"gold_loss":0.0,"damage_taken":10.0}],"is_beta":false,"boss_relics":[{"not_picked":["FrozenCore","Empty Cage"],"picked":"Pandora\u0027s Box"},{"not_picked":["Nuclear Battery","Runic Dome"],"picked":"Philosopher\u0027s Stone"}],"items_purged_floors":[0,22],"is_endless":false,"potions_floor_spawned":[1,5,7,12,18,20,21,33,36,40,54],"ascension_level":5}}