{"host":"Berg","time":1607494458,"event":{"gold_per_floor":[99,99,99,99,5,5,5,5,5,5,5,5,5,5,5,5,5,5,5,5],"floor_reached":19,"playtime":553,"items_purged":[],"score":338,"play_id":"04047187-703e-4343-bcdc-6d88725c908f","local_time":"20201209011418","is_ascension_mode":true,"campfire_choices":[{"data":"Streamline","floor":7,"key":"SMITH"},{"data":"Loop","floor":10,"key":"SMITH"},{"data":"Tempest","floor":15,"key":"SMITH"}],"neow_cost":"NONE","seed_source_timestamp":31042566277000,"circlet_count":0,"master_deck":["AscendersBane","Strike_B","Strike_B","Strike_B","Strike_B","Defend_B","Defend_B","Defend_B","Defend_B","Zap","Dualcast","Conserve Battery","Tempest+1","Hello World","Ball Lightning","Loop+1","Cold Snap","Streamline+1","Steam","Self Repair","Core Surge","White Noise+1"],"relics":["Ectoplasm","InkBottle","GremlinMask","MealTicket","Golden Idol","Philosopher\u0027s Stone"],"potions_floor_usage":[16,18],"damage_taken":[{"damage":6,"enemies":"Cultist","floor":1,"turns":4},{"damage":2,"enemies":"Small Slimes","floor":2,"turns":3},{"damage":7,"enemies":"Jaw Worm","floor":3,"turns":3},{"damage":7,"enemies":"Large Slime","floor":4,"turns":5},{"damage":28,"enemies":"Gremlin Nob","floor":6,"turns":4},{"damage":8,"enemies":"Blue Slaver","floor":11,"turns":3},{"damage":5,"enemies":"Exordium Wildlife","floor":12,"turns":3},{"damage":11,"enemies":"Hexaghost","floor":16,"turns":9},{"damage":40,"enemies":"3 Byrds","floor":18,"turns":4},{"damage":15,"enemies":"Shell Parasite","floor":19,"turns":1}],"seed_played":"-1109142000436192684","potions_obtained":[{"floor":2,"key":"DuplicationPotion"},{"floor":12,"key":"DistilledChaos"}],"is_trial":false,"path_per_floor":["M","M","M","M","$","E","R","?","T","R","M","M","$","?","R","B",null,"M","M"],"character_chosen":"DEFECT","items_purchased":["Loop","Cold Snap"],"campfire_rested":0,"item_purchase_floors":[5,5],"current_hp_per_floor":[58,56,49,42,42,14,14,14,14,14,6,1,16,16,16,12,51,11,0,0],"gold":5,"neow_bonus":"BOSS_RELIC","is_prod":false,"is_daily":false,"chose_seed":false,"campfire_upgraded":3,"win_rate":0,"timestamp":1607494458,"path_taken":["M","?","M","M","?","E","R","?","T","R","?","M","$","?","R","BOSS","M","M"],"build_version":"2020-12-07","purchased_purges":0,"victory":false,"max_hp_per_floor":[71,71,71,71,71,71,71,71,71,71,71,71,71,64,64,64,64,64,64,64],"relic_stats":{"counters":[10,39],"Golden Idol":24,"MealTicket":15,"Ectoplasm":287,"obtain_stats":[{"Golden Idol":14,"GremlinMask":8,"MealTicket":9,"Philosopher\u0027s Stone":17,"Ectoplasm":0,"Cracked Core":0,"InkBottle":6},{"Golden Idol":7,"GremlinMask":5,"MealTicket":5,"Philosopher\u0027s Stone":8,"Ectoplasm":0,"Cracked Core":0,"InkBottle":5},{"Golden Idol":25,"GremlinMask":19,"MealTicket":19,"Philosopher\u0027s Stone":34,"Ectoplasm":0,"Cracked Core":0,"InkBottle":19}],"InkBottle":[8]},"card_choices":[{"not_picked":["Go for the Eyes","Turbo"],"picked":"Conserve Battery","floor":1},{"not_picked":["Coolheaded","Steam"],"picked":"Tempest","floor":2},{"not_picked":["Redo","BootSequence"],"picked":"Hello World","floor":3},{"not_picked":["Chill","Conserve Battery"],"picked":"Ball Lightning","floor":4},{"not_picked":["Force Field","Rebound"],"picked":"Streamline","floor":6},{"not_picked":["Ball Lightning","Hello World"],"picked":"Steam","floor":11},{"not_picked":["Skim","Hello World"],"picked":"Self Repair","floor":12},{"not_picked":["Amplify","Fission"],"picked":"Core Surge","floor":16},{"not_picked":["Tempest+1","Turbo"],"picked":"White Noise+1","floor":18}],"player_experience":1312793,"relics_obtained":[{"floor":6,"key":"InkBottle"},{"floor":9,"key":"MealTicket"}],"event_choices":[{"damage_healed":0,"gold_gain":0,"player_choice":"Trade","damage_taken":0,"relics_obtained":["GremlinMask"],"max_hp_gain":0,"max_hp_loss":0,"event_name":"FaceTrader","floor":8,"gold_loss":0},{"damage_healed":0,"gold_gain":0,"player_choice":"Lose Max HP","damage_taken":0,"relics_obtained":["Golden Idol"],"max_hp_gain":0,"max_hp_loss":7,"event_name":"Golden Idol","floor":14,"gold_loss":0}],"is_beta":true,"boss_relics":[{"not_picked":["Inserter","SacredBark"],"picked":"Philosopher\u0027s Stone"}],"items_purged_floors":[],"is_endless":false,"potions_floor_spawned":[2,12],"killed_by":"Shell Parasite","ascension_level":20}}