{"host":"ktoxvvst1mwxww91","time":1607496852,"event":{"gold_per_floor":[119,69,69,86,86,115,127,146,146,146,157,175,63,63,63,158,158,140,4,15,15,32,32,32],"floor_reached":23,"playtime":751,"items_purged":["Strike_G","Strike_G"],"score":338,"play_id":"0619ede2-bb62-4c67-978e-b04b74f45d64","local_time":"20201209075412","is_ascension_mode":true,"campfire_choices":[{"data":"Sucker Punch","floor":10.0,"key":"SMITH"},{"data":"Caltrops","floor":15,"key":"SMITH"}],"neow_cost":"NONE","seed_source_timestamp":490192953892000,"circlet_count":0,"master_deck":["AscendersBane","Strike_G","Defend_G","Defend_G","Defend_G","Defend_G","Defend_G+1","Survivor","Neutralize+1","Blade Dance","Choke","Glass Knife","Sucker Punch+1","Heel Hook","Cloak And Dagger","Caltrops+1","After Image","Escape Plan+1","Accuracy","Backflip"],"special_seed":0,"relics":["Ring of the Snake","NeowsBlessing","Omamori","Molten Egg 2","Sozu","NlothsMask"],"potions_floor_usage":[11,12,18],"damage_taken":[{"damage":0.0,"enemies":"2 Louse","floor":1.0,"turns":1.0},{"damage":0.0,"enemies":"Small Slimes","floor":4.0,"turns":1.0},{"damage":0.0,"enemies":"Lagavulin","floor":6.0,"turns":1.0},{"damage":0.0,"enemies":"Jaw Worm","floor":7.0,"turns":2.0},{"damage":0.0,"enemies":"Looter","floor":8.0,"turns":3.0},{"damage":5,"enemies":"Gremlin Gang","floor":11,"turns":5},{"damage":7,"enemies":"Exordium Wildlife","floor":12,"turns":3},{"damage":8,"enemies":"Hexaghost","floor":16,"turns":9},{"damage":1,"enemies":"2 Thieves","floor":18,"turns":4},{"damage":1,"enemies":"Shell Parasite","floor":20,"turns":4},{"damage":1,"enemies":"Centurion and Healer","floor":22,"turns":6},{"damage":54,"enemies":"Slavers","floor":23,"turns":4}],"seed_played":"5581531101756215764","potions_obtained":[{"floor":4.0,"key":"Weak Potion"},{"floor":6.0,"key":"SpeedPotion"},{"floor":8.0,"key":"Swift Potion"},{"floor":11,"key":"DuplicationPotion"}],"is_trial":false,"path_per_floor":["M","?","?","M","?","E","M","M","T","R","M","M","$","?","R","B",null,"M","$","M","?","M","E"],"character_chosen":"THE_SILENT","items_purchased":["Caltrops","Accuracy"],"campfire_rested":0,"item_purchase_floors":[13,19],"current_hp_per_floor":[63,63,49,49,42,42,42,42,42,42,37,30,30,23,23,15,56,55,55,54,54,53,0,0],"gold":32,"neow_bonus":"THREE_ENEMY_KILL","is_prod":false,"is_daily":false,"chose_seed":false,"campfire_upgraded":2,"win_rate":0,"timestamp":1607496852,"path_taken":["M","?","?","M","?","E","?","M","T","R","M","M","$","?","R","BOSS","M","$","?","?","M","E"],"build_version":"2020-11-30","purchased_purges":2,"victory":false,"max_hp_per_floor":[70,70,70,70,70,70,70,70,70,70,70,70,70,70,70,70,70,70,70,70,70,70,70,70],"card_choices":[{"not_picked":["Underhanded Strike","PiercingWail"],"picked":"Blade Dance","floor":1.0},{"not_picked":["Endless Agony","Calculated Gamble"],"picked":"Choke","floor":4.0},{"not_picked":["Deflect","Reflex"],"picked":"Glass Knife","floor":6.0},{"not_picked":["Bane","Prepared"],"picked":"Sucker Punch","floor":7.0},{"not_picked":["Expertise","Dagger Throw"],"picked":"Heel Hook","floor":8.0},{"not_picked":["Flying Knee+1","Well Laid Plans"],"picked":"Cloak And Dagger","floor":11},{"not_picked":["Concentrate","Dodge and Roll","Bane+1"],"picked":"SKIP","floor":12},{"not_picked":["Wraith Form v2","A Thousand Cuts"],"picked":"After Image","floor":16},{"not_picked":["Acrobatics","PiercingWail"],"picked":"Escape Plan+1","floor":18},{"not_picked":["Choke+1","Catalyst"],"picked":"Backflip","floor":20},{"not_picked":["Bane+1","Outmaneuver+1","Tactician"],"picked":"SKIP","floor":22}],"player_experience":1000141,"relics_obtained":[{"floor":6.0,"key":"Omamori"},{"floor":9.0,"key":"Molten Egg 2"}],"event_choices":[{"cards_removed":["Strike_G"],"damage_healed":0.0,"max_hp_gain":0.0,"max_hp_loss":0.0,"gold_gain":0.0,"event_name":"The Cleric","player_choice":"Card Removal","floor":2.0,"gold_loss":50.0,"damage_taken":0.0},{"damage_healed":0.0,"max_hp_gain":0.0,"max_hp_loss":0.0,"gold_gain":0.0,"event_name":"Shining Light","player_choice":"Entered Light","floor":3.0,"gold_loss":0.0,"damage_taken":14.0,"cards_upgraded":["Defend_G","Neutralize"]},{"cards_removed":["Strike_G"],"damage_healed":0.0,"max_hp_gain":0.0,"max_hp_loss":0.0,"gold_gain":0.0,"event_name":"Golden Wing","player_choice":"Card Removal","floor":5.0,"gold_loss":0.0,"damage_taken":7.0},{"damage_healed":0,"gold_gain":0,"player_choice":"Damaged","damage_taken":7,"max_hp_gain":0,"max_hp_loss":0,"event_name":"Wheel of Change","floor":14,"gold_loss":0},{"damage_healed":0,"gold_gain":0,"player_choice":"Trade","damage_taken":0,"relics_obtained":["NlothsMask"],"max_hp_gain":0,"max_hp_loss":0,"event_name":"FaceTrader","floor":21,"gold_loss":0}],"is_beta":false,"boss_relics":[{"not_picked":["SacredBark","Calling Bell"],"picked":"Sozu"}],"items_purged_floors":[13,19],"is_endless":false,"potions_floor_spawned":[4,6,8,11,18],"killed_by":"Slavers","ascension_level":11}}