{"host":"p245q48pmopyklqs","time":1607485816,"event":{"gold_per_floor":[115,132,143,153,169,169,180,180,235,270,270,270],"floor_reached":11,"playtime":844,"items_purged":[],"score":154,"play_id":"e500f101-1789-4546-bcb3-b3439034a091","local_time":"20201209125016","is_ascension_mode":true,"campfire_choices":[{"data":"Crippling Poison","floor":6.0,"key":"SMITH"},{"data":"Malaise","floor":8.0,"key":"SMITH"}],"neow_cost":"NONE","seed_source_timestamp":3278031697600,"circlet_count":0,"master_deck":["AscendersBane","Strike_G","Strike_G","Strike_G","Strike_G","Strike_G","Defend_G","Defend_G","Defend_G","Defend_G","Defend_G","Survivor","Neutralize","Quick Slash","Dagger Spray","Backflip","Predator","Crippling Poison+1","Malaise+1","Well Laid Plans"],"special_seed":0,"relics":["Ring of the Snake","NeowsBlessing","Omamori","Pen Nib"],"potions_floor_usage":[],"damage_taken":[{"damage":0.0,"enemies":"Small Slimes","floor":1.0,"turns":1.0},{"damage":0.0,"enemies":"2 Louse","floor":2.0,"turns":1.0},{"damage":0.0,"enemies":"Cultist","floor":3.0,"turns":1.0},{"damage":4.0,"enemies":"2 Fungi Beasts","floor":4.0,"turns":4.0},{"damage":3.0,"enemies":"Blue Slaver","floor":5.0,"turns":5.0},{"damage":5.0,"enemies":"Exordium Thugs","floor":7.0,"turns":5.0},{"damage":45.0,"enemies":"3 Sentries","floor":10.0,"turns":12.0},{"damage":2,"enemies":"Gremlin Gang","floor":11,"turns":1}],"seed_played":"1929110389962978176","potions_obtained":[{"floor":1.0,"key":"FearPotion"},{"floor":3.0,"key":"Regen Potion"},{"floor":10.0,"key":"LiquidMemories"}],"is_trial":false,"path_per_floor":["M","M","M","M","M","R","M","R","T","E","M"],"character_chosen":"THE_SILENT","items_purchased":[],"campfire_rested":0,"item_purchase_floors":[],"current_hp_per_floor":[59,59,59,55,52,52,47,47,47,2,0,0],"gold":270,"neow_bonus":"THREE_ENEMY_KILL","is_prod":false,"is_daily":false,"chose_seed":false,"campfire_upgraded":2,"win_rate":0,"timestamp":1607485816,"path_taken":["M","M","M","M","M","R","M","R","T","E","M"],"build_version":"2020-11-30","purchased_purges":0,"victory":false,"max_hp_per_floor":[66,66,66,66,66,66,66,66,66,66,66,66],"relic_stats":{"counters":[8,30],"Pen Nib":[0],"obtain_stats":[{"NeowsBlessing":0,"Pen Nib":10,"Omamori":9,"Ring of the Snake":0},{"NeowsBlessing":0,"Pen Nib":7,"Omamori":6,"Ring of the Snake":0},{"NeowsBlessing":0,"Pen Nib":29,"Omamori":17,"Ring of the Snake":0}],"Ring of the Snake":[16]},"card_choices":[{"not_picked":["Blur","Dodge and Roll"],"picked":"Quick Slash","floor":1.0},{"not_picked":["Sucker Punch","Bane"],"picked":"Dagger Spray","floor":2.0},{"not_picked":["Footwork","Riddle With Holes"],"picked":"Backflip","floor":3.0},{"not_picked":["Bane","Poisoned Stab"],"picked":"Predator","floor":4.0},{"not_picked":["Cloak And Dagger","Outmaneuver"],"picked":"Crippling Poison","floor":5.0},{"not_picked":["Dagger Spray","Accuracy"],"picked":"Malaise","floor":7.0},{"not_picked":["Expertise","Prepared"],"picked":"Well Laid Plans","floor":10.0}],"player_experience":2236332,"relics_obtained":[{"floor":9.0,"key":"Omamori"},{"floor":10.0,"key":"Pen Nib"}],"event_choices":[],"is_beta":false,"boss_relics":[],"items_purged_floors":[],"is_endless":false,"potions_floor_spawned":[1,3,10],"killed_by":"Gremlin Gang","ascension_level":20}}