{"host":"fq1bpa5mgr3rtgnr","time":1607519131,"event":{"gold_per_floor":[119,129,129,129,129,129,129],"floor_reached":6,"playtime":714,"items_purged":[],"score":41,"play_id":"e7cc8f98-0eb6-4b9c-a2fa-c93d88b06df4","local_time":"20201209080531","is_ascension_mode":true,"campfire_choices":[],"neow_cost":"NONE","seed_source_timestamp":190772766301500,"circlet_count":0,"master_deck":["Strike_P","Strike_P+1","Strike_P","Defend_P","Defend_P","Defend_P","Defend_P","Eruption","Vigilance+1","CurseOfTheBell","Swivel"],"relics":["Calling Bell","Smiling Mask","Sundial","GoldenEye","Golden Idol"],"potions_floor_usage":[6],"damage_taken":[{"damage":0,"enemies":"2 Louse","floor":1,"turns":2},{"damage":6,"enemies":"Jaw Worm","floor":2,"turns":4},{"damage":47,"enemies":"3 Sentries","floor":6,"turns":8}],"seed_played":"-2191330308366198328","potions_obtained":[{"floor":1,"key":"LiquidMemories"}],"is_trial":false,"path_per_floor":["M","M","?","?","?","E"],"character_chosen":"WATCHER","items_purchased":[],"campfire_rested":0,"item_purchase_floors":[],"current_hp_per_floor":[72,66,59,45,45,0,0],"gold":129,"neow_bonus":"BOSS_RELIC","is_prod":false,"is_daily":false,"chose_seed":false,"campfire_upgraded":0,"win_rate":0,"timestamp":1607519131,"path_taken":["M","M","?","?","?","E"],"build_version":"2020-11-30","purchased_purges":0,"victory":false,"max_hp_per_floor":[72,72,72,72,67,67,67],"relic_stats":{"counters":[3,14],"Sundial":[2],"Golden Idol":0,"Smiling Mask":0,"GoldenEye":[0],"obtain_stats":[{"Calling Bell":0,"Sundial":0,"Golden Idol":5,"PureWater":0,"Smiling Mask":0,"GoldenEye":0},{"Calling Bell":0,"Sundial":0,"Golden Idol":2,"PureWater":0,"Smiling Mask":0,"GoldenEye":0},{"Calling Bell":0,"Sundial":0,"Golden Idol":6,"PureWater":0,"Smiling Mask":0,"GoldenEye":0}]},"card_choices":[{"not_picked":["PathToVictory","ClearTheMind","EmptyBody"],"picked":"SKIP","floor":1},{"not_picked":["FlurryOfBlows","Crescendo"],"picked":"Swivel","floor":2}],"player_experience":317665,"relics_obtained":[{"floor":0,"key":"Smiling Mask"},{"floor":0,"key":"Sundial"},{"floor":0,"key":"GoldenEye"}],"event_choices":[{"cards_removed":["Strike_P"],"damage_healed":0,"gold_gain":0,"player_choice":"Card Removal","damage_taken":7,"max_hp_gain":0,"max_hp_loss":0,"event_name":"Golden Wing","floor":3,"gold_loss":0},{"damage_healed":0,"gold_gain":0,"player_choice":"Entered Light","damage_taken":14,"max_hp_gain":0,"max_hp_loss":0,"event_name":"Shining Light","floor":4,"gold_loss":0,"cards_upgraded":["Vigilance","Strike_P"]},{"damage_healed":0,"gold_gain":0,"player_choice":"Lose Max HP","damage_taken":0,"relics_obtained":["Golden Idol"],"max_hp_gain":0,"max_hp_loss":5,"event_name":"Golden Idol","floor":5,"gold_loss":0}],"is_beta":false,"boss_relics":[],"items_purged_floors":[],"is_endless":false,"potions_floor_spawned":[1],"killed_by":"3 Sentries","ascension_level":4}}