{"host":"std4gn17fijhzeq4","time":1607504480,"event":{"gold_per_floor":[110,110,125,300,300,300,331,331,331,349,364,180,180,193,193,321,321,336,185,185,185,185,216,216,256,279,291,303,331,283,316,328,340,340],"floor_reached":33,"playtime":1337,"items_purged":["Doubt"],"score":463,"play_id":"f7077dd4-07eb-4da5-b545-b632d07614d0","local_time":"20201209040120","is_ascension_mode":true,"campfire_choices":[{"data":"Bash","floor":6,"key":"SMITH"},{"data":"Metallicize","floor":8,"key":"SMITH"},{"data":"Heavy Blade","floor":13,"key":"SMITH"},{"data":"Armaments","floor":15,"key":"SMITH"},{"data":"Spot Weakness","floor":24,"key":"SMITH"},{"floor":32,"key":"REST"}],"neow_cost":"NONE","seed_source_timestamp":524121511970100,"circlet_count":0,"master_deck":["Strike_R+1","Strike_R+1","Strike_R+1","Strike_R+1","Strike_R+1","Defend_R+1","Defend_R+1","Defend_R+1","Bash+1","Spot Weakness+1","Metallicize+1","Pot Of Greed","Pot Of Greed","Armaments+1","Heavy Blade+1","Ghostly Armor+1","Impervious","Heavy Blade+1","Offering","Immolate"],"relics":["Burning Blood","NeowsBlessing","Golden Idol","Grinning Jar","Letter Opener","Paper Frog","Sozu","DollysMirror","Garlic","Bottled Flame","Boot","MawBank"],"potions_floor_usage":[16,25],"damage_taken":[{"damage":0,"enemies":"Jaw Worm","floor":1,"turns":1},{"damage":0,"enemies":"2 Louse","floor":3,"turns":1},{"damage":0,"enemies":"3 Sentries","floor":7,"turns":2},{"damage":5,"enemies":"Small Slimes","floor":10,"turns":4},{"damage":11,"enemies":"Exordium Thugs","floor":11,"turns":5},{"damage":2,"enemies":"2 Fungi Beasts","floor":14,"turns":5},{"damage":34,"enemies":"Slime Boss","floor":16,"turns":5},{"damage":0,"enemies":"Chosen","floor":18,"turns":3},{"damage":23,"enemies":"Book of Stabbing","floor":23,"turns":7},{"damage":34,"enemies":"Slavers","floor":25,"turns":3},{"damage":6,"enemies":"Shell Parasite","floor":29,"turns":3},{"damage":6,"enemies":"3 Cultists","floor":31,"turns":3},{"damage":81,"enemies":"Automaton","floor":33,"turns":6}],"seed_played":"8083991517501068115","potions_obtained":[{"floor":1,"key":"Weak Potion"},{"floor":11,"key":"PowerPotion"},{"floor":14,"key":"PowerPotion"}],"is_trial":false,"path_per_floor":["M","?","M","?","?","R","E","R","T","M","M","$","R","M","R","B",null,"M","$","?","$","T","E","R","E","T","?","$","M","?","M","R","B"],"character_chosen":"IRONCLAD","items_purchased":["Heavy Blade","Ghostly Armor+1","DollysMirror"],"campfire_rested":1,"item_purchase_floors":[12,12,19],"current_hp_per_floor":[78,58,64,64,64,64,70,70,70,71,66,66,66,70,70,42,71,77,77,77,77,77,60,60,32,32,32,32,32,32,32,56,0,0],"gold":340,"neow_bonus":"THREE_ENEMY_KILL","is_prod":false,"is_daily":false,"chose_seed":false,"campfire_upgraded":5,"win_rate":0,"timestamp":1607504480,"path_taken":["M","?","M","?","?","R","E","R","T","M","M","$","R","M","R","BOSS","M","$","?","$","?","E","R","E","T","?","$","M","?","M","R","BOSS"],"build_version":"2020-11-30","purchased_purges":1,"victory":false,"max_hp_per_floor":[80,80,80,80,80,80,80,80,80,80,80,80,80,80,80,80,80,80,80,80,80,80,80,80,80,80,80,80,80,80,80,80,80,80],"card_choices":[{"not_picked":["Second Wind","Cleave"],"picked":"Spot Weakness","floor":1},{"not_picked":["ReplayTheSpireMod:Strike From Hell","Anger"],"picked":"Metallicize","floor":3},{"not_picked":["Iron Wave","Perfected Strike","Sentinel"],"picked":"SKIP","floor":7},{"not_picked":["Evolve","Clothesline"],"picked":"Armaments","floor":10},{"not_picked":["Armaments","Bloodletting","Havoc"],"picked":"SKIP","floor":11},{"not_picked":["Iron Wave","Twin Strike","Thunderclap"],"picked":"SKIP","floor":14},{"not_picked":["Barricade","Fiend Fire"],"picked":"Impervious","floor":16},{"not_picked":["Armaments+1","Body Slam","Sever Soul+1"],"picked":"SKIP","floor":18},{"not_picked":["Thunderclap","True Grit+1"],"picked":"Offering","floor":23},{"not_picked":["Life Link","True Grit"],"picked":"Immolate","floor":25},{"not_picked":["ReplayTheSpireMod:Stacked","Pommel Strike+1","Replay:Undeath\u0027s Touch"],"picked":"SKIP","floor":29},{"not_picked":["Sever Soul","Headbutt+1","Bloodletting+1"],"picked":"SKIP","floor":31}],"player_experience":329622,"relics_obtained":[{"floor":7,"key":"Letter Opener"},{"floor":9,"key":"Paper Frog"},{"floor":22,"key":"Garlic"},{"floor":23,"key":"Bottled Flame"},{"floor":25,"key":"Boot"},{"floor":26,"key":"MawBank"}],"event_choices":[{"damage_healed":0,"gold_gain":0,"player_choice":"Take Damage","damage_taken":20,"relics_obtained":["Golden Idol"],"max_hp_gain":0,"max_hp_loss":0,"event_name":"Golden Idol","floor":2,"gold_loss":0},{"damage_healed":0,"gold_gain":175,"player_choice":"AGREE","damage_taken":0,"max_hp_gain":0,"max_hp_loss":0,"event_name":"Liars Game","floor":4,"gold_loss":0,"cards_obtained":["Doubt"]},{"damage_healed":0,"gold_gain":0,"player_choice":"Gave Potion","damage_taken":0,"relics_obtained":["Grinning Jar"],"max_hp_gain":0,"max_hp_loss":0,"event_name":"WeMeetAgain","floor":5,"gold_loss":0},{"cards_removed":["Defend_R"],"damage_healed":0,"gold_gain":0,"player_choice":"Offered Basic","damage_taken":0,"max_hp_gain":0,"max_hp_loss":0,"event_name":"Bonfire Elementals","floor":20,"gold_loss":0},{"damage_healed":0,"gold_gain":0,"player_choice":"Simplicity","damage_taken":0,"max_hp_gain":0,"max_hp_loss":0,"event_name":"Back to Basics","floor":27,"gold_loss":0,"cards_upgraded":["Strike_R","Strike_R","Strike_R","Strike_R","Strike_R","Defend_R","Defend_R","Defend_R"]}],"is_beta":false,"boss_relics":[{"not_picked":["Runic Pyramid","Empty Cage"],"picked":"Sozu"}],"items_purged_floors":[12],"is_endless":false,"potions_floor_spawned":[1,11,14,18,29],"killed_by":"Automaton","ascension_level":8}}