{"host":"eez7vtcxu2i37lck","time":1607505761,"event":{"gold_per_floor":[13,13,24,43,61,95,95,95,120,120,120],"floor_reached":10,"playtime":342,"items_purged":[],"score":68,"play_id":"1e9ff90d-c58d-4645-8bce-0620fdd70cc3","local_time":"20201209042241","is_ascension_mode":false,"campfire_choices":[],"neow_cost":"NO_GOLD","seed_source_timestamp":805476703785000,"circlet_count":0,"master_deck":["Strike_B","Strike_B","Strike_B","Strike_B","Defend_B","Defend_B","Defend_B","Defend_B","Zap","Dualcast","Replay:Dark Deal","Loop","Chaos","Auto Shields","Storm","Hello World"],"relics":["Cracked Core","Replay:Antivirus Software","Pet Ghost","Potion Belt"],"potions_floor_usage":[],"damage_taken":[{"damage":1,"enemies":"Cultist","floor":1,"turns":3},{"damage":5,"enemies":"Small Slimes","floor":3,"turns":4},{"damage":9,"enemies":"2 Louse","floor":4,"turns":4},{"damage":14,"enemies":"Gremlin Gang","floor":5,"turns":4},{"damage":42,"enemies":"Lagavulin","floor":6,"turns":7}],"seed_played":"-1522392034034424884","potions_obtained":[{"floor":3,"key":"Energy Potion"},{"floor":4,"key":"Energy Potion"},{"floor":5,"key":"PowerPotion"}],"is_trial":false,"path_per_floor":["M","T","M","M","M","E","?","?","T","R"],"character_chosen":"DEFECT","items_purchased":[],"campfire_rested":0,"item_purchase_floors":[],"current_hp_per_floor":[74,74,69,60,46,4,4,4,4,4,4],"gold":120,"neow_bonus":"RANDOM_COLORLESS_2","is_prod":false,"is_daily":false,"chose_seed":false,"campfire_upgraded":0,"win_rate":0,"timestamp":1607505761,"path_taken":["M","?","M","M","M","E","?","?","T","R"],"build_version":"2020-11-30","purchased_purges":0,"victory":false,"max_hp_per_floor":[75,75,75,75,75,75,75,75,75,75,75],"card_choices":[{"not_picked":["Panache","expansioncontent:Corrupt"],"picked":"Replay:Dark Deal","floor":0},{"not_picked":["Steam","Streamline"],"picked":"Loop","floor":1},{"not_picked":["Tempest","Turbo"],"picked":"Chaos","floor":3},{"not_picked":["Hologram","ReplayTheSpireMod:Calculation Training"],"picked":"Auto Shields","floor":4},{"not_picked":["Sunder","Stack"],"picked":"Storm","floor":5},{"not_picked":["Barrage","Stack"],"picked":"Hello World","floor":6}],"player_experience":208083,"relics_obtained":[{"floor":2,"key":"Replay:Antivirus Software"},{"floor":6,"key":"Pet Ghost"},{"floor":9,"key":"Potion Belt"}],"event_choices":[{"damage_healed":0,"gold_gain":0,"player_choice":"Ignored","damage_taken":0,"max_hp_gain":0,"max_hp_loss":0,"event_name":"Liars Game","floor":7,"gold_loss":0}],"is_beta":false,"boss_relics":[],"items_purged_floors":[],"is_endless":false,"potions_floor_spawned":[3,4,5],"ascension_level":0}}