{"host":"9nd616dgym2ayubq","time":1607472179,"event":{"gold_per_floor":[112,112,125,125,75,105,105,116,191,12,23,23,38,55,55,157,157,170,188,208,133,133,133,133],"floor_reached":23,"playtime":1544,"items_purged":[],"score":425,"play_id":"c5295f60-e29a-4baa-aea3-5b5ad1185fba","local_time":"20201208160259","is_ascension_mode":true,"campfire_choices":[{"floor":7.0,"key":"REST"},{"data":"Endless Agony","floor":12.0,"key":"SMITH"},{"data":"Footwork","floor":15.0,"key":"SMITH"}],"neow_cost":"NONE","seed_source_timestamp":0,"circlet_count":0,"master_deck":["Strike_G+1","Strike_G","Strike_G","Defend_G","Defend_G","Defend_G","Defend_G","Survivor+1","Neutralize","Flying Knee","Endless Agony+1","Footwork","Accuracy","Mayhem","Footwork+1","A Thousand Cuts","Skewer","Envenom","Caltrops"],"special_seed":0,"relics":["Ring of the Snake","Lantern","Happy Flower","Mummified Hand","Eternal Feather","Empty Cage","Potion Belt"],"potions_floor_usage":[16,16,16],"damage_taken":[{"damage":6.0,"enemies":"Jaw Worm","floor":1.0,"turns":6.0},{"damage":0.0,"enemies":"Small Slimes","floor":3.0,"turns":4.0},{"damage":24.0,"enemies":"Lagavulin","floor":6.0,"turns":8.0},{"damage":0.0,"enemies":"2 Louse","floor":8.0,"turns":2.0},{"damage":0.0,"enemies":"Red Slaver","floor":11.0,"turns":5.0},{"damage":3.0,"enemies":"Lots of Slimes","floor":13.0,"turns":6.0},{"damage":8.0,"enemies":"Blue Slaver","floor":14.0,"turns":3.0},{"damage":39,"enemies":"Slime Boss","floor":16,"turns":12},{"damage":8,"enemies":"Spheric Guardian","floor":18,"turns":4},{"damage":17,"enemies":"2 Thieves","floor":19,"turns":4},{"damage":22,"enemies":"Centurion and Healer","floor":20,"turns":7},{"damage":8,"enemies":"Book of Stabbing","floor":23,"turns":2}],"seed_played":"-4909943580191110707","potions_obtained":[{"floor":1.0,"key":"Energy Potion"},{"floor":8.0,"key":"Energy Potion"},{"floor":13.0,"key":"SneckoOil"},{"floor":14.0,"key":"CultistPotion"}],"is_trial":false,"path_per_floor":["M","?","M","?","?","E","R","M","T","$","M","R","M","M","R","B",null,"M","M","M","?","T","E"],"character_chosen":"THE_SILENT","items_purchased":["Mayhem"],"campfire_rested":1,"item_purchase_floors":[10],"current_hp_per_floor":[57,43,43,43,43,19,40,40,40,40,40,49,46,38,47,8,55,47,30,8,8,8,0,0],"gold":133,"neow_bonus":"RANDOM_COMMON_RELIC","is_prod":false,"is_daily":false,"chose_seed":false,"campfire_upgraded":2,"win_rate":0,"timestamp":1607472179,"path_taken":["M","?","M","?","?","E","R","M","T","?","?","R","M","M","R","BOSS","M","M","?","?","?","E"],"build_version":"2020-11-30","purchased_purges":0,"victory":false,"max_hp_per_floor":[70,70,70,70,70,70,70,70,70,70,70,70,70,70,70,70,70,70,70,70,70,70,70,70],"card_choices":[{"not_picked":["Predator","Sucker Punch"],"picked":"Flying Knee","floor":1.0},{"not_picked":["Poisoned Stab","Leg Sweep"],"picked":"Endless Agony","floor":3.0},{"not_picked":["Flying Knee","PiercingWail"],"picked":"Footwork","floor":6.0},{"not_picked":["Reflex","Slice"],"picked":"Accuracy","floor":8.0},{"not_picked":["Slice","Poisoned Stab","Endless Agony"],"picked":"SKIP","floor":11.0},{"not_picked":["Crippling Poison","Deflect","Deadly Poison"],"picked":"SKIP","floor":13.0},{"not_picked":["Calculated Gamble","Caltrops"],"picked":"Footwork","floor":14.0},{"not_picked":["Glass Knife","Die Die Die"],"picked":"A Thousand Cuts","floor":16},{"not_picked":["Deadly Poison","Dagger Throw"],"picked":"Skewer","floor":18},{"not_picked":["Flying Knee","Dodge and Roll"],"picked":"Envenom","floor":19},{"not_picked":["Setup","Escape Plan"],"picked":"Caltrops","floor":20}],"player_experience":1270638,"relics_obtained":[{"floor":6.0,"key":"Mummified Hand"},{"floor":9.0,"key":"Eternal Feather"},{"floor":22,"key":"Potion Belt"}],"event_choices":[{"damage_healed":0.0,"max_hp_gain":0.0,"max_hp_loss":0.0,"gold_gain":0.0,"event_name":"Shining Light","player_choice":"Entered Light","floor":2.0,"gold_loss":0.0,"damage_taken":14.0,"cards_upgraded":["Strike_G","Survivor"]},{"damage_healed":0.0,"max_hp_gain":0.0,"max_hp_loss":0.0,"gold_gain":0.0,"event_name":"Big Fish","player_choice":"Box","floor":4.0,"gold_loss":0.0,"damage_taken":0.0,"relics_obtained":["Happy Flower"],"cards_obtained":["Regret"]},{"cards_removed":["Regret"],"damage_healed":0.0,"max_hp_gain":0.0,"max_hp_loss":0.0,"gold_gain":0.0,"event_name":"The Cleric","player_choice":"Card Removal","floor":5.0,"gold_loss":50.0,"damage_taken":0.0},{"cards_removed":["Strike_G"],"damage_healed":0,"gold_gain":0,"player_choice":"Gave Gold","damage_taken":0,"max_hp_gain":0,"max_hp_loss":0,"event_name":"Beggar","floor":21,"gold_loss":75}],"is_beta":false,"boss_relics":[{"not_picked":["Calling Bell","Busted Crown"],"picked":"Empty Cage"}],"items_purged_floors":[],"is_endless":false,"potions_floor_spawned":[1,8,13,14],"killed_by":"Book of Stabbing","ascension_level":9}}