{"host":"agela5aetnmltfvm","time":1607530503,"event":{"gold_per_floor":[209,227,302,1,1,1,39,59,59,87,87,87,121,121,121,210,210,218,218,133,1,23,69,69,69,96,96,109,138,63,63,63,42,42],"floor_reached":33,"playtime":1556,"items_purged":["hierophant:Defend_Hierophant"],"score":246,"play_id":"4ef9d210-c1bf-418d-aeec-cb4f56a0ef22","local_time":"20201210001503","is_ascension_mode":false,"campfire_choices":[{"data":"hierophant:ChurchCoffers","floor":6,"key":"SMITH"},{"data":"hierophant:Batter","floor":12,"key":"SMITH"},{"floor":15,"key":"REST"},{"data":"hierophant:ArchangelShield","floor":24,"key":"SMITH"},{"data":"hierophant:AuricForm","floor":32,"key":"SMITH"}],"neow_cost":"NONE","seed_source_timestamp":6272680014300,"circlet_count":0,"master_deck":["hierophant:Strike_Hierophant","hierophant:Strike_Hierophant","hierophant:Punish+1","hierophant:Defend_Hierophant","hierophant:Defend_Hierophant","hierophant:ChurchCoffers+1","hierophant:Chorus+1","hierophant:Patience","hierophant:ArchangelShield+1","hierophant:Batter+1","hierophant:Doubloon","hierophant:CoinFling","hierophant:Exaltation","hierophant:SolarFlare","hierophant:DeathKnell","CurseOfTheBell","hierophant:FieryStrike+1","hierophant:FaithHealing","hierophant:OrnateBuckler","hierophant:Embezzle+1","hierophant:AuricForm+1"],"relics":["hierophant:PropheticMaskRelic","Lee\u0027s Waffle","Pocketwatch","Iron Hammer","Happy Flower","ReplayTheSpireMod:Lightbulb","Calling Bell","Nunchaku","ReplayTheSpireMod:Ninjato","StoneCalendar","Pet Ghost","ReplayTheSpireMod:Shallot","Whetstone"],"potions_floor_usage":[16,29,33],"damage_taken":[{"damage":2,"enemies":"2 Louse","floor":1,"turns":2},{"damage":3,"enemies":"Jaw Worm","floor":2,"turns":4},{"damage":31,"enemies":"3 Sentries","floor":7,"turns":9},{"damage":0,"enemies":"Cultist","floor":8,"turns":2},{"damage":7,"enemies":"3 Louse","floor":10,"turns":3},{"damage":13,"enemies":"Lagavulin","floor":13,"turns":5},{"damage":34,"enemies":"Slime Boss","floor":16,"turns":8},{"damage":0,"enemies":"Spheric Guardian","floor":18,"turns":2},{"damage":0,"enemies":"Chosen","floor":22,"turns":4},{"damage":55,"enemies":"Slavers","floor":23,"turns":7},{"damage":0,"enemies":"Centurion and Healer","floor":28,"turns":4},{"damage":5,"enemies":"Snake Plant","floor":29,"turns":3},{"damage":26,"enemies":"Champ","floor":33,"turns":6}],"seed_played":"695635654188643582","potions_obtained":[{"floor":1,"key":"SpeedPotion"},{"floor":7,"key":"SneckoOil"},{"floor":13,"key":"Weak Potion"},{"floor":16,"key":"Dexterity Potion"},{"floor":22,"key":"Strength Potion"},{"floor":23,"key":"Explosive Potion"},{"floor":29,"key":"Explosive Potion"}],"is_trial":false,"path_per_floor":["M","M","?","$","?","R","E","M","T","M","?","R","E","?","R","B",null,"M","?","?","$","M","E","R","?","T","?","M","M","$","?","R","B"],"character_chosen":"HIEROPHANT","items_purchased":["hierophant:ArchangelShield","hierophant:Batter","Lee\u0027s Waffle","hierophant:FaithHealing","hierophant:OrnateBuckler"],"campfire_rested":1,"item_purchase_floors":[4,4,4,21,21],"current_hp_per_floor":[73,70,59,82,82,82,51,51,51,44,37,37,24,21,45,11,82,82,82,82,82,82,27,27,27,27,27,27,22,22,22,22,0,0],"gold":42,"neow_bonus":"HUNDRED_GOLD","is_prod":false,"is_daily":false,"chose_seed":false,"campfire_upgraded":4,"win_rate":0.0,"timestamp":1607530503,"path_taken":["M","M","?","$","?","R","E","?","T","M","?","R","E","?","R","BOSS","M","?","?","$","M","E","R","?","T","?","M","?","?","?","R","BOSS"],"build_version":"2020-11-30","purchased_purges":1,"victory":false,"max_hp_per_floor":[75,75,75,82,82,82,82,82,82,82,82,82,82,82,82,82,82,82,82,82,82,82,82,82,82,82,82,82,82,82,82,82,82,82],"card_choices":[{"not_picked":["hierophant:Racketeering","hierophant:Remorse"],"picked":"hierophant:Chorus","floor":1},{"not_picked":["hierophant:Doubloon","hierophant:Zeal"],"picked":"hierophant:Patience","floor":2},{"not_picked":["hierophant:RecallFunds","hierophant:AuricForm"],"picked":"hierophant:Exaltation","floor":7},{"not_picked":["hierophant:AuricBeam","hierophant:MorningPrayer","hierophant:Empathy"],"picked":"SKIP","floor":8},{"not_picked":["hierophant:Community","hierophant:OrnateBuckler"],"picked":"hierophant:SolarFlare","floor":10},{"not_picked":["hierophant:AuricBeam","hierophant:Flagellation","hierophant:AuricForm"],"picked":"SKIP","floor":13},{"not_picked":["hierophant:Cornucopia","hierophant:Levitation"],"picked":"hierophant:DeathKnell","floor":16},{"not_picked":["hierophant:TollTheBells","hierophant:DisplayOfPower"],"picked":"hierophant:FieryStrike","floor":18},{"not_picked":["hierophant:Purify+1","hierophant:Encroach"],"picked":"hierophant:Embezzle+1","floor":22},{"not_picked":["hierophant:ThreeLashes","hierophant:SecretStash+1"],"picked":"hierophant:AuricForm","floor":23},{"not_picked":["hierophant:Upheaval","hierophant:FaithHealing","hierophant:AuricBeam+1"],"picked":"SKIP","floor":28},{"not_picked":["hierophant:Rebuild","hierophant:CoinFling","hierophant:Endure"],"picked":"SKIP","floor":29}],"player_experience":486255,"relics_obtained":[{"floor":7,"key":"Pocketwatch"},{"floor":9,"key":"Iron Hammer"},{"floor":13,"key":"Happy Flower"},{"floor":17,"key":"Nunchaku"},{"floor":17,"key":"ReplayTheSpireMod:Ninjato"},{"floor":17,"key":"StoneCalendar"},{"floor":23,"key":"ReplayTheSpireMod:Shallot"},{"floor":26,"key":"Whetstone"}],"event_choices":[{"damage_healed":0,"gold_gain":75,"player_choice":"Gather Gold","damage_taken":11,"max_hp_gain":0,"max_hp_loss":0,"event_name":"World of Goop","floor":3,"gold_loss":0},{"damage_healed":0,"gold_gain":0,"cards_transformed":["hierophant:Strike_Hierophant"],"player_choice":"Transformed","damage_taken":0,"max_hp_gain":0,"max_hp_loss":0,"event_name":"Transmorgrifier","floor":5,"gold_loss":0,"cards_obtained":["hierophant:CoinFling"]},{"cards_removed":["hierophant:Strike_Hierophant"],"damage_healed":0,"gold_gain":0,"player_choice":"Card Removal","damage_taken":7,"max_hp_gain":0,"max_hp_loss":0,"event_name":"Golden Wing","floor":11,"gold_loss":0},{"damage_healed":0,"gold_gain":0,"player_choice":"Success","damage_taken":3,"relics_obtained":["ReplayTheSpireMod:Lightbulb"],"max_hp_gain":0,"max_hp_loss":0,"event_name":"Scrap Ooze","floor":14,"gold_loss":0},{"cards_removed":["hierophant:Defend_Hierophant"],"damage_healed":0,"gold_gain":0,"player_choice":"Elegance","damage_taken":0,"max_hp_gain":0,"max_hp_loss":0,"event_name":"Back to Basics","floor":19,"gold_loss":0},{"damage_healed":0,"gold_gain":0,"player_choice":"Obtained Relic","damage_taken":0,"relics_obtained":["Pet Ghost"],"max_hp_gain":0,"max_hp_loss":0,"event_name":"Addict","floor":20,"gold_loss":85},{"damage_healed":0,"gold_gain":0,"player_choice":"Ignored","damage_taken":0,"max_hp_gain":0,"max_hp_loss":0,"event_name":"Ghosts","floor":25,"gold_loss":0},{"damage_healed":0,"gold_gain":0,"player_choice":"Upgraded","damage_taken":0,"max_hp_gain":0,"max_hp_loss":0,"event_name":"Upgrade Shrine","floor":27,"gold_loss":0,"cards_upgraded":["hierophant:Chorus"]},{"damage_healed":0,"gold_gain":0,"player_choice":"Bought 0 Potions","damage_taken":0,"max_hp_gain":0,"max_hp_loss":0,"event_name":"The Woman in Blue","floor":31,"gold_loss":0}],"is_beta":false,"boss_relics":[{"not_picked":["Replay:Ancient Bell","Replay:Drink Me"],"picked":"Calling Bell"}],"items_purged_floors":[30],"is_endless":false,"potions_floor_spawned":[1,7,13,16,22,23,29],"killed_by":"Champ","ascension_level":0}}