{"host":"p7j7o00jacnw7qzt","time":1607500473,"event":{"gold_per_floor":[118,128,145,220,234,234,262,262,289,289,131,141,203,203,203,293,293,312,43,61,61,85,85,118,118,143,18,18,18,18,53,65,176,188,214,226,256,293,305,357,58,102,102,137,155,488,516,532,532,532,532,532,532,213,247,247],"floor_reached":57,"playtime":3188,"items_purged":["Strike_G","Defend_G","Defend_G","Strike_G","All Out Attack+1"],"score":3062,"play_id":"493c4dd6-aefc-45ba-be9e-c93c28380f3b","local_time":"20201209025433","is_ascension_mode":true,"campfire_choices":[{"data":"Phantasmal Killer","floor":6.0,"key":"SMITH"},{"data":"Blade Dance","floor":8.0,"key":"SMITH"},{"data":"Calculated Gamble","floor":15.0,"key":"SMITH"},{"data":"Expertise","floor":23.0,"key":"SMITH"},{"data":"Well Laid Plans","floor":25.0,"key":"SMITH"},{"data":"Concentrate","floor":28.0,"key":"SMITH"},{"floor":32.0,"key":"RECALL"},{"data":"Reflex","floor":49.0,"key":"SMITH"},{"data":"Ghostly","floor":53.0,"key":"SMITH"}],"neow_cost":"TEN_PERCENT_HP_LOSS","seed_source_timestamp":2085497976318700,"circlet_count":0,"master_deck":["AscendersBane","Strike_G","Strike_G","Defend_G+1","Defend_G","Defend_G","Survivor","Neutralize","Phantasmal Killer+1","Well Laid Plans+1","Concentrate+1","Blade Dance+1","Expertise+1","Calculated Gamble+1","Acrobatics+1","Ghostly","Ghostly","Ghostly+1","Terror","Reflex+1","Footwork+1"],"special_seed":0,"relics":["Ring of the Snake","Pen Nib","Akabeko","Blood Vial","Coffee Dripper","TheAbacus","Juzu Bracelet","MawBank","WristBlade","MealTicket","Potion Belt","White Beast Statue","Frozen Egg 2","Ginger","Paper Crane","Orichalcum"],"potions_floor_usage":[56,56,56,56,56,56],"damage_taken":[{"damage":0.0,"enemies":"Small Slimes","floor":1.0,"turns":5.0},{"damage":4.0,"enemies":"2 Louse","floor":2.0,"turns":3.0},{"damage":0.0,"enemies":"Cultist","floor":3.0,"turns":4.0},{"damage":2.0,"enemies":"Gremlin Gang","floor":5.0,"turns":7.0},{"damage":22.0,"enemies":"Lagavulin","floor":7.0,"turns":7.0},{"damage":0.0,"enemies":"2 Fungi Beasts","floor":12.0,"turns":2.0},{"damage":0.0,"enemies":"Gremlin Nob","floor":13.0,"turns":3.0},{"damage":0.0,"enemies":"Slime Boss","floor":16.0,"turns":3.0},{"damage":0.0,"enemies":"3 Byrds","floor":18.0,"turns":2.0},{"damage":0.0,"enemies":"Spheric Guardian","floor":20.0,"turns":3.0},{"damage":8.0,"enemies":"Snake Plant","floor":22.0,"turns":2.0},{"damage":16.0,"enemies":"Slavers","floor":24.0,"turns":4.0},{"damage":3.0,"enemies":"Gremlin Leader","floor":31.0,"turns":4.0},{"damage":10.0,"enemies":"Automaton","floor":33.0,"turns":6.0},{"damage":2.0,"enemies":"Orb Walker","floor":35.0,"turns":3.0},{"damage":0.0,"enemies":"3 Shapes","floor":37.0,"turns":3.0},{"damage":0.0,"enemies":"Maw","floor":38.0,"turns":4.0},{"damage":1.0,"enemies":"Reptomancer","floor":40.0,"turns":4.0},{"damage":0.0,"enemies":"Nemesis","floor":42.0,"turns":5.0},{"damage":1.0,"enemies":"Giant Head","floor":44.0,"turns":4.0},{"damage":1.0,"enemies":"Sphere and 2 Shapes","floor":45.0,"turns":5.0},{"damage":0.0,"enemies":"Nemesis","floor":47.0,"turns":5.0},{"damage":2.0,"enemies":"Jaw Worm Horde","floor":48.0,"turns":3.0},{"damage":9.0,"enemies":"Time Eater","floor":50.0,"turns":6.0},{"damage":7.0,"enemies":"Awakened One","floor":51.0,"turns":5.0},{"damage":0,"enemies":"Shield and Spear","floor":55,"turns":4},{"damage":6,"enemies":"The Heart","floor":56,"turns":7}],"seed_played":"-6888322520353038515","potions_obtained":[{"floor":2.0,"key":"ColorlessPotion"},{"floor":3.0,"key":"SpeedPotion"},{"floor":7.0,"key":"ColorlessPotion"},{"floor":16.0,"key":"Fire Potion"},{"floor":18.0,"key":"ColorlessPotion"},{"floor":24.0,"key":"PowerPotion"},{"floor":31.0,"key":"EntropicBrew"},{"floor":44.0,"key":"Poison Potion"},{"floor":45.0,"key":"LiquidBronze"},{"floor":47.0,"key":"PowerPotion"},{"floor":48.0,"key":"ColorlessPotion"}],"is_trial":false,"path_per_floor":["M","M","M","?","M","R","E","R","T","?","$","M","?","?","R","B",null,"M","$","M","?","M","R","E","R","T","$","R","?","?","E","R","B",null,"M","?","M","M","?","E","$","E","T","E","M","?","E","M","R","B","B",null,"R","$","E","B",null],"character_chosen":"THE_SILENT","items_purchased":["Expertise","TheAbacus","Potion Belt","Swift Potion","Footwork+1"],"campfire_rested":0,"item_purchase_floors":[11,19,41,54,54],"current_hp_per_floor":[59,55,55,44,42,42,20,20,20,2,2,2,2,2,2,4,42,44,44,46,46,40,40,26,26,26,26,26,26,26,24,24,16,24,24,24,26,26,26,25,26,26,26,25,25,25,26,24,24,17,12,23,23,26,26,20],"gold":247,"neow_bonus":"THREE_RARE_CARDS","is_prod":false,"is_daily":false,"chose_seed":false,"campfire_upgraded":8,"win_rate":0,"timestamp":1607500473,"path_taken":["M","M","M","?","M","R","E","R","T","?","$","M","?","?","R","BOSS","M","$","M","?","M","R","E","R","T","?","R","?","?","E","R","BOSS","M","?","M","M","?","E","$","E","T","E","M","?","E","M","R","BOSS","BOSS","R","$","E","BOSS"],"build_version":"2020-11-30","purchased_purges":5,"victory":true,"max_hp_per_floor":[60,60,60,60,60,60,60,60,60,60,60,60,60,54,54,54,54,54,54,54,54,54,54,54,54,54,54,54,54,27,27,27,27,27,27,26,26,26,26,26,26,26,26,26,26,26,26,26,26,26,26,26,26,26,26,26],"relic_stats":{"Blood Vial":23,"TheAbacus":[390],"counters":[27,113],"MealTicket":4,"Pen Nib":[37],"Juzu Bracelet":1,"Ginger":[3],"Orichalcum":[0],"MawBank":120,"obtain_stats":[{"Potion Belt":41,"Golden Idol":14,"Pen Nib":7,"Juzu Bracelet":24,"Ginger":44,"Frozen Egg 2":43,"Paper Crane":47,"Orichalcum":55,"MawBank":31,"Akabeko":9,"White Beast Statue":42,"Blood Vial":13,"TheAbacus":19,"WristBlade":34,"MealTicket":40,"Coffee Dripper":17,"Ring of the Snake":0},{"Potion Belt":18,"Golden Idol":7,"Pen Nib":5,"Juzu Bracelet":12,"Ginger":20,"Frozen Egg 2":19,"Paper Crane":22,"Orichalcum":26,"MawBank":13,"Akabeko":5,"White Beast Statue":19,"Blood Vial":7,"TheAbacus":9,"WristBlade":14,"MealTicket":18,"Coffee Dripper":8,"Ring of the Snake":0},{"Potion Belt":69,"Golden Idol":31,"Pen Nib":26,"Juzu Bracelet":45,"Ginger":78,"Frozen Egg 2":74,"Paper Crane":88,"Orichalcum":106,"MawBank":49,"Akabeko":26,"White Beast Statue":74,"Blood Vial":31,"TheAbacus":36,"WristBlade":55,"MealTicket":69,"Coffee Dripper":34,"Ring of the Snake":0}],"Ring of the Snake":[54]},"card_choices":[{"not_picked":["Corpse Explosion","Storm of Steel"],"picked":"Phantasmal Killer","floor":0.0},{"not_picked":["Deflect","Cloak And Dagger"],"picked":"Well Laid Plans","floor":1.0},{"not_picked":["Well Laid Plans","Dagger Throw"],"picked":"Concentrate","floor":2.0},{"not_picked":["Riddle With Holes","Bane"],"picked":"Blade Dance","floor":3.0},{"not_picked":["Bane","Well Laid Plans"],"picked":"All Out Attack","floor":5.0},{"not_picked":["Setup","Well Laid Plans","Quick Slash"],"picked":"SKIP","floor":7.0},{"not_picked":["Flying Knee","Deflect","Deadly Poison"],"picked":"SKIP","floor":12.0},{"not_picked":["Underhanded Strike","Outmaneuver"],"picked":"Calculated Gamble","floor":13.0},{"not_picked":["Slice","Catalyst","Quick Slash+1"],"picked":"SKIP","floor":18.0},{"not_picked":["Dash","Sucker Punch","Deflect"],"picked":"SKIP","floor":20.0},{"not_picked":["Sucker Punch","Outmaneuver","Crippling Poison"],"picked":"SKIP","floor":22.0},{"not_picked":["Heel Hook","Endless Agony+1"],"picked":"Acrobatics+1","floor":24.0},{"not_picked":["Tools of the Trade","Catalyst"],"picked":"Terror","floor":31.0},{"not_picked":["Sucker Punch","Deadly Poison"],"picked":"Reflex","floor":35.0},{"not_picked":["Terror","Acrobatics","Dagger Throw"],"picked":"SKIP","floor":37.0},{"not_picked":["Sucker Punch","Dagger Throw+1","Terror"],"picked":"SKIP","floor":38.0},{"not_picked":["Footwork","Terror","Infinite Blades+1"],"picked":"SKIP","floor":40.0},{"not_picked":["Bane","A Thousand Cuts","Predator+1"],"picked":"SKIP","floor":42.0},{"not_picked":["Burst","Deadly Poison","Deflect+1"],"picked":"SKIP","floor":44.0},{"not_picked":["Deflect+1","Distraction","Cloak And Dagger"],"picked":"SKIP","floor":45.0},{"not_picked":["Noxious Fumes+1","Backflip+1","Sucker Punch"],"picked":"SKIP","floor":47.0},{"not_picked":["Underhanded Strike+1","Deadly Poison+1","Backflip"],"picked":"SKIP","floor":48.0},{"not_picked":["Tools of the Trade+1","Dagger Throw+1","Cloak And Dagger"],"picked":"SKIP","floor":55}],"player_experience":699035,"relics_obtained":[{"floor":7.0,"key":"Pen Nib"},{"floor":9.0,"key":"Akabeko"},{"floor":13.0,"key":"Blood Vial"},{"floor":24.0,"key":"Juzu Bracelet"},{"floor":31.0,"key":"MawBank"},{"floor":40.0,"key":"MealTicket"},{"floor":42.0,"key":"White Beast Statue"},{"floor":43.0,"key":"Frozen Egg 2"},{"floor":44.0,"key":"Ginger"},{"floor":47.0,"key":"Paper Crane"},{"floor":55,"key":"Orichalcum"}],"event_choices":[{"damage_healed":0.0,"max_hp_gain":0.0,"max_hp_loss":0.0,"gold_gain":75.0,"event_name":"World of Goop","player_choice":"Gather Gold","floor":4.0,"gold_loss":0.0,"damage_taken":11.0},{"damage_healed":0.0,"max_hp_gain":0.0,"max_hp_loss":0.0,"gold_gain":0.0,"event_name":"Shining Light","player_choice":"Entered Light","floor":10.0,"gold_loss":0.0,"damage_taken":18.0,"cards_upgraded":["Defend_G","All Out Attack"]},{"damage_healed":0.0,"max_hp_gain":0.0,"max_hp_loss":0.0,"gold_gain":0.0,"event_name":"Dead Adventurer","player_choice":"Searched \u00271\u0027 times","floor":13.0,"gold_loss":0.0,"damage_taken":0.0},{"damage_healed":0.0,"max_hp_gain":0.0,"max_hp_loss":6.0,"gold_gain":0.0,"event_name":"Golden Idol","player_choice":"Lose Max HP","floor":14.0,"gold_loss":0.0,"damage_taken":0.0,"relics_obtained":["Golden Idol"]},{"cards_removed":["Strike_G"],"damage_healed":0.0,"max_hp_gain":0.0,"max_hp_loss":0.0,"gold_gain":0.0,"event_name":"Bonfire Elementals","player_choice":"Offered Basic","floor":21.0,"gold_loss":0.0,"damage_taken":0.0},{"damage_healed":0.0,"max_hp_gain":0.0,"max_hp_loss":0.0,"gold_gain":0.0,"event_name":"Cursed Tome","player_choice":"Ignored","floor":29.0,"gold_loss":0.0,"damage_taken":0.0},{"damage_healed":0.0,"max_hp_gain":0.0,"max_hp_loss":27.0,"gold_gain":0.0,"event_name":"Ghosts","player_choice":"Became a Ghost","floor":30.0,"gold_loss":0.0,"damage_taken":0.0,"cards_obtained":["Ghostly","Ghostly","Ghostly"]},{"damage_healed":0.0,"max_hp_gain":0.0,"max_hp_loss":1.0,"gold_gain":0.0,"event_name":"Winding Halls","player_choice":"Max HP","floor":36.0,"gold_loss":0.0,"damage_taken":0.0},{"damage_healed":0.0,"max_hp_gain":0.0,"max_hp_loss":0.0,"gold_gain":0.0,"event_name":"Tomb of Lord Red Mask","player_choice":"Ignored","floor":39.0,"gold_loss":0.0,"damage_taken":0.0},{"damage_healed":0.0,"max_hp_gain":0.0,"max_hp_loss":0.0,"gold_gain":333.0,"event_name":"The Moai Head","player_choice":"Gave Idol","floor":46.0,"relics_lost":["Golden Idol"],"gold_loss":0.0,"damage_taken":0.0}],"is_beta":false,"boss_relics":[{"not_picked":["HoveringKite","Sozu"],"picked":"Coffee Dripper"},{"not_picked":["Philosopher\u0027s Stone","Velvet Choker"],"picked":"WristBlade"}],"items_purged_floors":[11,19,27,41,54],"is_endless":false,"potions_floor_spawned":[2,3,7,16,18,24,31,37,40,44,45,47,48,55],"ascension_level":20}}