{"host":"ygefd14btj4nx1b7","time":1607543167,"event":{"gold_per_floor":[118,118,129,139,139,167,167,187,213,248,248,248,248,248,248,347,347,363,51,71,84,84,115,115,150,173,184,184,200,228,8,8,8,8],"floor_reached":33,"playtime":2243,"items_purged":["Strike_R","Strike_R"],"score":344,"play_id":"b7c46697-ccae-45a6-9488-ab9705114c14","local_time":"20201209134607","is_ascension_mode":true,"campfire_choices":[{"data":"Flame Barrier","floor":7,"key":"SMITH"},{"data":"Feed","floor":11,"key":"SMITH"},{"data":"Bash","floor":13,"key":"SMITH"},{"data":"Wild Strike","floor":15,"key":"SMITH"},{"data":"True Grit","floor":24,"key":"SMITH"},{"floor":32,"key":"REST"}],"neow_cost":"NONE","seed_source_timestamp":0,"circlet_count":0,"master_deck":["Strike_R","Strike_R","Strike_R+1","Defend_R+1","Defend_R+1","Defend_R+1","Defend_R","Bash+1","Havoc+1","Flame Barrier+1","Uppercut+1","Wild Strike+1","Impervious","ReplayTheSpireMod:Muscle Training+1","Fiend Fire","Power Through","Flex","True Grit+1","Panacea","Perfected Strike","Metallicize","Abandon","Sentinel","Flame Barrier","Bash","ReplayReversal+1","Hemogenesis","Havoc+1","Headbutt+1","Replay:Undeath\u0027s Touch","Dramatic Entrance","True Grit"],"special_seed":0,"relics":["Burning Blood","Simple Rune","Replay:Rubber Ducky","War Paint","ChewingGum","BargainBundle","Chameleon Ring","Shuriken","Mummified Hand","Centennial Puzzle","MutagenicStrength","HornCleat"],"potions_floor_usage":[10,16,25,25,33],"damage_taken":[{"damage":7.0,"enemies":"Small Slimes","floor":1.0,"turns":3.0},{"damage":1,"enemies":"Cultist","floor":3,"turns":3},{"damage":0,"enemies":"Jaw Worm","floor":4,"turns":3},{"damage":1,"enemies":"Replay:BlueRogue","floor":6,"turns":4},{"damage":0,"enemies":"Large Slime","floor":8,"turns":3},{"damage":10,"enemies":"Gremlin Nob","floor":10,"turns":3},{"damage":47,"enemies":"The Guardian","floor":16,"turns":10},{"damage":4,"enemies":"Shell Parasite","floor":18,"turns":6},{"damage":26,"enemies":"2 Thieves","floor":20,"turns":4},{"damage":3,"enemies":"Snake Plant","floor":21,"turns":4},{"damage":36,"enemies":"Book of Stabbing","floor":23,"turns":7},{"damage":32,"enemies":"Gremlin Leader","floor":25,"turns":8},{"damage":8,"enemies":"Snecko","floor":27,"turns":5},{"damage":5,"enemies":"Shelled Parasite and Fungi","floor":29,"turns":4},{"damage":10,"enemies":"Replay:Snechameleon","floor":30,"turns":5},{"damage":52,"enemies":"Champ","floor":33,"turns":12}],"seed_played":"-230700279409312009","potions_obtained":[{"floor":8,"key":"Strength Potion"},{"floor":10,"key":"DuplicationPotion"},{"floor":16,"key":"Dexterity Potion"},{"floor":20,"key":"SteroidPotion"},{"floor":27,"key":"GamblersBrew"},{"floor":30,"key":"Swift Potion"}],"is_trial":false,"path_per_floor":["M","?","M","M","?","E","R","M","T","E","R","?","R","?","R","B",null,"M","$","M","M","?","E","R","E","T","M","?","M","E","$","R","B"],"character_chosen":"IRONCLAD","items_purchased":["BargainBundle","Chameleon Ring","Flex","True Grit","Panacea","Perfected Strike","Metallicize","Dramatic Entrance","True Grit"],"campfire_rested":1,"item_purchase_floors":[19,19,19,19,19,19,19,31,31],"current_hp_per_floor":[79,79,80,80,80,80,80,80,80,76,76,76,76,81,81,40,85,85,85,65,68,68,38,38,12,12,10,10,16,17,17,42,0,0],"gold":8,"neow_bonus":"RANDOM_COMMON_RELIC","is_prod":false,"is_daily":false,"chose_seed":false,"campfire_upgraded":5,"win_rate":0,"timestamp":1607543167,"path_taken":["M","?","M","?","?","E","R","M","T","E","R","?","R","?","R","BOSS","M","$","M","M","?","E","R","E","T","?","?","M","E","$","R","BOSS"],"build_version":"2020-11-30","purchased_purges":2,"victory":false,"max_hp_per_floor":[80,80,80,80,80,80,80,80,80,80,80,80,80,85,85,85,85,85,85,85,85,85,85,85,85,85,85,85,85,85,85,85,85,85],"card_choices":[{"not_picked":["Shrug It Off","Warcry"],"picked":"Havoc","floor":1.0},{"not_picked":["Clash","Twin Strike"],"picked":"Flame Barrier","floor":3},{"not_picked":["Warcry","Pommel Strike"],"picked":"Uppercut","floor":4},{"not_picked":["Defy Death","ReplayTheSpireMod:Strike From Hell"],"picked":"Wild Strike","floor":6},{"not_picked":["Run Through","Havoc"],"picked":"Feed","floor":8},{"not_picked":["Bludgeon","ReplayTheSpireMod:Strike From Hell"],"picked":"Impervious","floor":10},{"not_picked":["Feed","Demonic Infusion"],"picked":"Fiend Fire","floor":16},{"not_picked":["Rupture+1","Twin Strike"],"picked":"Power Through","floor":18},{"not_picked":["Heavy Blade","Clash"],"picked":"Abandon","floor":20},{"not_picked":["Anger","Heavy Blade"],"picked":"Sentinel","floor":21},{"not_picked":["Flame Barrier","Battle Trance"],"picked":"ReplayReversal+1","floor":23},{"not_picked":["Shockwave","Spot Weakness"],"picked":"Hemogenesis","floor":25},{"not_picked":["Anger+1","Cleave"],"picked":"Havoc+1","floor":27},{"not_picked":["Sword Boomerang","Body Slam"],"picked":"Headbutt+1","floor":29},{"not_picked":["Juggernaut","Twin Strike"],"picked":"Replay:Undeath\u0027s Touch","floor":30}],"player_experience":385077,"relics_obtained":[{"floor":6,"key":"Replay:Rubber Ducky"},{"floor":10,"key":"War Paint"},{"floor":23,"key":"Shuriken"},{"floor":25,"key":"Mummified Hand"},{"floor":26,"key":"Centennial Puzzle"},{"floor":30,"key":"HornCleat"}],"event_choices":[{"damage_healed":0.0,"max_hp_gain":0.0,"max_hp_loss":0.0,"gold_gain":0.0,"event_name":"Accursed Blacksmith","player_choice":"Forge","floor":2.0,"gold_loss":0.0,"damage_taken":0.0,"cards_upgraded":["Havoc"]},{"damage_healed":0,"gold_gain":0,"player_choice":"Grow","damage_taken":0,"max_hp_gain":0,"max_hp_loss":0,"event_name":"Living Wall","floor":5,"gold_loss":0,"cards_upgraded":["Uppercut"]},{"damage_healed":0,"gold_gain":0,"player_choice":"Donut","damage_taken":0,"max_hp_gain":5,"max_hp_loss":0,"event_name":"Big Fish","floor":14,"gold_loss":0},{"damage_healed":0,"gold_gain":0,"player_choice":"2 cards matched","damage_taken":0,"max_hp_gain":0,"max_hp_loss":0,"event_name":"Match and Keep!","floor":22,"gold_loss":0,"cards_obtained":["Flame Barrier","Bash"]},{"damage_healed":0,"gold_gain":0,"player_choice":"Inject Mutagens","damage_taken":0,"relics_obtained":["MutagenicStrength"],"max_hp_gain":0,"max_hp_loss":0,"event_name":"Drug Dealer","floor":28,"gold_loss":0}],"is_beta":false,"boss_relics":[{"not_picked":["Empty Cage","Snecko Eye"],"picked":"ChewingGum"}],"items_purged_floors":[19,31],"is_endless":false,"potions_floor_spawned":[8,10,16,20,27,30],"killed_by":"Champ","ascension_level":2}}