{"host":"w4b7hmige5bnqipq","time":1607532505,"event":{"gold_per_floor":[111,111,36,36,52,86,97,43,66,94,106,137,164,176,188,200,200],"floor_reached":16,"playtime":579,"items_purged":["Strike_G"],"score":254,"play_id":"397047a5-7b16-41aa-bec5-d749ad14d319","local_time":"20201210014825","is_ascension_mode":true,"campfire_choices":[{"floor":11,"key":"REST"},{"data":"Tactician","floor":15,"key":"SMITH"}],"neow_cost":"NONE","seed_source_timestamp":2213405182579300,"circlet_count":0,"master_deck":["AscendersBane","Strike_G","Strike_G","Strike_G","Strike_G","Defend_G","Defend_G","Defend_G","Defend_G","Survivor","Neutralize","Blur","Reflex","Blade Dance","Tactician+1","Acrobatics","Calculated Gamble","Backflip","Dagger Throw"],"relics":["Ring of the Snake","NeowsBlessing","Bronze Scales","Pear","MawBank","Gambling Chip"],"potions_floor_usage":[10,13],"damage_taken":[{"damage":0,"enemies":"Jaw Worm","floor":1,"turns":1},{"damage":0,"enemies":"Cultist","floor":5,"turns":1},{"damage":0,"enemies":"Lagavulin","floor":6,"turns":1},{"damage":0,"enemies":"Small Slimes","floor":7,"turns":3},{"damage":11,"enemies":"Exordium Thugs","floor":10,"turns":4},{"damage":1,"enemies":"Exordium Wildlife","floor":12,"turns":4},{"damage":7,"enemies":"2 Fungi Beasts","floor":13,"turns":3},{"damage":40,"enemies":"Slime Boss","floor":16,"turns":9}],"seed_played":"-4062500565011312748","potions_obtained":[{"floor":7,"key":"Strength Potion"},{"floor":10,"key":"Dexterity Potion"},{"floor":12,"key":"Block Potion"}],"is_trial":false,"path_per_floor":["M","?","$","?","M","E","M","$","T","M","R","M","M","?","R","B"],"character_chosen":"THE_SILENT","items_purchased":["Acrobatics"],"campfire_rested":1,"item_purchase_floors":[8],"current_hp_per_floor":[59,33,33,26,26,36,36,36,36,25,47,46,39,39,39,0,0],"gold":200,"neow_bonus":"THREE_ENEMY_KILL","is_prod":false,"is_daily":false,"chose_seed":false,"campfire_upgraded":1,"win_rate":0,"timestamp":1607532505,"path_taken":["M","?","$","?","M","E","M","?","T","M","R","M","?","?","R","BOSS"],"build_version":"2020-11-30","purchased_purges":1,"victory":false,"max_hp_per_floor":[66,66,66,66,66,76,76,76,76,76,76,76,76,76,76,76,76],"card_choices":[{"not_picked":["Acrobatics","Bane"],"picked":"Blur","floor":1},{"not_picked":["Dagger Spray","Catalyst"],"picked":"Reflex","floor":5},{"not_picked":["Deadly Poison","Underhanded Strike"],"picked":"Blade Dance","floor":6},{"not_picked":["Underhanded Strike","Sucker Punch"],"picked":"Tactician","floor":7},{"not_picked":["Accuracy","Blade Dance"],"picked":"Calculated Gamble","floor":10},{"not_picked":["Dagger Throw","Caltrops"],"picked":"Backflip","floor":12},{"not_picked":["Deflect","Caltrops"],"picked":"Dagger Throw","floor":13}],"player_experience":352907,"relics_obtained":[{"floor":6,"key":"Pear"},{"floor":9,"key":"MawBank"}],"event_choices":[{"damage_healed":0,"gold_gain":0,"player_choice":"Success","damage_taken":26,"relics_obtained":["Bronze Scales"],"max_hp_gain":0,"max_hp_loss":0,"event_name":"Scrap Ooze","floor":2,"gold_loss":0},{"cards_removed":["Defend_G"],"damage_healed":0,"gold_gain":0,"player_choice":"Card Removal","damage_taken":7,"max_hp_gain":0,"max_hp_loss":0,"event_name":"Golden Wing","floor":4,"gold_loss":0},{"damage_healed":0,"gold_gain":0,"player_choice":"Gave Potion","damage_taken":0,"relics_obtained":["Gambling Chip"],"max_hp_gain":0,"max_hp_loss":0,"event_name":"WeMeetAgain","floor":14,"gold_loss":0}],"is_beta":false,"boss_relics":[],"items_purged_floors":[3],"is_endless":false,"potions_floor_spawned":[7,10,12],"killed_by":"Slime Boss","ascension_level":20}}