{"host":"kh6fvhxn285ncg0o","time":1607477022,"event":{"gold_per_floor":[118,132,132,57,70,100,100,116,140,140,168,184,194,221,221,300,300,320,320,330,380,280,308,319,347,347,347,360,377,395,427,427,427,427],"floor_reached":33,"playtime":1117,"items_purged":["Strike_R","Strike_R"],"score":708,"play_id":"5ee992a3-cb39-486c-9bb1-0bb1303a4d43","local_time":"20201209102342","is_ascension_mode":true,"campfire_choices":[{"data":"Fiend Fire","floor":7.0,"key":"SMITH"},{"floor":10.0,"key":"REST"},{"data":"Dual Wield","floor":15.0,"key":"SMITH"},{"floor":27,"key":"REST"},{"data":"Power Through","floor":32,"key":"SMITH"}],"neow_cost":"NONE","seed_source_timestamp":276501476495400,"circlet_count":0,"master_deck":["AscendersBane","Strike_R","Strike_R+1","Strike_R","Defend_R","Defend_R","Defend_R","Defend_R","Bash+1","Body Slam","Fiend Fire+1","Dual Wield+1","Entrench","Pommel Strike","Barricade","Power Through+1","Writhe","Clothesline+1","Burning Pact"],"special_seed":0,"relics":["Snecko Eye","Oddly Smooth Stone","Blood Vial","Whetstone","Ancient Tea Set","Cursed Key","Boot","StoneCalendar","Potion Belt","Magic Flower"],"potions_floor_usage":[23,25,31,33],"damage_taken":[{"damage":2.0,"enemies":"Jaw Worm","floor":1.0,"turns":4.0},{"damage":1.0,"enemies":"Cultist","floor":2.0,"turns":3.0},{"damage":0.0,"enemies":"2 Louse","floor":5.0,"turns":3.0},{"damage":32.0,"enemies":"Gremlin Nob","floor":6.0,"turns":4.0},{"damage":8.0,"enemies":"Red Slaver","floor":8.0,"turns":2.0},{"damage":32.0,"enemies":"3 Sentries","floor":11.0,"turns":15.0},{"damage":0.0,"enemies":"Large Slime","floor":12.0,"turns":3.0},{"damage":3.0,"enemies":"2 Fungi Beasts","floor":13.0,"turns":3.0},{"damage":0.0,"enemies":"Gremlin Nob","floor":14.0,"turns":2.0},{"damage":16.0,"enemies":"The Guardian","floor":16.0,"turns":7.0},{"damage":0,"enemies":"Spheric Guardian","floor":18,"turns":1},{"damage":0,"enemies":"Shell Parasite","floor":20,"turns":2},{"damage":41,"enemies":"Book of Stabbing","floor":23,"turns":4},{"damage":0,"enemies":"Snecko","floor":24,"turns":2},{"damage":13,"enemies":"Slavers","floor":25,"turns":7},{"damage":1,"enemies":"Centurion and Healer","floor":28,"turns":4},{"damage":10,"enemies":"3 Cultists","floor":29,"turns":6},{"damage":16,"enemies":"Cultist and Chosen","floor":30,"turns":5},{"damage":6,"enemies":"Gremlin Leader","floor":31,"turns":8},{"damage":44,"enemies":"Collector","floor":33,"turns":6}],"seed_played":"-5809663918074531808","potions_obtained":[{"floor":2.0,"key":"Energy Potion"},{"floor":3.0,"key":"Fruit Juice"},{"floor":3.0,"key":"SmokeBomb"},{"floor":6.0,"key":"PowerPotion"},{"floor":8.0,"key":"DistilledChaos"},{"floor":11.0,"key":"Fire Potion"},{"floor":16.0,"key":"Block Potion"},{"floor":18,"key":"Dexterity Potion"},{"floor":24,"key":"LiquidBronze"},{"floor":29,"key":"BloodPotion"}],"is_trial":false,"path_per_floor":["M","M","?","$","M","E","R","M","T","R","E","M","M","E","R","B",null,"M","?","M","?","$","E","M","E","T","R","M","M","M","E","R","B"],"character_chosen":"IRONCLAD","items_purchased":[],"campfire_rested":2,"item_purchase_floors":[],"current_hp_per_floor":[66,65,70,70,70,38,38,30,30,54,24,26,25,27,27,13,63,65,65,67,67,67,28,30,19,19,43,44,36,22,34,34,0,0],"gold":427,"neow_bonus":"BOSS_RELIC","is_prod":false,"is_daily":false,"chose_seed":false,"campfire_upgraded":3,"win_rate":0,"timestamp":1607477022,"path_taken":["M","M","?","?","M","E","R","M","T","R","E","M","M","E","R","BOSS","M","?","M","?","$","E","M","E","T","R","M","M","M","E","R","BOSS"],"build_version":"2020-11-30","purchased_purges":2,"victory":false,"max_hp_per_floor":[75,75,80,80,80,80,80,80,80,80,80,80,80,80,80,80,80,80,80,80,80,80,80,80,80,80,80,80,80,80,80,80,80,80],"relic_stats":{"Blood Vial":31,"counters":[20,91],"Snecko Eye":[119,153,120,158],"Magic Flower":[1],"StoneCalendar":[144],"Whetstone":["Bash","Strike_R"],"Cursed Key":0,"Boot":[5],"obtain_stats":[{"Blood Vial":9,"Potion Belt":25,"Snecko Eye":0,"Oddly Smooth Stone":6,"Magic Flower":31,"StoneCalendar":23,"Whetstone":11,"Ancient Tea Set":14,"Cursed Key":17,"Boot":19,"Burning Blood":0},{"Blood Vial":5,"Potion Belt":15,"Snecko Eye":0,"Oddly Smooth Stone":4,"Magic Flower":19,"StoneCalendar":13,"Whetstone":6,"Ancient Tea Set":9,"Cursed Key":10,"Boot":11,"Burning Blood":0},{"Blood Vial":16,"Potion Belt":62,"Snecko Eye":0,"Oddly Smooth Stone":14,"Magic Flower":85,"StoneCalendar":53,"Whetstone":31,"Ancient Tea Set":39,"Cursed Key":46,"Boot":47,"Burning Blood":0}]},"card_choices":[{"not_picked":["True Grit","Sword Boomerang","Thunderclap"],"picked":"SKIP","floor":1.0},{"not_picked":["Havoc","Body Slam","Clash"],"picked":"SKIP","floor":2.0},{"not_picked":["Havoc","Clash"],"picked":"Body Slam","floor":2.0},{"not_picked":["Entrench","Pommel Strike"],"picked":"Fiend Fire","floor":5.0},{"not_picked":["Whirlwind","Intimidate"],"picked":"Dual Wield","floor":6.0},{"not_picked":["Perfected Strike","Headbutt","Body Slam"],"picked":"SKIP","floor":8.0},{"not_picked":["Clash","Armaments","Spot Weakness"],"picked":"SKIP","floor":11.0},{"not_picked":["Thunderclap","Clash"],"picked":"Entrench","floor":12.0},{"not_picked":["Flex","Body Slam"],"picked":"Pommel Strike","floor":13.0},{"not_picked":["Cleave","Warcry","Wild Strike"],"picked":"SKIP","floor":14.0},{"not_picked":["Feed","Double Tap"],"picked":"Barricade","floor":16.0},{"not_picked":["Heavy Blade","Pommel Strike"],"picked":"Power Through","floor":18},{"not_picked":["Body Slam+1","Headbutt+1","Rampage"],"picked":"SKIP","floor":20},{"not_picked":["Havoc","Iron Wave","Pommel Strike"],"picked":"SKIP","floor":23},{"not_picked":["Sentinel","Headbutt","Berserk"],"picked":"SKIP","floor":24},{"not_picked":["Clothesline+1","Havoc","Searing Blow"],"picked":"SKIP","floor":25},{"not_picked":["Havoc","Searing Blow"],"picked":"Clothesline+1","floor":25},{"not_picked":["Rage+1","Anger","True Grit"],"picked":"SKIP","floor":28},{"not_picked":["Power Through","Infernal Blade","Clash"],"picked":"SKIP","floor":29},{"not_picked":["Power Through","Infernal Blade","Clash"],"picked":"SKIP","floor":29},{"not_picked":["Iron Wave","Perfected Strike","Clothesline"],"picked":"SKIP","floor":30},{"not_picked":["Perfected Strike+1","Warcry"],"picked":"Burning Pact","floor":31}],"player_experience":3130262,"relics_obtained":[{"floor":6.0,"key":"Oddly Smooth Stone"},{"floor":9.0,"key":"Blood Vial"},{"floor":11.0,"key":"Whetstone"},{"floor":14.0,"key":"Ancient Tea Set"},{"floor":23,"key":"StoneCalendar"},{"floor":25,"key":"Potion Belt"},{"floor":31,"key":"Magic Flower"}],"event_choices":[{"damage_healed":0.0,"max_hp_gain":0.0,"max_hp_loss":0.0,"gold_gain":0.0,"event_name":"Lab","player_choice":"Got Potions","floor":3.0,"gold_loss":0.0,"damage_taken":0.0},{"damage_healed":0,"gold_gain":0,"player_choice":"Opened","damage_taken":0,"relics_obtained":["Boot"],"max_hp_gain":0,"max_hp_loss":0,"event_name":"The Mausoleum","floor":19,"gold_loss":0,"cards_obtained":["Writhe"]},{"damage_healed":0,"gold_gain":100,"player_choice":"Bet on Murderer","damage_taken":0,"max_hp_gain":0,"max_hp_loss":0,"event_name":"The Joust","floor":21,"gold_loss":50}],"is_beta":false,"boss_relics":[{"not_picked":["SacredBark","Empty Cage"],"picked":"Cursed Key"}],"items_purged_floors":[4,22],"is_endless":false,"potions_floor_spawned":[2,6,8,11,16,18,24,29],"killed_by":"Collector","ascension_level":20}}