{"host":"mkv3lj8gfkr85ioo","time":1607523670,"event":{"gold_per_floor":[369,444,444,69,69,69,88,88,114,114,128,145,157,157,157,252,252,271,291,47,47,66,66,99,99,99,132,142,158,158,188,188,286,286,304,102,116,116,166,166,200,200,200,214,214,214,64,97,97,97],"floor_reached":51,"playtime":2007,"items_purged":["Strike_R","Strike_R","Bludgeon+1","Parasite"],"score":1367,"play_id":"e73c0443-2779-4446-a76e-a3cf139bb96b","local_time":"20201209232110","is_ascension_mode":true,"campfire_choices":[{"data":"Bash","floor":6.0,"key":"SMITH"},{"data":"Flame Barrier","floor":8.0,"key":"SMITH"},{"floor":10.0,"key":"REST"},{"data":"Body Slam","floor":15.0,"key":"SMITH"},{"data":"Disarm","floor":23.0,"key":"SMITH"},{"data":"Feel No Pain","floor":25.0,"key":"SMITH"},{"data":"True Grit","floor":30.0,"key":"SMITH"},{"data":"Entrench","floor":32.0,"key":"SMITH"},{"data":"Evolve","floor":40,"key":"SMITH"},{"data":"Dark Embrace","floor":42,"key":"SMITH"},{"data":"Shrug It Off","floor":46,"key":"SMITH"},{"floor":49,"key":"REST"}],"neow_cost":"CURSE","seed_source_timestamp":46848181001700,"circlet_count":0,"master_deck":["AscendersBane","Defend_R","Defend_R","Bash+1","Flame Barrier+1","Body Slam+1","Shrug It Off+1","Pommel Strike+1","Power Through+1","Disarm+1","Burning Pact+1","Feel No Pain+1","Shrug It Off+1","True Grit+1","Entrench+1","Warcry+1","Evolve+1","Dark Embrace+1","True Grit+1"],"special_seed":0,"relics":["Burning Blood","Calipers","MealTicket","Astrolabe","Happy Flower","Molten Egg 2","Bottled Tornado","PreservedInsect","Blue Candle","Busted Crown","Torii","Gambling Chip","Bag of Preparation","Mango"],"potions_floor_usage":[33],"damage_taken":[{"damage":7.0,"enemies":"2 Louse","floor":1.0,"turns":4.0},{"damage":7.0,"enemies":"Small Slimes","floor":7.0,"turns":4.0},{"damage":6.0,"enemies":"Cultist","floor":11.0,"turns":3.0},{"damage":8.0,"enemies":"3 Louse","floor":12.0,"turns":5.0},{"damage":11.0,"enemies":"Blue Slaver","floor":13.0,"turns":5.0},{"damage":55.0,"enemies":"The Guardian","floor":16.0,"turns":13.0},{"damage":6.0,"enemies":"3 Byrds","floor":18.0,"turns":3.0},{"damage":0.0,"enemies":"2 Thieves","floor":19.0,"turns":2.0},{"damage":15.0,"enemies":"Centurion and Healer","floor":22.0,"turns":5.0},{"damage":11.0,"enemies":"Slavers","floor":24.0,"turns":8.0},{"damage":2.0,"enemies":"Book of Stabbing","floor":27.0,"turns":6.0},{"damage":20.0,"enemies":"3 Cultists","floor":28.0,"turns":6.0},{"damage":0.0,"enemies":"Snake Plant","floor":29.0,"turns":3.0},{"damage":15.0,"enemies":"Slavers","floor":31.0,"turns":7.0},{"damage":48,"enemies":"Collector","floor":33,"turns":16},{"damage":2,"enemies":"Orb Walker","floor":35,"turns":3},{"damage":0,"enemies":"3 Shapes","floor":37,"turns":6},{"damage":0,"enemies":"Mind Bloom Boss Battle","floor":39,"turns":4},{"damage":0,"enemies":"Nemesis","floor":41,"turns":5},{"damage":0,"enemies":"Writhing Mass","floor":44,"turns":6},{"damage":16,"enemies":"Reptomancer","floor":48,"turns":5},{"damage":0,"enemies":"Time Eater","floor":50,"turns":8}],"seed_played":"5750531350490035356","potions_obtained":[{"floor":1.0,"key":"LiquidBronze"},{"floor":12.0,"key":"GamblersBrew"},{"floor":18.0,"key":"DistilledChaos"},{"floor":19.0,"key":"CultistPotion"},{"floor":28.0,"key":"Swift Potion"},{"floor":33,"key":"BlessingOfTheForge"},{"floor":37,"key":"PowerPotion"},{"floor":48,"key":"SkillPotion"}],"is_trial":false,"path_per_floor":["M","?","?","$","?","R","M","R","T","R","M","M","M","?","R","B",null,"M","M","$","?","M","R","E","R","T","E","M","M","R","E","R","B",null,"M","$","M","?","?","R","E","R","T","M","?","R","$","E","R","B",null],"character_chosen":"IRONCLAD","items_purchased":["Calipers","Happy Flower","Evolve"],"campfire_rested":2,"item_purchase_floors":[4,20,36],"current_hp_per_floor":[71,60,53,53,53,53,52,52,52,76,76,74,69,69,69,20,65,65,71,80,80,71,71,66,66,66,70,56,62,62,53,53,11,63,67,80,80,80,80,80,80,80,80,80,80,80,77,81,91,91],"gold":97,"neow_bonus":"TWO_FIFTY_GOLD","is_prod":false,"is_daily":false,"chose_seed":false,"campfire_upgraded":10,"win_rate":0,"timestamp":1607523670,"path_taken":["M","?","?","$","?","R","M","R","T","R","?","M","M","?","R","BOSS","M","M","$","?","M","R","E","R","T","E","M","M","R","E","R","BOSS","M","$","M","?","?","R","E","R","T","M","?","R","?","E","R","BOSS"],"build_version":"2020-11-30","purchased_purges":4,"victory":true,"max_hp_per_floor":[80,80,80,80,80,80,80,80,80,80,80,80,80,80,80,80,80,80,80,80,80,80,80,80,80,80,80,80,80,80,80,80,80,80,80,80,80,80,80,80,80,80,80,80,80,80,77,91,91,91],"card_choices":[{"not_picked":["Warcry","Seeing Red","Pommel Strike"],"picked":"SKIP","floor":1.0},{"not_picked":["Warcry","True Grit"],"picked":"Flame Barrier","floor":7.0},{"not_picked":["Rage","Sword Boomerang","Juggernaut"],"picked":"SKIP","floor":11.0},{"not_picked":["Disarm","Iron Wave"],"picked":"Body Slam","floor":12.0},{"not_picked":["Iron Wave","Bloodletting"],"picked":"Shrug It Off","floor":13.0},{"not_picked":["Cleave","Clothesline"],"picked":"Disarm","floor":18.0},{"not_picked":["Flex+1","Perfected Strike"],"picked":"Burning Pact+1","floor":19.0},{"not_picked":["Iron Wave","Spot Weakness+1","Sentinel"],"picked":"SKIP","floor":22.0},{"not_picked":["Pummel+1","Wild Strike+1"],"picked":"Feel No Pain","floor":24.0},{"not_picked":["Cleave+1","Thunderclap+1","Headbutt+1"],"picked":"SKIP","floor":27.0},{"not_picked":["Flex","Dual Wield"],"picked":"Shrug It Off","floor":28.0},{"not_picked":["Flex","Havoc"],"picked":"True Grit","floor":29.0},{"not_picked":["Anger+1","Pommel Strike+1"],"picked":"Entrench","floor":31.0},{"not_picked":[],"picked":"Warcry+1","floor":35},{"not_picked":["Seeing Red"],"picked":"SKIP","floor":37},{"not_picked":[],"picked":"Dark Embrace","floor":39},{"not_picked":["Wild Strike+1"],"picked":"SKIP","floor":41},{"not_picked":["Infernal Blade"],"picked":"SKIP","floor":44},{"not_picked":[],"picked":"True Grit+1","floor":48}],"player_experience":119719,"relics_obtained":[{"floor":9.0,"key":"MealTicket"},{"floor":24.0,"key":"Molten Egg 2"},{"floor":26.0,"key":"Bottled Tornado"},{"floor":27.0,"key":"PreservedInsect"},{"floor":31.0,"key":"Blue Candle"},{"floor":39,"key":"Torii"},{"floor":41,"key":"Gambling Chip"},{"floor":43,"key":"Bag of Preparation"},{"floor":48,"key":"Mango"}],"event_choices":[{"damage_healed":0.0,"max_hp_gain":0.0,"max_hp_loss":0.0,"gold_gain":75.0,"event_name":"World of Goop","player_choice":"Gather Gold","floor":2.0,"gold_loss":0.0,"damage_taken":11.0},{"cards_removed":["Decay"],"damage_healed":0.0,"max_hp_gain":0.0,"max_hp_loss":0.0,"gold_gain":0.0,"event_name":"Golden Wing","player_choice":"Card Removal","floor":3.0,"gold_loss":0.0,"damage_taken":7.0},{"cards_removed":["Defend_R"],"damage_healed":0.0,"max_hp_gain":0.0,"max_hp_loss":0.0,"gold_gain":0.0,"event_name":"Bonfire Elementals","player_choice":"Offered Basic","floor":5.0,"gold_loss":0.0,"damage_taken":0.0},{"damage_healed":0.0,"max_hp_gain":0.0,"max_hp_loss":0.0,"gold_gain":0.0,"event_name":"Living Wall","player_choice":"Grow","floor":14.0,"gold_loss":0.0,"damage_taken":0.0,"cards_upgraded":["Shrug It Off"]},{"damage_healed":0.0,"max_hp_gain":0.0,"max_hp_loss":0.0,"gold_gain":0.0,"event_name":"Cursed Tome","player_choice":"Ignored","floor":21.0,"gold_loss":0.0,"damage_taken":0.0},{"damage_healed":0,"gold_gain":0,"player_choice":"Memory 1","damage_taken":0,"max_hp_gain":0,"max_hp_loss":0,"event_name":"SensoryStone","floor":38,"gold_loss":0},{"damage_healed":0,"gold_gain":0,"player_choice":"Fight","damage_taken":0,"max_hp_gain":0,"max_hp_loss":0,"event_name":"MindBloom","floor":39,"gold_loss":0},{"cards_removed":["Strike_R"],"damage_healed":0,"gold_gain":0,"player_choice":"Removed Attack","damage_taken":0,"max_hp_gain":0,"max_hp_loss":0,"event_name":"Falling","floor":45,"gold_loss":0}],"is_beta":false,"boss_relics":[{"not_picked":["Coffee Dripper","Fusion Hammer"],"picked":"Astrolabe"},{"not_picked":["Black Blood","Empty Cage"],"picked":"Busted Crown"}],"items_purged_floors":[4,20,36,47],"is_endless":false,"potions_floor_spawned":[1,12,18,19,28,33,37,41,48],"ascension_level":11}}