{"host":"ci7ivtocgfxh0ueo","time":1607489916,"event":{"gold_per_floor":[119,119,133,133,54,90,90,131,208,208,237,387,401,416,416,505,505,493,418,24,24,24,24,24,39,39,39,51,63,78,11,11,11,11],"floor_reached":33,"playtime":669,"items_purged":[],"score":545,"play_id":"4678fc39-06ae-4241-9220-aecbf678942c","local_time":"20201209125836","is_ascension_mode":true,"campfire_choices":[{"data":"Armaments","floor":7,"key":"SMITH"},{"floor":15,"key":"REST"},{"data":"Armaments","floor":23,"key":"SMITH"},{"floor":32,"key":"REST"}],"neow_cost":"NONE","seed_source_timestamp":65313722524300,"circlet_count":0,"master_deck":["AscendersBane","Strike_R","Strike_R","Strike_R","Strike_R","Strike_R","Defend_R","Defend_R","Defend_R","Defend_R","Bash","Cleave","Cleave","Armaments+1","Spot Weakness+1","Metallicize+1","Spot Weakness","Demon Form+1","Reaper","Clash","Armaments+1","Heavy Blade","Searing Blow","Flex"],"relics":["Burning Blood","NeowsBlessing","Bloody Idol","Oddly Smooth Stone","Eternal Feather","Frozen Egg 2","Odd Mushroom","Black Star","Thread and Needle","Vajra","Orichalcum","Bag of Preparation"],"potions_floor_usage":[8,16,16],"damage_taken":[{"damage":0,"enemies":"2 Louse","floor":1,"turns":1},{"damage":0,"enemies":"Small Slimes","floor":3,"turns":1},{"damage":0,"enemies":"Lagavulin","floor":6,"turns":1},{"damage":20,"enemies":"Gremlin Nob","floor":8,"turns":4},{"damage":20,"enemies":"The Mushroom Lair","floor":11,"turns":4},{"damage":6,"enemies":"Jaw Worm","floor":13,"turns":5},{"damage":5,"enemies":"Looter","floor":14,"turns":3},{"damage":35,"enemies":"The Guardian","floor":16,"turns":12},{"damage":38,"enemies":"2 Thieves","floor":18,"turns":4},{"damage":15,"enemies":"Spheric Guardian","floor":25,"turns":6},{"damage":22,"enemies":"Snake Plant","floor":28,"turns":4},{"damage":18,"enemies":"Cultist and Chosen","floor":29,"turns":7},{"damage":25,"enemies":"Shelled Parasite and Fungi","floor":30,"turns":6},{"damage":91,"enemies":"Automaton","floor":33,"turns":8}],"seed_played":"-8064042304462359863","potions_obtained":[{"floor":3,"key":"DuplicationPotion"},{"floor":14,"key":"SteroidPotion"},{"floor":30,"key":"ElixirPotion"}],"is_trial":false,"path_per_floor":["M","?","M","?","$","E","R","E","T","?","?","?","M","M","R","B",null,"M","?","$","?","$","R","?","M","T","?","M","M","M","?","R","B"],"character_chosen":"IRONCLAD","items_purchased":["LiquidBronze","Thread and Needle","Armaments"],"campfire_rested":2,"item_purchase_floors":[5,20,20],"current_hp_per_floor":[74,74,75,49,49,55,55,41,41,41,27,27,27,28,59,30,64,40,40,40,40,40,52,52,48,48,48,37,46,41,41,75,0,0],"gold":11,"neow_bonus":"THREE_ENEMY_KILL","is_prod":false,"is_daily":false,"chose_seed":false,"campfire_upgraded":2,"win_rate":0,"timestamp":1607489916,"path_taken":["M","?","M","?","$","E","R","E","T","?","?","?","M","?","R","BOSS","M","?","$","?","$","R","?","M","T","?","M","M","?","?","R","BOSS"],"build_version":"2020-11-30","purchased_purges":0,"victory":false,"max_hp_per_floor":[75,75,75,75,75,75,75,75,75,75,75,75,75,75,75,75,75,75,75,75,75,75,75,75,75,75,75,75,75,75,75,75,75,75],"card_choices":[{"not_picked":["Flex","Perfected Strike"],"picked":"Cleave","floor":1},{"not_picked":["Iron Wave","Fire Breathing"],"picked":"Cleave","floor":3},{"not_picked":["Thunderclap","Cleave"],"picked":"Armaments","floor":6},{"not_picked":["Clothesline","Entrench"],"picked":"Spot Weakness","floor":8},{"not_picked":["Cleave","Pommel Strike"],"picked":"Metallicize+1","floor":11},{"not_picked":["Thunderclap","Warcry"],"picked":"Spot Weakness","floor":13},{"not_picked":["Anger","Combust+1"],"picked":"Demon Form+1","floor":14},{"not_picked":["Berserk+1","Feed"],"picked":"Reaper","floor":16},{"not_picked":["Warcry","Wild Strike"],"picked":"Clash","floor":18},{"not_picked":["Dark Embrace+1","Clothesline"],"picked":"Heavy Blade","floor":25},{"not_picked":["Clash","Clothesline+1"],"picked":"Searing Blow","floor":28},{"not_picked":["Thunderclap","Sentinel"],"picked":"Flex","floor":29},{"not_picked":["Dual Wield","Anger","Cleave"],"picked":"SKIP","floor":30}],"player_experience":1228449,"relics_obtained":[{"floor":6,"key":"Oddly Smooth Stone"},{"floor":8,"key":"Eternal Feather"},{"floor":9,"key":"Frozen Egg 2"},{"floor":11,"key":"Odd Mushroom"},{"floor":26,"key":"Vajra"},{"floor":27,"key":"Orichalcum"}],"event_choices":[{"damage_healed":0,"gold_gain":0,"player_choice":"Ignored","damage_taken":0,"max_hp_gain":0,"max_hp_loss":0,"event_name":"Golden Wing","floor":2,"gold_loss":0},{"damage_healed":0,"gold_gain":0,"player_choice":"Take Damage","damage_taken":26,"relics_obtained":["Golden Idol"],"max_hp_gain":0,"max_hp_loss":0,"event_name":"Golden Idol","floor":4,"gold_loss":0},{"damage_healed":0,"gold_gain":0,"player_choice":"Grow","damage_taken":0,"max_hp_gain":0,"max_hp_loss":0,"event_name":"Living Wall","floor":10,"gold_loss":0,"cards_upgraded":["Spot Weakness"]},{"damage_healed":0,"gold_gain":0,"player_choice":"Fought Mushrooms","damage_taken":0,"max_hp_gain":0,"max_hp_loss":0,"event_name":"Mushrooms","floor":11,"gold_loss":0},{"damage_healed":0,"gold_gain":150,"player_choice":"AGREE","damage_taken":0,"max_hp_gain":0,"max_hp_loss":0,"event_name":"Liars Game","floor":12,"gold_loss":0,"cards_obtained":["Doubt"]},{"cards_removed":["Doubt"],"damage_healed":0,"gold_gain":0,"player_choice":"Gave Gold","damage_taken":0,"max_hp_gain":0,"max_hp_loss":0,"event_name":"Beggar","floor":19,"gold_loss":75},{"damage_healed":0,"gold_gain":0,"player_choice":"Gave Idol","damage_taken":0,"relics_obtained":["Bloody Idol"],"max_hp_gain":0,"max_hp_loss":0,"event_name":"Forgotten Altar","floor":21,"relics_lost":["Golden Idol"],"gold_loss":0},{"damage_healed":0,"gold_gain":0,"player_choice":"Ignored","damage_taken":0,"max_hp_gain":0,"max_hp_loss":0,"event_name":"Ghosts","floor":24,"gold_loss":0},{"damage_healed":0,"gold_gain":0,"player_choice":"Relic","damage_taken":0,"max_hp_gain":0,"max_hp_loss":0,"event_name":"Wheel of Change","floor":27,"gold_loss":0},{"damage_healed":0,"gold_gain":0,"player_choice":"Paid Gold","damage_taken":0,"relics_obtained":["Bag of Preparation"],"max_hp_gain":0,"max_hp_loss":0,"event_name":"WeMeetAgain","floor":31,"gold_loss":67}],"is_beta":false,"boss_relics":[{"not_picked":["Philosopher\u0027s Stone","Busted Crown"],"picked":"Black Star"}],"items_purged_floors":[],"is_endless":false,"potions_floor_spawned":[3,6,14,30],"killed_by":"Automaton","ascension_level":16}}