{"host":"p7j7o00jacnw7qzt","time":1607557118,"event":{"gold_per_floor":[119,44,44,112,162,195,213,223,223,223,284,298,298,53,53,130,130,140,15,76,126,203,237,237,263,288,321,331,381,161,191,191,267,267,277,327,220,270,332,347,449,461,486,486,521,596,608,658,658,658,658,658,658,356,384,384],"floor_reached":57,"playtime":2528,"items_purged":["Strike_G","Strike_G","Strike_G+1","Strike_G+1","Defend_G"],"score":3666,"play_id":"68d80f61-5320-4211-a6b5-9127f9707f66","local_time":"20201209183838","is_ascension_mode":true,"campfire_choices":[{"data":"Blade Dance","floor":10.0,"key":"SMITH"},{"data":"Acrobatics","floor":13.0,"key":"SMITH"},{"data":"Tactician","floor":15.0,"key":"SMITH"},{"data":"Apotheosis","floor":24.0,"key":"SMITH"},{"data":"Calculated Gamble","floor":32.0,"key":"SMITH"},{"floor":44,"key":"RECALL"},{"data":"Reflex","floor":49,"key":"SMITH"},{"data":"Adrenaline","floor":53,"key":"SMITH"}],"neow_cost":"NONE","seed_source_timestamp":2143631834845699,"circlet_count":0,"master_deck":["AscendersBane","Defend_G","Defend_G+1","Defend_G","Defend_G","Survivor","Neutralize","Acrobatics+1","Tactician+1","Prepared+1","Terror","Backflip","Adrenaline+1","Accuracy","Apotheosis+1","Calculated Gamble+1","Expertise+1","Concentrate","Flechettes+1","Reflex+1"],"special_seed":0,"relics":["Ring of the Snake","NeowsBlessing","SsserpentHead","Ancient Tea Set","Vajra","Membership Card","Tiny Chest","Runic Dome","Whetstone","White Beast Statue","Pantograph","War Paint","MealTicket","Eternal Feather","Sundial","Ice Cream","Runic Pyramid","Bag of Preparation","Bronze Scales","Calipers","PreservedInsect","Omamori","Tingsha","Bottled Lightning","TheAbacus","Shuriken","StrikeDummy"],"potions_floor_usage":[56],"damage_taken":[{"damage":0.0,"enemies":"Jaw Worm","floor":1.0,"turns":1.0},{"damage":0.0,"enemies":"2 Louse","floor":4.0,"turns":1.0},{"damage":0.0,"enemies":"Lagavulin","floor":6.0,"turns":2.0},{"damage":6.0,"enemies":"Cultist","floor":7.0,"turns":5.0},{"damage":5.0,"enemies":"2 Fungi Beasts","floor":8.0,"turns":5.0},{"damage":0.0,"enemies":"Lots of Slimes","floor":11.0,"turns":3.0},{"damage":11.0,"enemies":"Exordium Thugs","floor":12.0,"turns":5.0},{"damage":19.0,"enemies":"Hexaghost","floor":16.0,"turns":9.0},{"damage":11.0,"enemies":"Shell Parasite","floor":18.0,"turns":3.0},{"damage":0.0,"enemies":"Spheric Guardian","floor":20.0,"turns":2.0},{"damage":0.0,"enemies":"Book of Stabbing","floor":23.0,"turns":3.0},{"damage":0.0,"enemies":"Gremlin Leader","floor":25.0,"turns":2.0},{"damage":0.0,"enemies":"Slavers","floor":27.0,"turns":3.0},{"damage":9.0,"enemies":"Centurion and Healer","floor":28.0,"turns":2.0},{"damage":0.0,"enemies":"Book of Stabbing","floor":31.0,"turns":3.0},{"damage":0.0,"enemies":"Collector","floor":33.0,"turns":2.0},{"damage":0.0,"enemies":"3 Shapes","floor":35.0,"turns":2.0},{"damage":0.0,"enemies":"3 Darklings","floor":39.0,"turns":2.0},{"damage":0.0,"enemies":"Writhing Mass","floor":40.0,"turns":4.0},{"damage":0,"enemies":"2 Orb Walkers","floor":41,"turns":2},{"damage":0,"enemies":"4 Shapes","floor":42,"turns":1},{"damage":0,"enemies":"Giant Head","floor":45,"turns":2},{"damage":0,"enemies":"Mind Bloom Boss Battle","floor":46,"turns":1},{"damage":0,"enemies":"Maw","floor":47,"turns":1},{"damage":0,"enemies":"Donu and Deca","floor":50,"turns":1},{"damage":0,"enemies":"Time Eater","floor":51,"turns":3},{"damage":0,"enemies":"Shield and Spear","floor":55,"turns":1},{"damage":2,"enemies":"The Heart","floor":56,"turns":5}],"seed_played":"-1045118278965123197","potions_obtained":[{"floor":1.0,"key":"Poison Potion"},{"floor":4.0,"key":"Ancient Potion"},{"floor":5.0,"key":"CunningPotion"},{"floor":16.0,"key":"SkillPotion"},{"floor":27.0,"key":"ColorlessPotion"},{"floor":28.0,"key":"DistilledChaos"},{"floor":31.0,"key":"CunningPotion"},{"floor":35.0,"key":"SkillPotion"}],"is_trial":false,"path_per_floor":["M","?","?","M","?","E","M","M","T","R","M","M","R","$","R","B",null,"M","$","M","T","T","E","R","E","T","E","M","?","$","E","R","B",null,"M","?","$","T","M","M","?","M","T","R","E","?","M","T","R","B","B",null,"R","$","E","B",null],"character_chosen":"THE_SILENT","items_purchased":["Membership Card","Backflip","Tiny Chest","Apotheosis","Calculated Gamble","Concentrate","Sundial","Bag of Preparation","TheAbacus","Shuriken"],"campfire_rested":0,"item_purchase_floors":[14,14,14,19,19,30,30,37,54,54],"current_hp_per_floor":[59,59,59,59,59,59,53,48,48,48,48,37,37,37,37,18,54,43,43,43,43,43,43,43,43,43,43,34,34,49,49,61,66,66,66,66,66,66,66,66,66,66,66,66,66,66,66,66,66,66,66,66,66,66,66,64],"gold":384,"neow_bonus":"THREE_ENEMY_KILL","is_prod":false,"is_daily":false,"chose_seed":false,"campfire_upgraded":7,"win_rate":0,"timestamp":1607557118,"path_taken":["M","?","?","?","?","E","M","M","T","R","?","M","R","?","R","BOSS","M","?","?","?","?","E","R","E","T","E","M","?","$","E","R","BOSS","M","?","?","?","?","M","?","M","T","R","E","?","M","?","R","BOSS","BOSS","R","$","E","BOSS"],"build_version":"2020-11-30","purchased_purges":5,"victory":true,"max_hp_per_floor":[66,66,66,66,66,66,66,66,66,66,66,66,66,66,66,66,66,66,66,66,66,66,66,66,66,66,66,66,66,66,66,66,66,66,66,66,66,66,66,66,66,66,66,66,66,66,66,66,66,66,66,66,66,66,66,66],"relic_stats":{"counters":[28,76],"Eternal Feather":12,"Tingsha":[697],"PreservedInsect":207,"Bag of Preparation":[22],"Whetstone":["Strike_G","Strike_G"],"War Paint":["Defend_G","Prepared"],"SsserpentHead":800,"TheAbacus":[96],"Sundial":[54],"Shuriken":[4],"Pantograph":5,"Bronze Scales":[84],"Tiny Chest":3,"MealTicket":15,"obtain_stats":[{"Ice Cream":31,"Calipers":41,"Vajra":9,"Bag of Preparation":37,"Whetstone":22,"Ancient Tea Set":6,"SsserpentHead":3,"TheAbacus":54,"Sundial":30,"Pantograph":25,"Tiny Chest":14,"MealTicket":27,"Ring of the Snake":0,"Runic Pyramid":34,"NeowsBlessing":0,"Eternal Feather":29,"Tingsha":46,"PreservedInsect":43,"Omamori":45,"War Paint":26,"White Beast Statue":23,"Runic Dome":17,"Shuriken":54,"Bronze Scales":38,"Membership Card":14,"Bottled Lightning":48,"StrikeDummy":55},{"Ice Cream":15,"Calipers":20,"Vajra":5,"Bag of Preparation":17,"Whetstone":10,"Ancient Tea Set":3,"SsserpentHead":1,"TheAbacus":26,"Sundial":14,"Pantograph":12,"Tiny Chest":7,"MealTicket":13,"Ring of the Snake":0,"Runic Pyramid":16,"NeowsBlessing":0,"Eternal Feather":14,"Tingsha":23,"PreservedInsect":21,"Omamori":22,"War Paint":12,"White Beast Statue":11,"Runic Dome":8,"Shuriken":26,"Bronze Scales":17,"Membership Card":7,"Bottled Lightning":24,"StrikeDummy":27},{"Ice Cream":49,"Calipers":61,"Vajra":14,"Bag of Preparation":53,"Whetstone":36,"Ancient Tea Set":4,"SsserpentHead":1,"TheAbacus":70,"Sundial":46,"Pantograph":41,"Tiny Chest":22,"MealTicket":44,"Ring of the Snake":0,"Runic Pyramid":51,"NeowsBlessing":0,"Eternal Feather":46,"Tingsha":65,"PreservedInsect":62,"Omamori":64,"War Paint":41,"White Beast Statue":39,"Runic Dome":31,"Shuriken":70,"Bronze Scales":53,"Membership Card":22,"Bottled Lightning":66,"StrikeDummy":71}],"Ring of the Snake":[56]},"card_choices":[{"not_picked":["Deadly Poison","Distraction","Predator"],"picked":"SKIP","floor":1.0},{"not_picked":["Cloak And Dagger","Terror"],"picked":"Blade Dance","floor":4.0},{"not_picked":["Eviscerate","Flying Knee"],"picked":"Acrobatics","floor":6.0},{"not_picked":["Dagger Spray","Deflect"],"picked":"Tactician","floor":7.0},{"not_picked":["Outmaneuver","Slice","Dagger Throw"],"picked":"SKIP","floor":8.0},{"not_picked":["Dagger Spray","Footwork"],"picked":"Prepared","floor":11.0},{"not_picked":["Slice","Cloak And Dagger"],"picked":"Terror","floor":12.0},{"not_picked":["Die Die Die","Storm of Steel"],"picked":"Adrenaline","floor":16.0},{"not_picked":["Deflect","Escape Plan"],"picked":"Accuracy","floor":18.0},{"not_picked":["Bane","Flechettes","Footwork"],"picked":"SKIP","floor":20.0},{"not_picked":["Caltrops","Bouncing Flask"],"picked":"Expertise+1","floor":23.0},{"not_picked":["Footwork","Terror","Bane"],"picked":"SKIP","floor":25.0},{"not_picked":["Slice","Footwork","Heel Hook"],"picked":"SKIP","floor":27.0},{"not_picked":["Backflip","Underhanded Strike","Predator+1"],"picked":"SKIP","floor":28.0},{"not_picked":["Well Laid Plans","Cloak And Dagger","Deadly Poison"],"picked":"SKIP","floor":31.0},{"not_picked":["Escape Plan+1","Heel Hook"],"picked":"Flechettes+1","floor":35.0},{"not_picked":["Cloak And Dagger","Expertise","Sucker Punch"],"picked":"SKIP","floor":39.0},{"not_picked":["Choke","Cloak And Dagger","PiercingWail"],"picked":"SKIP","floor":40.0},{"not_picked":["Cloak And Dagger","Flying Knee"],"picked":"Reflex","floor":41},{"not_picked":["Endless Agony","Blade Dance","Blur"],"picked":"SKIP","floor":42},{"not_picked":["Riddle With Holes","Endless Agony+1","Dodge and Roll"],"picked":"SKIP","floor":45},{"not_picked":["Concentrate+1","Caltrops","Corpse Explosion"],"picked":"SKIP","floor":47},{"not_picked":["Slice","Leg Sweep","Acrobatics"],"picked":"SKIP","floor":55}],"player_experience":717820,"relics_obtained":[{"floor":6.0,"key":"Ancient Tea Set"},{"floor":9.0,"key":"Vajra"},{"floor":22.0,"key":"Whetstone"},{"floor":23.0,"key":"White Beast Statue"},{"floor":25.0,"key":"Pantograph"},{"floor":26.0,"key":"War Paint"},{"floor":27.0,"key":"MealTicket"},{"floor":31.0,"key":"Ice Cream"},{"floor":38.0,"key":"Bronze Scales"},{"floor":41,"key":"Calipers"},{"floor":43,"key":"PreservedInsect"},{"floor":45,"key":"Omamori"},{"floor":46,"key":"Tingsha"},{"floor":48,"key":"Bottled Lightning"},{"floor":55,"key":"StrikeDummy"}],"event_choices":[{"cards_removed":["Strike_G"],"damage_healed":0.0,"max_hp_gain":0.0,"max_hp_loss":0.0,"gold_gain":0.0,"event_name":"The Cleric","player_choice":"Card Removal","floor":2.0,"gold_loss":75.0,"damage_taken":0.0},{"damage_healed":0.0,"max_hp_gain":0.0,"max_hp_loss":0.0,"gold_gain":0.0,"event_name":"FaceTrader","player_choice":"Trade","floor":3.0,"gold_loss":0.0,"damage_taken":0.0,"relics_obtained":["SsserpentHead"]},{"damage_healed":0.0,"max_hp_gain":0.0,"max_hp_loss":0.0,"gold_gain":0.0,"event_name":"Lab","player_choice":"Got Potions","floor":5.0,"gold_loss":0.0,"damage_taken":0.0},{"damage_healed":0.0,"max_hp_gain":0.0,"max_hp_loss":0.0,"gold_gain":0.0,"event_name":"WeMeetAgain","player_choice":"Gave Potion","floor":29.0,"gold_loss":0.0,"damage_taken":0.0,"relics_obtained":["Eternal Feather"]},{"cards_removed":["Blade Dance"],"damage_healed":0.0,"max_hp_gain":0.0,"max_hp_loss":0.0,"gold_gain":0.0,"event_name":"Falling","player_choice":"Removed Skill","floor":36.0,"gold_loss":0.0,"damage_taken":0.0},{"damage_healed":0,"gold_gain":0,"player_choice":"Fight","damage_taken":0,"max_hp_gain":0,"max_hp_loss":0,"event_name":"Mysterious Sphere","floor":41,"gold_loss":0},{"damage_healed":0,"gold_gain":0,"player_choice":"Fight","damage_taken":0,"max_hp_gain":0,"max_hp_loss":0,"event_name":"MindBloom","floor":46,"gold_loss":0}],"is_beta":false,"boss_relics":[{"not_picked":["Ectoplasm","Busted Crown"],"picked":"Runic Dome"},{"not_picked":["Sozu","Ring of the Serpent"],"picked":"Runic Pyramid"}],"items_purged_floors":[14,19,30,37,54],"is_endless":false,"potions_floor_spawned":[1,4,16,20,23,25,27,28,31,33,35,39,40,41,42,45,46,47,55],"ascension_level":20}}