{"host":"5s7sm4h73jkd9266","time":1607529324,"event":{"gold_per_floor":[114,63,63,76,76,76,110,110,162,175,186,186,200,211,211,211,211],"floor_reached":16,"playtime":866,"items_purged":[],"score":258,"play_id":"85a5c344-8159-4a39-b4c6-53e09818ed89","local_time":"20201209105524","is_ascension_mode":true,"campfire_choices":[{"floor":6.0,"key":"REST"},{"floor":8.0,"key":"REST"},{"floor":12.0,"key":"REST"},{"floor":15,"key":"REST"}],"neow_cost":"","seed_source_timestamp":0,"circlet_count":0,"master_deck":["AscendersBane","Strike_G","Strike_G","Strike_G","Strike_G","Strike_G","Defend_G","Defend_G","Defend_G","Defend_G","Defend_G","Survivor","Neutralize","Mind Blast","ReplayUltimateDefense","StuffTheSpire:Python","expansioncontent:StudyTheSpire+1","Blade Dance","StuffTheSpire:Injection","Bane","Pain","Deadly Poison","Crippling Poison","Burst","hubris:Counter","Dash","Deflect"],"special_seed":0,"relics":["Ring of the Snake","StuffTheSpire:Mouthbags","TwistedFunnel","Mercury Hourglass","StuffTheSpire:BottledEssence","WarpedTongs","conspire:InfiniteJournal","StuffTheSpire:Barrel"],"potions_floor_usage":[16],"damage_taken":[{"damage":0.0,"enemies":"2 Louse","floor":1.0,"turns":1.0},{"damage":1.0,"enemies":"Cultist","floor":4.0,"turns":3.0},{"damage":33.0,"enemies":"Lagavulin","floor":7.0,"turns":6.0},{"damage":8.0,"enemies":"Jaw Worm","floor":10.0,"turns":2.0},{"damage":0.0,"enemies":"3 Louse","floor":11.0,"turns":2.0},{"damage":7.0,"enemies":"Large Slime","floor":13.0,"turns":5.0},{"damage":7,"enemies":"Exordium Wildlife","floor":14,"turns":3},{"damage":42,"enemies":"The Guardian","floor":16,"turns":8}],"seed_played":"-2838835094149989397","potions_obtained":[{"floor":13.0,"key":"blueLaboratory:BottledHope"}],"is_trial":false,"path_per_floor":["M","$","?","M","?","R","E","R","T","M","M","R","M","M","R","B"],"character_chosen":"THE_SILENT","items_purchased":["Dash","StuffTheSpire:Mouthbags","TwistedFunnel","Mind Blast","ReplayUltimateDefense","Mercury Hourglass","StuffTheSpire:BottledEssence","StuffTheSpire:Python","StuffTheSpire:Injection"],"campfire_rested":4,"item_purchase_floors":[0,0,0,0,0,0,0,0,2],"current_hp_per_floor":[22,22,22,21,21,40,7,26,26,18,18,37,30,23,42,0,0],"gold":211,"neow_bonus":"","is_prod":false,"is_daily":false,"chose_seed":false,"campfire_upgraded":0,"win_rate":0,"timestamp":1607529324,"path_taken":["M","$","?","M","?","R","E","R","T","M","M","R","M","?","R","BOSS"],"build_version":"2020-11-30","purchased_purges":0,"victory":false,"max_hp_per_floor":[66,66,66,66,66,66,66,66,66,66,66,66,66,66,66,66,66],"card_choices":[{"not_picked":["hubris:SlightOfHand","StuffTheSpire:Repulse"],"picked":"Blade Dance","floor":1.0},{"not_picked":["Dagger Spray","Acrobatics"],"picked":"Bane","floor":4.0},{"not_picked":["hubris:Counter","StuffTheSpire:MirrorStance"],"picked":"Deadly Poison","floor":7.0},{"not_picked":["StuffTheSpire:MirrorStance","Finisher"],"picked":"Crippling Poison","floor":10.0},{"not_picked":["Deadly Poison","Backflip"],"picked":"Burst","floor":11.0},{"not_picked":["Poisoned Stab","Sucker Punch"],"picked":"hubris:Counter","floor":13.0},{"not_picked":["Adrenaline","ReplayTheSpireMod:Exploit Weakness"],"picked":"Deflect","floor":14}],"player_experience":5266573,"relics_obtained":[{"floor":7.0,"key":"conspire:InfiniteJournal"},{"floor":9.0,"key":"StuffTheSpire:Barrel"}],"event_choices":[{"damage_healed":0.0,"max_hp_gain":0.0,"max_hp_loss":0.0,"gold_gain":0.0,"event_name":"Accursed Blacksmith","player_choice":"Rummage","floor":5.0,"gold_loss":0.0,"damage_taken":0.0,"relics_obtained":["WarpedTongs"],"cards_obtained":["Pain"]}],"is_beta":false,"boss_relics":[],"items_purged_floors":[],"is_endless":false,"potions_floor_spawned":[13],"killed_by":"The Guardian","ascension_level":14}}