{"host":"32dedufnxebqtmo3","time":1607537494,"event":{"gold_per_floor":[112,112,123,30,49,49,80,80,80,80,107,126,126,155,155,251,251,268,268,228,228,1,32,32,55,106,106,126,151,151,176,176,279,279,293,54,72,72,0,25,25,37,37,37,89,103,114,74,74,74],"floor_reached":51,"playtime":3279,"items_purged":["Parasite","Luminous:Defend_Luminous","Luminous:Light_Flash_Shower","Luminous:Dark_Abyssal_Drop","Luminous:Magic_Boost_Luminous+1"],"score":797,"play_id":"25df5c7d-549f-499c-a2b4-da7fc0dd204a","local_time":"20201209101134","is_ascension_mode":false,"campfire_choices":[{"data":"Luminous:Mirror_Force_Luminous","floor":6,"key":"SMITH"},{"data":"Luminous:Photic_Meditation_Luminous","floor":8,"key":"SMITH"},{"data":"Luminous:Switch_Luminous","floor":10,"key":"SMITH"},{"data":"Luminous:Dusk_Guard_Luminous","floor":13,"key":"SMITH"},{"data":"Luminous:Light_Ray_of_Redemption","floor":15,"key":"SMITH"},{"data":"Luminous:Ethereal_Form_Luminous","floor":24,"key":"SMITH"},{"data":"Luminous:Ethereal_Form_Luminous","floor":27,"key":"SMITH"},{"data":"Luminous:Freud_Wisdom1_Luminous+1","floor":30,"key":"SMITH"},{"data":"Luminous:Concentrate_Luminous","floor":32,"key":"SMITH"},{"data":"Luminous:Light_Wash_Luminous","floor":41,"key":"SMITH"},{"data":"Luminous:Balance_Ender","floor":49,"key":"SMITH"}],"neow_cost":"CURSE","seed_source_timestamp":204822893925500,"circlet_count":0,"master_deck":["Luminous:Light_Flash_Shower","Luminous:Light_Flash_Shower","Luminous:Dark_Abyssal_Drop+1","Luminous:Dark_Abyssal_Drop","Luminous:Defend_Luminous","Luminous:Defend_Luminous","Luminous:Defend_Luminous+1","Luminous:Switch_Luminous+1","Luminous:Mirror_Force_Luminous+1","Luminous:Light_Glare+1","Luminous:Dark_Morning_Star+1","Luminous:Concentrate_Luminous+1","Luminous:Photic_Meditation_Luminous+1","Luminous:Light_Glare","Luminous:Freud_Wisdom1_Luminous+1","Luminous:Light_Ray_of_Redemption+1","Luminous:Ethereal_Form_Luminous+1","CurseOfTheBell","Luminous:Darkness_Mastery_Luminous","Luminous:Ethereal_Form_Luminous+1","Luminous:Freud_Wisdom1_Luminous+3","Luminous:Concentrate_Luminous+1","Luminous:Light_Glare","Luminous:Concentrate_Luminous+1","Luminous:Light_Wash_Luminous+1","Luminous:Light_Gather+1","Luminous:Balance_Ender+1","Luminous:Concentrate_Luminous+1"],"relics":["Luminous:MirrorRelic","Juzu Bracelet","Meat on the Bone","Bronze Scales","Tiny Chest","Calling Bell","Lantern","Toxic Egg 2","StoneCalendar","TheCursedMod:BlackMagic101","Darkstone Periapt","DollysMirror","Whetstone","Centennial Puzzle","Anchor","Singing Bowl","Pen Nib","Black Star","ClockworkSouvenir","Red Mask","Vajra","Shuriken","The Courier","War Paint"],"potions_floor_usage":[11,11,18,28,31],"damage_taken":[{"damage":0,"enemies":"2 Louse","floor":1,"turns":2},{"damage":0,"enemies":"Cultist","floor":3,"turns":4},{"damage":0,"enemies":"Small Slimes","floor":5,"turns":3},{"damage":12,"enemies":"Gremlin Nob","floor":7,"turns":5},{"damage":0,"enemies":"Lagavulin","floor":11,"turns":6},{"damage":0,"enemies":"2 Fungi Beasts","floor":12,"turns":2},{"damage":19,"enemies":"3 Sentries","floor":14,"turns":10},{"damage":25,"enemies":"The Guardian","floor":16,"turns":9},{"damage":4,"enemies":"3 Byrds","floor":18,"turns":6},{"damage":12,"enemies":"Book of Stabbing","floor":23,"turns":7},{"damage":0,"enemies":"Chosen","floor":28,"turns":5},{"damage":30,"enemies":"Gremlin Leader","floor":29,"turns":7},{"damage":21,"enemies":"Slavers","floor":31,"turns":7},{"damage":8,"enemies":"Champ","floor":33,"turns":12},{"damage":0,"enemies":"Orb Walker","floor":35,"turns":5},{"damage":9,"enemies":"3 Shapes","floor":37,"turns":7},{"damage":34,"enemies":"Nemesis","floor":40,"turns":9},{"damage":12,"enemies":"Jaw Worm Horde","floor":42,"turns":4},{"damage":13,"enemies":"3 Darklings","floor":46,"turns":7},{"damage":0,"enemies":"Maw","floor":47,"turns":9},{"damage":71,"enemies":"Time Eater","floor":50,"turns":17}],"seed_played":"-6085020012713854423","potions_obtained":[{"floor":2,"key":"Energy Potion"},{"floor":2,"key":"Swift Potion"},{"floor":2,"key":"SmokeBomb"},{"floor":3,"key":"Ancient Potion"},{"floor":11,"key":"BlessingOfTheForge"},{"floor":14,"key":"GamblersBrew"},{"floor":18,"key":"FairyPotion"},{"floor":33,"key":"Ancient Potion"},{"floor":42,"key":"Explosive Potion"}],"is_trial":false,"path_per_floor":["M","?","M","$","M","R","E","R","T","R","E","M","R","E","R","B",null,"M","?","?","?","$","E","R","T","T","R","M","E","R","E","R","B",null,"M","$","M","?","?","E","R","M","T","?","T","M","M","$","R","B",null],"character_chosen":"LuminousClass","items_purchased":["Luminous:Concentrate_Luminous","Luminous:Photic_Meditation_Luminous","Luminous:Darkness_Mastery_Luminous","DollysMirror","ClockworkSouvenir","Luminous:Concentrate_Luminous+1","Luminous:Light_Wash_Luminous","Luminous:Concentrate_Luminous+1"],"campfire_rested":0,"item_purchase_floors":[4,4,22,22,36,36,36,48],"current_hp_per_floor":[75,75,75,72,72,72,60,60,60,60,66,69,69,60,60,49,72,72,72,72,72,72,65,65,65,65,65,72,60,60,55,55,66,74,74,74,76,76,76,54,54,62,62,90,90,90,90,90,90,49],"gold":74,"neow_bonus":"THREE_RARE_CARDS","is_prod":false,"is_daily":false,"chose_seed":false,"campfire_upgraded":11,"win_rate":1,"timestamp":1607537494,"path_taken":["M","?","M","$","M","R","E","R","T","R","E","M","R","E","R","BOSS","M","?","?","?","$","E","R","?","T","R","M","E","R","E","R","BOSS","M","$","M","?","?","E","R","M","T","?","?","M","M","$","R","BOSS"],"build_version":"2020-11-30","purchased_purges":5,"victory":true,"max_hp_per_floor":[75,75,75,72,72,72,72,72,72,72,72,72,72,72,72,72,72,72,72,72,72,72,72,72,72,72,72,72,72,72,74,74,74,74,74,74,76,76,76,78,78,80,80,90,90,90,90,90,90,90],"relic_stats":{"Darkstone Periapt":0,"Singing Bowl":8,"counters":[21,143],"StoneCalendar":[274],"Pen Nib":[11],"Juzu Bracelet":2,"Whetstone":["Luminous:Light_Glare","Luminous:Dark_Abyssal_Drop"],"War Paint":["Luminous:Freud_Wisdom1_Luminous","Luminous:Freud_Wisdom1_Luminous"],"Centennial Puzzle":[24],"Shuriken":[11],"Bronze Scales":[475],"Tiny Chest":2,"Black Star":1,"obtain_stats":[{"Darkstone Periapt":21,"TheCursedMod:BlackMagic101":19,"Lantern":17,"Singing Bowl":29,"Vajra":40,"StoneCalendar":17,"Pen Nib":31,"The Courier":43,"Luminous:MirrorRelic":0,"Juzu Bracelet":7,"Whetstone":23,"War Paint":45,"ClockworkSouvenir":36,"Calling Bell":17,"Centennial Puzzle":25,"Anchor":26,"DollysMirror":22,"Shuriken":40,"Bronze Scales":11,"Tiny Chest":14,"Black Star":34,"Red Mask":39,"Toxic Egg 2":17,"Meat on the Bone":9},{"Darkstone Periapt":9,"TheCursedMod:BlackMagic101":9,"Lantern":8,"Singing Bowl":12,"Vajra":17,"StoneCalendar":8,"Pen Nib":13,"The Courier":18,"Luminous:MirrorRelic":0,"Juzu Bracelet":4,"Whetstone":10,"War Paint":18,"ClockworkSouvenir":15,"Calling Bell":8,"Centennial Puzzle":10,"Anchor":10,"DollysMirror":9,"Shuriken":17,"Bronze Scales":5,"Tiny Chest":7,"Black Star":14,"Red Mask":16,"Toxic Egg 2":8,"Meat on the Bone":4},{"Darkstone Periapt":47,"TheCursedMod:BlackMagic101":47,"Lantern":41,"Singing Bowl":66,"Vajra":106,"StoneCalendar":41,"Pen Nib":73,"The Courier":110,"Luminous:MirrorRelic":0,"Juzu Bracelet":14,"Whetstone":54,"War Paint":110,"ClockworkSouvenir":90,"Calling Bell":41,"Centennial Puzzle":54,"Anchor":54,"DollysMirror":47,"Shuriken":106,"Bronze Scales":20,"Tiny Chest":32,"Black Star":85,"Red Mask":97,"Toxic Egg 2":41,"Meat on the Bone":14}],"Meat on the Bone":12},"card_choices":[{"not_picked":["Luminous:Equalize_Luminous","Luminous:Date_of_Light_Luminous"],"picked":"Luminous:Mirror_Force_Luminous","floor":0},{"not_picked":["Luminous:Dark_Morning_Star","Luminous:Dark_Pressure_Void"],"picked":"Luminous:Light_Glare","floor":1},{"not_picked":["Luminous:Flash_Blink_Luminous","Luminous:Dark_Raid"],"picked":"Luminous:Dark_Morning_Star","floor":3},{"not_picked":["Luminous:Accumulation_Luminous","Luminous:Lunar_Tide_Luminous"],"picked":"Luminous:Light_Sylvan_Lance","floor":5},{"not_picked":["Luminous:Magic_Accelerate_Luminous","Luminous:Light_Disperse"],"picked":"Luminous:Light_Glare","floor":7},{"not_picked":["Luminous:Mana_Overload_Luminous","Luminous:Dark_Dim_Erosion"],"picked":"Luminous:Dusk_Guard_Luminous","floor":11},{"not_picked":["Luminous:Light_Sylvan_Lance","Luminous:Accumulation_Luminous"],"picked":"Luminous:Freud_Wisdom1_Luminous","floor":12},{"not_picked":["Luminous:Light_Disperse","Luminous:Light_Gather"],"picked":"Luminous:Light_Ray_of_Redemption","floor":14},{"not_picked":["Luminous:Date_of_Light_Luminous","Luminous:Mirror_Force_Luminous"],"picked":"Luminous:Ethereal_Form_Luminous","floor":16},{"not_picked":["Luminous:Dark_Apocalypse","Luminous:Dark_Dim_Erosion+1"],"picked":"Luminous:Magic_Boost_Luminous+1","floor":18},{"not_picked":["Luminous:Dark_Raid","Luminous:Accumulation_Luminous+1","Luminous:Lights_Protection_Luminous+1"],"picked":"SKIP","floor":23},{"not_picked":["Luminous:Hero_Will_Luminous+1","Luminous:Light_Gather"],"picked":"Luminous:Freud_Wisdom1_Luminous+1","floor":28},{"not_picked":["Luminous:Light_Glare","Luminous:Dark_Extract"],"picked":"Luminous:Concentrate_Luminous+1","floor":29},{"not_picked":["Luminous:Balance_Aether_Conduit","Luminous:Dark_Raid+1","Luminous:Dark_Dim_Erosion"],"picked":"Singing Bowl","floor":31},{"not_picked":["Luminous:Freud_Wisdom1_Luminous+1","Luminous:Mirror_Force_Luminous+1"],"picked":"Luminous:Dark_Crescendo_Luminous","floor":33},{"not_picked":["Luminous:Light_Gather+1","Luminous:Dark_Dim_Erosion+1"],"picked":"Luminous:Light_Glare","floor":35},{"not_picked":["Luminous:Light_Wash_Luminous","Luminous:Accumulation_Luminous+1","Luminous:Light_Gather"],"picked":"Singing Bowl","floor":37},{"not_picked":["Luminous:Balance_Baptism","Luminous:Sympathy_Luminous+1","Luminous:Dark_Pressure_Void"],"picked":"Singing Bowl","floor":40},{"not_picked":["Luminous:Concentrate_Luminous+1","Luminous:Light_Glare","Luminous:Light_Disperse+1"],"picked":"Singing Bowl","floor":42},{"not_picked":["Luminous:Fast_Spell_Luminous+1","Luminous:Blinding_Pillar_Luminous+1"],"picked":"Luminous:Light_Gather+1","floor":46},{"not_picked":["Luminous:Light_Disperse","Luminous:Light_Gather"],"picked":"Luminous:Balance_Ender","floor":47}],"player_experience":677101,"relics_obtained":[{"floor":7,"key":"Juzu Bracelet"},{"floor":9,"key":"Meat on the Bone"},{"floor":11,"key":"Bronze Scales"},{"floor":14,"key":"Tiny Chest"},{"floor":17,"key":"Lantern"},{"floor":17,"key":"Toxic Egg 2"},{"floor":17,"key":"StoneCalendar"},{"floor":23,"key":"Whetstone"},{"floor":25,"key":"Centennial Puzzle"},{"floor":26,"key":"Anchor"},{"floor":29,"key":"Singing Bowl"},{"floor":31,"key":"Pen Nib"},{"floor":40,"key":"Vajra"},{"floor":40,"key":"Shuriken"},{"floor":43,"key":"The Courier"},{"floor":45,"key":"War Paint"}],"event_choices":[{"damage_healed":0,"gold_gain":0,"player_choice":"Got Potions","damage_taken":0,"max_hp_gain":0,"max_hp_loss":0,"event_name":"Lab","floor":2,"gold_loss":0},{"damage_healed":0,"gold_gain":0,"player_choice":"Upgraded Two","damage_taken":0,"max_hp_gain":0,"max_hp_loss":0,"event_name":"Designer","floor":20,"gold_loss":40,"cards_upgraded":["Luminous:Defend_Luminous","Luminous:Dark_Morning_Star"]},{"cards_removed":["Luminous:Light_Sylvan_Lance"],"damage_healed":0,"gold_gain":0,"player_choice":"Gave Card","damage_taken":0,"relics_obtained":["Darkstone Periapt"],"max_hp_gain":0,"max_hp_loss":0,"event_name":"WeMeetAgain","floor":21,"gold_loss":0},{"cards_removed":["Luminous:Dusk_Guard_Luminous"],"damage_healed":0,"gold_gain":0,"player_choice":"Removed Power","damage_taken":0,"max_hp_gain":0,"max_hp_loss":0,"event_name":"Falling","floor":38,"gold_loss":0},{"damage_healed":0,"gold_gain":0,"player_choice":"Paid","damage_taken":0,"relics_obtained":["Red Mask"],"max_hp_gain":0,"max_hp_loss":0,"event_name":"Tomb of Lord Red Mask","floor":39,"gold_loss":72},{"cards_removed":["Luminous:Dark_Crescendo_Luminous"],"damage_healed":18,"gold_gain":0,"player_choice":"Offered Rare","damage_taken":0,"max_hp_gain":10,"max_hp_loss":0,"event_name":"Bonfire Elementals","floor":44,"gold_loss":0}],"is_beta":false,"boss_relics":[{"not_picked":["Coffee Dripper","Ectoplasm"],"picked":"Calling Bell"},{"not_picked":["Fusion Hammer","Empty Cage"],"picked":"Black Star"}],"items_purged_floors":[4,4,4,4,22],"is_endless":false,"potions_floor_spawned":[3,5,11,14,16,18,33,42,46],"ascension_level":0}}