{"host":"pt6h8oq25r9fy33v","time":1607531480,"event":{"gold_per_floor":[219,231,120,120,135,468,225,225,225,254,254,264,278,291,291,388,388,403,278,193,203,222,254,268,301,374,374,408,418,268,294,294,395,395,412,82,82,101,115,141,141,175,227,227,246,274,274,274,496,496,496,496],"floor_reached":51,"playtime":2252,"items_purged":["Strike_R","Pain","Strike_R","Strike_R","Strike_R"],"score":942,"play_id":"41b5919b-49d6-4036-8429-d2feaa01af90","local_time":"20201210013120","is_ascension_mode":true,"campfire_choices":[{"data":"Shockwave","floor":8.0,"key":"SMITH"},{"data":"Burning Pact","floor":11.0,"key":"SMITH"},{"data":"True Grit","floor":15,"key":"SMITH"},{"floor":27,"key":"REST"},{"floor":32,"key":"REST"},{"floor":41,"key":"REST"},{"floor":44,"key":"REST"},{"floor":50,"key":"REST"}],"neow_cost":"NONE","seed_source_timestamp":365113344801520,"circlet_count":0,"master_deck":["Strike_R","Defend_R","Defend_R","Defend_R+1","Defend_R","Bash","Sword Boomerang+1","Power Through","Shockwave+1","Burning Pact+1","Spot Weakness","Battle Trance+1","Juggernaut","True Grit+1","Fire Breathing","Immolate","Dark Embrace","Shrug It Off+1","Headbutt+1","Evolve","Dropkick","Exhume","Inflame","Offering","Thinking Ahead","Flame Barrier+1","Spot Weakness","Shockwave+1","Madness","Madness"],"special_seed":0,"relics":["Burning Blood","WarpedTongs","Old Coin","Bronze Scales","HornCleat","Blood Vial","Fusion Hammer","Dead Branch","Bag of Preparation","Red Mask","Blue Candle","Whetstone","Vajra","Busted Crown","War Paint","Bag of Marbles","Kunai","Toy Ornithopter","Ancient Tea Set"],"potions_floor_usage":[16,16,23,28,33,51,51],"damage_taken":[{"damage":0.0,"enemies":"Small Slimes","floor":1.0,"turns":3.0},{"damage":1.0,"enemies":"Cultist","floor":2.0,"turns":3.0},{"damage":7.0,"enemies":"Jaw Worm","floor":5.0,"turns":4.0},{"damage":39.0,"enemies":"Lagavulin","floor":6.0,"turns":6.0},{"damage":10.0,"enemies":"Gremlin Nob","floor":10.0,"turns":4.0},{"damage":7.0,"enemies":"2 Fungi Beasts","floor":12.0,"turns":4.0},{"damage":7.0,"enemies":"Exordium Wildlife","floor":13.0,"turns":5.0},{"damage":18,"enemies":"Large Slime","floor":14,"turns":5},{"damage":28,"enemies":"Slime Boss","floor":16,"turns":7},{"damage":8,"enemies":"Chosen","floor":18,"turns":4},{"damage":17,"enemies":"Shell Parasite","floor":21,"turns":4},{"damage":16,"enemies":"Centurion and Healer","floor":22,"turns":5},{"damage":11,"enemies":"Slavers","floor":23,"turns":4},{"damage":15,"enemies":"Shelled Parasite and Fungi","floor":24,"turns":4},{"damage":0,"enemies":"Masked Bandits","floor":25,"turns":2},{"damage":13,"enemies":"Gremlin Leader","floor":28,"turns":6},{"damage":16,"enemies":"Cultist and Chosen","floor":29,"turns":5},{"damage":20,"enemies":"Book of Stabbing","floor":31,"turns":5},{"damage":28,"enemies":"Collector","floor":33,"turns":8},{"damage":6,"enemies":"Orb Walker","floor":35,"turns":3},{"damage":18,"enemies":"3 Darklings","floor":38,"turns":4},{"damage":13,"enemies":"Jaw Worm Horde","floor":39,"turns":4},{"damage":11,"enemies":"Reptomancer","floor":40,"turns":5},{"damage":16,"enemies":"Nemesis","floor":42,"turns":5},{"damage":6,"enemies":"Transient","floor":45,"turns":5},{"damage":6,"enemies":"Giant Head","floor":46,"turns":4},{"damage":89,"enemies":"Awakened One","floor":51,"turns":7}],"seed_played":"2892367127792627570","potions_obtained":[{"floor":5.0,"key":"BloodPotion"},{"floor":10.0,"key":"FearPotion"},{"floor":13.0,"key":"Strength Potion"},{"floor":18,"key":"ColorlessPotion"},{"floor":21,"key":"Block Potion"},{"floor":23,"key":"Dexterity Potion"},{"floor":24,"key":"Regen Potion"},{"floor":31,"key":"EssenceOfSteel"},{"floor":38,"key":"PowerPotion"}],"is_trial":false,"path_per_floor":["M","M","$","?","M","E","$","R","T","E","R","M","M","M","R","B",null,"M","$","?","M","M","E","M","?","T","R","E","M","$","E","R","B",null,"M","$","?","M","M","E","R","E","T","R","M","E","?","?","?","R","B"],"character_chosen":"IRONCLAD","items_purchased":["Shockwave","Bronze Scales","War Paint"],"campfire_rested":5,"item_purchase_floors":[3,7,36],"current_hp_per_floor":[78,80,80,80,79,46,46,46,46,42,42,43,44,34,34,30,68,68,68,68,59,51,48,41,49,49,73,80,70,70,58,80,58,75,77,77,67,57,52,49,73,65,65,80,80,80,80,70,70,80,0,0],"gold":496,"neow_bonus":"HUNDRED_GOLD","is_prod":false,"is_daily":false,"chose_seed":false,"campfire_upgraded":3,"win_rate":0,"timestamp":1607531480,"path_taken":["M","M","$","?","M","E","$","R","T","E","R","?","M","M","R","BOSS","M","$","?","M","M","E","M","?","T","R","E","M","?","E","R","BOSS","M","$","?","M","M","E","R","E","T","R","M","E","?","?","?","R","BOSS"],"build_version":"2020-11-30","purchased_purges":5,"victory":false,"max_hp_per_floor":[80,80,80,80,80,80,80,80,80,80,80,80,80,80,80,80,80,80,80,80,80,80,80,80,80,80,80,80,80,80,80,80,80,80,80,80,80,80,80,80,80,80,80,80,80,80,80,80,80,80,80,80],"card_choices":[{"not_picked":["Iron Wave","Sentinel"],"picked":"Sword Boomerang","floor":1.0},{"not_picked":["Infernal Blade","Reckless Charge"],"picked":"Power Through","floor":2.0},{"not_picked":["Twin Strike","Perfected Strike"],"picked":"Burning Pact","floor":5.0},{"not_picked":["Combust","Perfected Strike"],"picked":"Spot Weakness","floor":6.0},{"not_picked":["Burning Pact","Clothesline"],"picked":"Battle Trance","floor":10.0},{"not_picked":["Sever Soul","Reckless Charge"],"picked":"Juggernaut","floor":12.0},{"not_picked":["Clash","Cleave"],"picked":"True Grit","floor":13.0},{"not_picked":["Headbutt","Flex"],"picked":"Fire Breathing","floor":14},{"not_picked":["Fiend Fire","Barricade"],"picked":"Immolate","floor":16},{"not_picked":["Flex","Bloodletting"],"picked":"Dark Embrace","floor":18},{"not_picked":["Body Slam","Entrench"],"picked":"Shrug It Off+1","floor":21},{"not_picked":["Shrug It Off","Hemokinesis"],"picked":"Headbutt","floor":22},{"not_picked":["Power Through","Searing Blow"],"picked":"Evolve","floor":23},{"not_picked":["Clash","Shrug It Off"],"picked":"Dropkick","floor":24},{"not_picked":["Pommel Strike+1","Flex"],"picked":"Exhume","floor":25},{"not_picked":["Warcry","Ghostly Armor"],"picked":"Inflame","floor":28},{"not_picked":["Battle Trance+1","Armaments","Body Slam"],"picked":"SKIP","floor":29},{"not_picked":["Thunderclap","Pummel","Uppercut"],"picked":"SKIP","floor":31},{"not_picked":["Exhume","Impervious"],"picked":"Offering","floor":33},{"not_picked":["Infernal Blade"],"picked":"SKIP","floor":35},{"not_picked":[],"picked":"Thinking Ahead","floor":37},{"not_picked":[],"picked":"Flame Barrier+1","floor":38},{"not_picked":["Entrench+1"],"picked":"SKIP","floor":39},{"not_picked":["Carnage"],"picked":"SKIP","floor":40},{"not_picked":[],"picked":"Spot Weakness","floor":42},{"not_picked":[],"picked":"Shockwave+1","floor":45},{"not_picked":["Dark Embrace+1"],"picked":"SKIP","floor":46}],"player_experience":57305,"relics_obtained":[{"floor":6.0,"key":"Old Coin"},{"floor":9.0,"key":"HornCleat"},{"floor":10.0,"key":"Blood Vial"},{"floor":23,"key":"Bag of Preparation"},{"floor":25,"key":"Red Mask"},{"floor":26,"key":"Blue Candle"},{"floor":28,"key":"Whetstone"},{"floor":31,"key":"Vajra"},{"floor":40,"key":"Bag of Marbles"},{"floor":42,"key":"Kunai"},{"floor":43,"key":"Toy Ornithopter"},{"floor":46,"key":"Ancient Tea Set"}],"event_choices":[{"damage_healed":0.0,"max_hp_gain":0.0,"max_hp_loss":0.0,"gold_gain":0.0,"event_name":"Accursed Blacksmith","player_choice":"Rummage","floor":4.0,"gold_loss":0.0,"damage_taken":0.0,"relics_obtained":["WarpedTongs"],"cards_obtained":["Pain"]},{"damage_healed":0,"gold_gain":0,"player_choice":"Obtained Relic","damage_taken":0,"relics_obtained":["Dead Branch"],"max_hp_gain":0,"max_hp_loss":0,"event_name":"Addict","floor":20,"gold_loss":85},{"damage_healed":0,"gold_gain":0,"player_choice":"Fought Bandits","damage_taken":0,"max_hp_gain":0,"max_hp_loss":0,"event_name":"Masked Bandits","floor":25,"gold_loss":0},{"damage_healed":0,"gold_gain":0,"player_choice":"Memory 3","damage_taken":10,"max_hp_gain":0,"max_hp_loss":0,"event_name":"SensoryStone","floor":37,"gold_loss":0},{"damage_healed":0,"gold_gain":0,"player_choice":"Embrace Madness","damage_taken":10,"max_hp_gain":0,"max_hp_loss":0,"event_name":"Winding Halls","floor":48,"gold_loss":0,"cards_obtained":["Madness","Madness"]},{"damage_healed":0,"gold_gain":222,"player_choice":"Wore Mask","damage_taken":0,"max_hp_gain":0,"max_hp_loss":0,"event_name":"Tomb of Lord Red Mask","floor":49,"gold_loss":0}],"is_beta":false,"boss_relics":[{"not_picked":["Ectoplasm","Coffee Dripper"],"picked":"Fusion Hammer"},{"not_picked":["Empty Cage","Tiny House"],"picked":"Busted Crown"}],"items_purged_floors":[3,7,19,30,36],"is_endless":false,"potions_floor_spawned":[5,10,13,18,21,23,24,31,38,46],"killed_by":"Awakened One","ascension_level":8}}