{"host":"vcrofm1hbk0ziuql","time":1607529981,"event":{"gold_per_floor":[113,126,143,143,163,163,88,88,88,101,117,117,117,136,136,241,241,258,270,74,74,88,88,108,108,108,108,121,35,0,11,11,116,116,134,134,151,151,170,170,190,190,190,190,190,190,209,209,209,209],"floor_reached":51,"playtime":2667,"items_purged":["Strike_G","FearNoEvil+1","Vigilance"],"score":716,"play_id":"77d6cd05-e122-497e-b727-5a0e419ac316","local_time":"20201209160621","is_ascension_mode":false,"campfire_choices":[{"data":"Defend_P","floor":6,"key":"PURGE"},{"data":"Strike_P","floor":12,"key":"PURGE"},{"data":"Strike_P","floor":15,"key":"PURGE"},{"data":"FearNoEvil+1","floor":23,"key":"PURGE"},{"data":"InnerPeace","floor":27,"key":"PURGE"},{"data":"SandsOfTime+1","floor":32,"key":"PURGE"},{"floor":40,"key":"RECALL"},{"data":"Evaluate","floor":42,"key":"SMITH"},{"data":"Protect","floor":44,"key":"SMITH"},{"floor":49,"key":"DIG"}],"neow_cost":"BASIC_CARDS","seed_source_timestamp":22754246633105,"circlet_count":0,"master_deck":["Defend_P","Defend_P","PathToVictory+1","PathToVictory","Replay:LoomingThreat+1","Replay:AtTheReady","Perseverance+1","Protect+1","Evaluate+1","Establishment"],"relics":["PureWater","Peace Pipe","Singing Bowl","Astrolabe","Membership Card","Replay:Ringing Soul","Replay:Bottled Steam","Dead Branch"],"potions_floor_usage":[16,16,16,50,50],"damage_taken":[{"damage":0,"enemies":"2 Louse","floor":1,"turns":2},{"damage":1,"enemies":"Jaw Worm","floor":2,"turns":3},{"damage":2,"enemies":"Cultist","floor":3,"turns":5},{"damage":7,"enemies":"Looter","floor":5,"turns":5},{"damage":16,"enemies":"Exordium Wildlife","floor":10,"turns":7},{"damage":9,"enemies":"Blue Slaver","floor":11,"turns":4},{"damage":7,"enemies":"Large Slime","floor":14,"turns":5},{"damage":25,"enemies":"Fading Forest","floor":16,"turns":11},{"damage":22,"enemies":"Spheric Guardian","floor":18,"turns":4},{"damage":25,"enemies":"3 Byrds","floor":19,"turns":4},{"damage":18,"enemies":"Shelled Parasite and Fungi","floor":22,"turns":3},{"damage":0,"enemies":"Snecko","floor":24,"turns":4},{"damage":3,"enemies":"Centurion and Healer","floor":28,"turns":4},{"damage":0,"enemies":"3 Cultists","floor":31,"turns":4},{"damage":0,"enemies":"Champ","floor":33,"turns":6},{"damage":6,"enemies":"Orb Walker","floor":35,"turns":4},{"damage":11,"enemies":"3 Shapes","floor":37,"turns":6},{"damage":2,"enemies":"3 Darklings","floor":39,"turns":6},{"damage":46,"enemies":"Sphere and 2 Shapes","floor":41,"turns":6},{"damage":1,"enemies":"Writhing Mass","floor":47,"turns":5},{"damage":82,"enemies":"Donu and Deca","floor":50,"turns":14}],"seed_played":"347536090642189438","potions_obtained":[{"floor":2,"key":"DuplicationPotion"},{"floor":10,"key":"Energy Potion"},{"floor":14,"key":"Regen Potion"},{"floor":19,"key":"Strength Potion"},{"floor":28,"key":"AttackPotion"},{"floor":33,"key":"Venom Potion"},{"floor":37,"key":"Regen Potion"},{"floor":39,"key":"Languid Potion"}],"is_trial":false,"path_per_floor":["M","M","M","?","M","R","$","?","T","M","M","R","?","M","R_BF","B",null,"M","M","$","?","M","R","M","?","T","R","M","$","?","M","R_BF","B",null,"M","?","M","$","M","R","M","R","T","R","?","?","M","T","R_BF","B",null],"character_chosen":"WATCHER","items_purchased":["Membership Card","Protect"],"campfire_rested":0,"item_purchase_floors":[20,29],"current_hp_per_floor":[72,71,69,69,62,62,62,62,62,46,39,39,39,32,32,34,76,54,31,31,57,39,39,41,41,41,41,38,38,38,38,38,38,80,76,76,67,67,67,67,23,23,23,23,91,91,92,92,92,22],"gold":209,"neow_bonus":"ONE_RARE_RELIC","is_prod":false,"is_daily":false,"chose_seed":false,"campfire_upgraded":2,"win_rate":0,"timestamp":1607529981,"path_taken":["M","M","M","?","M","R","$","?","T","?","M","R","?","M","R_BF","BOSS","M","M","$","?","M","R","M","?","T","R","M","$","?","M","R_BF","BOSS","M","?","M","$","?","R","M","R","T","R","?","?","?","?","R_BF","BOSS"],"build_version":"2020-11-30","purchased_purges":3,"victory":true,"max_hp_per_floor":[72,72,72,72,72,72,72,72,72,72,74,74,74,74,74,76,76,76,78,78,78,78,78,80,80,80,80,80,80,80,80,80,80,80,82,82,84,84,86,86,88,88,88,88,91,91,93,93,93,93],"card_choices":[{"not_picked":["CutThroughFate","PathToVictory","Protect"],"picked":"SKIP","floor":1},{"not_picked":["ReachHeaven","Weave"],"picked":"PathToVictory","floor":2},{"not_picked":["FollowUp","Establishment","CrushJoints"],"picked":"SKIP","floor":3},{"not_picked":["Meditate","Protect","Fasting2"],"picked":"SKIP","floor":5},{"not_picked":["Pray","Prostrate"],"picked":"PathToVictory","floor":10},{"not_picked":["FlurryOfBlows","FlyingSleeves","ThirdEye"],"picked":"Singing Bowl","floor":11},{"not_picked":["FollowUp","BowlingBash"],"picked":"InnerPeace","floor":14},{"not_picked":["Wish","Omniscience","Alpha"],"picked":"Singing Bowl","floor":16},{"not_picked":["Replay:Battleflow","Replay:BluntJabs"],"picked":"Replay:AtTheReady","floor":18},{"not_picked":["FollowUp+1","EmptyFist+1","CarveReality"],"picked":"Singing Bowl","floor":19},{"not_picked":["MentalFortress","BattleHymn+1"],"picked":"Perseverance+1","floor":22},{"not_picked":["CrushJoints","DevaForm","JustLucky+1"],"picked":"Singing Bowl","floor":24},{"not_picked":["Indignation","Wallop"],"picked":"SandsOfTime+1","floor":28},{"not_picked":["Replay:ManipulateFuture","BattleHymn"],"picked":"Evaluate","floor":31},{"not_picked":["Omniscience","LessonLearned"],"picked":"Establishment","floor":33},{"not_picked":["ForeignInfluence","CrushJoints","Replay:ManipulateFuture"],"picked":"Singing Bowl","floor":35},{"not_picked":["EmptyBody","Crescendo","ThirdEye+1"],"picked":"Singing Bowl","floor":37},{"not_picked":["JustLucky+1","FlyingSleeves","SashWhip"],"picked":"Singing Bowl","floor":39},{"not_picked":["Prostrate+1","SandsOfTime","Conclude"],"picked":"Singing Bowl","floor":41},{"not_picked":["Conclude+1","ClearTheMind+1","Wallop+1"],"picked":"Singing Bowl","floor":47}],"player_experience":525121,"relics_obtained":[{"floor":9,"key":"Singing Bowl"},{"floor":43,"key":"Replay:Ringing Soul"},{"floor":48,"key":"Replay:Bottled Steam"},{"floor":49,"key":"Dead Branch"}],"event_choices":[{"cards_removed":["Eruption"],"damage_healed":0,"gold_gain":0,"player_choice":"Offered Basic","damage_taken":0,"max_hp_gain":0,"max_hp_loss":0,"event_name":"Bonfire Elementals","floor":8,"gold_loss":0},{"damage_healed":0,"gold_gain":0,"player_choice":"Grow","damage_taken":0,"max_hp_gain":0,"max_hp_loss":0,"event_name":"Living Wall","floor":13,"gold_loss":0,"cards_upgraded":["PathToVictory"]},{"damage_healed":26,"gold_gain":0,"player_choice":"Heal","damage_taken":0,"max_hp_gain":0,"max_hp_loss":0,"event_name":"The Library","floor":21,"gold_loss":0},{"damage_healed":0,"gold_gain":0,"player_choice":"Paid Fearfully","damage_taken":0,"max_hp_gain":0,"max_hp_loss":0,"event_name":"Masked Bandits","floor":30,"gold_loss":35},{"damage_healed":0,"gold_gain":0,"player_choice":"0 cards matched","damage_taken":0,"max_hp_gain":0,"max_hp_loss":0,"event_name":"Match and Keep!","floor":36,"gold_loss":0,"cards_obtained":[]},{"damage_healed":65,"gold_gain":0,"player_choice":"Heal","damage_taken":0,"max_hp_gain":0,"max_hp_loss":0,"event_name":"MindBloom","floor":45,"gold_loss":0,"cards_obtained":["Doubt"]},{"cards_removed":["Doubt"],"damage_healed":0,"gold_gain":0,"player_choice":"Purged","damage_taken":0,"max_hp_gain":0,"max_hp_loss":0,"event_name":"Purifier","floor":46,"gold_loss":0}],"is_beta":false,"boss_relics":[{"not_picked":["Velvet Choker","Cursed Key"],"picked":"Astrolabe"},{"not_picked":["Busted Crown","Replay:Ancient Bell","Replay:Drink Me"]}],"items_purged_floors":[7,20,29],"is_endless":false,"potions_floor_spawned":[2,10,14,19,28,33,37,39],"ascension_level":0}}