{"host":"vc9y6l13pl00cmhf","time":1607481806,"event":{"gold_per_floor":[121,51,67,20,20,55,55,96,120,120,133,133,149,160,160,160,160],"floor_reached":16,"playtime":1351,"items_purged":[],"score":135,"play_id":"8aca0f3e-8416-4a5c-968a-c96281b151d3","local_time":"20201208194326","is_ascension_mode":false,"campfire_choices":[{"floor":10,"key":"RECALL"},{"floor":12,"key":"REST"},{"data":"animator:Berserker","floor":15,"key":"SMITH"}],"neow_cost":"NONE","seed_source_timestamp":2197020171965800,"circlet_count":0,"master_deck":["animator:Strike_GATE","animator:Defend_GATE","animator:Strike","animator:Strike","animator:Strike","animator:Defend","animator:Defend","animator:Defend","animator:TukaLunaMarceau","animator:Kuribayashi","animator:Nanami","animator:Megumin","animator:ElricAlphonse","animator:Emonzaemon","animator:Tyuule","animator:Berserker+1","animator:Shion","animator:Illya"],"relics":["animator:LivingPicture","animator:TheMissingPiece","animator:PurgingStone","LagranYue:RandomDrawCardRelic","NeowsBlessing","Hallownest:StagBellRelic1","hubris:Icosahedron","Ancient Tea Set","Hallownest:DreamNailRelic","Darkstone Periapt"],"potions_floor_usage":[8,13,16],"damage_taken":[{"damage":0,"enemies":"Hallownest:2_Tiktiks_and_1_Crawlid","floor":1,"turns":2},{"damage":0,"enemies":"Hallownest:monsterHuskWarrior","floor":3,"turns":1},{"damage":0,"enemies":"Hallownest:eliteMossKnight","floor":6,"turns":1},{"damage":36,"enemies":"Hallownest:eliteCrystalGuardian","floor":8,"turns":8},{"damage":0,"enemies":"Hallownest:2_MossCreeps","floor":11,"turns":5},{"damage":12,"enemies":"Hallownest:1_Ooma_and_2_Uuma","floor":13,"turns":4},{"damage":15,"enemies":"Hallownest:monsterMossCharger","floor":14,"turns":10},{"damage":24,"enemies":"Hallownest:BossHornet","floor":16,"turns":2}],"seed_played":"-8593063922217830181","potions_obtained":[{"floor":6,"key":"DuplicationPotion"},{"floor":8,"key":"infinitespire:BlackPotion"},{"floor":14,"key":"Fire Potion"}],"is_trial":false,"path_per_floor":["M","?","M","$","?","E","?","E","T","R","M","R","M","M","R_BF","B"],"character_chosen":"THE_ANIMATOR","items_purchased":["animator:ElricAlphonse"],"campfire_rested":1,"item_purchase_floors":[4],"current_hp_per_floor":[66,66,66,66,66,67,67,31,31,31,31,51,39,24,24,0,0],"gold":160,"neow_bonus":"THREE_ENEMY_KILL","is_prod":false,"is_daily":false,"chose_seed":false,"campfire_upgraded":1,"win_rate":0,"timestamp":1607481806,"path_taken":["M","?","M","$","?","E","?","E","T","R","?","R","M","M","R_BF","BOSS"],"build_version":"2020-11-30","purchased_purges":0,"victory":false,"max_hp_per_floor":[66,66,66,66,66,67,67,67,67,67,67,67,67,67,67,67,67],"card_choices":[{"not_picked":["animator:Verdia","animator:Ciel"],"picked":"animator:Nanami","floor":1},{"not_picked":["animator:Alexander","animator:Togame"],"picked":"animator:Megumin","floor":3},{"not_picked":["animator:RoyMustang","animator:Archer"],"picked":"animator:Emonzaemon","floor":6},{"not_picked":["animator:LeleiLaLalena","animator:TukaLunaMarceau"],"picked":"animator:Tyuule","floor":8},{"not_picked":["animator:Assassin","animator:Souei"],"picked":"animator:Berserker","floor":11},{"not_picked":["animator:MaesHughes","animator:Elsword"],"picked":"animator:Shion","floor":13},{"not_picked":["animator:Shuna","animator:TsurugaMeisai"],"picked":"animator:Illya","floor":14}],"player_experience":14526,"relics_obtained":[{"floor":6,"key":"Ancient Tea Set"},{"floor":8,"key":"Darkstone Periapt"}],"event_choices":[],"is_beta":false,"boss_relics":[],"items_purged_floors":[],"is_endless":false,"potions_floor_spawned":[6,8,14],"killed_by":"Hallownest:BossHornet","ascension_level":0}}