{"host":"plluk4al3qmxlp2w","time":1607512528,"event":{"gold_per_floor":[17,28,38,38,38,38,38,38,72,88,88,119,139,139,139],"floor_reached":14,"playtime":444,"items_purged":[],"score":115,"play_id":"d62f529f-cd11-4c3c-af8c-d8e857b56cd1","local_time":"20201209031528","is_ascension_mode":true,"campfire_choices":[{"floor":8,"key":"REST"}],"neow_cost":"NO_GOLD","seed_source_timestamp":816931698822200,"circlet_count":0,"master_deck":["Strike_G","Strike_G+1","Strike_G","Strike_G","Strike_G","Defend_G","Defend_G","Defend_G","Defend_G","Defend_G","Survivor","Neutralize","Apotheosis","Finisher","Fluid Movement+1","Sucker Punch","Bouncing Flask","Noxious Fumes","Deadly Poison"],"relics":["Ring of the Snake","Centennial Puzzle","Bottled Flame"],"potions_floor_usage":[9,9,12,14],"damage_taken":[{"damage":6,"enemies":"2 Louse","floor":1,"turns":3},{"damage":0,"enemies":"Small Slimes","floor":2,"turns":3},{"damage":2,"enemies":"Cultist","floor":3,"turns":4},{"damage":3,"enemies":"Lagavulin","floor":9,"turns":6},{"damage":8,"enemies":"Exordium Thugs","floor":10,"turns":5},{"damage":18,"enemies":"Gremlin Nob","floor":12,"turns":4},{"damage":19,"enemies":"Large Slime","floor":13,"turns":6},{"damage":23,"enemies":"Lagavulin","floor":14,"turns":3}],"seed_played":"-6473519462799388442","potions_obtained":[{"floor":1,"key":"Languid Potion"},{"floor":2,"key":"Elixir"},{"floor":5,"key":"AttackPotion"},{"floor":5,"key":"LifebloodPotion"},{"floor":5,"key":"ColorlessPotion"},{"floor":10,"key":"PowerPotion"},{"floor":13,"key":"Doom Potion"}],"is_trial":false,"path_per_floor":["M","M","M","?","?","PTL","PTL","R","E","M","T","E","M","E"],"character_chosen":"THE_SILENT","items_purchased":[],"campfire_rested":1,"item_purchase_floors":[],"current_hp_per_floor":[64,64,62,48,48,48,48,69,66,58,58,40,21,0,0],"gold":139,"neow_bonus":"RANDOM_COLORLESS_2","is_prod":false,"is_daily":false,"chose_seed":false,"campfire_upgraded":0,"win_rate":0,"timestamp":1607512528,"path_taken":["M","M","M","?","?","PTL","PTL","R","E","M","T","E","M","E"],"build_version":"2020-11-30","purchased_purges":0,"victory":false,"max_hp_per_floor":[70,70,70,70,70,70,70,70,70,70,70,70,70,70,70],"card_choices":[{"not_picked":["Magnetism","ReplayTheSpireMod:Necrogeddon"],"picked":"Apotheosis","floor":0},{"not_picked":["Heel Hook","Flechettes","Slice"],"picked":"SKIP","floor":1},{"not_picked":["ReplayTheSpireMod:Shiv Toss","ReplayTheSpireMod:Exploit Weakness"],"picked":"Finisher","floor":2},{"not_picked":["Reflex","Noxious Fumes"],"picked":"Fluid Movement","floor":3},{"not_picked":["Quick Slash","Malaise"],"picked":"Sucker Punch","floor":9},{"not_picked":["Backflip","Quick Slash"],"picked":"Bouncing Flask","floor":10},{"not_picked":["Dodge and Roll","Deadly Poison"],"picked":"Noxious Fumes","floor":12},{"not_picked":["ReplayTheSpireMod:Shiv Toss","Cloak And Dagger"],"picked":"Deadly Poison","floor":13}],"player_experience":261641,"relics_obtained":[{"floor":9,"key":"Centennial Puzzle"},{"floor":12,"key":"Bottled Flame"}],"event_choices":[{"damage_healed":0,"gold_gain":0,"player_choice":"Entered Light","damage_taken":14,"max_hp_gain":0,"max_hp_loss":0,"event_name":"Shining Light","floor":4,"gold_loss":0,"cards_upgraded":["Fluid Movement","Strike_G"]},{"damage_healed":0,"gold_gain":0,"player_choice":"Got Potions","damage_taken":0,"max_hp_gain":0,"max_hp_loss":0,"event_name":"Lab","floor":5,"gold_loss":0}],"is_beta":false,"boss_relics":[],"items_purged_floors":[],"is_endless":false,"potions_floor_spawned":[1,2,10,13],"killed_by":"Lagavulin","ascension_level":3}}