{"host":"ecaj4hn004xnnrw9","time":1607533948,"event":{"gold_per_floor":[111,36,36,60,81,81,120,120,194,194,194],"floor_reached":10,"playtime":391,"items_purged":["Defend_B"],"score":69,"play_id":"c171f084-03a6-4a2b-89b5-26a16e681e9e","local_time":"20201209171228","is_ascension_mode":true,"campfire_choices":[{"data":"Creative AI","floor":6,"key":"SMITH"},{"data":"Dualcast","floor":8,"key":"SMITH"}],"neow_cost":"NONE","seed_source_timestamp":6771307781100,"circlet_count":0,"master_deck":["Strike_B","Strike_B","Strike_B","Strike_B","Defend_B","Defend_B","Defend_B+1","Zap","Dualcast+1","Hologram+1","Barrage","Creative AI+1","Stack"],"relics":["Honey Jar","Golden Idol","War Paint","Shuriken"],"potions_floor_usage":[7],"damage_taken":[{"damage":6,"enemies":"Jaw Worm","floor":1,"turns":3},{"damage":2,"enemies":"2 Louse","floor":4,"turns":3},{"damage":1,"enemies":"Cultist","floor":5,"turns":3},{"damage":29,"enemies":"Lagavulin","floor":7,"turns":8},{"damage":36,"enemies":"Gremlin Nob","floor":10,"turns":3}],"seed_played":"3209606944119357438","potions_obtained":[{"floor":1,"key":"Weak Potion"},{"floor":5,"key":"Venom Potion"},{"floor":7,"key":"BlessingOfTheForge"}],"is_trial":false,"path_per_floor":["M","$","?","M","M","R","E","R","T","E"],"character_chosen":"DEFECT","items_purchased":[],"campfire_rested":0,"item_purchase_floors":[],"current_hp_per_floor":[69,69,51,49,48,48,19,19,19,0,0],"gold":194,"neow_bonus":"BOSS_RELIC","is_prod":false,"is_daily":false,"chose_seed":false,"campfire_upgraded":2,"win_rate":0,"timestamp":1607533948,"path_taken":["M","$","?","M","M","R","E","R","T","E"],"build_version":"2020-11-30","purchased_purges":1,"victory":false,"max_hp_per_floor":[75,75,75,75,75,75,75,75,75,75,75],"card_choices":[{"not_picked":["Doom and Gloom","Go for the Eyes","Panic Button"],"picked":"Hologram","floor":1},{"not_picked":["Force Field","Conserve Battery","BasicCrystalCard"],"picked":"Barrage","floor":4},{"not_picked":["Stack","Self Repair","Redo"],"picked":"Creative AI","floor":5},{"not_picked":["ReplayTheSpireMod:Omega Cannon","Compile Driver","ReplayTheSpireMod:Repulse"],"picked":"Stack","floor":7}],"player_experience":131768,"relics_obtained":[{"floor":7,"key":"War Paint"},{"floor":9,"key":"Shuriken"}],"event_choices":[{"damage_healed":0,"gold_gain":0,"player_choice":"Take Damage","damage_taken":18,"relics_obtained":["Golden Idol"],"max_hp_gain":0,"max_hp_loss":0,"event_name":"Golden Idol","floor":3,"gold_loss":0}],"is_beta":false,"boss_relics":[],"items_purged_floors":[2],"is_endless":false,"potions_floor_spawned":[1,5,7],"killed_by":"Gremlin Nob","ascension_level":1}}