{"host":"zp68vqn57s53e67f","time":1607495454,"event":{"gold_per_floor":[109,70,88,163,163,196,196,207,207,217,217,229,241,253,253,356,356,376,356,266,285,47,47,47,60,60,60,2,15,15,25,25,129,129,141,193,208,208,208,227,240,240,240,240,240,240,240,25,45,58,58,58],"floor_reached":53,"playtime":4508,"items_purged":["Strike_B"],"score":638,"play_id":"90143b7a-a026-4e4e-a5eb-632a93ced692","local_time":"20201208223054","is_ascension_mode":false,"campfire_choices":[{"data":"Zap","floor":7.0,"key":"SMITH"},{"data":"Buffer","floor":11.0,"key":"SMITH"},{"data":"Steam","floor":15.0,"key":"SMITH"},{"data":"Amplify","floor":23.0,"key":"SMITH"},{"data":"Defragment","floor":27.0,"key":"SMITH"},{"data":"Echo Form","floor":32.0,"key":"SMITH"},{"data":"Redo","floor":42,"key":"SMITH"},{"data":"Panache","floor":47,"key":"SMITH"},{"data":"Strike_B","floor":51,"key":"PURGE"}],"neow_cost":"NONE","seed_source_timestamp":0,"circlet_count":0,"master_deck":["Strike_B","Defend_B","Defend_B","Zap+1","Dualcast+1","Redo+1","FIFO Queue","Buffer+1","Ball Lightning+1","Conserve Battery","Ball Lightning+1","Conserve Battery","Steam+1","Echo Form+1","Steam+1","Self Repair+1","Defragment+1","Go for the Eyes+1","Leap+1","Amplify+1","Core Surge+1","Leap+1","Machine Learning","Leap+1","All For One+1","Beam Cell+1","Cold Snap+1","Sunder+1","Thunder Strike+1","Panic Button+1","Panache+1","Turbo+1","Redo+1"],"special_seed":0,"relics":["Cracked Core","NeowsBlessing","Molten Egg 2","Replay:Wax Seal","Question Card","Astrolabe","Toxic Egg 2","Letter Opener","HornCleat","Honey Jar","Du-Vu Doll","Replay:Accelerometer","Incense Burner"],"potions_floor_usage":[41,50],"damage_taken":[{"damage":0.0,"enemies":"Small Slimes","floor":1.0,"turns":1.0},{"damage":0.0,"enemies":"Jaw Worm","floor":3.0,"turns":1.0},{"damage":0.0,"enemies":"Lagavulin","floor":6.0,"turns":1.0},{"damage":1.0,"enemies":"Cultist","floor":8.0,"turns":3.0},{"damage":0.0,"enemies":"3 Louse","floor":10.0,"turns":3.0},{"damage":13.0,"enemies":"Lots of Slimes","floor":12.0,"turns":3.0},{"damage":1.0,"enemies":"Exordium Wildlife","floor":13.0,"turns":3.0},{"damage":0.0,"enemies":"Exordium Thugs","floor":14.0,"turns":3.0},{"damage":26.0,"enemies":"The Guardian","floor":16.0,"turns":9.0},{"damage":11.0,"enemies":"Spheric Guardian","floor":18.0,"turns":5.0},{"damage":7.0,"enemies":"2 Thieves","floor":19.0,"turns":4.0},{"damage":40.0,"enemies":"3 Cultists","floor":21.0,"turns":7.0},{"damage":19.0,"enemies":"Sentry and Sphere","floor":25.0,"turns":6.0},{"damage":16.0,"enemies":"Shelled Parasite and Fungi","floor":29.0,"turns":7.0},{"damage":0.0,"enemies":"Centurion and Healer","floor":31.0,"turns":6.0},{"damage":43.0,"enemies":"Automaton","floor":33.0,"turns":11.0},{"damage":7,"enemies":"3 Shapes","floor":35,"turns":4},{"damage":21,"enemies":"2 Orb Walkers","floor":36,"turns":6},{"damage":0,"enemies":"3 Darklings","floor":37,"turns":6},{"damage":1,"enemies":"Sphere and 2 Shapes","floor":40,"turns":5},{"damage":0,"enemies":"Maw","floor":41,"turns":8},{"damage":0,"enemies":"Writhing Mass","floor":49,"turns":5},{"damage":0,"enemies":"Jaw Worm Horde","floor":50,"turns":3},{"damage":7,"enemies":"Time Eater","floor":52,"turns":7}],"seed_played":"626865008597970377","potions_obtained":[{"floor":6.0,"key":"Strength Potion"},{"floor":10.0,"key":"Strength Potion"},{"floor":16.0,"key":"Doom Potion"},{"floor":29.0,"key":"Fire Potion"},{"floor":31.0,"key":"Fire Potion"},{"floor":36,"key":"Block Potion"},{"floor":37,"key":"Explosive Potion"},{"floor":40,"key":"SmokeBomb"}],"is_trial":false,"path_per_floor":["M","$","M","?","T","E","R","M","T","M","R","M","M","M","R","B",null,"M","M","?","M","$","R","$","M","T","R","?","M","T","M","R","B",null,"M","?","M","PTL","PTL","M","M","R","?","T","T","?","R","$","M","M","R","B",null],"character_chosen":"DEFECT","items_purchased":["FIFO Queue","Amplify","Core Surge+1","EntropicBrew","Elixir"],"campfire_rested":0,"item_purchase_floors":[2,22,22,48,48],"current_hp_per_floor":[75,75,75,64,64,64,64,63,63,63,63,50,49,49,49,23,75,74,75,75,45,45,45,45,36,36,36,36,30,30,50,50,17,75,75,54,54,54,54,63,73,73,73,73,73,73,73,73,73,75,75,68],"gold":58,"neow_bonus":"THREE_ENEMY_KILL","is_prod":false,"is_daily":false,"chose_seed":false,"campfire_upgraded":8,"win_rate":0.0,"timestamp":1607495454,"path_taken":["M","$","M","?","?","E","R","M","T","M","R","M","M","M","R","BOSS","M","M","?","M","$","R","$","?","T","R","?","?","?","M","R","BOSS","M","?","M","PTL","PTL","M","M","R","?","?","T","?","R","$","M","M","R","BOSS"],"build_version":"2020-11-30","purchased_purges":1,"victory":true,"max_hp_per_floor":[75,75,75,75,75,75,75,75,75,75,75,75,75,75,75,75,75,75,75,75,75,75,75,75,75,75,75,75,75,75,75,75,75,75,75,75,75,75,75,75,75,75,75,75,75,75,75,75,75,75,75,75],"card_choices":[{"not_picked":["BasicCrystalCard","FTL"],"picked":"Redo","floor":1.0},{"not_picked":["Sweeping Beam","Coolheaded","Streamline"],"picked":"SKIP","floor":3.0},{"not_picked":["All For One+1","Self Repair"],"picked":"Buffer","floor":6.0},{"not_picked":["Turbo","Gash+1"],"picked":"Ball Lightning+1","floor":8.0},{"not_picked":["Beam Cell+1","Barrage+1","Panic Button"],"picked":"Conserve Battery","floor":10.0},{"not_picked":["Rip and Tear+1","Beam Cell+1","Redo"],"picked":"Ball Lightning+1","floor":12.0},{"not_picked":["Skim","Compile Driver+1","Panic Button"],"picked":"Conserve Battery","floor":13.0},{"not_picked":["BasicCrystalCard","Consume","Darkness"],"picked":"Steam","floor":14.0},{"not_picked":["Rainbow","ReplayTheSpireMod:Omega Cannon+1","Core Surge+1"],"picked":"Echo Form","floor":16.0},{"not_picked":["Beam Cell+1","Go for the Eyes+1","Turbo"],"picked":"Defragment","floor":18.0},{"not_picked":["Streamline+1","Darkness","Echo Form"],"picked":"Go for the Eyes+1","floor":19.0},{"not_picked":["FIFO Queue","Barrage+1","Redo"],"picked":"Leap+1","floor":21.0},{"not_picked":["Ball Lightning+1","Steam","BasicCrystalCard"],"picked":"Leap+1","floor":25.0},{"not_picked":["Turbo+1","Barrage+1","Rebound+1"],"picked":"Machine Learning","floor":29.0},{"not_picked":["Recycle+1","Compile Driver+1","Ball Lightning+1"],"picked":"Leap+1","floor":31.0},{"not_picked":["Hyperbeam+1","Mirror Shield+1","Amplify+1"],"picked":"All For One+1","floor":33.0},{"not_picked":["Leap+1","Barrage+1","Steam+1","Genetic Algorithm+1"],"picked":"Beam Cell+1","floor":35},{"not_picked":["Scrape+1","ReplayTheSpireMod:System Scan+1","Glacier+1","ReplayTheSpireMod:Repulse+1"],"picked":"Cold Snap+1","floor":36},{"not_picked":["Panic Button+1","Coolheaded+1","Compile Driver+1","BasicCrystalCard+1"],"picked":"Sunder+1","floor":37},{"not_picked":["Compile Driver+1","Ball Lightning+1","BasicCrystalCard+1","Double Energy+1"],"picked":"Thunder Strike+1","floor":40},{"not_picked":["Turbo+1","Recycle+1","Streamline+1","Cold Snap+1"],"picked":"Panic Button+1","floor":41},{"not_picked":["expansioncontent:PolyBeam+1","expansioncontent:LastStand","Replay:SS_hec_2","Replay:SS_hec_1"],"picked":"Panache","floor":43},{"not_picked":["Compile Driver+1","Time Bomb+1","Leap+1","Conserve Battery+1"],"picked":"Turbo+1","floor":49},{"not_picked":["Core Surge+1","BasicCrystalCard+1","Consume+1","ReplayGash+1"],"picked":"Redo+1","floor":50}],"player_experience":115185,"relics_obtained":[{"floor":5.0,"key":"Molten Egg 2"},{"floor":6.0,"key":"Replay:Wax Seal"},{"floor":9.0,"key":"Question Card"},{"floor":26.0,"key":"Toxic Egg 2"},{"floor":30.0,"key":"HornCleat"},{"floor":36,"key":"Du-Vu Doll"},{"floor":44,"key":"Replay:Accelerometer"},{"floor":45,"key":"Incense Burner"}],"event_choices":[{"damage_healed":0.0,"max_hp_gain":0.0,"max_hp_loss":0.0,"gold_gain":75.0,"event_name":"World of Goop","player_choice":"Gather Gold","floor":4.0,"gold_loss":0.0,"damage_taken":11.0},{"cards_removed":["ReplayGash"],"damage_healed":0.0,"max_hp_gain":0.0,"max_hp_loss":0.0,"gold_gain":0.0,"event_name":"Designer","player_choice":"Upgrade and Remove","floor":20.0,"gold_loss":90.0,"damage_taken":0.0,"cards_upgraded":["Dualcast"]},{"damage_healed":0.0,"max_hp_gain":0.0,"max_hp_loss":0.0,"gold_gain":0.0,"event_name":"WeMeetAgain","player_choice":"Paid Gold","floor":28.0,"gold_loss":58.0,"damage_taken":0.0,"relics_obtained":["Letter Opener"]},{"damage_healed":0,"gold_gain":0,"player_choice":"Fight","damage_taken":0,"max_hp_gain":0,"max_hp_loss":0,"event_name":"Mysterious Sphere","floor":36,"gold_loss":0},{"damage_healed":0,"gold_gain":0,"player_choice":"Memory 1","damage_taken":0,"max_hp_gain":0,"max_hp_loss":0,"event_name":"SensoryStone","floor":43,"gold_loss":0},{"damage_healed":0,"gold_gain":0,"player_choice":"Ignored","damage_taken":0,"max_hp_gain":0,"max_hp_loss":0,"event_name":"Tomb of Lord Red Mask","floor":46,"gold_loss":0}],"is_beta":false,"boss_relics":[{"not_picked":["Runic Dome","SlaversCollar"],"picked":"Astrolabe"},{"not_picked":["Empty Cage","Runic Pyramid"],"picked":"Honey Jar"}],"items_purged_floors":[48],"is_endless":false,"potions_floor_spawned":[6,10,16,29,31,36,37,40],"ascension_level":0}}