{"host":"fq1bpa5mgr3rtgnr","time":1607510604,"event":{"gold_per_floor":[116,116,129,139,23,57,57,57,57,89,89,123,140,156,156,251,251,271,289,289,309,409,440,440,440,440,440,466,479,492,522,522,624,624,643,693,223,223,269,299,330,330,330,359,370,403,146,161,161,161,161,161,36,64,64],"floor_reached":56,"playtime":6020,"items_purged":["Defend_G","Defend_G","Defend_G"],"score":1693,"play_id":"9406e298-dcbf-4cdd-8b43-a218954d004c","local_time":"20201209054324","is_ascension_mode":true,"campfire_choices":[{"data":"Neutralize","floor":7.0,"key":"SMITH"},{"data":"Footwork","floor":11.0,"key":"SMITH"},{"data":"Noxious Fumes","floor":15.0,"key":"SMITH"},{"data":"1","floor":24.0,"key":"LIFT"},{"data":"2","floor":25.0,"key":"LIFT"},{"data":"3","floor":27.0,"key":"LIFT"},{"data":"Adrenaline","floor":32,"key":"SMITH"},{"data":"Deadly Poison","floor":42,"key":"SMITH"},{"floor":49,"key":"RECALL"},{"data":"Tactician","floor":52,"key":"SMITH"}],"neow_cost":"TEN_PERCENT_HP_LOSS","seed_source_timestamp":176570660847100,"circlet_count":0,"master_deck":["Defend_G","Defend_G","Survivor+1","Neutralize+1","Blade Dance","Dodge and Roll","Dash","Footwork+1","Venomology","Setup","Deadly Poison","Noxious Fumes+1","Deadly Poison+1","Adrenaline+1","Tactician+1","Bite","Bite","Bite","Bite","Bite","Calculated Gamble+1","Blur","Catalyst+1","Expertise+1","Unload","Malaise","Dodge and Roll+1","Dark Shackles+1","Burning Pact","Caltrops+1","Escape Plan+1","Parasite","Hello World+1","ForeignInfluence"],"special_seed":0,"relics":["Ring of the Snake","Thread and Needle","NlothsMask","WingedGreaves","Dream Catcher","Ornamental Fan","SlaversCollar","Girya","Letter Opener","Pear","Bottled Lightning","Coffee Dripper","Dead Branch","Paper Crane","PrismaticShard","Pocketwatch","Darkstone Periapt","White Beast Statue","Mango","StrikeDummy","War Paint","Kunai"],"potions_floor_usage":[33,33,36,40,41,44,45,46,46,48,48,50,50,50,50,50,55,55,55,55],"damage_taken":[{"damage":3.0,"enemies":"Small Slimes","floor":1.0,"turns":4.0},{"damage":1.0,"enemies":"Cultist","floor":3.0,"turns":4.0},{"damage":0.0,"enemies":"Jaw Worm","floor":4.0,"turns":4.0},{"damage":17.0,"enemies":"Gremlin Nob","floor":6.0,"turns":6.0},{"damage":0.0,"enemies":"Lagavulin","floor":10.0,"turns":10.0},{"damage":0.0,"enemies":"3 Sentries","floor":12.0,"turns":12.0},{"damage":0.0,"enemies":"Looter","floor":13.0,"turns":3.0},{"damage":2.0,"enemies":"Exordium Thugs","floor":14.0,"turns":5.0},{"damage":47.0,"enemies":"Slime Boss","floor":16.0,"turns":11.0},{"damage":0.0,"enemies":"Shell Parasite","floor":18.0,"turns":6.0},{"damage":8.0,"enemies":"Chosen","floor":19.0,"turns":6.0},{"damage":12.0,"enemies":"Centurion and Healer","floor":21.0,"turns":7.0},{"damage":36.0,"enemies":"Book of Stabbing","floor":23.0,"turns":6.0},{"damage":15.0,"enemies":"Gremlin Leader","floor":28.0,"turns":7.0},{"damage":19.0,"enemies":"3 Cultists","floor":29.0,"turns":5.0},{"damage":11.0,"enemies":"Sentry and Sphere","floor":30.0,"turns":6.0},{"damage":13,"enemies":"Slavers","floor":31,"turns":6},{"damage":33,"enemies":"Collector","floor":33,"turns":8},{"damage":3,"enemies":"Orb Walker","floor":35,"turns":3},{"damage":0,"enemies":"Mind Bloom Boss Battle","floor":36,"turns":6},{"damage":21,"enemies":"2 Orb Walkers","floor":39,"turns":5},{"damage":10,"enemies":"Reptomancer","floor":40,"turns":7},{"damage":1,"enemies":"Giant Head","floor":41,"turns":6},{"damage":7,"enemies":"Reptomancer","floor":44,"turns":4},{"damage":0,"enemies":"3 Shapes","floor":45,"turns":4},{"damage":11,"enemies":"Giant Head","floor":46,"turns":6},{"damage":0,"enemies":"Writhing Mass","floor":48,"turns":4},{"damage":24,"enemies":"Time Eater","floor":50,"turns":10},{"damage":36,"enemies":"Shield and Spear","floor":54,"turns":5},{"damage":33,"enemies":"The Heart","floor":55,"turns":9}],"seed_played":"-2259192824536927556","potions_obtained":[{"floor":3.0,"key":"Ancient Potion"},{"floor":6.0,"key":"Regen Potion"},{"floor":10.0,"key":"SteroidPotion"},{"floor":12.0,"key":"SteroidPotion"},{"floor":16.0,"key":"Strength Potion"},{"floor":18.0,"key":"Regen Potion"},{"floor":19.0,"key":"CunningPotion"},{"floor":28.0,"key":"Block Potion"},{"floor":31,"key":"CunningPotion"},{"floor":33,"key":"Poison Potion"},{"floor":39,"key":"DistilledChaos"},{"floor":40,"key":"LiquidBronze"},{"floor":44,"key":"SteroidPotion"},{"floor":45,"key":"LiquidBronze"},{"floor":46,"key":"SkillPotion"},{"floor":48,"key":"FearPotion"},{"floor":54,"key":"Swift Potion"}],"is_trial":false,"path_per_floor":["M","?","M","M","$","E","R","$","T","E","R","E","M","M","R","B",null,"M","M","?","M","?","E","R","R","T","R","E","M","M","E","R","B",null,"M","?","$","?","?","E","E","R","T","E","M","E","$","M","R","B",null,"R","$","E","B",null],"character_chosen":"THE_SILENT","items_purchased":["Dash","Footwork","Paper Crane","PrismaticShard","War Paint"],"campfire_rested":0,"item_purchase_floors":[5,5,37,37,47],"current_hp_per_floor":[60,60,59,59,59,42,42,42,42,57,57,57,57,55,55,8,49,49,41,41,39,39,16,16,16,16,16,40,29,34,33,33,10,43,48,54,54,54,35,39,48,48,48,61,67,59,59,67,67,55,69,69,69,39,34],"gold":64,"neow_bonus":"ONE_RARE_RELIC","is_prod":false,"is_daily":false,"chose_seed":false,"campfire_upgraded":6,"win_rate":0,"timestamp":1607510604,"path_taken":["M","?","?","M","?","E","R","$","T","E","R","E","M","M","R","BOSS","M","M","?","M","?","E","R","R","T","R","E","M","M","E","R","BOSS","M","?","$","?","?","E","E","R","T","E","?","E","$","M","R","BOSS","R","$","E","BOSS"],"build_version":"2020-11-30","purchased_purges":3,"victory":true,"max_hp_per_floor":[63,63,63,63,63,63,63,63,63,63,63,63,63,63,63,63,63,63,63,44,44,44,44,44,44,44,44,54,54,54,54,54,54,54,54,54,54,54,54,54,54,54,54,68,68,68,68,74,74,74,74,74,74,74,74],"relic_stats":{"Darkstone Periapt":6,"Dream Catcher":0,"counters":[30,185],"Ornamental Fan":[244],"Dead Branch":[135],"Letter Opener":[562],"Kunai":[6],"War Paint":["Dark Shackles","Survivor"],"obtain_stats":[{"Darkstone Periapt":40,"Girya":23,"Pear":28,"Dead Branch":36,"Thread and Needle":0,"Mango":44,"Letter Opener":26,"Paper Crane":37,"War Paint":47,"PrismaticShard":37,"White Beast Statue":41,"SlaversCollar":17,"Dream Catcher":10,"Ornamental Fan":12,"WingedGreaves":6,"Coffee Dripper":34,"Bottled Lightning":31,"Kunai":54,"StrikeDummy":46,"Ring of the Snake":0,"NlothsMask":2,"Pocketwatch":39},{"Darkstone Periapt":22,"Girya":13,"Pear":14,"Dead Branch":20,"Thread and Needle":0,"Mango":24,"Letter Opener":13,"Paper Crane":20,"War Paint":26,"PrismaticShard":20,"White Beast Statue":23,"SlaversCollar":9,"Dream Catcher":5,"Ornamental Fan":6,"WingedGreaves":4,"Coffee Dripper":18,"Bottled Lightning":17,"Kunai":29,"StrikeDummy":26,"Ring of the Snake":0,"NlothsMask":1,"Pocketwatch":21},{"Darkstone Periapt":137,"Girya":84,"Pear":91,"Dead Branch":125,"Thread and Needle":0,"Mango":147,"Letter Opener":84,"Paper Crane":125,"War Paint":157,"PrismaticShard":125,"White Beast Statue":143,"SlaversCollar":59,"Dream Catcher":28,"Ornamental Fan":40,"WingedGreaves":18,"Coffee Dripper":116,"Bottled Lightning":108,"Kunai":176,"StrikeDummy":157,"Ring of the Snake":0,"NlothsMask":4,"Pocketwatch":130}],"Ring of the Snake":[60],"Pocketwatch":[9]},"card_choices":[{"not_picked":["Deflect","Bane"],"picked":"Blade Dance","floor":1.0},{"not_picked":["Sucker Punch","Slice"],"picked":"Dodge and Roll","floor":3.0},{"not_picked":["Sucker Punch","Underhanded Strike","Outmaneuver"],"picked":"SKIP","floor":4.0},{"not_picked":["Phantasmal Killer","Well Laid Plans"],"picked":"Venomology","floor":6.0},{"not_picked":["Outmaneuver","Underhanded Strike"],"picked":"Setup","floor":10.0},{"not_picked":["Distraction","Escape Plan"],"picked":"Deadly Poison","floor":12.0},{"not_picked":["Eviscerate","Cloak And Dagger"],"picked":"Noxious Fumes","floor":13.0},{"not_picked":["Acrobatics","Prepared"],"picked":"Deadly Poison","floor":14.0},{"not_picked":["Bullet Time","Venomology"],"picked":"Adrenaline","floor":16.0},{"not_picked":["Quick Slash","Cloak And Dagger"],"picked":"Tactician","floor":18.0},{"not_picked":["Prepared","Dagger Spray+1","Slice+1"],"picked":"SKIP","floor":19.0},{"not_picked":["Dagger Throw","Deadly Poison"],"picked":"Calculated Gamble+1","floor":21.0},{"not_picked":["Flying Knee","Poisoned Stab"],"picked":"Blur","floor":23.0},{"not_picked":["Poisoned Stab","Outmaneuver"],"picked":"Catalyst+1","floor":28.0},{"not_picked":["Poisoned Stab","Dagger Spray"],"picked":"Expertise+1","floor":29.0},{"not_picked":["Underhanded Strike+1","Reflex+1","Cloak And Dagger"],"picked":"SKIP","floor":30.0},{"not_picked":["Endless Agony","Underhanded Strike"],"picked":"Unload","floor":31},{"not_picked":["Doppelganger","Phantasmal Killer"],"picked":"Malaise","floor":33},{"not_picked":["Outmaneuver+1","Underhanded Strike"],"picked":"Dodge and Roll+1","floor":35},{"not_picked":["Sword Boomerang","EmptyMind"],"picked":"Dark Shackles","floor":40},{"not_picked":["Dagger Spray+1","FlurryOfBlows+1","Caltrops"],"picked":"SKIP","floor":41},{"not_picked":["Glacier","Finesse+1"],"picked":"Burning Pact","floor":44},{"not_picked":["Mayhem","Riddle With Holes+1"],"picked":"Caltrops+1","floor":45},{"not_picked":["Flex","Redo"],"picked":"Escape Plan+1","floor":46},{"not_picked":["Calculated Gamble+1","Bane"],"picked":"Hello World+1","floor":48},{"not_picked":["Blade Dance","Dagger Throw"],"picked":"ForeignInfluence","floor":54}],"player_experience":308085,"relics_obtained":[{"floor":6.0,"key":"WingedGreaves"},{"floor":10.0,"key":"Dream Catcher"},{"floor":12.0,"key":"Ornamental Fan"},{"floor":23.0,"key":"Girya"},{"floor":26.0,"key":"Letter Opener"},{"floor":28.0,"key":"Pear"},{"floor":31,"key":"Bottled Lightning"},{"floor":36,"key":"Dead Branch"},{"floor":39,"key":"Pocketwatch"},{"floor":40,"key":"Darkstone Periapt"},{"floor":41,"key":"White Beast Statue"},{"floor":44,"key":"Mango"},{"floor":46,"key":"StrikeDummy"},{"floor":54,"key":"Kunai"}],"event_choices":[{"damage_healed":0.0,"max_hp_gain":0.0,"max_hp_loss":0.0,"gold_gain":0.0,"event_name":"FaceTrader","player_choice":"Trade","floor":2.0,"gold_loss":0.0,"damage_taken":0.0,"relics_obtained":["NlothsMask"]},{"damage_healed":0.0,"max_hp_gain":0.0,"max_hp_loss":19.0,"gold_gain":0.0,"event_name":"Vampires","player_choice":"Became a vampire","floor":20.0,"gold_loss":0.0,"damage_taken":0.0,"cards_obtained":["Bite","Bite","Bite","Bite","Bite"]},{"damage_healed":0.0,"max_hp_gain":0.0,"max_hp_loss":0.0,"gold_gain":100.0,"event_name":"Golden Shrine","player_choice":"Pray","floor":22.0,"gold_loss":0.0,"damage_taken":0.0},{"damage_healed":0,"gold_gain":0,"player_choice":"Fight","damage_taken":0,"max_hp_gain":0,"max_hp_loss":0,"event_name":"MindBloom","floor":36,"gold_loss":0},{"damage_healed":0,"gold_gain":0,"player_choice":"Ignored","damage_taken":0,"max_hp_gain":0,"max_hp_loss":0,"event_name":"Tomb of Lord Red Mask","floor":38,"gold_loss":0},{"damage_healed":0,"gold_gain":0,"player_choice":"Fight","damage_taken":0,"max_hp_gain":0,"max_hp_loss":0,"event_name":"Mysterious Sphere","floor":39,"gold_loss":0}],"is_beta":false,"boss_relics":[{"not_picked":["Cursed Key","Busted Crown"],"picked":"SlaversCollar"},{"not_picked":["Pandora\u0027s Box","Black Star"],"picked":"Coffee Dripper"}],"items_purged_floors":[37,47,53],"is_endless":false,"potions_floor_spawned":[3,6,10,12,16,18,19,28,31,33,39,40,44,45,46,48,54],"ascension_level":6}}