{"host":"cjmwurvrz00ml9vd","time":1607547005,"event":{"gold_per_floor":[116,142,142,158,171,171,171,171,171,203,54,54,54,73,73,174,174,187,187,199,209,209,240,240,275,275,302,315,325,129,144,144,243,243,254,53,55,55],"floor_reached":37,"playtime":1047,"items_purged":["Sickly"],"score":750,"play_id":"3a14a0a8-c796-4b9b-88ec-d8a4a8163a2e","local_time":"20201209215005","is_ascension_mode":true,"campfire_choices":[{"floor":6,"key":"REST"},{"floor":13,"key":"REST"},{"floor":15,"key":"DIG"},{"floor":24,"key":"REST"},{"floor":32,"key":"REST"}],"neow_cost":"","seed_source_timestamp":720589020027400,"circlet_count":0,"master_deck":["Strike_MRS+1","Strike_MRS","Strike_MRS","Defend_MRS","Defend_MRS","Defend_MRS+1","MasterSpark+1","UpSweep+1","MilkyWay+1","RefractionSpark+1","PowerUp","StarBarrage+1","UnstableBomb+1","CasketOfStar","MilkyWay+1"],"relics":["MiniHakkero","StrikeDummy","Molten Egg 2","ClockworkSouvenir","ReplayTheSpireMod:CursedCoin","Gremlin Food","Toy Ornithopter","Lantern","Boot","Pen Nib","Bronze Scales","Replay:Bottled Eggs","RampagingMagicTools","Quantum Egg","Blood Vial","Matryoshka","Replay:Mystery Machine","Nunchaku","Empty Cage","vexMod:Cooldron"],"potions_floor_usage":[5,10,16,18,21,21,25,25,27,27,33,33,33,37],"damage_taken":[{"damage":1,"enemies":"Cultist","floor":1,"turns":4},{"damage":0,"enemies":"2 Louse","floor":4,"turns":2},{"damage":0,"enemies":"Jaw Worm","floor":5,"turns":3},{"damage":14,"enemies":"Lagavulin","floor":10,"turns":4},{"damage":3,"enemies":"Blue Slaver","floor":14,"turns":3},{"damage":15,"enemies":"Hexaghost","floor":16,"turns":6},{"damage":14,"enemies":"Shell Parasite","floor":18,"turns":3},{"damage":0,"enemies":"Chosen","floor":20,"turns":3},{"damage":4,"enemies":"Centurion and Healer","floor":21,"turns":3},{"damage":31,"enemies":"conspire:Head Lice","floor":23,"turns":6},{"damage":13,"enemies":"Book of Stabbing","floor":25,"turns":3},{"damage":10,"enemies":"Gremlin Leader","floor":27,"turns":4},{"damage":5,"enemies":"Cultist and Chosen","floor":28,"turns":3},{"damage":24,"enemies":"Snake Plant","floor":29,"turns":2},{"damage":9,"enemies":"Shelled Parasite and Fungi","floor":31,"turns":3},{"damage":37,"enemies":"Champ","floor":33,"turns":5},{"damage":53,"enemies":"3 Shapes","floor":35,"turns":4},{"damage":33,"enemies":"conspire:MimicChest","floor":37,"turns":3}],"seed_played":"2434175282694671733","potions_obtained":[{"floor":1,"key":"PowerPotion"},{"floor":4,"key":"Adrenaline Potion"},{"floor":14,"key":"Block Potion"},{"floor":18,"key":"EntropicBrew"},{"floor":23,"key":"SpeedPotion"},{"floor":25,"key":"FearPotion"},{"floor":28,"key":"AttackPotion"},{"floor":31,"key":"AttackPotion"},{"floor":35,"key":"EssenceOfSteel"}],"is_trial":false,"path_per_floor":["M","T","T","M","M","R","$","?","T","E","$","?","R","M","R","B",null,"M","?","M","M","?","E","R","E","T","E","M","M","$","M","R","B",null,"M","$","?"],"character_chosen":"MARISA","items_purchased":["StrikeDummy","Molten Egg 2","MilkyWay","ClockworkSouvenir","RefractionSpark+1","ReplayTheSpireMod:CursedCoin","Gremlin Food","AttackPotion","Bronze Scales","Nunchaku","Strength Potion","MilkyWay","vexMod:Cooldron"],"campfire_rested":4,"item_purchase_floors":[0,0,0,0,0,0,0,0,11,30,30,36,36],"current_hp_per_floor":[20,20,20,20,25,47,47,47,47,38,38,38,60,57,57,47,68,59,59,59,65,65,34,56,53,53,55,52,30,30,23,45,25,63,12,12,0,0],"gold":55,"neow_bonus":"","is_prod":false,"is_daily":false,"chose_seed":false,"campfire_upgraded":0,"win_rate":0,"timestamp":1607547005,"path_taken":["M","?","?","?","M","R","$","?","T","E","?","?","R","M","R","BOSS","M","?","M","M","?","E","R","E","T","E","M","M","$","M","R","BOSS","M","$","?"],"build_version":"2020-11-30","purchased_purges":1,"victory":false,"max_hp_per_floor":[75,75,75,75,75,75,75,75,75,75,75,75,75,75,75,75,75,75,75,75,75,75,75,75,75,75,75,75,75,75,75,75,75,75,75,75,75,75],"card_choices":[{"not_picked":["AsteroidBelt","Acceleration","GravityBeat+1"],"picked":"SKIP","floor":1},{"not_picked":["DC+1","EnergyRecoil","WitchLeyline+1"],"picked":"SKIP","floor":4},{"not_picked":["IllusionStar","AsteroidBelt","BlazingStar+1"],"picked":"SKIP","floor":5},{"not_picked":["UnstableBomb+1","AsteroidBelt","OpenUniverse"],"picked":"SKIP","floor":10},{"not_picked":["OortCloud","MysteriousBeam+1"],"picked":"PowerUp","floor":14},{"not_picked":["GasGiant","MeteoricShower+1"],"picked":"DoubleSpark+1","floor":18},{"not_picked":["IllusionStar","DoubleSpark+1","AsteroidBelt+1"],"picked":"SKIP","floor":20},{"not_picked":["GrandCross+1","SuperNova","GravityBeat+1"],"picked":"SKIP","floor":21},{"not_picked":["GasGiant","MilkyWay"],"picked":"UnstableBomb+1","floor":23},{"not_picked":["Acceleration","ChargeUpSpray+1","OneTimeOff"],"picked":"SKIP","floor":25},{"not_picked":["EarthLightRay","WitchLeyline+1","MysteriousBeam+1"],"picked":"SKIP","floor":27},{"not_picked":["PowerUp","IllusionStar","GalacticHalo+1"],"picked":"SKIP","floor":28},{"not_picked":["DC+1","EnergyFlow","WitchLeyline+1"],"picked":"SKIP","floor":29},{"not_picked":["DarkMatter","GrandCross+1","GravityBeat+1"],"picked":"SKIP","floor":31},{"not_picked":["BigCrunch","BlazingStar+1"],"picked":"CasketOfStar","floor":33},{"not_picked":["PropBag","Acceleration+1","WitchOfGreed"],"picked":"SKIP","floor":35}],"player_experience":610886,"relics_obtained":[{"floor":2,"key":"Toy Ornithopter"},{"floor":3,"key":"Lantern"},{"floor":9,"key":"Boot"},{"floor":10,"key":"Pen Nib"},{"floor":15,"key":"Replay:Bottled Eggs"},{"floor":23,"key":"Quantum Egg"},{"floor":25,"key":"Blood Vial"},{"floor":26,"key":"Matryoshka"},{"floor":27,"key":"Replay:Mystery Machine"}],"event_choices":[{"damage_healed":0,"gold_gain":0,"player_choice":"Ignored","damage_taken":171,"max_hp_gain":0,"max_hp_loss":0,"event_name":"betterThird:BetterSerpent","floor":8,"gold_loss":0},{"damage_healed":0,"gold_gain":0,"player_choice":"Read","damage_taken":0,"max_hp_gain":0,"max_hp_loss":0,"event_name":"The Library","floor":19,"gold_loss":0,"cards_obtained":["StarBarrage"]}],"is_beta":false,"boss_relics":[{"not_picked":["vexMod:NewClearReactor","Busted Crown"],"picked":"RampagingMagicTools"},{"not_picked":["energizedSpire:OgreHead","Runic Pyramid"],"picked":"Empty Cage"}],"items_purged_floors":[0],"is_endless":false,"potions_floor_spawned":[1,4,14,18,23,25,28,31,35],"killed_by":"conspire:MimicChest","ascension_level":6}}