{"host":"v0kr0xkqfgnh389p","time":1607552165,"event":{"gold_per_floor":[30,69,69,101,101,101,113,113,113,113,113],"floor_reached":10,"playtime":307,"items_purged":[],"score":61,"play_id":"2d61d643-4548-4a9f-a692-0ed1774d1687","local_time":"20201209171605","is_ascension_mode":true,"campfire_choices":[{"floor":6,"key":"RECALL"},{"data":"HandOfGreed","floor":8,"key":"SMITH"}],"neow_cost":"NO_GOLD","seed_source_timestamp":28054271562900,"circlet_count":0,"master_deck":["Strike_P","Strike_P","Strike_P","Strike_P","Defend_P","Defend_P","Defend_P","Defend_P","Eruption","Vigilance","HandOfGreed+1","CutThroughFate","Delirium"],"relics":["PureWater","Ring of Misfortune","Ring of Fangs"],"potions_floor_usage":[],"damage_taken":[{"damage":0,"enemies":"2 Louse","floor":1,"turns":2},{"damage":9,"enemies":"Jaw Worm","floor":2,"turns":5},{"damage":0,"enemies":"Cultist","floor":4,"turns":2},{"damage":0,"enemies":"Large Slime","floor":7,"turns":4},{"damage":92,"enemies":"Gremlin Nob","floor":10,"turns":6}],"seed_played":"220668600552550842","potions_obtained":[{"floor":2,"key":"Death Potion"},{"floor":5,"key":"Cursed Concoction"},{"floor":5,"key":"Milkshake"}],"is_trial":false,"path_per_floor":["M","M","?","M","?","R","M","R","T","E"],"character_chosen":"WATCHER","items_purchased":[],"campfire_rested":0,"item_purchase_floors":[],"current_hp_per_floor":[72,63,63,63,63,63,63,63,63,0,0],"gold":113,"neow_bonus":"RANDOM_COLORLESS_2","is_prod":false,"is_daily":false,"chose_seed":false,"campfire_upgraded":1,"win_rate":0,"timestamp":1607552165,"path_taken":["M","M","?","M","?","R","?","R","T","E"],"build_version":"2020-11-30","purchased_purges":0,"victory":false,"max_hp_per_floor":[72,72,72,72,72,72,72,72,72,72,72],"card_choices":[{"not_picked":["ReplayUltimateDefense","Apotheosis"],"picked":"HandOfGreed","floor":0},{"not_picked":["Replay:Vibes","Consecrate","FlurryOfBlows"],"picked":"SKIP","floor":1},{"not_picked":["JustLucky","Evaluate"],"picked":"CutThroughFate","floor":2},{"not_picked":["Swivel","Crescendo","Protect"],"picked":"SKIP","floor":4},{"not_picked":["PathToVictory","Replay:BluntJabs","FlurryOfBlows"],"picked":"SKIP","floor":7}],"player_experience":676142,"relics_obtained":[{"floor":3,"key":"Ring of Misfortune"},{"floor":3,"key":"Ring of Fangs"}],"event_choices":[{"damage_healed":0,"gold_gain":0,"player_choice":"Got Potions","damage_taken":0,"max_hp_gain":0,"max_hp_loss":0,"event_name":"Lab","floor":5,"gold_loss":0}],"is_beta":false,"boss_relics":[],"items_purged_floors":[],"is_endless":false,"potions_floor_spawned":[2],"killed_by":"Gremlin Nob","ascension_level":1}}