{"host":"v0kr0xkqfgnh389p","time":1607554158,"event":{"gold_per_floor":[111,21,21,41,68,68,93,18,41,41,71,122,149,187,187,199,199],"floor_reached":16,"playtime":619,"items_purged":["Strike_P"],"score":150,"play_id":"d8670e13-8c51-4e56-b501-ed40335672b4","local_time":"20201209174918","is_ascension_mode":true,"campfire_choices":[{"floor":6,"key":"RECALL"},{"data":"Conclude","floor":15,"key":"SMITH"}],"neow_cost":"NONE","seed_source_timestamp":29734138508400,"circlet_count":0,"master_deck":["Strike_P","Strike_P+1","Strike_P","Defend_P","Defend_P","Defend_P","Defend_P","Eruption","Vigilance","Prostrate","EmptyFist","Conclude+1","Wireheading","TalkToTheHand+1","ReachHeaven"],"relics":["PureWater","NeowsBlessing","Bird Faced Urn","Replay:Bandana","Whetstone","Centennial Puzzle"],"potions_floor_usage":[12,14,16],"damage_taken":[{"damage":0,"enemies":"2 Louse","floor":1,"turns":1},{"damage":0,"enemies":"Cultist","floor":4,"turns":1},{"damage":0,"enemies":"Lagavulin","floor":7,"turns":1},{"damage":0,"enemies":"Small Slimes","floor":11,"turns":3},{"damage":20,"enemies":"3 Sentries","floor":12,"turns":8},{"damage":0,"enemies":"3 Louse","floor":13,"turns":2},{"damage":10,"enemies":"Gremlin Nob","floor":14,"turns":3},{"damage":44,"enemies":"Hexaghost","floor":16,"turns":9}],"seed_played":"-4798936598603672419","potions_obtained":[{"floor":1,"key":"Dexterity Potion"},{"floor":13,"key":"Dexterity Potion"},{"floor":14,"key":"Elixir"}],"is_trial":false,"path_per_floor":["M","$","?","M","?","R","E","$","T","?","M","E","M","E","R","B"],"character_chosen":"WATCHER","items_purchased":["Worship","EmptyFist"],"campfire_rested":0,"item_purchase_floors":[2,2],"current_hp_per_floor":[72,72,72,72,44,44,44,44,44,72,72,54,54,44,44,0,0],"gold":199,"neow_bonus":"THREE_ENEMY_KILL","is_prod":false,"is_daily":false,"chose_seed":false,"campfire_upgraded":1,"win_rate":0,"timestamp":1607554158,"path_taken":["M","$","?","?","?","R","E","$","T","?","M","E","M","E","R","BOSS"],"build_version":"2020-11-30","purchased_purges":1,"victory":false,"max_hp_per_floor":[72,72,72,72,72,72,72,72,72,72,72,72,72,72,72,72,72],"card_choices":[{"not_picked":["Consecrate","JustLucky"],"picked":"Prostrate","floor":1},{"not_picked":["Replay:DivineShield","Replay:ManipulateFuture"],"picked":"Wireheading","floor":4},{"not_picked":["Replay:AtTheReady","Halt"],"picked":"TalkToTheHand","floor":7},{"not_picked":["FollowUp","BowlingBash","Halt"],"picked":"SKIP","floor":11},{"not_picked":["Fasting2","Vengeance"],"picked":"ReachHeaven","floor":12},{"not_picked":["Replay:Hum","Replay:ManipulateFuture","FlyingSleeves"],"picked":"SKIP","floor":13},{"not_picked":["PathToVictory","Consecrate","Halt"],"picked":"SKIP","floor":14}],"player_experience":676142,"relics_obtained":[{"floor":5,"key":"Bird Faced Urn"},{"floor":7,"key":"Replay:Bandana"},{"floor":12,"key":"Whetstone"},{"floor":14,"key":"Centennial Puzzle"}],"event_choices":[{"damage_healed":0,"gold_gain":0,"player_choice":"1 cards matched","damage_taken":0,"max_hp_gain":0,"max_hp_loss":0,"event_name":"Match and Keep!","floor":3,"gold_loss":0,"cards_obtained":["Conclude"]},{"cards_removed":["Worship"],"damage_healed":28,"gold_gain":0,"player_choice":"Offered Uncommon","damage_taken":0,"max_hp_gain":0,"max_hp_loss":0,"event_name":"Bonfire Elementals","floor":10,"gold_loss":0}],"is_beta":false,"boss_relics":[],"items_purged_floors":[8],"is_endless":false,"potions_floor_spawned":[1,13,14],"killed_by":"Hexaghost","ascension_level":1}}