{"host":"0vkf1k7bkmi4whcf","time":1607557371,"event":{"gold_per_floor":[137,34,52,202,228,228,228,239,288,300,317,317,79,44,44,116,116,134,134,147,160,160,160,170,183,183,203,215,215,215,215],"floor_reached":30,"playtime":874,"items_purged":[],"score":414,"play_id":"f44b3702-a10b-4662-8463-5c6daa5191ca","local_time":"20201210004251","is_ascension_mode":true,"campfire_choices":[{"data":"DimensionStaggered_purple","floor":7,"key":"SMITH"},{"data":"Umbrella_purple","floor":12,"key":"SMITH"},{"data":"Charmbait_purple","floor":15,"key":"SMITH"},{"data":"ProofOfUnderstanding_purple","floor":23,"key":"SMITH"}],"neow_cost":"NONE","seed_source_timestamp":294795860042000,"circlet_count":0,"master_deck":["AscendersBane","AT_purpleEX","AT_purpleEX","AT_purpleEX","AT_purpleEX","Defend_purpleEX","Defend_purpleEX","Defend_purpleEX","Defend_purpleEX","Observe_purple_1","Observe_purple_2","DimensionStaggered_purple+1","Charmbait_purple+1","Bait_Toxicbait_purple","ExistenceContinue_purple","Umbrella_purple+1","ExternalForce_HighSpeedFlying_purple","StateDuplicate_purple","RealityDreamConfluencek_purple","Boundary_of_Extermination_purpleEX","ExistenceContinue_purple","Shallow_ocean_purpleEX","ContainerChange_purple","Charmbait_purple","OmniscientAndOmnipotent_Monster_purple","ProofOfUnderstanding_purple+1","RitualDagger","OmniscientAndOmnipotent_Monster_purple","Umbrella_purple","WeekHit_purple+1","MeetDecomposer_purple","Decay"],"relics":["Boundary_crack","Memoryfragments_purpleEX","Lantern","Oddly Smooth Stone","Pen Nib","Philosopher\u0027s Stone","Pocketwatch"],"potions_floor_usage":[25,25,28],"damage_taken":[{"damage":6,"enemies":"Cultist","floor":1,"turns":4},{"damage":2,"enemies":"Small Slimes","floor":3,"turns":4},{"damage":6,"enemies":"Jaw Worm","floor":8,"turns":5},{"damage":0,"enemies":"2 Fungi Beasts","floor":10,"turns":3},{"damage":9,"enemies":"Large Slime","floor":11,"turns":5},{"damage":30,"enemies":"Hexaghost","floor":16,"turns":9},{"damage":0,"enemies":"Spheric Guardian","floor":18,"turns":3},{"damage":8,"enemies":"Chosen","floor":20,"turns":6},{"damage":0,"enemies":"3 Cultists","floor":21,"turns":3},{"damage":45,"enemies":"Chosen and Byrds","floor":24,"turns":6},{"damage":14,"enemies":"Centurion and Healer","floor":25,"turns":7},{"damage":25,"enemies":"Cultist and Chosen","floor":27,"turns":6},{"damage":3,"enemies":"Snake Plant","floor":28,"turns":2},{"damage":12,"enemies":"Slavers","floor":30,"turns":1}],"seed_played":"3698960525210852148","potions_obtained":[{"floor":1,"key":"EssenceOfSteel"},{"floor":8,"key":"SpeedPotion"},{"floor":11,"key":"DemoMod:BlankPotion"},{"floor":27,"key":"Guardian:BlockOnCardUsePotion"}],"is_trial":false,"path_per_floor":["M","$","M","?","T","?","R","M","T","M","M","R","$","?","R","B",null,"M","?","M","M","?","R","M","M","T","M","M","?","E"],"character_chosen":"Youkari","items_purchased":["Charmbait_purple","Bait_Toxicbait_purple","RealityDreamConfluencek_purple","Boundary_of_Extermination_purpleEX","ExistenceContinue_purple","Shallow_ocean_purpleEX"],"campfire_rested":0,"item_purchase_floors":[2,2,13,13,13,13],"current_hp_per_floor":[55,55,57,57,57,50,50,49,49,50,42,42,42,58,58,31,57,61,61,57,61,55,55,15,30,30,10,10,10,0,0],"gold":215,"neow_bonus":"RANDOM_COMMON_RELIC","is_prod":false,"is_daily":false,"chose_seed":false,"campfire_upgraded":4,"win_rate":0,"timestamp":1607557371,"path_taken":["M","$","?","?","?","?","R","M","T","M","M","R","$","?","R","BOSS","M","?","M","M","?","R","M","M","T","M","M","?","E"],"build_version":"2020-11-30","purchased_purges":0,"victory":false,"max_hp_per_floor":[65,65,65,65,65,65,65,65,65,65,65,65,65,65,65,65,65,65,65,65,65,65,65,65,65,65,65,65,65,65,65],"relic_stats":{"counters":[14,64],"Pen Nib":[7],"obtain_stats":[{"Lantern":0,"Oddly Smooth Stone":5,"Philosopher\u0027s Stone":17,"DemoMod:GlassGuonStoneRelic":1,"Pen Nib":9,"Boundary_crack":0,"Memoryfragments_purpleEX":0,"Pocketwatch":26},{"Lantern":0,"Oddly Smooth Stone":2,"Philosopher\u0027s Stone":6,"DemoMod:GlassGuonStoneRelic":1,"Pen Nib":3,"Boundary_crack":0,"Memoryfragments_purpleEX":0,"Pocketwatch":11},{"Lantern":0,"Oddly Smooth Stone":8,"Philosopher\u0027s Stone":30,"DemoMod:GlassGuonStoneRelic":4,"Pen Nib":13,"Boundary_crack":0,"Memoryfragments_purpleEX":0,"Pocketwatch":55}],"Pocketwatch":[2]},"card_choices":[{"not_picked":["SfantasyHide_purple","Yakumo_Ran_purple"],"picked":"DimensionStaggered_purple","floor":1},{"not_picked":["StateDuplicate_purple","SfantasyHide_purple"],"picked":"ExistenceContinue_purple","floor":3},{"not_picked":["SfantasyHide_purple","FragmentationRealm_purple"],"picked":"Umbrella_purple","floor":8},{"not_picked":["Boundary_DreamRealityDamnation_purple","Mirror_FormAndEmptin_purple"],"picked":"ExternalForce_HighSpeedFlying_purple","floor":10},{"not_picked":["Worldmountain_purple","Mirror_WaveAndshot_purple"],"picked":"StateDuplicate_purple","floor":11},{"not_picked":["WangLiang_OokamiKakushi_purple","ProofOfUnderstanding_purple"],"picked":"ContainerChange_purple","floor":16},{"not_picked":["StateErode_purple","FragmentationRealm_purple"],"picked":"Charmbait_purple","floor":18},{"not_picked":["SfantasyHide_purple","WatchEChange_purple"],"picked":"OmniscientAndOmnipotent_Monster_purple","floor":20},{"not_picked":["RealityDreamConfluencek_purple","AdvanceAttack_purple"],"picked":"ProofOfUnderstanding_purple","floor":21},{"not_picked":["Erosivefilter_purple+1","MonsterNeedle_purple"],"picked":"OmniscientAndOmnipotent_Monster_purple","floor":24},{"not_picked":["StateDuplicate_purple","AdvanceAttack_purple"],"picked":"Umbrella_purple","floor":25},{"not_picked":["ProofOfUnderstanding_purple","OmniscientAndOmnipotent_Monster_purple"],"picked":"WeekHit_purple+1","floor":27},{"not_picked":["EighthInstrument_OneDividesIntoTwo_purple+1","SharpContractionReality_purple"],"picked":"MeetDecomposer_purple","floor":28}],"player_experience":697751,"relics_obtained":[{"floor":5,"key":"Oddly Smooth Stone"},{"floor":9,"key":"Pen Nib"},{"floor":26,"key":"Pocketwatch"}],"event_choices":[{"damage_healed":0,"gold_gain":150,"player_choice":"AGREE","damage_taken":52,"max_hp_gain":0,"max_hp_loss":0,"event_name":"betterThird:BetterSerpent","floor":4,"gold_loss":0},{"cards_removed":["Doubt"],"damage_healed":0,"gold_gain":0,"player_choice":"Card Removal","damage_taken":7,"max_hp_gain":0,"max_hp_loss":0,"event_name":"Golden Wing","floor":6,"gold_loss":0},{"damage_healed":16,"gold_gain":0,"player_choice":"Healed","damage_taken":0,"max_hp_gain":0,"max_hp_loss":0,"event_name":"The Cleric","floor":14,"gold_loss":35},{"damage_healed":0,"gold_gain":0,"player_choice":"Ignored","damage_taken":0,"max_hp_gain":0,"max_hp_loss":0,"event_name":"Vampires","floor":19,"gold_loss":0},{"damage_healed":0,"gold_gain":0,"player_choice":"Dagger","damage_taken":6,"max_hp_gain":0,"max_hp_loss":0,"event_name":"betterThird:BetterNest","floor":22,"gold_loss":0,"cards_obtained":["RitualDagger"]},{"damage_healed":0,"gold_gain":0,"player_choice":"Smashed Altar","damage_taken":0,"max_hp_gain":0,"max_hp_loss":0,"event_name":"Forgotten Altar","floor":29,"gold_loss":0,"cards_obtained":["Decay"]}],"is_beta":false,"boss_relics":[{"not_picked":["Tiny House","Calling Bell"],"picked":"Philosopher\u0027s Stone"}],"items_purged_floors":[],"is_endless":false,"potions_floor_spawned":[1,8,11,21,24,27],"killed_by":"Slavers","ascension_level":17}}