{"host":"u2dm6glrpyjr66v9","time":1607500868,"event":{"gold_per_floor":[111,6,19,34,34,34,52,77,77,77,93,112,112,125,125,228,228,248,248,301,314,314,314],"floor_reached":22,"playtime":614,"items_purged":[],"score":188,"play_id":"4cabe271-c062-40b1-ad77-8744b3feff74","local_time":"20201209170108","is_ascension_mode":false,"campfire_choices":[{"floor":15,"key":"REST"}],"neow_cost":"NONE","seed_source_timestamp":1181275449868700,"circlet_count":0,"master_deck":["Strike_B","Strike_B","Strike_B","Strike_B","Defend_B","Defend_B","Defend_B","Defend_B","Zap","Dualcast+1","Loop","Ball Lightning+1","Consume","Redo","Streamline","Sweeping Beam","Heatsinks","Parasite","Self Repair","Electrodynamics","Chaos+1","Necronomicurse","Hologram"],"relics":["Cracked Core","Anchor","Bottled Lightning","Inserter","Necronomicon","Potion Belt"],"potions_floor_usage":[8,12,16,16,21],"damage_taken":[{"damage":0,"enemies":"2 Louse","floor":1,"turns":1},{"damage":6,"enemies":"Cultist","floor":3,"turns":3},{"damage":0,"enemies":"Small Slimes","floor":4,"turns":3},{"damage":0,"enemies":"2 Fungi Beasts","floor":7,"turns":3},{"damage":35,"enemies":"3 Sentries","floor":8,"turns":6},{"damage":0,"enemies":"Looter","floor":11,"turns":2},{"damage":7,"enemies":"Exordium Thugs","floor":12,"turns":2},{"damage":11,"enemies":"2 Fungi Beasts","floor":14,"turns":3},{"damage":36,"enemies":"The Guardian","floor":16,"turns":9},{"damage":20,"enemies":"3 Byrds","floor":18,"turns":4},{"damage":23,"enemies":"2 Thieves","floor":21,"turns":3},{"damage":37,"enemies":"Snake Plant","floor":22,"turns":3}],"seed_played":"-1822771616199348870","potions_obtained":[{"floor":3,"key":"GamblersBrew"},{"floor":4,"key":"Explosive Potion"},{"floor":8,"key":"Weak Potion"},{"floor":11,"key":"SkillPotion"},{"floor":18,"key":"Dexterity Potion"}],"is_trial":false,"path_per_floor":["M","?","M","M","?","$","M","E","T","$","M","M","?","M","R","B",null,"M","?","T","M","M"],"character_chosen":"DEFECT","items_purchased":[],"campfire_rested":1,"item_purchase_floors":[],"current_hp_per_floor":[82,82,76,76,60,60,60,25,25,25,25,18,38,27,51,22,82,69,53,53,37,0,0],"gold":314,"neow_bonus":"TEN_PERCENT_HP_BONUS","is_prod":false,"is_daily":false,"chose_seed":false,"campfire_upgraded":0,"win_rate":0.0,"timestamp":1607500868,"path_taken":["M","?","M","?","?","$","M","E","T","$","M","M","?","M","R","BOSS","M","?","?","M","M"],"build_version":"2020-11-30","purchased_purges":0,"victory":false,"max_hp_per_floor":[82,82,82,82,82,82,82,82,82,82,82,82,82,82,82,82,82,82,82,82,82,82,82],"card_choices":[{"not_picked":["Sweeping Beam","Go for the Eyes"],"picked":"Loop","floor":1},{"not_picked":["Gash","Leap"],"picked":"Ball Lightning","floor":3},{"not_picked":["Coolheaded","Stack"],"picked":"Consume","floor":4},{"not_picked":["Barrage","Hologram"],"picked":"Redo","floor":7},{"not_picked":["Hello World","Cold Snap"],"picked":"Streamline","floor":8},{"not_picked":["Gash","Skim"],"picked":"Sweeping Beam","floor":11},{"not_picked":["BootSequence","White Noise"],"picked":"Heatsinks","floor":12},{"not_picked":["Sweeping Beam","Barrage"],"picked":"Self Repair","floor":14},{"not_picked":["Amplify","All For One"],"picked":"Electrodynamics","floor":16},{"not_picked":["Darkness+1","Gash"],"picked":"Chaos+1","floor":18},{"not_picked":["Go for the Eyes","Leap+1"],"picked":"Hologram","floor":21}],"player_experience":34948,"relics_obtained":[{"floor":8,"key":"Bottled Lightning"},{"floor":19,"key":"Necronomicon"},{"floor":20,"key":"Potion Belt"}],"event_choices":[{"damage_healed":0,"gold_gain":0,"player_choice":"Paid Gold","damage_taken":0,"relics_obtained":["Anchor"],"max_hp_gain":0,"max_hp_loss":0,"event_name":"WeMeetAgain","floor":2,"gold_loss":105},{"damage_healed":0,"gold_gain":0,"player_choice":"Entered Light","damage_taken":16,"max_hp_gain":0,"max_hp_loss":0,"event_name":"Shining Light","floor":5,"gold_loss":0,"cards_upgraded":["Ball Lightning","Dualcast"]},{"damage_healed":20,"gold_gain":0,"player_choice":"Healed and dodged fight","damage_taken":0,"max_hp_gain":0,"max_hp_loss":0,"event_name":"Mushrooms","floor":13,"gold_loss":0,"cards_obtained":["Parasite"]},{"damage_healed":0,"gold_gain":0,"player_choice":"Obtained Book","damage_taken":16,"max_hp_gain":0,"max_hp_loss":0,"event_name":"Cursed Tome","floor":19,"gold_loss":0}],"is_beta":false,"boss_relics":[{"not_picked":["Tiny House","Velvet Choker"],"picked":"Inserter"}],"items_purged_floors":[],"is_endless":false,"potions_floor_spawned":[3,4,8,11,18],"killed_by":"Snake Plant","ascension_level":0}}