{"host":"jm9833yuloeli2yd","time":1607538025,"event":{"gold_per_floor":[119,119,135,150,150,150,180,180,205,239,239,20,38,38,38,38,38],"floor_reached":16,"playtime":311,"items_purged":["Strike_B"],"score":216,"play_id":"509777c5-448c-4126-9493-651841e4a62a","local_time":"20201209132025","is_ascension_mode":true,"campfire_choices":[{"data":"Cold Snap","floor":6,"key":"SMITH"},{"data":"Hologram","floor":8,"key":"SMITH"},{"floor":11,"key":"REST"},{"floor":15,"key":"REST"}],"neow_cost":"NONE","seed_source_timestamp":764222709355100,"circlet_count":0,"master_deck":["AscendersBane","Strike_B+1","Strike_B","Strike_B","Defend_B","Defend_B","Defend_B","Defend_B","Zap","Dualcast","Cold Snap+1","Genetic Algorithm+1","Hologram+1","Streamline","Defragment","Tempest"],"special_seed":0,"relics":["Cracked Core","Toy Ornithopter","Bronze Scales","Lantern","Shovel","Sundial"],"potions_floor_usage":[7,10,16],"damage_taken":[{"damage":4,"enemies":"Jaw Worm","floor":1,"turns":4},{"damage":0,"enemies":"2 Louse","floor":3,"turns":2},{"damage":2,"enemies":"Small Slimes","floor":4,"turns":3},{"damage":11,"enemies":"Lagavulin","floor":7,"turns":7},{"damage":30,"enemies":"Gremlin Nob","floor":10,"turns":5},{"damage":0,"enemies":"Looter","floor":13,"turns":2},{"damage":34,"enemies":"Hexaghost","floor":16,"turns":10}],"seed_played":"-4367753333988003355","potions_obtained":[{"floor":3,"key":"EssenceOfDarkness"},{"floor":4,"key":"Ancient Potion"},{"floor":13,"key":"Fire Potion"}],"is_trial":false,"path_per_floor":["M","?","M","M","?","R","E","R","T","E","R","$","M","?","R","B"],"character_chosen":"DEFECT","items_purchased":["Defragment","Block Potion"],"campfire_rested":2,"item_purchase_floors":[12,12],"current_hp_per_floor":[60,65,65,63,40,40,34,34,34,9,31,31,31,5,27,0,0],"gold":38,"neow_bonus":"RANDOM_COMMON_RELIC","is_prod":false,"is_daily":false,"chose_seed":false,"campfire_upgraded":2,"win_rate":0,"timestamp":1607538025,"path_taken":["M","?","M","M","?","R","E","R","T","E","R","$","M","?","R","BOSS"],"build_version":"2020-11-30","purchased_purges":1,"victory":false,"max_hp_per_floor":[71,76,76,76,76,76,76,76,76,76,76,76,76,76,76,76,76],"card_choices":[{"not_picked":["Compile Driver","Loop"],"picked":"Cold Snap","floor":1},{"not_picked":["Gash","White Noise","Fusion"],"picked":"SKIP","floor":3},{"not_picked":["Gash","Blizzard"],"picked":"Genetic Algorithm","floor":4},{"not_picked":["Steam","Streamline"],"picked":"Hologram","floor":7},{"not_picked":["Conserve Battery","Recycle"],"picked":"Streamline","floor":10},{"not_picked":["Undo","Steam"],"picked":"Tempest","floor":13}],"player_experience":982883,"relics_obtained":[{"floor":7,"key":"Bronze Scales"},{"floor":9,"key":"Lantern"},{"floor":10,"key":"Shovel"}],"event_choices":[{"damage_healed":0,"gold_gain":0,"player_choice":"Donut","damage_taken":0,"max_hp_gain":5,"max_hp_loss":0,"event_name":"Big Fish","floor":2,"gold_loss":0},{"damage_healed":0,"gold_gain":0,"player_choice":"Entered Light","damage_taken":23,"max_hp_gain":0,"max_hp_loss":0,"event_name":"Shining Light","floor":5,"gold_loss":0,"cards_upgraded":["Genetic Algorithm","Strike_B"]},{"damage_healed":0,"gold_gain":0,"player_choice":"Success","damage_taken":26,"relics_obtained":["Sundial"],"max_hp_gain":0,"max_hp_loss":0,"event_name":"Scrap Ooze","floor":14,"gold_loss":0}],"is_beta":false,"boss_relics":[],"items_purged_floors":[12],"is_endless":false,"potions_floor_spawned":[3,4,13],"killed_by":"Hexaghost","ascension_level":20}}