{"host":"k6w1k0xtzejbq5ja","time":1607487499,"event":{"gold_per_floor":[113,113,138,161,161,202,222,187,187,205,205,238,90,90,90,90,90],"floor_reached":16,"playtime":3318,"items_purged":[],"score":121,"play_id":"b4563d5a-d2bd-4e24-aee2-75a7e40e9b71","local_time":"20201208231819","is_ascension_mode":true,"campfire_choices":[{"floor":11,"key":"REST"},{"floor":15,"key":"REST"}],"neow_cost":"NONE","seed_source_timestamp":29002807539700,"circlet_count":0,"master_deck":["Strike_G","Strike_G","Strike_G","Strike_G","Defend_G+1","Defend_G","Defend_G","Defend_G","Defend_G","Survivor+1","Neutralize","Backflip","Skewer","Acrobatics","Eviscerate","Eviscerate","Dagger Spray"],"relics":["SacredBark","Golden Idol","Pocketwatch","Torii","Ninja Scroll","War Paint"],"potions_floor_usage":[6],"damage_taken":[{"damage":5,"enemies":"Cultist","floor":1,"turns":5},{"damage":0,"enemies":"2 Louse","floor":3,"turns":3},{"damage":0,"enemies":"Jaw Worm","floor":4,"turns":3},{"damage":38,"enemies":"Gremlin Nob","floor":6,"turns":5},{"damage":17,"enemies":"3 Louse","floor":7,"turns":3},{"damage":6,"enemies":"Red Slaver","floor":10,"turns":4},{"damage":20,"enemies":"3 Sentries","floor":12,"turns":9},{"damage":27,"enemies":"Hexaghost","floor":16,"turns":14}],"seed_played":"-1374159972205746735","potions_obtained":[{"floor":4,"key":"Explosive Potion"},{"floor":12,"key":"CunningPotion"}],"is_trial":false,"path_per_floor":["M","?","M","M","?","E","M","?","T","M","R","E","$","?","R","B"],"character_chosen":"THE_SILENT","items_purchased":["War Paint"],"campfire_rested":2,"item_purchase_floors":[13],"current_hp_per_floor":[65,48,48,48,70,32,15,32,32,26,47,27,27,20,41,14,14],"gold":90,"neow_bonus":"BOSS_RELIC","is_prod":false,"is_daily":false,"chose_seed":false,"campfire_upgraded":0,"win_rate":0,"timestamp":1607487499,"path_taken":["M","?","M","M","?","E","M","?","T","M","R","E","$","?","R","BOSS"],"build_version":"2020-11-30","purchased_purges":0,"victory":false,"max_hp_per_floor":[70,70,70,70,70,70,70,70,70,70,70,70,70,70,70,70,70],"relic_stats":{"Torii":8,"counters":[8,46],"Golden Idol":33,"War Paint":["Survivor","Defend_G"],"obtain_stats":[{"Torii":9,"Golden Idol":2,"Ninja Scroll":12,"SacredBark":0,"War Paint":13,"Ring of the Snake":0,"Pocketwatch":6},{"Torii":5,"Golden Idol":1,"Ninja Scroll":7,"SacredBark":0,"War Paint":7,"Ring of the Snake":0,"Pocketwatch":4},{"Torii":19,"Golden Idol":5,"Ninja Scroll":32,"SacredBark":0,"War Paint":32,"Ring of the Snake":0,"Pocketwatch":16}],"Pocketwatch":[57]},"card_choices":[{"not_picked":["Infinite Blades","Footwork"],"picked":"Backflip","floor":1},{"not_picked":["Deadly Poison","Underhanded Strike"],"picked":"Skewer","floor":3},{"not_picked":["Dodge and Roll","Backstab","Finisher"],"picked":"SKIP","floor":4},{"not_picked":["After Image","Underhanded Strike"],"picked":"Acrobatics","floor":6},{"not_picked":["Poisoned Stab","Dash"],"picked":"Eviscerate","floor":7},{"not_picked":["Tactician","Deflect"],"picked":"Eviscerate","floor":10},{"not_picked":["Endless Agony","Sucker Punch"],"picked":"Dagger Spray","floor":12}],"player_experience":349353,"relics_obtained":[{"floor":6,"key":"Pocketwatch"},{"floor":9,"key":"Torii"},{"floor":12,"key":"Ninja Scroll"}],"event_choices":[{"damage_healed":0,"gold_gain":0,"player_choice":"Take Damage","damage_taken":17,"relics_obtained":["Golden Idol"],"max_hp_gain":0,"max_hp_loss":0,"event_name":"Golden Idol","floor":2,"gold_loss":0},{"damage_healed":23,"gold_gain":0,"player_choice":"Banana","damage_taken":0,"max_hp_gain":0,"max_hp_loss":0,"event_name":"Big Fish","floor":5,"gold_loss":0},{"damage_healed":17,"gold_gain":0,"player_choice":"Healed","damage_taken":0,"max_hp_gain":0,"max_hp_loss":0,"event_name":"The Cleric","floor":8,"gold_loss":35},{"cards_removed":["Strike_G"],"damage_healed":0,"gold_gain":0,"player_choice":"Card Removal","damage_taken":7,"max_hp_gain":0,"max_hp_loss":0,"event_name":"Golden Wing","floor":14,"gold_loss":0}],"is_beta":false,"boss_relics":[],"items_purged_floors":[],"is_endless":false,"potions_floor_spawned":[4,12],"killed_by":"Hexaghost","ascension_level":2}}