{"host":"13of4hm0ygc9cmbc","time":1607528884,"event":{"gold_per_floor":[116,116,133,143,68,68,96,112,136,148,148,183,183,183,183,273,273,293,293,293],"floor_reached":19,"playtime":710,"items_purged":["Strike_R"],"score":310,"play_id":"011d5679-a2de-41ac-8ac1-9b6b5e66d6ea","local_time":"20201210004804","is_ascension_mode":true,"campfire_choices":[{"data":"Bash","floor":6.0,"key":"SMITH"},{"data":"Flame Barrier","floor":13.0,"key":"SMITH"},{"data":"Dual Wield","floor":15.0,"key":"SMITH"}],"neow_cost":"PERCENT_DAMAGE","seed_source_timestamp":0,"circlet_count":0,"master_deck":["AscendersBane","Strike_R+1","Strike_R","Defend_R","Defend_R","Defend_R","Bash+1","Anger+1","Flame Barrier+1","Dropkick","Dual Wield+1","Limit Break","Shrug It Off"],"special_seed":0,"relics":["Burning Blood","Magic Flower","Regal Pillow","Smiling Mask","Whetstone","Golden Idol","Empty Cage"],"potions_floor_usage":[],"damage_taken":[{"damage":2.0,"enemies":"2 Louse","floor":1.0,"turns":3.0},{"damage":11.0,"enemies":"Cultist","floor":3.0,"turns":4.0},{"damage":7.0,"enemies":"Small Slimes","floor":4.0,"turns":4.0},{"damage":33.0,"enemies":"3 Sentries","floor":7.0,"turns":10.0},{"damage":6.0,"enemies":"Looter","floor":8.0,"turns":4.0},{"damage":8.0,"enemies":"3 Louse","floor":10.0,"turns":4.0},{"damage":22.0,"enemies":"Gremlin Nob","floor":12.0,"turns":4.0},{"damage":11.0,"enemies":"Hexaghost","floor":16.0,"turns":9.0},{"damage":37.0,"enemies":"Shell Parasite","floor":18.0,"turns":5.0}],"seed_played":"5528576895199421498","potions_obtained":[{"floor":3.0,"key":"Block Potion"},{"floor":8.0,"key":"AttackPotion"},{"floor":10.0,"key":"Energy Potion"},{"floor":16.0,"key":"Strength Potion"}],"is_trial":false,"path_per_floor":["M","?","M","M","$","R","E","M","T","M","?","E","R","?","R","B",null,"M","?"],"character_chosen":"IRONCLAD","items_purchased":[],"campfire_rested":0,"item_purchase_floors":[],"current_hp_per_floor":[57,57,55,57,57,57,33,36,36,37,37,24,24,24,24,22,57,29,29,29],"gold":293,"neow_bonus":"ONE_RARE_RELIC","is_prod":false,"is_daily":false,"chose_seed":false,"campfire_upgraded":3,"win_rate":0,"timestamp":1607528884,"path_taken":["M","?","M","?","$","R","E","M","T","M","?","E","R","?","R","BOSS","M","?"],"build_version":"2020-11-30","purchased_purges":1,"victory":false,"max_hp_per_floor":[75,75,75,75,75,75,75,75,75,75,75,75,75,68,68,68,68,68,68,68],"card_choices":[{"not_picked":["Clothesline","Flex"],"picked":"Anger","floor":1.0},{"not_picked":["Twin Strike","Body Slam"],"picked":"Flame Barrier","floor":3.0},{"not_picked":["Warcry","Flex","Fiend Fire"],"picked":"SKIP","floor":4.0},{"not_picked":["Wild Strike","Twin Strike"],"picked":"Dropkick","floor":7.0},{"not_picked":["Cleave","Warcry","True Grit"],"picked":"SKIP","floor":8.0},{"not_picked":["Thunderclap","Metallicize"],"picked":"Dual Wield","floor":10.0},{"not_picked":["Flame Barrier","Flex","Hemokinesis"],"picked":"SKIP","floor":12.0},{"not_picked":["Berserk","Juggernaut"],"picked":"Limit Break","floor":16.0},{"not_picked":["Havoc","Seeing Red"],"picked":"Shrug It Off","floor":18.0}],"player_experience":504042,"relics_obtained":[{"floor":7.0,"key":"Regal Pillow"},{"floor":9.0,"key":"Smiling Mask"},{"floor":12.0,"key":"Whetstone"}],"event_choices":[{"cards_removed":["Strike_R"],"damage_healed":0.0,"max_hp_gain":0.0,"max_hp_loss":0.0,"gold_gain":0.0,"event_name":"Purifier","player_choice":"Purged","floor":2.0,"gold_loss":0.0,"damage_taken":0.0},{"damage_healed":0.0,"max_hp_gain":0.0,"max_hp_loss":0.0,"gold_gain":0.0,"event_name":"Liars Game","player_choice":"Ignored","floor":11.0,"gold_loss":0.0,"damage_taken":0.0},{"damage_healed":0.0,"max_hp_gain":0.0,"max_hp_loss":7.0,"gold_gain":0.0,"event_name":"Golden Idol","player_choice":"Lose Max HP","floor":14.0,"gold_loss":0.0,"damage_taken":0.0,"relics_obtained":["Golden Idol"]}],"is_beta":false,"boss_relics":[{"not_picked":["Astrolabe","Runic Cube"],"picked":"Empty Cage"}],"items_purged_floors":[5],"is_endless":false,"potions_floor_spawned":[3,8,10,16],"ascension_level":15}}