{"host":"6jcxerjfmuawfds2","time":1607523756,"event":{"gold_per_floor":[115,132,57,57,57,86,86,86,86,86,102,118,136,147,147,147,147],"floor_reached":16,"playtime":283,"items_purged":["Strike_P"],"score":127,"play_id":"6fd92934-8372-4303-821f-44a8959de482","local_time":"20201209232236","is_ascension_mode":false,"campfire_choices":[{"data":"Eruption","floor":8,"key":"SMITH"},{"data":"Vigilance","floor":10,"key":"SMITH"},{"data":"ForeignInfluence","floor":15,"key":"SMITH"}],"neow_cost":"NONE","seed_source_timestamp":19861119218100,"circlet_count":0,"master_deck":["Strike_P","Strike_P","Strike_P+1","Defend_P","Defend_P+1","Defend_P","Defend_P","Eruption+1","Vigilance+1","ForeignInfluence+1"],"relics":["PureWater","NeowsBlessing","Gremlin Horn","Question Card","Pantograph"],"potions_floor_usage":[13,13],"damage_taken":[{"damage":0,"enemies":"2 Louse","floor":1,"turns":1},{"damage":0,"enemies":"Jaw Worm","floor":2,"turns":1},{"damage":0,"enemies":"3 Sentries","floor":6,"turns":1},{"damage":0,"enemies":"Cultist","floor":11,"turns":3},{"damage":7,"enemies":"Exordium Thugs","floor":12,"turns":9},{"damage":0,"enemies":"Looter","floor":13,"turns":2},{"damage":0,"enemies":"Large Slime","floor":14,"turns":3},{"damage":13,"enemies":"Hexaghost","floor":16,"turns":3}],"seed_played":"3635564780136532157","potions_obtained":[{"floor":6,"key":"Strength Potion"},{"floor":12,"key":"Block Potion"},{"floor":14,"key":"Fire Potion"}],"is_trial":false,"path_per_floor":["M","M","$","?","?","E","$","R","T","R","M","M","M","M","R","B"],"character_chosen":"WATCHER","items_purchased":[],"campfire_rested":0,"item_purchase_floors":[],"current_hp_per_floor":[72,72,72,60,46,46,46,46,46,46,46,39,39,39,39,51,51],"gold":147,"neow_bonus":"THREE_ENEMY_KILL","is_prod":false,"is_daily":false,"chose_seed":false,"campfire_upgraded":3,"win_rate":0.0,"timestamp":1607523756,"path_taken":["M","M","$","?","?","E","?","R","T","R","M","M","?","M","R","BOSS"],"build_version":"2020-11-30","purchased_purges":1,"victory":false,"max_hp_per_floor":[72,72,72,72,72,72,72,72,72,72,72,72,72,72,72,72,72],"card_choices":[{"not_picked":["EmptyFist","ThirdEye","EmptyBody"],"picked":"SKIP","floor":1},{"not_picked":["ThirdEye","Indignation","Crescendo"],"picked":"SKIP","floor":2},{"not_picked":["Tantrum","LikeWater","SashWhip"],"picked":"SKIP","floor":6},{"not_picked":["Crescendo","BowlingBash","MentalFortress"],"picked":"ForeignInfluence","floor":11},{"not_picked":["FearNoEvil","Vault","EmptyBody","SashWhip"],"picked":"SKIP","floor":12},{"not_picked":["Crescendo","Wallop","JustLucky","SashWhip"],"picked":"SKIP","floor":13},{"not_picked":["FlyingSleeves","Worship","Halt","BowlingBash"],"picked":"SKIP","floor":14}],"player_experience":113680,"relics_obtained":[{"floor":6,"key":"Question Card"},{"floor":9,"key":"Pantograph"}],"event_choices":[{"damage_healed":0,"gold_gain":0,"player_choice":"Success","damage_taken":12,"relics_obtained":["Gremlin Horn"],"max_hp_gain":0,"max_hp_loss":0,"event_name":"Scrap Ooze","floor":4,"gold_loss":0},{"damage_healed":0,"gold_gain":0,"player_choice":"Entered Light","damage_taken":14,"max_hp_gain":0,"max_hp_loss":0,"event_name":"Shining Light","floor":5,"gold_loss":0,"cards_upgraded":["Strike_P","Defend_P"]}],"is_beta":false,"boss_relics":[],"items_purged_floors":[3],"is_endless":false,"potions_floor_spawned":[6,12,14],"killed_by":"Hexaghost","ascension_level":0}}