{"host":"BK","time":1607486032,"event":{"gold_per_floor":[119,119,136,136,152,184,194,194,220,220,220],"floor_reached":10,"playtime":328,"items_purged":[],"score":136,"play_id":"72d8cab8-a33c-46b4-b515-4e8fbea7845f","local_time":"20201208205352","is_ascension_mode":true,"campfire_choices":[{"floor":8.0,"key":"REST"}],"neow_cost":"NONE","seed_source_timestamp":12135902041300,"circlet_count":0,"master_deck":["AscendersBane","Strike_G","Strike_G","Strike_G","Strike_G","Defend_G","Defend_G","Defend_G","Defend_G","Defend_G","Survivor","Neutralize","Crippling Poison","Poisoned Stab","Burst","Dagger Spray","Malaise","Crippling Poison"],"special_seed":0,"relics":["Ring of the Snake","NeowsBlessing","Smiling Mask","Nunchaku"],"potions_floor_usage":[10,10],"damage_taken":[{"damage":0.0,"enemies":"Small Slimes","floor":1.0,"turns":1.0},{"damage":0.0,"enemies":"Cultist","floor":3.0,"turns":1.0},{"damage":0.0,"enemies":"2 Louse","floor":5.0,"turns":1.0},{"damage":27.0,"enemies":"Lagavulin","floor":6.0,"turns":8.0},{"damage":13.0,"enemies":"Lots of Slimes","floor":7.0,"turns":4.0},{"damage":45,"enemies":"Gremlin Nob","floor":10,"turns":4}],"seed_played":"4296115881646001614","potions_obtained":[{"floor":5.0,"key":"LiquidBronze"},{"floor":6.0,"key":"LiquidBronze"}],"is_trial":false,"path_per_floor":["M","?","M","?","M","E","M","R","T","E"],"character_chosen":"THE_SILENT","items_purchased":[],"campfire_rested":1,"item_purchase_floors":[],"current_hp_per_floor":[59,59,59,59,59,32,19,38,38,0,0],"gold":220,"neow_bonus":"THREE_ENEMY_KILL","is_prod":false,"is_daily":false,"chose_seed":false,"campfire_upgraded":0,"win_rate":0,"timestamp":1607486032,"path_taken":["M","?","?","?","M","E","M","R","T","E"],"build_version":"2020-12-07","purchased_purges":0,"victory":false,"max_hp_per_floor":[66,66,66,66,66,66,66,66,66,66,66],"card_choices":[{"not_picked":["Outmaneuver","Footwork"],"picked":"Crippling Poison","floor":1.0},{"not_picked":["Underhanded Strike","Deflect"],"picked":"Poisoned Stab","floor":3.0},{"not_picked":["Quick Slash","Escape Plan"],"picked":"Dagger Spray","floor":5.0},{"not_picked":["Footwork","Expertise"],"picked":"Malaise","floor":6.0},{"not_picked":["Outmaneuver","Dodge and Roll"],"picked":"Crippling Poison","floor":7.0}],"player_experience":2331939,"relics_obtained":[{"floor":6.0,"key":"Smiling Mask"},{"floor":9.0,"key":"Nunchaku"}],"event_choices":[{"cards_removed":["Strike_G"],"damage_healed":0.0,"max_hp_gain":0.0,"max_hp_loss":0.0,"gold_gain":0.0,"event_name":"Purifier","player_choice":"Purged","floor":2.0,"gold_loss":0.0,"damage_taken":0.0},{"damage_healed":0.0,"max_hp_gain":0.0,"max_hp_loss":0.0,"gold_gain":0.0,"event_name":"Match and Keep!","player_choice":"1 cards matched","floor":4.0,"gold_loss":0.0,"damage_taken":0.0,"cards_obtained":["Burst"]}],"is_beta":true,"boss_relics":[],"items_purged_floors":[],"is_endless":false,"potions_floor_spawned":[5,6],"killed_by":"Gremlin Nob","ascension_level":20}}