{"host":"u0f5uy314yz7olfc","time":1607500747,"event":{"gold_per_floor":[116,116,30,205,217,217,228,243,243,243,34,34,50,0,0,103,103,116,116,116,133,133,133,133,133,133,145,145,176,189,189,189,301,301,339,339,378,378,419,461,461,506,560,625,625,679,679,736,736,736,736,736,17,52,52,52],"floor_reached":55,"playtime":3670,"items_purged":["Doubt"],"score":807,"play_id":"0af13e7d-b606-4708-b07d-a609e26fe106","local_time":"20201209145907","is_ascension_mode":false,"campfire_choices":[{"floor":6.0,"key":"REST"},{"floor":10.0,"key":"RECALL"},{"floor":12.0,"key":"REST"},{"floor":23.0,"key":"REST"},{"data":"infinitespire:FutureSight","floor":25.0,"key":"SMITH"},{"data":"ReplayTheSpireMod:Black Plague","floor":28.0,"key":"SMITH"},{"floor":32.0,"key":"REST"},{"floor":41.0,"key":"REST"},{"floor":47.0,"key":"REST"},{"floor":49.0,"key":"REST"},{"data":"MarkedMod:NorthStar","floor":52,"key":"SMITH"}],"neow_cost":"","seed_source_timestamp":449726821813600,"circlet_count":0,"master_deck":["Eruption","Vigilance","PathToVictory","MarkedMod:GracefulMovements","MarkedMod:Acupuncture","FlurryOfBlows","ReplayTheSpireMod:Private Reserves","Swift Strike","MentalFortress","FlurryOfBlows","infinitespire:TheBestDefense","Bandage Up","MarkedMod:FirstStrike","MarkedMod:OneThousandNeedles","PathToVictory+1","Sever Soul","Sever Soul","Searing Blow+1","FlurryOfBlows+1","Panache+1","Prostrate+1","infinitespire:FutureSight+1","infinitespire:Fortify","ReplayTheSpireMod:Black Plague+1","ReplayTheSpireMod:Haul","ReplayTheSpireMod:Echoes of Time","Underhanded Strike","MarkedMod:NorthStar+1","PathToVictory","Poisoned Stab","Endless Agony","Adrenaline+1","Reboot","Backstab","Envenom+1","PathToVictory+1","Madness","Madness","Deflect+1","Dagger Spray+1","ReplayTheSpireMod:Speed Training","Dagger Throw","FollowUp","infinitespire:Starlight","Outmaneuver+1","Wraith Form v2","Apotheosis","Backstab","ReplayTheSpireMod:Scrap Shanks","PathToVictory"],"special_seed":0,"relics":["PureWater","ReplayFunnel","MerchantsRug","Toolbox","ChewingGum","aspiration:SilentSkillbook","infinitespire:Lucky Rock","Counterbalance","FossilizedHelix","infinitespire:EvilPickle","Pandora\u0027s Box","ReplayTheSpireMod:TigerMarble","hubris:SphereOfDissonance","Empty Cage","Eternal Feather","Guide Book","Blue Doll"],"potions_floor_usage":[50,55],"damage_taken":[{"damage":14.0,"enemies":"Small Slimes","floor":1.0,"turns":2.0},{"damage":1.0,"enemies":"2 Louse","floor":5.0,"turns":4.0},{"damage":9.0,"enemies":"Jaw Worm","floor":7.0,"turns":4.0},{"damage":7.0,"enemies":"Gremlin Gang","floor":8.0,"turns":4.0},{"damage":22.0,"enemies":"3 Louse","floor":13.0,"turns":3.0},{"damage":58.0,"enemies":"Hexaghost","floor":16.0,"turns":9.0},{"damage":30.0,"enemies":"Spheric Guardian","floor":18.0,"turns":5.0},{"damage":22.0,"enemies":"Chosen","floor":21.0,"turns":7.0},{"damage":0.0,"enemies":"3 Cultists","floor":27.0,"turns":4.0},{"damage":14.0,"enemies":"Replay:Snechameleon","floor":29.0,"turns":4.0},{"damage":0.0,"enemies":"Centurion and Healer","floor":30.0,"turns":4.0},{"damage":16.0,"enemies":"Pondfish","floor":33.0,"turns":7.0},{"damage":39.0,"enemies":"3 Darklings","floor":35.0,"turns":4.0},{"damage":0.0,"enemies":"Orb Walker","floor":37.0,"turns":3.0},{"damage":23.0,"enemies":"3 Darklings","floor":39.0,"turns":3.0},{"damage":0.0,"enemies":"Transient","floor":40.0,"turns":5.0},{"damage":9.0,"enemies":"Sphere and 2 Shapes","floor":42.0,"turns":2.0},{"damage":21.0,"enemies":"Nemesis","floor":44.0,"turns":5.0},{"damage":0.0,"enemies":"Writhing Mass","floor":46.0,"turns":4.0},{"damage":15.0,"enemies":"Spire Growth","floor":48.0,"turns":4.0},{"damage":6,"enemies":"Replay:Hell Engine","floor":50,"turns":7},{"damage":30,"enemies":"Shield and Spear","floor":54,"turns":4},{"damage":119,"enemies":"The Heart","floor":55,"turns":3}],"seed_played":"-2960205447889602369","potions_obtained":[{"floor":1.0,"key":"ColorlessPotion"},{"floor":5.0,"key":"Explosive Potion"},{"floor":13.0,"key":"Strength Potion"},{"floor":16.0,"key":"DDmod:CleansePotion"},{"floor":33.0,"key":"Fire Potion"},{"floor":35.0,"key":"Doom Potion"},{"floor":37.0,"key":"FairyPotion"},{"floor":39.0,"key":"infinitespire:BlackPotion"},{"floor":48.0,"key":"BlessingOfTheForge"},{"floor":54,"key":"ColorlessPotion"}],"is_trial":false,"path_per_floor":["M","?","$","?","M","R","M","M","T","R","$","R","M","?","R_BF","B",null,"M","?","?","M","AVR","R","?","R","T","M","R","E","M","?","R_BF","B",null,"M","?","M","?","M","M","R","M","T","E","AVR","M","R","M","R","B",null,"R","$","E","B"],"character_chosen":"WATCHER","items_purchased":["PathToVictory","MarkedMod:GracefulMovements","MarkedMod:Acupuncture","War Paint","ReplayFunnel","MerchantsRug","FlurryOfBlows","ReplayTheSpireMod:Private Reserves","Swift Strike","MentalFortress","Bandage Up","Toolbox","Sever Soul","Eternal Feather","Guide Book","Apotheosis","Backstab","ReplayTheSpireMod:Scrap Shanks"],"campfire_rested":7,"item_purchase_floors":[0,0,0,0,0,0,0,0,0,0,3,11,11,53,53,53,53,53],"current_hp_per_floor":[26,26,26,26,29,50,45,42,42,42,42,63,45,45,66,12,72,46,46,46,28,28,49,82,82,82,82,82,72,76,76,82,66,82,47,37,41,41,18,22,46,37,37,24,24,34,58,43,67,76,82,82,82,58,0,0],"gold":52,"neow_bonus":"","is_prod":false,"is_daily":false,"chose_seed":false,"campfire_upgraded":3,"win_rate":0,"timestamp":1607500747,"path_taken":["M","?","$","?","M","R","M","?","T","R","$","R","?","?","R_BF","BOSS","M","?","?","M","AVR","R","?","R","T","M","R","E","M","?","R_BF","BOSS","M","?","M","?","?","M","R","M","T","E","AVR","M","R","M","R","BOSS","R","$","E","BOSS"],"build_version":"2020-11-30","purchased_purges":1,"victory":false,"max_hp_per_floor":[72,72,72,72,72,72,72,72,72,72,72,72,72,72,72,72,72,72,72,72,72,72,72,82,82,82,82,82,82,82,82,82,82,82,82,82,82,82,82,82,82,82,82,82,82,82,82,82,82,82,82,82,82,82,82,82],"relic_stats":{"counters":[288,1182],"Pandora\u0027s Box":["Reboot","Backstab","TalkToTheHand","Envenom","hubris:Sniper"],"Eternal Feather":0,"obtain_stats":[{"Replay:Accelerometer":6,"Golden Egg":3,"Whetstone":53,"Ginger":0,"hubris:MysteriousPyramids":4,"Ring of Searing":9,"Blood Vial":3,"Replay:Ringing Soul":17,"infinitespire:ShieldingShard":13,"hubris:HerbalPaste":40,"MealTicket":3,"HandDrill":53,"Replay:Wax Seal":3,"Replay:Bottled Steam":42,"MerchantsRug":3,"hubris:MobiusCoin":17,"Pear":16,"Counterbalance":0,"ReplayTheSpireMod:Ring of Addiction":13,"hubris:SphereOfDissonance":44,"Eternal Feather":0,"ReplayTheSpireMod:SealedPack":17,"Pen Nib":6,"Akabeko":5,"infinitespire:EvilPickle":33,"infinitespire:Lychee Nut":4,"ReplayTheSpireMod:Ring of Collecting":3,"aspiration:SilentSkillbook":22,"Pandora\u0027s Box":34,"hubris:TenFootPole":54,"Kintsugi":17,"Abe\u0027s Treasure":19,"hubris:Reverence":3,"Lantern":10,"Regal Pillow":20,"Torii":17,"Singing Bowl":10,"Blue Doll":2,"hubris:EmptyBottle":2,"Ancient Tea Set":29,"Pet Ghost":17,"Burning Blood":22,"BranchBurnRelic":24,"Matryoshka":7,"hubris:Backtick":22,"Shovel":0,"Toolbox":7,"hubris:ScarierMask":34,"hubris:CuriousFeather":9,"Chemical X":3,"Replay:Bottled Eggs":11,"infinitespire:Eraser":6,"Lee\u0027s Waffle":0,"Golden Idol":16,"hubris:64BitClover":7,"Damaru":17,"Circlet":0,"infinitespire:Joker Card":13,"PreservedInsect":12,"betterThird:NestCultRelic":22,"Ring of Greed":3,"infinitespire:CheckeredPen":24,"infinitespire:Lucky Rock":22,"hubris:Towel":14,"GoldenEye":0,"Replay:Arrowhead":36,"Ornamental Fan":21,"betterThird:SlimedRelic":12,"Ring of Misfortune":13,"Orrery":32,"Art of War":12,"Garlic":53,"ReplayTheSpireMod:Ring of Challenge":0,"ReplayTheSpireMod:Lightbulb":26,"Toy Ornithopter":13,"hubris:BottledRain":0,"Ice Cream":0,"hubris:CrystalStatue":4,"Calipers":0,"Tiny House":17,"CeramicFish":5,"MarkedMod:AcupunctureKit":3,"Sozu":34,"HornCleat":3,"Strawberry":2,"Toxic Egg 2":7,"Happy Flower":0,"Ring of Hypnosis":6,"hubris:DuctTape":3,"ReplayTheSpireMod:CursedCoin":3,"Astrolabe":22,"Dead Branch":17,"Oddly Smooth Stone":17,"hubris:FruitBowl":3,"infinitespire:Beetle Shell":6,"Letter Opener":0,"War Paint":21,"WarpedTongs":21,"Du-Vu Doll":21,"Bottled Flame":13,"Replay:Baseball":19,"Shuriken":2,"hubris:PeanutButter":12,"Simple Rune":0,"Molten Egg 2":0,"ReplayTheSpireMod:TigerMarble":3,"hubris:ToyBattleship":27,"Black Star":17,"Grinning Jar":8,"ReplayFunnel":3,"Darkstone Periapt":2,"SacredBark":19,"Melange":2,"hubris:SlimyHat":2,"Incense Burner":0,"CloakClasp":11,"Empty Cage":45,"Nunchaku":2,"Replay:Bandana":3,"Dream Catcher":3,"hubris:Icosahedron":2,"TheAbacus":2,"Mummified Hand":4,"hubris:Stopwatch":17,"Tiny Chest":2,"Replay:Bottled Snecko":11,"Gremlin Food":4,"hubris:KleinBottle":10,"Replay:Towering Pillar of Hats":9,"infinitespire:CursedDice":22,"Guide Book":53,"Replay:WaspNest":14,"infinitespire:FocusingShard":9,"Orichalcum":12,"Medical Kit":0,"White Beast Statue":9,"Calling Bell":21,"Strange Spoon":2,"Anchor":7,"infinitespire:WardingShard":9,"HolyWater":17,"infinitespire:Satchel":28,"ChewingGum":19,"Snack Pack":11,"Membership Card":16,"PureWater":0,"hubris:OldNail":2,"FossilizedHelix":29,"ReplayTheSpireMod:ShopPack":29},{"Replay:Accelerometer":141,"Golden Egg":231,"Whetstone":119,"Ginger":214,"hubris:MysteriousPyramids":134,"Ring of Searing":245,"Blood Vial":11,"Replay:Ringing Soul":103,"infinitespire:ShieldingShard":7,"hubris:HerbalPaste":61,"MealTicket":162,"HandDrill":119,"Replay:Wax Seal":77,"Replay:Bottled Steam":115,"MerchantsRug":11,"hubris:MobiusCoin":93,"Pear":53,"Counterbalance":121,"ReplayTheSpireMod:Ring of Addiction":123,"hubris:SphereOfDissonance":283,"Eternal Feather":233,"ReplayTheSpireMod:SealedPack":43,"Pen Nib":260,"Akabeko":140,"infinitespire:EvilPickle":111,"infinitespire:Lychee Nut":77,"ReplayTheSpireMod:Ring of Collecting":77,"aspiration:SilentSkillbook":273,"Pandora\u0027s Box":277,"hubris:TenFootPole":120,"Kintsugi":125,"Abe\u0027s Treasure":18,"hubris:Reverence":156,"Lantern":40,"Regal Pillow":45,"Torii":93,"Singing Bowl":150,"Blue Doll":162,"hubris:EmptyBottle":97,"Ancient Tea Set":57,"Pet Ghost":93,"Burning Blood":153,"BranchBurnRelic":226,"Matryoshka":127,"hubris:Backtick":153,"Shovel":233,"Toolbox":127,"hubris:ScarierMask":227,"hubris:CuriousFeather":245,"Chemical X":48,"Replay:Bottled Eggs":14,"infinitespire:Eraser":28,"Lee\u0027s Waffle":203,"Golden Idol":17,"hubris:64BitClover":244,"Damaru":103,"Circlet":0,"infinitespire:Joker Card":16,"PreservedInsect":85,"betterThird:NestCultRelic":239,"Ring of Greed":77,"infinitespire:CheckeredPen":106,"infinitespire:Lucky Rock":273,"hubris:Towel":92,"GoldenEye":121,"Replay:Arrowhead":112,"Ornamental Fan":45,"betterThird:SlimedRelic":66,"Ring of Misfortune":123,"Orrery":57,"Art of War":85,"Garlic":119,"ReplayTheSpireMod:Ring of Challenge":19,"ReplayTheSpireMod:Lightbulb":107,"Toy Ornithopter":123,"hubris:BottledRain":230,"Ice Cream":62,"hubris:CrystalStatue":156,"Calipers":210,"Tiny House":238,"CeramicFish":213,"MarkedMod:AcupunctureKit":71,"Sozu":111,"HornCleat":48,"Strawberry":122,"Toxic Egg 2":122,"Happy Flower":35,"Ring of Hypnosis":243,"hubris:DuctTape":255,"ReplayTheSpireMod:CursedCoin":11,"Astrolabe":56,"Dead Branch":222,"Oddly Smooth Stone":222,"hubris:FruitBowl":127,"infinitespire:Beetle Shell":65,"Letter Opener":233,"War Paint":45,"WarpedTongs":94,"Du-Vu Doll":45,"Bottled Flame":52,"Replay:Baseball":94,"Shuriken":146,"hubris:PeanutButter":101,"Simple Rune":183,"Molten Egg 2":214,"ReplayTheSpireMod:TigerMarble":48,"hubris:ToyBattleship":107,"Black Star":131,"Grinning Jar":218,"ReplayFunnel":26,"Darkstone Periapt":63,"SacredBark":54,"Melange":122,"hubris:SlimyHat":179,"Incense Burner":197,"CloakClasp":260,"Empty Cage":283,"Nunchaku":63,"Replay:Bandana":77,"Dream Catcher":127,"hubris:Icosahedron":216,"TheAbacus":248,"Mummified Hand":180,"hubris:Stopwatch":169,"Tiny Chest":97,"Replay:Bottled Snecko":129,"Gremlin Food":134,"hubris:KleinBottle":175,"Replay:Towering Pillar of Hats":127,"infinitespire:CursedDice":56,"Guide Book":286,"Replay:WaspNest":42,"infinitespire:FocusingShard":65,"Orichalcum":129,"Medical Kit":19,"White Beast Statue":99,"Calling Bell":45,"Strange Spoon":262,"Anchor":75,"infinitespire:WardingShard":127,"HolyWater":32,"infinitespire:Satchel":57,"ChewingGum":152,"Snack Pack":92,"Membership Card":53,"PureWater":0,"hubris:OldNail":122,"FossilizedHelix":275,"ReplayTheSpireMod:ShopPack":57},{"Replay:Accelerometer":613,"Golden Egg":957,"Whetstone":521,"Ginger":883,"hubris:MysteriousPyramids":591,"Ring of Searing":1020,"Blood Vial":45,"Replay:Ringing Soul":453,"infinitespire:ShieldingShard":25,"hubris:HerbalPaste":259,"MealTicket":700,"HandDrill":521,"Replay:Wax Seal":328,"Replay:Bottled Steam":505,"MerchantsRug":45,"hubris:MobiusCoin":387,"Pear":213,"Counterbalance":531,"ReplayTheSpireMod:Ring of Addiction":536,"hubris:SphereOfDissonance":1160,"Eternal Feather":965,"ReplayTheSpireMod:SealedPack":174,"Pen Nib":1064,"Akabeko":610,"infinitespire:EvilPickle":492,"infinitespire:Lychee Nut":328,"ReplayTheSpireMod:Ring of Collecting":328,"aspiration:SilentSkillbook":1119,"Pandora\u0027s Box":1138,"hubris:TenFootPole":528,"Kintsugi":555,"Abe\u0027s Treasure":73,"hubris:Reverence":680,"Lantern":160,"Regal Pillow":186,"Torii":387,"Singing Bowl":648,"Blue Doll":700,"hubris:EmptyBottle":412,"Ancient Tea Set":236,"Pet Ghost":387,"Burning Blood":672,"BranchBurnRelic":934,"Matryoshka":561,"hubris:Backtick":672,"Shovel":965,"Toolbox":561,"hubris:ScarierMask":939,"hubris:CuriousFeather":1020,"Chemical X":193,"Replay:Bottled Eggs":53,"infinitespire:Eraser":109,"Lee\u0027s Waffle":844,"Golden Idol":64,"hubris:64BitClover":1018,"Damaru":453,"Circlet":0,"infinitespire:Joker Card":60,"PreservedInsect":355,"betterThird:NestCultRelic":992,"Ring of Greed":328,"infinitespire:CheckeredPen":465,"infinitespire:Lucky Rock":1119,"hubris:Towel":376,"GoldenEye":531,"Replay:Arrowhead":495,"Ornamental Fan":186,"betterThird:SlimedRelic":275,"Ring of Misfortune":536,"Orrery":236,"Art of War":355,"Garlic":521,"ReplayTheSpireMod:Ring of Challenge":77,"ReplayTheSpireMod:Lightbulb":468,"Toy Ornithopter":536,"hubris:BottledRain":955,"Ice Cream":261,"hubris:CrystalStatue":680,"Calipers":869,"Tiny House":986,"CeramicFish":879,"MarkedMod:AcupunctureKit":297,"Sozu":492,"HornCleat":193,"Strawberry":534,"Toxic Egg 2":534,"Happy Flower":145,"Ring of Hypnosis":1009,"hubris:DuctTape":1049,"ReplayTheSpireMod:CursedCoin":45,"Astrolabe":231,"Dead Branch":915,"Oddly Smooth Stone":915,"hubris:FruitBowl":561,"infinitespire:Beetle Shell":272,"Letter Opener":965,"War Paint":186,"WarpedTongs":396,"Du-Vu Doll":186,"Bottled Flame":208,"Replay:Baseball":396,"Shuriken":631,"hubris:PeanutButter":431,"Simple Rune":782,"Molten Egg 2":883,"ReplayTheSpireMod:TigerMarble":193,"hubris:ToyBattleship":468,"Black Star":579,"Grinning Jar":897,"ReplayFunnel":100,"Darkstone Periapt":263,"SacredBark":221,"Melange":534,"hubris:SlimyHat":769,"Incense Burner":829,"CloakClasp":1064,"Empty Cage":1160,"Nunchaku":263,"Replay:Bandana":328,"Dream Catcher":561,"hubris:Icosahedron":889,"TheAbacus":1029,"Mummified Hand":773,"hubris:Stopwatch":731,"Tiny Chest":412,"Replay:Bottled Snecko":568,"Gremlin Food":591,"hubris:KleinBottle":754,"Replay:Towering Pillar of Hats":561,"infinitespire:CursedDice":231,"Guide Book":1175,"Replay:WaspNest":169,"infinitespire:FocusingShard":272,"Orichalcum":568,"Medical Kit":77,"White Beast Statue":423,"Calling Bell":186,"Strange Spoon":1071,"Anchor":321,"infinitespire:WardingShard":561,"HolyWater":131,"infinitespire:Satchel":236,"ChewingGum":664,"Snack Pack":376,"Membership Card":213,"PureWater":0,"hubris:OldNail":534,"FossilizedHelix":1127,"ReplayTheSpireMod:ShopPack":236}]},"card_choices":[{"not_picked":["Replay:Vibes","Replay:Battleflow"],"picked":"FlurryOfBlows","floor":1.0},{"not_picked":["infinitespire:SealOfDarkness+","infinitespire:Punishment"],"picked":"infinitespire:TheBestDefense","floor":2.0},{"not_picked":["Replay:BluntJabs","Deep Breath"],"picked":"MarkedMod:FirstStrike","floor":5.0},{"not_picked":["LikeWater","Halt"],"picked":"MarkedMod:OneThousandNeedles","floor":7.0},{"not_picked":["ReachHeaven","EmptyFist"],"picked":"PathToVictory","floor":8.0},{"not_picked":["Stack","CutThroughFate"],"picked":"Searing Blow","floor":13.0},{"not_picked":["Blasphemy","Doppelganger"],"picked":"Establishment","floor":16.0},{"not_picked":["Replay:AtTheReady","FollowUp"],"picked":"FlurryOfBlows+1","floor":18.0},{"not_picked":["Riddle With Holes","FearNoEvil"],"picked":"Prostrate+1","floor":21.0},{"not_picked":["FearNoEvil","EmptyBody","Nirvana"],"picked":"Underhanded Strike","floor":27.0},{"not_picked":["All Out Attack","Prostrate","Replay:BluntJabs"],"picked":"MarkedMod:NorthStar","floor":29.0},{"not_picked":["Reflex","EmptyMind+1","Backflip"],"picked":"PathToVictory","floor":30.0},{"not_picked":["Berserk","Wraith Form v2","Phantasmal Killer"],"picked":"Adrenaline","floor":33.0},{"not_picked":["Replay:AtTheReady","Predator","EmptyMind+1"],"picked":"PathToVictory+1","floor":35.0},{"not_picked":["Underhanded Strike","ClearTheMind+1","ICR:Vanish"],"picked":"Deflect+1","floor":37.0},{"not_picked":["Indignation+1","Replay:ManipulateFuture","BowlingBash"],"picked":"Dagger Spray+1","floor":39.0},{"not_picked":["hubris:Sniper+1","BowlingBash","Hidden Blade+1"],"picked":"ReplayTheSpireMod:Speed Training","floor":40.0},{"not_picked":["Blade Dance+1","Reflex","Impatience"],"picked":"Dagger Throw","floor":42.0},{"not_picked":["Deadly Poison+1","Underhanded Strike+1","Accuracy"],"picked":"FollowUp","floor":44.0},{"not_picked":["FollowUp","Reflex+1","MarkedMod:Acupuncture+1"],"picked":"Outmaneuver+1","floor":46.0},{"not_picked":["Cloak And Dagger+1","Outmaneuver","Quick Slash+1"],"picked":"Wraith Form v2","floor":48.0},{"not_picked":["Eviscerate+1","EmptyMind+1","Deadly Poison+1"],"picked":"PathToVictory","floor":54}],"player_experience":269180,"relics_obtained":[{"floor":26.0,"key":"Counterbalance"},{"floor":29.0,"key":"FossilizedHelix"},{"floor":43.0,"key":"ReplayTheSpireMod:TigerMarble"},{"floor":44.0,"key":"hubris:SphereOfDissonance"},{"floor":54,"key":"Blue Doll"}],"event_choices":[{"damage_healed":0.0,"max_hp_gain":0.0,"max_hp_loss":0.0,"gold_gain":175.0,"event_name":"betterThird:BetterSerpent","player_choice":"AGREE","floor":4.0,"gold_loss":0.0,"damage_taken":30.0},{"cards_removed":["Doubt"],"damage_healed":0.0,"max_hp_gain":0.0,"max_hp_loss":0.0,"gold_gain":0.0,"event_name":"The Cleric","player_choice":"Card Removal","floor":14.0,"gold_loss":50.0,"damage_taken":0.0},{"damage_healed":0.0,"max_hp_gain":0.0,"max_hp_loss":0.0,"gold_gain":0.0,"event_name":"Upgrade Shrine","player_choice":"Upgraded","floor":19.0,"gold_loss":0.0,"damage_taken":0.0,"cards_upgraded":["PathToVictory"]},{"damage_healed":0.0,"max_hp_gain":0.0,"max_hp_loss":0.0,"gold_gain":0.0,"cards_transformed":["Strike_P"],"event_name":"Transmorgrifier","player_choice":"Transformed","floor":20.0,"gold_loss":0.0,"damage_taken":0.0,"cards_obtained":["Panache"]},{"cards_removed":["Establishment"],"damage_healed":23.0,"max_hp_gain":10.0,"max_hp_loss":0.0,"gold_gain":0.0,"event_name":"Bonfire Elementals","player_choice":"Offered Rare","floor":24.0,"gold_loss":0.0,"damage_taken":0.0},{"damage_healed":0.0,"max_hp_gain":0.0,"max_hp_loss":0.0,"gold_gain":0.0,"event_name":"Winding Halls","player_choice":"Embrace Madness","floor":36.0,"gold_loss":0.0,"damage_taken":10.0,"cards_obtained":["Madness","Madness"]},{"damage_healed":0.0,"max_hp_gain":0.0,"max_hp_loss":0.0,"gold_gain":0.0,"event_name":"Accursed Blacksmith","player_choice":"Forge","floor":38.0,"gold_loss":0.0,"damage_taken":0.0,"cards_upgraded":["Adrenaline"]}],"is_beta":false,"boss_relics":[{"not_picked":["SlaversCollar","hubris:Stopwatch"],"picked":"ChewingGum"},{"not_picked":["hubris:CrackedHourglass","Fusion Hammer"],"picked":"Pandora\u0027s Box"}],"items_purged_floors":[22],"is_endless":false,"potions_floor_spawned":[1,5,13,16,33,35,37,39,48,54],"killed_by":"The Heart","ascension_level":0}}