{"host":"wonp23fsqqcu31ie","time":1607487168,"event":{"gold_per_floor":[109,109,109,34,34,34,55,55,132,167,167,215,284,189,189,313,313,329,67,83,83,83,104,143,143,189,189,220,253,15,15,15,134,134,159,54,72,86,102,135,0,12,95,107,154,166,192,223,235,247,259,271,8,39,39],"floor_reached":56,"playtime":2039,"items_purged":["Injury","Parasite"],"score":1837,"play_id":"5c1a01a1-eb93-40a2-9f7c-88c19f8ef441","local_time":"20201209151248","is_ascension_mode":true,"campfire_choices":[{"floor":6,"key":"REST"},{"data":"Bone_Prison","floor":8,"key":"SMITH"},{"floor":15,"key":"REST"},{"floor":25,"key":"REST"},{"floor":27,"key":"RECALL"},{"data":"1","floor":32,"key":"LIFT"},{"data":"2","floor":42,"key":"LIFT"},{"data":"3","floor":44,"key":"LIFT"},{"floor":46,"key":"REST"},{"data":"hermit:Magnum","floor":49,"key":"SMITH"},{"data":"animator:Vesta","floor":52,"key":"SMITH"}],"neow_cost":"","seed_source_timestamp":2315086712640100,"circlet_count":0,"master_deck":["animator:Strike_TenSura","animator:Defend_TenSura","animator:Benimaru","animator:Shuna","Beam Cell","Bone_Prison+1","expansioncontent:BronzeBeam","animator:Shion","animator:Strike_Rewrite","animator:Strike_AccelWorld","animator:Defend_Elsword","animator:Defend_Katanagatari","animator:Defend_MadokaMagica+1","Sadistic Nature","animator:TukaLunaMarceau+1","Inflame","animator:ReimuHakurei+1","animator:Vesta+1","hermit:Malice+1","animator:Mitsuba","Reap_The_Weak","animator:Nanami+1","hermit:Magnum+1","animator:Kaijin","animator:Darkness","Parasite","animator:MetalKnight+1"],"relics":["animator:LivingPicture","animator:TheMissingPiece","Unceasing Top","Blood Vial","MerchantsRug","Golden Idol","White Beast Statue","aspiration:BabyByrd","Boot","aspiration:PoetsPen_weak","animator:HallowedScabbard","Paper Crane","The Courier","animator:Buoy","Runesmith:AutoHammer","PreservedInsect","Girya","Busted Crown","aspiration:Lifesprig","Red Mask","aspiration:StickyExplosives_weak","Bottled Tornado","Nunchaku"],"potions_floor_usage":[10,16,16,24,24,29,29,33,39,40,45,50,50,50,54,55,55,55],"damage_taken":[{"damage":2,"enemies":"Cultist","floor":1,"turns":5},{"damage":0,"enemies":"Jaw Worm","floor":7,"turns":3},{"damage":10,"enemies":"Gremlin Nob","floor":10,"turns":5},{"damage":15,"enemies":"3 Sentries","floor":12,"turns":9},{"damage":0,"enemies":"The Guardian","floor":16,"turns":11},{"damage":3,"enemies":"Shell Parasite","floor":18,"turns":3},{"damage":8,"enemies":"2 Thieves","floor":20,"turns":3},{"damage":0,"enemies":"Centurion and Healer","floor":23,"turns":4},{"damage":15,"enemies":"Slavers","floor":24,"turns":3},{"damage":0,"enemies":"Gremlin Leader","floor":28,"turns":5},{"damage":16,"enemies":"Chosen and Byrds","floor":29,"turns":7},{"damage":4,"enemies":"Automaton","floor":33,"turns":7},{"damage":20,"enemies":"3 Shapes","floor":35,"turns":3},{"damage":1,"enemies":"3 Darklings","floor":37,"turns":3},{"damage":0,"enemies":"Writhing Mass","floor":38,"turns":3},{"damage":2,"enemies":"Maw","floor":39,"turns":5},{"damage":0,"enemies":"Nemesis","floor":40,"turns":3},{"damage":7,"enemies":"Spire Growth","floor":45,"turns":3},{"damage":0,"enemies":"Transient","floor":47,"turns":5},{"damage":1,"enemies":"Writhing Mass","floor":48,"turns":4},{"damage":0,"enemies":"Donu and Deca","floor":50,"turns":6},{"damage":16,"enemies":"Shield and Spear","floor":54,"turns":4},{"damage":56,"enemies":"The Heart","floor":55,"turns":7}],"seed_played":"-1957778013310008047","potions_obtained":[{"floor":1,"key":"Weak Potion"},{"floor":10,"key":"Explosive Potion"},{"floor":12,"key":"Dexterity Potion"},{"floor":16,"key":"Explosive Potion"},{"floor":18,"key":"BlessingOfTheForge"},{"floor":20,"key":"Slimebound:ThreeZeroPotion"},{"floor":23,"key":"PowerPotion"},{"floor":24,"key":"animator:FalseLifePotion"},{"floor":28,"key":"SteroidPotion"},{"floor":29,"key":"sneckomod:MuddlingPotion"},{"floor":33,"key":"Guardian:BlockOnCardUsePotion"},{"floor":35,"key":"LiquidBronze"},{"floor":37,"key":"Fire Potion"},{"floor":38,"key":"Strength Potion"},{"floor":39,"key":"Weak Potion"},{"floor":40,"key":"ColorlessPotion"},{"floor":45,"key":"PowerPotion"},{"floor":54,"key":"FearPotion"}],"is_trial":false,"path_per_floor":["M","T","?","$","?","R","M","R","T","E","?","E","T","?","R","B",null,"M","$","M","?","T","M","E","R","T","R","E","M","$","?","R","B",null,"M","$","M","M","M","E","?","R","T","R","M","R","M","M","R","B",null,"R","$","E","B",null],"character_chosen":"THE_ANIMATOR","items_purchased":["Strawberry","Blood Vial","PrismaticShard","MerchantsRug","animator:HallowedScabbard","Girya","aspiration:Lifesprig","Bottled Tornado","PowerPotion","Dexterity Potion","animator:FalseLifePotion"],"campfire_rested":4,"item_purchase_floors":[0,0,0,0,19,30,36,53,53,53,53],"current_hp_per_floor":[42,42,42,42,42,63,68,68,68,60,60,47,47,47,69,74,79,76,76,70,70,70,75,63,83,83,83,86,70,70,70,70,68,86,70,70,71,76,76,81,81,81,81,81,76,92,95,94,94,98,98,98,95,83,39],"gold":39,"neow_bonus":"","is_prod":false,"is_daily":false,"chose_seed":false,"campfire_upgraded":3,"win_rate":0,"timestamp":1607487168,"path_taken":["M","?","?","$","?","R","?","R","T","E","?","E","?","?","R","BOSS","M","$","M","?","?","M","E","R","T","R","E","?","$","?","R","BOSS","M","$","?","M","M","E","?","R","T","R","M","R","M","M","R","BOSS","R","$","E","BOSS"],"build_version":"2020-11-30","purchased_purges":2,"victory":true,"max_hp_per_floor":[73,73,73,73,73,73,76,76,76,76,76,76,76,76,76,79,79,79,79,79,79,79,82,83,83,83,83,86,86,86,86,86,86,86,86,86,86,89,89,92,92,92,92,92,92,92,95,95,95,98,98,98,95,95,95],"card_choices":[{"not_picked":["Gatherer:Pollute","PiercingWail"],"picked":"Beam Cell","floor":1},{"not_picked":["Iron Wave","animator:Tatsumaki"],"picked":"Bone_Prison","floor":7},{"not_picked":["sneckomod:UnknownClassGREEN","hexamod:NightmareGuise"],"picked":"expansioncontent:BronzeBeam","floor":10},{"not_picked":["animator:Benimaru","animator:Shuna"],"picked":"animator:Shion","floor":12},{"not_picked":["Guardian:TimeSifter","Guardian:FastForward"],"picked":"Sadistic Nature","floor":16},{"not_picked":["Runesmith:HeatedChisel","hermit:GhostlyPresence"],"picked":"animator:TukaLunaMarceau+1","floor":18},{"not_picked":["Blood_for_Blood","hexamod:InspiringFlames"],"picked":"Inflame","floor":20},{"not_picked":["Slimebound:Gluttony+1","Gatherer:SaveValuables"],"picked":"animator:ReimuHakurei+1","floor":23},{"not_picked":["animator:Benimaru","animator:Hakurou"],"picked":"animator:Vesta","floor":24},{"not_picked":["animator:NagisaMomoe","Reinforced Body"],"picked":"hermit:Malice+1","floor":28},{"not_picked":["Guardian:Emergency","sneckomod:SoulDraw"],"picked":"animator:Mitsuba","floor":29},{"not_picked":["Runesmith:FissionHammer","Reboot"],"picked":"Reap_The_Weak","floor":33},{"not_picked":["BowlingBash"],"picked":"SKIP","floor":35},{"not_picked":["Beam Cell"],"picked":"SKIP","floor":38},{"not_picked":[],"picked":"animator:Nanami+1","floor":39},{"not_picked":[],"picked":"hermit:Magnum","floor":40},{"not_picked":[],"picked":"animator:Kaijin","floor":45},{"not_picked":[],"picked":"animator:Darkness","floor":47},{"not_picked":[],"picked":"animator:MetalKnight+1","floor":48},{"not_picked":["animator:Geryuganshoop+1"],"picked":"SKIP","floor":54}],"player_experience":546058,"relics_obtained":[{"floor":2,"key":"animator:Hoodie"},{"floor":9,"key":"White Beast Statue"},{"floor":10,"key":"aspiration:HiddenCompartment"},{"floor":12,"key":"Boot"},{"floor":22,"key":"The Courier"},{"floor":24,"key":"animator:Buoy"},{"floor":26,"key":"Runesmith:AutoHammer"},{"floor":28,"key":"PreservedInsect"},{"floor":40,"key":"MawBank"},{"floor":43,"key":"aspiration:StickyExplosives_weak"},{"floor":54,"key":"Nunchaku"}],"event_choices":[{"damage_healed":0,"gold_gain":0,"player_choice":"Take Wound","damage_taken":0,"relics_obtained":["Golden Idol"],"max_hp_gain":0,"max_hp_loss":0,"event_name":"Golden Idol","floor":3,"gold_loss":0,"cards_obtained":["Injury"]},{"cards_removed":["animator:Strike"],"damage_healed":0,"gold_gain":0,"player_choice":"Purged","damage_taken":0,"max_hp_gain":0,"max_hp_loss":0,"event_name":"Purifier","floor":5,"gold_loss":0},{"damage_healed":0,"gold_gain":0,"player_choice":"Opened","damage_taken":0,"relics_obtained":["Paper Crane"],"max_hp_gain":0,"max_hp_loss":0,"event_name":"The Mausoleum","floor":21,"gold_loss":0},{"damage_healed":0,"gold_gain":0,"player_choice":"Ignored","damage_taken":0,"max_hp_gain":0,"max_hp_loss":0,"event_name":"Transmorgrifier","floor":31,"gold_loss":0},{"damage_healed":0,"gold_gain":0,"player_choice":"Paid","damage_taken":0,"relics_obtained":["Red Mask"],"max_hp_gain":0,"max_hp_loss":0,"event_name":"Tomb of Lord Red Mask","floor":41,"gold_loss":147}],"is_beta":false,"boss_relics":[{"not_picked":["Philosopher\u0027s Stone","Pandora\u0027s Box"],"picked":"aspiration:PoetsPen_weak"},{"not_picked":["Runic Dome","Mark of Pain"],"picked":"Busted Crown"}],"items_purged_floors":[4,53],"is_endless":false,"potions_floor_spawned":[1,10,12,16,18,20,23,24,28,29,33,35,37,38,39,40,45,47,48,54],"ascension_level":1}}