{"host":"rylkjufw9dlhr07b","time":1607558325,"event":{"gold_per_floor":[119,119,130,130,143,143,163,163,186,16,43,57,69,69,69,167,167,179,21,33,44,44,44,44,44,44,44,44,63,63,63,63,63,63,63,63],"floor_reached":35,"playtime":1646,"items_purged":[],"score":606,"play_id":"f0fc4f1f-579b-498a-a46d-795231292272","local_time":"20201210005845","is_ascension_mode":true,"campfire_choices":[{"floor":6.0,"key":"REST"},{"floor":8.0,"key":"REST"},{"floor":15.0,"key":"REST"},{"floor":25,"key":"REST"},{"data":"Buffer","floor":28,"key":"SMITH"},{"floor":34,"key":"DIG"}],"neow_cost":"","seed_source_timestamp":0,"circlet_count":0,"master_deck":["AscendersBane","Strike_B","Strike_B","Strike_B+1","Strike_B","Defend_B+1","Defend_B","Defend_B","Defend_B+1","Zap","Dualcast","Finesse","Coolheaded+1","Steam","Cold Snap","Hello World","BasicCrystalCard","Ball Lightning","Conserve Battery","Static Discharge","Buffer+1","Chaos+1","Cold Snap","Steam+1"],"special_seed":0,"relics":["Cracked Core","Simple Rune","Medical Kit","ReplayFunnel","Raider\u0027s Mask","Singing Bowl","Busted Crown","Membership Card","Lantern","MutagenicStrength","hubris:EvacipatedBox","hubris:FruitBowl","Shuriken"],"potions_floor_usage":[18,23,35,35],"damage_taken":[{"damage":3.0,"enemies":"Small Slimes","floor":1.0,"turns":5.0},{"damage":0.0,"enemies":"Jaw Worm","floor":3.0,"turns":4.0},{"damage":10.0,"enemies":"2 Louse","floor":5.0,"turns":2.0},{"damage":13.0,"enemies":"Exordium Thugs","floor":7.0,"turns":6.0},{"damage":22.0,"enemies":"Gremlin Nob","floor":11.0,"turns":4.0},{"damage":4.0,"enemies":"Blue Slaver","floor":12.0,"turns":4.0},{"damage":9.0,"enemies":"Lots of Slimes","floor":13.0,"turns":4.0},{"damage":27,"enemies":"Hexaghost","floor":16,"turns":11},{"damage":6,"enemies":"Spheric Guardian","floor":18,"turns":5},{"damage":20,"enemies":"2 Thieves","floor":20,"turns":5},{"damage":17,"enemies":"Chosen and Byrds","floor":21,"turns":9},{"damage":0,"enemies":"Replay:Snechameleon","floor":23,"turns":3},{"damage":0,"enemies":"Shelled Parasite and Fungi","floor":29,"turns":11},{"damage":60,"enemies":"Collector","floor":35,"turns":11}],"seed_played":"-477505124886648506","potions_obtained":[{"floor":7.0,"key":"Toxic Potion"},{"floor":13.0,"key":"Explosive Potion"},{"floor":16,"key":"SmokeBomb"},{"floor":29,"key":"Block Potion"}],"is_trial":false,"path_per_floor":["M","?","M","?","M","R","M","R","T","$","E","M","M","?","R","B",null,"M","$","M","M","T","E","?","R","T","?","R","M","?","$","PTL","PTL","R","B"],"character_chosen":"DEFECT","items_purchased":["Simple Rune","Medical Kit","Finesse","Coolheaded","Raider\u0027s Mask","Ball Lightning","Membership Card","Cold Snap","PowerPotion","hubris:EvacipatedBox","hubris:FruitBowl"],"campfire_rested":4,"item_purchase_floors":[0,0,0,0,10,10,19,19,31,31,31],"current_hp_per_floor":[49,34,34,39,29,53,40,64,64,64,44,40,31,31,55,28,69,63,63,43,28,28,28,31,57,57,97,97,99,99,58,58,58,58,0,0],"gold":63,"neow_bonus":"","is_prod":false,"is_daily":false,"chose_seed":false,"campfire_upgraded":1,"win_rate":0,"timestamp":1607558325,"path_taken":["M","?","M","?","M","R","M","R","T","?","E","?","M","?","R","BOSS","M","$","?","M","?","E","?","R","T","?","R","?","?","?","PTL","PTL","R","BOSS"],"build_version":"2020-11-30","purchased_purges":0,"victory":false,"max_hp_per_floor":[75,75,75,80,80,80,80,80,80,80,82,82,82,82,82,82,82,82,82,82,84,84,84,87,87,87,97,97,99,99,99,99,99,99,99,99],"card_choices":[{"not_picked":["Go for the Eyes","ReplayTheSpireMod:Repulse"],"picked":"Steam","floor":1.0},{"not_picked":["Lockon","Conserve Battery"],"picked":"Cold Snap","floor":3.0},{"not_picked":["Steam","Go for the Eyes"],"picked":"Hello World","floor":5.0},{"not_picked":["Cold Snap","BootSequence"],"picked":"BasicCrystalCard","floor":7.0},{"not_picked":["Skim","Heatsinks","Fission"],"picked":"Singing Bowl","floor":11.0},{"not_picked":["Barrage","Beam Cell"],"picked":"Conserve Battery","floor":12.0},{"not_picked":["Time Bomb","Conserve Battery"],"picked":"Static Discharge","floor":13.0},{"not_picked":["Thunder Strike","ReplayTheSpireMod:Omega Cannon"],"picked":"Buffer","floor":16},{"not_picked":[],"picked":"Chaos+1","floor":18},{"not_picked":[],"picked":"Steam+1","floor":20},{"not_picked":["Turbo+1"],"picked":"Singing Bowl","floor":21},{"not_picked":["Hologram"],"picked":"Singing Bowl","floor":29}],"player_experience":458222,"relics_obtained":[{"floor":9.0,"key":"ReplayFunnel"},{"floor":11.0,"key":"Singing Bowl"},{"floor":26,"key":"Lantern"},{"floor":34,"key":"Shuriken"}],"event_choices":[{"damage_healed":0.0,"max_hp_gain":0.0,"max_hp_loss":0.0,"gold_gain":0.0,"event_name":"Shining Light","player_choice":"Entered Light","floor":2.0,"gold_loss":0.0,"damage_taken":15.0,"cards_upgraded":["Defend_B","Coolheaded"]},{"damage_healed":0.0,"max_hp_gain":5.0,"max_hp_loss":0.0,"gold_gain":0.0,"event_name":"Big Fish","player_choice":"Donut","floor":4.0,"gold_loss":0.0,"damage_taken":0.0},{"cards_removed":["Finesse"],"damage_healed":0.0,"max_hp_gain":0.0,"max_hp_loss":0.0,"gold_gain":0.0,"event_name":"betterNote:BetterNote","player_choice":"Take \u0026 Give","floor":14.0,"gold_loss":0.0,"damage_taken":0.0,"cards_obtained":["Multi-Cast"]},{"cards_removed":["Multi-Cast"],"damage_healed":30,"gold_gain":0,"player_choice":"Offered Rare","damage_taken":0,"max_hp_gain":10,"max_hp_loss":0,"event_name":"Bonfire Elementals","floor":27,"gold_loss":0},{"damage_healed":0,"gold_gain":0,"player_choice":"Inject Mutagens","damage_taken":0,"relics_obtained":["MutagenicStrength"],"max_hp_gain":0,"max_hp_loss":0,"event_name":"Drug Dealer","floor":30,"gold_loss":0}],"is_beta":false,"boss_relics":[{"not_picked":["hubris:GrandSneckoEye","hubris:Stopwatch"],"picked":"Busted Crown"}],"items_purged_floors":[],"is_endless":false,"potions_floor_spawned":[7,13,16,23,29],"killed_by":"Collector","ascension_level":11}}