{"host":"2qv44oxt58ptq59r","time":1607545814,"event":{"gold_per_floor":[117,117,117,127,140,171,171,184,209,221,221,221,221,235,235,340,340,355,371,390,407,424,424,424,453,527,9,9,9,9,25,25,120,120,140,0,46,58,72,72,20,20,20,20,38,38,56,74,74,74,74],"floor_reached":50,"playtime":12575,"items_purged":[],"score":491,"play_id":"4b82f1c4-0a30-4657-9fb8-1f64b85df25a","local_time":"20201209203014","is_ascension_mode":false,"campfire_choices":[{"floor":7.0,"key":"REST"},{"floor":11.0,"key":"REST"},{"data":"Armaments","floor":13.0,"key":"SMITH"},{"data":"Blood for Blood","floor":15.0,"key":"SMITH"},{"floor":24.0,"key":"REST"},{"floor":28.0,"key":"REST"},{"data":"Shockwave","floor":30.0,"key":"SMITH"},{"floor":32.0,"key":"REST"},{"floor":40.0,"key":"REST"},{"floor":42.0,"key":"REST"},{"data":"Bludgeon","floor":44.0,"key":"SMITH"},{"floor":46,"key":"REST"},{"floor":49,"key":"REST"}],"neow_cost":"NONE","seed_source_timestamp":27063914686200,"circlet_count":0,"master_deck":["Strike_R","Strike_R","Defend_R","Defend_R","Defend_R","Bash","Madness+1","Warcry","Thunderclap","Armaments+1","Evolve","Inflame","Heavy Blade","Blood for Blood+1","Feed","Cleave","Inflame","True Grit+1","Sentinel","Shockwave+1","Twin Strike","Flex","Feed","Bludgeon+1","Ghostly Armor+1","Heavy Blade","Flex","Warcry+1","Uppercut+1","Sword Boomerang+1","Uppercut"],"special_seed":0,"relics":["Burning Blood","Pen Nib","Ancient Tea Set","Runic Cube","FossilizedHelix","White Beast Statue","Ornamental Fan","Bottled Tornado","Empty Cage","Red Mask","Bird Faced Urn","Boot"],"potions_floor_usage":[45,45,48,50,50],"damage_taken":[{"damage":5.0,"enemies":"Jaw Worm","floor":1.0,"turns":4.0},{"damage":10.0,"enemies":"Small Slimes","floor":4.0,"turns":6.0},{"damage":1.0,"enemies":"Cultist","floor":5.0,"turns":3.0},{"damage":65.0,"enemies":"3 Sentries","floor":6.0,"turns":14.0},{"damage":13.0,"enemies":"3 Louse","floor":8.0,"turns":3.0},{"damage":1.0,"enemies":"2 Fungi Beasts","floor":10.0,"turns":4.0},{"damage":0.0,"enemies":"Looter","floor":14.0,"turns":2.0},{"damage":22.0,"enemies":"The Guardian","floor":16.0,"turns":8.0},{"damage":28.0,"enemies":"Spheric Guardian","floor":18.0,"turns":6.0},{"damage":14.0,"enemies":"Shell Parasite","floor":19.0,"turns":6.0},{"damage":26.0,"enemies":"Centurion and Healer","floor":20.0,"turns":4.0},{"damage":14.0,"enemies":"Sentry and Sphere","floor":21.0,"turns":5.0},{"damage":8.0,"enemies":"Snecko","floor":22.0,"turns":4.0},{"damage":23.0,"enemies":"Gremlin Leader","floor":25.0,"turns":7.0},{"damage":30.0,"enemies":"3 Cultists","floor":31.0,"turns":5.0},{"damage":74.0,"enemies":"Automaton","floor":33.0,"turns":9.0},{"damage":30.0,"enemies":"3 Shapes","floor":35.0,"turns":4.0},{"damage":51.0,"enemies":"2 Orb Walkers","floor":37.0,"turns":6.0},{"damage":2.0,"enemies":"Orb Walker","floor":38.0,"turns":3.0},{"damage":29.0,"enemies":"Transient","floor":39.0,"turns":5.0},{"damage":22,"enemies":"Writhing Mass","floor":45,"turns":5},{"damage":47,"enemies":"Maw","floor":47,"turns":10},{"damage":19,"enemies":"3 Darklings","floor":48,"turns":4},{"damage":150,"enemies":"Time Eater","floor":50,"turns":13}],"seed_played":"-4020276888038781519","potions_obtained":[{"floor":6.0,"key":"BlessingOfTheForge"},{"floor":8.0,"key":"CultistPotion"},{"floor":10.0,"key":"Swift Potion"},{"floor":14.0,"key":"SpeedPotion"},{"floor":16.0,"key":"LiquidMemories"},{"floor":19.0,"key":"PowerPotion"},{"floor":20.0,"key":"EntropicBrew"},{"floor":21.0,"key":"Explosive Potion"},{"floor":31.0,"key":"SneckoOil"},{"floor":33.0,"key":"FearPotion"},{"floor":35.0,"key":"ColorlessPotion"},{"floor":37.0,"key":"SteroidPotion"},{"floor":38.0,"key":"PowerPotion"},{"floor":39.0,"key":"CultistPotion"},{"floor":45,"key":"BloodPotion"},{"floor":47,"key":"BloodPotion"},{"floor":48,"key":"BlessingOfTheForge"}],"is_trial":false,"path_per_floor":["M","?","?","M","M","E","R","M","T","M","R","?","R","M","R","B",null,"M","M","M","M","M","?","R","E","T","$","R","?","R","M","R","B",null,"M","?","?","M","M","R","$","R","T","R","M","R","M","M","R","B"],"character_chosen":"IRONCLAD","items_purchased":["Ornamental Fan","Bottled Tornado","Flex","PowerPotion"],"campfire_rested":9,"item_purchase_floors":[27,27,27,41],"current_hp_per_floor":[80,77,77,73,78,19,43,36,36,41,65,65,65,71,71,55,80,58,50,33,25,27,56,82,65,65,65,87,87,87,63,87,19,87,69,69,28,36,19,48,48,77,77,77,67,96,60,74,104,0,0],"gold":74,"neow_bonus":"RANDOM_COLORLESS","is_prod":false,"is_daily":false,"chose_seed":false,"campfire_upgraded":4,"win_rate":0,"timestamp":1607545814,"path_taken":["M","?","?","M","M","E","R","M","T","?","R","?","R","M","R","BOSS","M","M","M","M","M","?","R","E","T","$","R","?","R","M","R","BOSS","M","?","?","M","M","R","$","R","T","R","M","R","M","M","R","BOSS"],"build_version":"2020-11-30","purchased_purges":0,"victory":false,"max_hp_per_floor":[80,80,80,80,80,80,80,80,80,80,80,80,80,80,80,80,80,80,80,83,83,87,87,87,87,87,87,87,87,87,87,87,87,87,93,93,97,97,97,97,97,97,97,97,97,97,101,104,104,104,104],"card_choices":[{"not_picked":["Flash of Steel","Impatience"],"picked":"Madness","floor":0.0},{"not_picked":["Clash","Feel No Pain"],"picked":"Warcry","floor":1.0},{"not_picked":["Blood for Blood","Clash"],"picked":"Thunderclap","floor":4.0},{"not_picked":["Anger","Evolve"],"picked":"Armaments","floor":5.0},{"not_picked":["Heavy Blade","Impervious"],"picked":"Evolve","floor":6.0},{"not_picked":["Iron Wave","Hemokinesis"],"picked":"Inflame","floor":8.0},{"not_picked":["Rampage","True Grit"],"picked":"Heavy Blade","floor":10.0},{"not_picked":["Thunderclap","Clash"],"picked":"Blood for Blood","floor":14.0},{"not_picked":["Brutality","Juggernaut"],"picked":"Feed","floor":16.0},{"not_picked":["Entrench","Armaments"],"picked":"Cleave","floor":18.0},{"not_picked":["Flex","Armaments"],"picked":"Inflame","floor":19.0},{"not_picked":["Fire Breathing","Armaments"],"picked":"True Grit+1","floor":20.0},{"not_picked":["Heavy Blade","Dark Embrace"],"picked":"Sentinel","floor":21.0},{"not_picked":["Thunderclap","Searing Blow"],"picked":"Shockwave","floor":22.0},{"not_picked":["Power Through","Heavy Blade+1"],"picked":"Twin Strike","floor":25.0},{"not_picked":["Power Through+1","Infernal Blade"],"picked":"Feed","floor":31.0},{"not_picked":["Berserk","Exhume"],"picked":"Bludgeon","floor":33.0},{"not_picked":["Power Through","Perfected Strike+1"],"picked":"Ghostly Armor+1","floor":35.0},{"not_picked":["Clash+1","Iron Wave+1"],"picked":"Heavy Blade","floor":37.0},{"not_picked":["Infernal Blade","Iron Wave+1"],"picked":"Flex","floor":38.0},{"not_picked":["Heavy Blade","Hemokinesis+1"],"picked":"Warcry+1","floor":39.0},{"not_picked":["Sword Boomerang+1","Offering"],"picked":"Uppercut+1","floor":45},{"not_picked":["Blood for Blood","Iron Wave"],"picked":"Sword Boomerang+1","floor":47},{"not_picked":["True Grit+1","Warcry"],"picked":"Uppercut","floor":48}],"player_experience":4858711,"relics_obtained":[{"floor":6.0,"key":"Ancient Tea Set"},{"floor":25.0,"key":"FossilizedHelix"},{"floor":26.0,"key":"White Beast Statue"},{"floor":37.0,"key":"Bird Faced Urn"},{"floor":43.0,"key":"Boot"}],"event_choices":[{"damage_healed":0.0,"max_hp_gain":0.0,"max_hp_loss":0.0,"gold_gain":0.0,"event_name":"Scrap Ooze","player_choice":"Success","floor":2.0,"gold_loss":0.0,"damage_taken":3.0,"relics_obtained":["Pen Nib"]},{"cards_removed":["Strike_R"],"damage_healed":0.0,"max_hp_gain":0.0,"max_hp_loss":0.0,"gold_gain":0.0,"event_name":"Bonfire Elementals","player_choice":"Offered Basic","floor":3.0,"gold_loss":0.0,"damage_taken":0.0},{"damage_healed":0.0,"max_hp_gain":0.0,"max_hp_loss":0.0,"gold_gain":0.0,"event_name":"Living Wall","player_choice":"Grow","floor":12.0,"gold_loss":0.0,"damage_taken":0.0,"cards_upgraded":["Madness"]},{"damage_healed":29.0,"max_hp_gain":0.0,"max_hp_loss":0.0,"gold_gain":0.0,"event_name":"The Library","player_choice":"Heal","floor":23.0,"gold_loss":0.0,"damage_taken":0.0},{"cards_removed":["Strike_R"],"damage_healed":0.0,"max_hp_gain":0.0,"max_hp_loss":0.0,"gold_gain":0.0,"event_name":"Back to Basics","player_choice":"Elegance","floor":29.0,"gold_loss":0.0,"damage_taken":0.0},{"damage_healed":0.0,"max_hp_gain":0.0,"max_hp_loss":0.0,"gold_gain":0.0,"event_name":"Tomb of Lord Red Mask","player_choice":"Paid","floor":36.0,"gold_loss":140.0,"damage_taken":0.0,"relics_obtained":["Red Mask"]},{"damage_healed":0.0,"max_hp_gain":0.0,"max_hp_loss":0.0,"gold_gain":0.0,"event_name":"Mysterious Sphere","player_choice":"Fight","floor":37.0,"gold_loss":0.0,"damage_taken":0.0}],"is_beta":false,"boss_relics":[{"not_picked":["Velvet Choker","Runic Dome"],"picked":"Runic Cube"},{"not_picked":["Runic Pyramid","Pandora\u0027s Box"],"picked":"Empty Cage"}],"items_purged_floors":[],"is_endless":false,"potions_floor_spawned":[6,8,10,14,16,19,20,21,31,33,35,37,38,39,45,47,48],"killed_by":"Time Eater","ascension_level":0}}