{"host":"87fdiiwflhrwsj8a","time":1607482326,"event":{"gold_per_floor":[118,43,43,60,60,95,95,106,158,184,204,204,204,238,238,312,312,325,325,325,338,348,383,383,394,418,452,140,140,56,91,91,167,167,187,199,199,199,213,213,248,248,248,279,279,228,228,202,202,278,352,352,366,65,65,68,75,93,93,117,117,116,130,138,138,154,154,205,205,210,219,169,166,1,1,34,113,113,173,196,203,233,252,264,315,327,338,350,368,372,334,345,357,358,438,287,287,269,269,269,269,302,341,341,341,4,31,74],"floor_reached":109,"playtime":6220,"items_purged":[],"score":7894,"play_id":"335415b7-d5d5-4c6e-836a-cbec97945852","local_time":"20201208215206","is_ascension_mode":true,"campfire_choices":[{"data":"Glass Knife","floor":12.0,"key":"SMITH"},{"data":"Adrenaline","floor":15.0,"key":"SMITH"},{"data":"Adrenaline","floor":24.0,"key":"SMITH"},{"data":"Accuracy","floor":32.0,"key":"SMITH"},{"data":"Envenom","floor":40.0,"key":"SMITH"},{"data":"Blade Dance","floor":42.0,"key":"SMITH"},{"data":"Neutralize","floor":45.0,"key":"SMITH"},{"data":"ReplayTheSpireMod:Private Reserves","floor":49.0,"key":"SMITH"},{"data":"1","floor":59.0,"key":"LIFT"},{"data":"2","floor":65.0,"key":"LIFT"},{"data":"3","floor":67.0,"key":"LIFT"},{"data":"Burst","floor":75.0,"key":"SMITH"},{"data":"StuffTheSpire:Incantation","floor":84.0,"key":"SMITH"},{"floor":93.0,"key":"REST"},{"floor":97.0,"key":"REST"},{"floor":101.0,"key":"REST"},{"floor":105.0,"key":"REST"}],"neow_cost":"BASIC_CARDS","seed_source_timestamp":0,"circlet_count":0,"master_deck":["AscendersBane","Strike_G","Strike_G+1","Strike_G","Strike_G+1","Defend_G","Defend_G","Defend_G","Defend_G","Defend_G","Survivor","Neutralize+1","Strike_R","Bane+1","Accuracy+1","Glass Knife+1","Injury","StuffTheSpire:Injection+1","Adrenaline+1","Dagger Throw+1","Pot Of Greed","Pot Of Greed","Dagger Spray+1","Glass Knife+1","ReplayTheSpireMod:Scrap Shanks","Pot Of Greed","StuffTheSpire:Injection+1","Bane+1","Adrenaline+1","Blade Dance+1","Dagger Throw+1","Hidden Blade+1","Envenom+1","StuffTheSpire:Incantation+1","Choke+1","Adrenaline+1","Bane+1","Bane+1","Pot Of Greed","ReplayTheSpireMod:Private Reserves+1","Calculated Gamble+1","Glass Knife+1","Glass Knife+1","Finisher+1","Apotheosis+1","Eviscerate+1","StuffTheSpire:DoubleShiv","Burst+1","AbeCurse","Choke+1","Slice+1","Pot Of Greed","infinitespire:FutureSight","Night Terror","Sucker Punch+1","Hidden Blade+1","ReplayTheSpireMod:Necrosis","Backflip+1","Dodge and Roll+1","Phantasmal Killer+1"],"special_seed":0,"relics":["Ring of the Snake","Du-Vu Doll","Oddly Smooth Stone","Bronze Scales","Molten Egg 2","ReplayTheSpireMod:Lightbulb","Matryoshka","Grinning Jar","Anchor","Omamori","Snecko Scales","Replay:Wax Seal","StuffTheSpire:Gunfinga","Ancient Tea Set","Simple Rune","Blue Doll","Membership Card","infinitespire:Bottled Soul","ReplayFunnel","aspiration:Nostalgia","Sizzling Blood","Quantum Egg","HoveringKite","Tiny Chest","aspiration:SeaSaltIceCream","NeowsBlessing","infinitespire:WardingShard","Torii","StuffTheSpire:RubySignet","Busted Crown","Girya","Snack Pack","Regal Pillow","infinitespire:BottledMercury","Replay:Accelerometer","Replay:Bottled Flurry","Abe\u0027s Treasure","infinitespire:Golems Mask","StuffTheSpire:EmeraldSignet","Paper Crane","MawBank","Potion Belt","FossilizedHelix","Iron Hammer","Fusion Hammer","Black Star","Chemical X","Durian","aspiration:TomeofQuesting","Lizard Tail","StuffTheSpire:Experiment12","Boot","Shuriken","Lantern","Bag of Marbles","Ring of Chaos","Golden Egg","infinitespire:Satchel","Frozen Eye","aspiration:Lifesprig","infinitespire:Eraser"],"potions_floor_usage":[108,108,108],"damage_taken":[{"damage":0.0,"enemies":"Jaw Worm","floor":1.0,"turns":5.0},{"damage":4.0,"enemies":"Small Slimes","floor":4.0,"turns":4.0},{"damage":8.0,"enemies":"Gremlin Nob","floor":6.0,"turns":3.0},{"damage":0.0,"enemies":"2 Louse","floor":8.0,"turns":3.0},{"damage":9.0,"enemies":"Lagavulin","floor":10.0,"turns":6.0},{"damage":3.0,"enemies":"2 Fungi Beasts","floor":11.0,"turns":2.0},{"damage":0.0,"enemies":"Gremlin Nob","floor":14.0,"turns":2.0},{"damage":27.0,"enemies":"The Guardian","floor":16.0,"turns":8.0},{"damage":0.0,"enemies":"Shell Parasite","floor":18.0,"turns":2.0},{"damage":0.0,"enemies":"Chosen","floor":21.0,"turns":2.0},{"damage":0.0,"enemies":"Shelled Parasite and Fungi","floor":22.0,"turns":2.0},{"damage":0.0,"enemies":"Slavers","floor":23.0,"turns":2.0},{"damage":0.0,"enemies":"Chosen and Byrds","floor":25.0,"turns":2.0},{"damage":8.0,"enemies":"Book of Stabbing","floor":27.0,"turns":3.0},{"damage":0.0,"enemies":"Slavers","floor":31.0,"turns":2.0},{"damage":0.0,"enemies":"Automaton","floor":33.0,"turns":2.0},{"damage":0.0,"enemies":"Orb Walker","floor":35.0,"turns":1.0},{"damage":0.0,"enemies":"3 Darklings","floor":36.0,"turns":2.0},{"damage":0.0,"enemies":"Transient","floor":39.0,"turns":6.0},{"damage":21.0,"enemies":"Nemesis","floor":41.0,"turns":3.0},{"damage":0.0,"enemies":"Nightmare","floor":44.0,"turns":1.0},{"damage":0.0,"enemies":"Donu and Deca","floor":50.0,"turns":1.0},{"damage":0.0,"enemies":"infinitespire:MassOfShapes","floor":51.0,"turns":1.0},{"damage":0.0,"enemies":"Cultist","floor":53.0,"turns":1.0},{"damage":0.0,"enemies":"Small Slimes","floor":56.0,"turns":1.0},{"damage":0.0,"enemies":"Jaw Worm","floor":57.0,"turns":1.0},{"damage":0.0,"enemies":"Gremlin Nob","floor":58.0,"turns":1.0},{"damage":0.0,"enemies":"Lots of Slimes","floor":62.0,"turns":1.0},{"damage":0.0,"enemies":"Lagavulin","floor":63.0,"turns":2.0},{"damage":0.0,"enemies":"3 Louse","floor":64.0,"turns":1.0},{"damage":0.0,"enemies":"Gremlin Nob","floor":66.0,"turns":1.0},{"damage":0.0,"enemies":"The Guardian","floor":68.0,"turns":2.0},{"damage":0.0,"enemies":"2 Thieves","floor":70.0,"turns":1.0},{"damage":0.0,"enemies":"3 Byrds","floor":71.0,"turns":2.0},{"damage":0.0,"enemies":"Snake Plant","floor":73.0,"turns":1.0},{"damage":13.0,"enemies":"Gremlin Leader","floor":76.0,"turns":2.0},{"damage":0.0,"enemies":"Book of Stabbing","floor":80.0,"turns":1.0},{"damage":0.0,"enemies":"Centurion and Healer","floor":81.0,"turns":1.0},{"damage":0.0,"enemies":"Slavers","floor":82.0,"turns":2.0},{"damage":0.0,"enemies":"Snecko","floor":83.0,"turns":1.0},{"damage":0.0,"enemies":"Champ","floor":85.0,"turns":3.0},{"damage":0.0,"enemies":"3 Darklings","floor":87.0,"turns":2.0},{"damage":0.0,"enemies":"Orb Walker","floor":89.0,"turns":1.0},{"damage":8.0,"enemies":"Mind Bloom Boss Battle","floor":90.0,"turns":3.0},{"damage":0.0,"enemies":"Transient","floor":91.0,"turns":5.0},{"damage":0.0,"enemies":"R_Hoarder","floor":92.0,"turns":2.0},{"damage":0.0,"enemies":"Nemesis","floor":94.0,"turns":3.0},{"damage":0.0,"enemies":"Writhing Mass","floor":98.0,"turns":3.0},{"damage":9.0,"enemies":"Sphere and 2 Shapes","floor":100.0,"turns":3.0},{"damage":20.0,"enemies":"Time Eater","floor":102.0,"turns":4.0},{"damage":41.0,"enemies":"infinitespire:MassOfShapes","floor":103.0,"turns":2.0},{"damage":31.0,"enemies":"Shield and Spear","floor":107.0,"turns":3.0},{"damage":90,"enemies":"The Heart","floor":108,"turns":8}],"seed_played":"7901839074989583851","potions_obtained":[{"floor":1.0,"key":"Strength Potion"},{"floor":4.0,"key":"Strength Potion"},{"floor":10.0,"key":"BlessingOfTheForge"},{"floor":14.0,"key":"SteroidPotion"},{"floor":16.0,"key":"SpeedPotion"},{"floor":31.0,"key":"SkillPotion"},{"floor":58.0,"key":"SkillPotion"},{"floor":63.0,"key":"EntropicBrew"},{"floor":76.0,"key":"FairyPotion"},{"floor":80.0,"key":"EssenceOfSteel"},{"floor":82.0,"key":"EssenceOfSteel"}],"is_trial":false,"path_per_floor":["M","?","?","M","?","E","?","M","T","E","M","R","T","E","R","B",null,"M","?","?","M","M","E","R","M","T","E","$","?","$","E","R","B",null,"M","M","?","AVR","M","R","E","R","T","NM","R","$","?","$","R","B","B",null,"M","$","?","M","M","E","R","T","T","M","E","M","R","E","R","B",null,"M","M","?","M","$","R","E","T","T","T","E","M","E","M","R","B",null,"M","AVR","M","?","M","E","R","E","T","$","R","M","?","M","R","B","B",null,"R","$","E","B",null],"character_chosen":"THE_SILENT","items_purchased":["Membership Card","infinitespire:Bottled Soul","aspiration:Nostalgia","ReplayTheSpireMod:Private Reserves","Calculated Gamble+1","Apotheosis","Girya","Eviscerate+1","infinitespire:Golems Mask","Lantern","Bag of Marbles","Golden Egg","infinitespire:Satchel","Frozen Eye","Backflip","Dodge and Roll"],"campfire_rested":4,"item_purchase_floors":[28,28,30,46,48,54,54,54,74,96,96,106,106,106,106,106],"current_hp_per_floor":[59,59,59,55,50,42,42,42,42,33,30,30,30,30,30,3,50,50,50,50,50,50,50,50,50,50,42,42,42,46,50,50,54,66,70,70,70,70,70,70,53,53,53,57,57,57,57,57,57,61,65,69,70,70,70,70,70,70,70,70,70,70,70,70,70,70,70,70,70,70,70,70,70,70,70,65,65,65,65,70,70,70,70,70,70,70,70,70,70,75,75,75,75,75,75,75,75,75,75,70,75,67,44,67,75,75,58,36],"gold":74,"neow_bonus":"ONE_RARE_RELIC","is_prod":false,"is_daily":false,"chose_seed":false,"campfire_upgraded":10,"win_rate":0,"timestamp":1607482326,"path_taken":["M","?","?","M","?","E","?","M","T","E","?","R","?","E","R","BOSS","M","?","?","?","?","E","R","M","T","E","?","?","$","E","R","BOSS","M","M","?","AVR","M","R","E","R","T","NM","R","?","?","$","R","BOSS","BOSS","M","$","?","M","M","E","R","?","T","M","E","?","R","E","R","BOSS","M","?","?","M","$","R","E","?","T","?","E","M","E","M","R","BOSS","M","AVR","M","?","M","E","R","E","T","$","R","M","?","M","R","BOSS","BOSS","R","$","E","BOSS"],"build_version":"2020-11-30","purchased_purges":0,"victory":true,"max_hp_per_floor":[66,66,66,66,66,66,66,66,66,66,66,66,66,66,66,66,66,66,66,66,66,66,66,66,66,66,66,66,66,70,70,70,70,70,70,70,70,70,70,70,70,70,70,70,70,70,70,70,70,70,70,70,70,70,70,70,70,70,70,70,70,70,70,70,70,70,70,70,70,70,70,70,70,70,70,70,70,70,70,70,70,70,70,70,70,70,70,70,70,75,75,75,75,75,75,75,75,75,75,75,75,75,75,75,75,75,75,75],"card_choices":[{"not_picked":["Hidden Blade","Dodge and Roll"],"picked":"Bane","floor":1.0},{"not_picked":["Dodge and Roll","Predator"],"picked":"Accuracy","floor":4.0},{"not_picked":["Outmaneuver","Poisoned Stab"],"picked":"Glass Knife","floor":6.0},{"not_picked":["Deadly Poison","Bane+1"],"picked":"StuffTheSpire:Injection+1","floor":8.0},{"not_picked":["Phantasmal Killer","Flying Knee+1"],"picked":"Adrenaline","floor":10.0},{"not_picked":["ReplayTheSpireMod:Scrap Shanks","Outmaneuver"],"picked":"Dagger Throw+1","floor":11.0},{"not_picked":["Acrobatics","Outmaneuver"],"picked":"Dagger Spray+1","floor":14.0},{"not_picked":["aspiration:Lunge+1","Unload+1"],"picked":"Glass Knife+1","floor":16.0},{"not_picked":["StuffTheSpire:Python","Caltrops","Dash+1"],"picked":"SKIP","floor":18.0},{"not_picked":["Sucker Punch+1","Heel Hook+1"],"picked":"StuffTheSpire:Injection+1","floor":21.0},{"not_picked":["Dodge and Roll","Endless Agony+1"],"picked":"Bane+1","floor":22.0},{"not_picked":["StuffTheSpire:Sprint","Backflip"],"picked":"Adrenaline","floor":23.0},{"not_picked":["Endless Agony+1","Deflect"],"picked":"Blade Dance","floor":25.0},{"not_picked":["StuffTheSpire:BrimstoneBlast+1","Setup"],"picked":"Dagger Throw+1","floor":27.0},{"not_picked":["Dagger Spray+1","Flying Knee+1"],"picked":"Hidden Blade+1","floor":31.0},{"not_picked":["Burst","Doppelganger"],"picked":"Envenom","floor":33.0},{"not_picked":["Poisoned Stab+1","Sucker Punch+1"],"picked":"StuffTheSpire:Incantation","floor":35.0},{"not_picked":["PiercingWail","Leg Sweep"],"picked":"Choke+1","floor":36.0},{"not_picked":["Flying Knee+1","Blur"],"picked":"Bane+1","floor":39.0},{"not_picked":["Draining Mist+1","StuffTheSpire:ClusterCrunch+1"],"picked":"Bane+1","floor":41.0},{"not_picked":["PiercingWail","Dash+1","Blur"],"picked":"SKIP","floor":44.0},{"not_picked":["Die Die Die+1","Night Terror"],"picked":"Glass Knife+1","floor":50.0},{"not_picked":["ReplayTheSpireMod:From All Sides+1","Malaise"],"picked":"Glass Knife+1","floor":51.0},{"not_picked":[],"picked":"Finisher+1","floor":53.0},{"not_picked":["Poisoned Stab+1"],"picked":"SKIP","floor":56.0},{"not_picked":["StuffTheSpire:Fury"],"picked":"SKIP","floor":57.0},{"not_picked":["Prepared"],"picked":"SKIP","floor":58.0},{"not_picked":["Quick Slash+1"],"picked":"SKIP","floor":62.0},{"not_picked":[],"picked":"StuffTheSpire:DoubleShiv","floor":63.0},{"not_picked":["Prepared"],"picked":"SKIP","floor":64.0},{"not_picked":[],"picked":"Burst","floor":66.0},{"not_picked":[],"picked":"Choke+1","floor":70.0},{"not_picked":["Setup"],"picked":"SKIP","floor":71.0},{"not_picked":["Fluid Movement"],"picked":"SKIP","floor":73.0},{"not_picked":["Outmaneuver"],"picked":"SKIP","floor":76.0},{"not_picked":["Infinite Blades"],"picked":"SKIP","floor":80.0},{"not_picked":[],"picked":"Slice+1","floor":81.0},{"not_picked":["Flying Knee+1"],"picked":"SKIP","floor":82.0},{"not_picked":["Outmaneuver"],"picked":"SKIP","floor":83.0},{"not_picked":["infinitespire:FinalStrike","infinitespire:DeathsTouch"],"picked":"infinitespire:FutureSight","floor":84.0},{"not_picked":[],"picked":"Night Terror","floor":85.0},{"not_picked":["Fluid Movement"],"picked":"SKIP","floor":87.0},{"not_picked":[],"picked":"Sucker Punch+1","floor":89.0},{"not_picked":["Acrobatics"],"picked":"SKIP","floor":91.0},{"not_picked":["Outmaneuver"],"picked":"SKIP","floor":92.0},{"not_picked":["Bane+1"],"picked":"SKIP","floor":94.0},{"not_picked":[],"picked":"Hidden Blade+1","floor":98.0},{"not_picked":["Quick Slash+1"],"picked":"SKIP","floor":100.0},{"not_picked":[],"picked":"ReplayTheSpireMod:Necrosis","floor":102.0},{"not_picked":["StuffTheSpire:Python+1"],"picked":"SKIP","floor":107.0},{"not_picked":[],"picked":"Phantasmal Killer","floor":108}],"player_experience":2499384,"relics_obtained":[{"floor":6.0,"key":"Bronze Scales"},{"floor":9.0,"key":"ReplayTheSpireMod:Lightbulb"},{"floor":10.0,"key":"Matryoshka"},{"floor":13.0,"key":"Grinning Jar"},{"floor":13.0,"key":"Anchor"},{"floor":14.0,"key":"Omamori"},{"floor":23.0,"key":"StuffTheSpire:Gunfinga"},{"floor":26.0,"key":"Ancient Tea Set"},{"floor":26.0,"key":"Simple Rune"},{"floor":27.0,"key":"Blue Doll"},{"floor":31.0,"key":"Quantum Egg"},{"floor":41.0,"key":"aspiration:SeaSaltIceCream"},{"floor":43.0,"key":"infinitespire:WardingShard"},{"floor":44.0,"key":"Torii"},{"floor":58.0,"key":"Snack Pack"},{"floor":60.0,"key":"Regal Pillow"},{"floor":61.0,"key":"infinitespire:BottledMercury"},{"floor":63.0,"key":"Replay:Accelerometer"},{"floor":66.0,"key":"Replay:Bottled Flurry"},{"floor":76.0,"key":"StuffTheSpire:EmeraldSignet"},{"floor":77.0,"key":"Paper Crane"},{"floor":78.0,"key":"MawBank"},{"floor":79.0,"key":"Potion Belt"},{"floor":80.0,"key":"FossilizedHelix"},{"floor":82.0,"key":"Iron Hammer"},{"floor":90.0,"key":"Durian"},{"floor":92.0,"key":"aspiration:TomeofQuesting"},{"floor":92.0,"key":"Lizard Tail"},{"floor":94.0,"key":"StuffTheSpire:Experiment12"},{"floor":94.0,"key":"Boot"},{"floor":95.0,"key":"Shuriken"},{"floor":107.0,"key":"aspiration:Lifesprig"},{"floor":107.0,"key":"infinitespire:Eraser"}],"event_choices":[{"cards_removed":["Vigilance"],"damage_healed":0.0,"max_hp_gain":0.0,"max_hp_loss":0.0,"gold_gain":0.0,"event_name":"The Cleric","player_choice":"Card Removal","floor":2.0,"gold_loss":75.0,"damage_taken":0.0},{"damage_healed":0.0,"max_hp_gain":0.0,"max_hp_loss":0.0,"gold_gain":0.0,"event_name":"Living Wall","player_choice":"Grow","floor":3.0,"gold_loss":0.0,"damage_taken":0.0,"cards_upgraded":["Bane"]},{"damage_healed":0.0,"max_hp_gain":0.0,"max_hp_loss":0.0,"gold_gain":0.0,"event_name":"betterThird:BetterScrap","player_choice":"Relic ","floor":5.0,"gold_loss":0.0,"damage_taken":5.0,"cards_obtained":["Intimidate"]},{"damage_healed":0.0,"max_hp_gain":0.0,"max_hp_loss":0.0,"gold_gain":0.0,"event_name":"The Library","player_choice":"Read","floor":20.0,"gold_loss":0.0,"damage_taken":0.0,"cards_obtained":["ReplayTheSpireMod:Scrap Shanks"]},{"damage_healed":0.0,"max_hp_gain":0.0,"max_hp_loss":0.0,"gold_gain":0.0,"event_name":"Addict","player_choice":"Stole Relic","floor":29.0,"gold_loss":0.0,"damage_taken":0.0,"relics_obtained":["ReplayFunnel"],"cards_obtained":["Shame"]},{"damage_healed":0.0,"max_hp_gain":0.0,"max_hp_loss":0.0,"gold_gain":0.0,"event_name":"Duplicator","player_choice":"Copied","floor":37.0,"gold_loss":0.0,"damage_taken":0.0,"cards_obtained":["Adrenaline"]},{"damage_healed":0.0,"max_hp_gain":0.0,"max_hp_loss":0.0,"gold_gain":0.0,"event_name":"WeMeetAgain","player_choice":"Gave Potion","floor":47.0,"gold_loss":0.0,"damage_taken":0.0,"relics_obtained":["StuffTheSpire:RubySignet"]},{"cards_removed":["Strike_G"],"damage_healed":0.0,"max_hp_gain":0.0,"max_hp_loss":0.0,"gold_gain":0.0,"event_name":"Purifier","player_choice":"Purged","floor":55.0,"gold_loss":0.0,"damage_taken":0.0},{"damage_healed":0.0,"max_hp_gain":0.0,"max_hp_loss":0.0,"gold_gain":0.0,"event_name":"Designer","player_choice":"Upgrade","floor":72.0,"gold_loss":50.0,"damage_taken":0.0,"cards_upgraded":["Apotheosis"]},{"damage_healed":0.0,"max_hp_gain":0.0,"max_hp_loss":0.0,"gold_gain":0.0,"event_name":"MindBloom","player_choice":"Fight","floor":90.0,"gold_loss":0.0,"damage_taken":0.0},{"damage_healed":0.0,"max_hp_gain":0.0,"max_hp_loss":0.0,"gold_gain":0.0,"event_name":"SensoryStone","player_choice":"Memory 1","floor":99.0,"gold_loss":0.0,"damage_taken":0.0}],"is_beta":false,"boss_relics":[{"not_picked":["Replay:Bronze Core","SlaversCollar"],"picked":"Snecko Scales"},{"not_picked":["Honey Jar","Runic Pyramid"],"picked":"HoveringKite"},{"not_picked":["Sozu","aspiration:RitualDagger"],"picked":"Busted Crown"},{"not_picked":["aspiration:PoetsPen_weak","Sozu"],"picked":"Abe\u0027s Treasure"},{"not_picked":["Philosopher\u0027s Stone","infinitespire:Cupcake"],"picked":"Fusion Hammer"},{"not_picked":["Ring of the Serpent","SacredBark"],"picked":"Ring of Chaos"}],"items_purged_floors":[],"is_endless":true,"potions_floor_spawned":[1,4,10,14,16,22,23,31,33,35,36,58,63,64,66,68,70,76,80,82,83,87,91,92,103,107],"ascension_level":20}}