{"host":"2a2v73dt2vi5cm1u","time":1607533162,"event":{"gold_per_floor":[125,7,7,35,61,97,97,132,132,132,165,11,40,40,40,156,156,175,355,359,392,418,418],"floor_reached":22,"playtime":913,"items_purged":[],"score":206,"play_id":"2109ec4d-e0de-4783-a362-44d81efb053d","local_time":"20201209175922","is_ascension_mode":true,"campfire_choices":[{"floor":7,"key":"REST"},{"data":"Cloak And Dagger","floor":10,"key":"SMITH"},{"data":"aspiration:Lunge","floor":15,"key":"SMITH"}],"neow_cost":"NONE","seed_source_timestamp":8635148868400,"circlet_count":0,"master_deck":["Strike_G","Strike_G","Strike_G","Strike_G","Strike_G","Defend_G","Defend_G","Defend_G","Defend_G","Defend_G","Survivor","Neutralize","CurseOfTheBell","Deadly Poison","Slice+1","Noxious Fumes+1","StuffTheSpire:Injection","PiercingWail","Cloak And Dagger+1","Accuracy","aspiration:Lunge+1","Dodge and Roll","A Thousand Cuts","Flying Knee+1","Bandage Up","Slice"],"relics":["Calling Bell","StuffTheSpire:Expresso","HollowMod:StagPassRelic","Replay:Bandana","NlothsMask","ReplayTheSpireMod:Ninjato","StuffTheSpire:MayFlowers","Sling","Cursed Key"],"potions_floor_usage":[6,8,13,16,20],"damage_taken":[{"damage":6,"enemies":"Small Slimes","floor":1,"turns":4},{"damage":1,"enemies":"Cultist","floor":4,"turns":4},{"damage":0,"enemies":"Jaw Worm","floor":5,"turns":3},{"damage":16,"enemies":"3 Sentries","floor":6,"turns":8},{"damage":7,"enemies":"Lagavulin","floor":8,"turns":4},{"damage":0,"enemies":"Blue Slaver","floor":11,"turns":3},{"damage":10,"enemies":"Red Slaver","floor":13,"turns":5},{"damage":31,"enemies":"Hexaghost","floor":16,"turns":9},{"damage":15,"enemies":"Spheric Guardian","floor":18,"turns":4},{"damage":0,"enemies":"3 Byrds","floor":20,"turns":1},{"damage":33,"enemies":"Centurion and Healer","floor":21,"turns":7},{"damage":18,"enemies":"Sentry and Sphere","floor":22,"turns":3}],"seed_played":"-1959578030246043560","potions_obtained":[{"floor":1,"key":"DDmod:CleansePotion"},{"floor":5,"key":"Languid Potion"},{"floor":6,"key":"SkillPotion"},{"floor":13,"key":"SpeedPotion"},{"floor":18,"key":"SmokeBomb"}],"is_trial":false,"path_per_floor":["M","$","?","M","M","E","R","E","T","R","M","$","M","$","R","B",null,"M","?","M","M","M"],"character_chosen":"THE_SILENT","items_purchased":["Slice","Noxious Fumes","Sling"],"campfire_rested":1,"item_purchase_floors":[2,2,12],"current_hp_per_floor":[64,64,64,63,63,47,68,61,61,61,61,61,51,51,51,26,70,55,30,34,11,0,0],"gold":418,"neow_bonus":"BOSS_RELIC","is_prod":false,"is_daily":false,"chose_seed":false,"campfire_upgraded":2,"win_rate":0,"timestamp":1607533162,"path_taken":["M","$","?","M","M","E","R","E","T","R","M","$","?","?","R","BOSS","M","?","M","M","M"],"build_version":"2020-11-30","purchased_purges":0,"victory":false,"max_hp_per_floor":[70,70,70,70,70,70,70,70,70,70,70,70,70,70,70,70,70,70,70,70,70,70,70],"card_choices":[{"not_picked":["StuffTheSpire:Python","hubris:Counter"],"picked":"Deadly Poison","floor":1},{"not_picked":["Expertise","hubris:TrickCloak"],"picked":"StuffTheSpire:Injection","floor":4},{"not_picked":["Replay:Poison Smokescreen","StuffTheSpire:BumpUp"],"picked":"PiercingWail","floor":5},{"not_picked":["Poisoned Stab","Concentrate"],"picked":"Cloak And Dagger","floor":6},{"not_picked":["ReplayTheSpireMod:Tripwire","StuffTheSpire:BumpUp"],"picked":"Accuracy","floor":8},{"not_picked":["Bane","ReplayTheSpireMod:The Works"],"picked":"aspiration:Lunge","floor":11},{"not_picked":["StuffTheSpire:ReptileScales","Acrobatics"],"picked":"Dodge and Roll","floor":13},{"not_picked":["Doppelganger","Unload"],"picked":"A Thousand Cuts","floor":16},{"not_picked":["Outmaneuver","StuffTheSpire:ClusterCrunch+1"],"picked":"Flying Knee+1","floor":18},{"not_picked":["Heel Hook+1","hubris:SlightOfHand"],"picked":"Slice","floor":21}],"player_experience":204202,"relics_obtained":[{"floor":0,"key":"StuffTheSpire:Expresso"},{"floor":0,"key":"HollowMod:StagPassRelic"},{"floor":0,"key":"Replay:Bandana"},{"floor":6,"key":"ReplayTheSpireMod:Ninjato"},{"floor":8,"key":"StuffTheSpire:MayFlowers"}],"event_choices":[{"damage_healed":0,"gold_gain":0,"player_choice":"Trade","damage_taken":0,"relics_obtained":["NlothsMask"],"max_hp_gain":0,"max_hp_loss":0,"event_name":"FaceTrader","floor":3,"gold_loss":0},{"damage_healed":0,"gold_gain":180,"player_choice":"CARD GOLD GOLD ","damage_taken":25,"max_hp_gain":0,"max_hp_loss":0,"event_name":"Knowing Skull","floor":19,"potions_obtained":[],"gold_loss":0,"cards_obtained":["Bandage Up"]}],"is_beta":false,"boss_relics":[{"not_picked":["StuffTheSpire:RunicHypercube","Honey Jar"],"picked":"Cursed Key"}],"items_purged_floors":[],"is_endless":false,"potions_floor_spawned":[1,5,6,13,18,20],"killed_by":"Sentry and Sphere","ascension_level":1}}