{"host":"daa8jqyg4gqfaysm","time":1607497535,"event":{"gold_per_floor":[214,232,232,251,15,15,46,46,71,71,106,58,58,84,84,162,162,182,182,197,247,257,283,35,35,35,35,35,48,48,74,74,148,148,164,164,174,192,244,256,256,275,275,304,304,329,20,39,39,39,39,39,39,39,39],"floor_reached":54,"playtime":1703,"items_purged":["Strike_R"],"score":1287,"play_id":"1fd4474a-4c22-4d62-a92c-b0eb307c1778","local_time":"20201209150535","is_ascension_mode":true,"campfire_choices":[{"data":"Combust","floor":6,"key":"SMITH"},{"data":"Shockwave","floor":8,"key":"SMITH"},{"data":"Hemokinesis","floor":10,"key":"SMITH"},{"data":"Limit Break","floor":13,"key":"SMITH"},{"data":"Whirlwind","floor":15,"key":"SMITH"},{"data":"Heavy Blade","floor":28,"key":"SMITH"},{"data":"Spot Weakness","floor":32,"key":"SMITH"},{"floor":41,"key":"RECALL"},{"data":"Disarm","floor":49,"key":"SMITH"},{"data":"Offering","floor":52,"key":"SMITH"}],"neow_cost":"NONE","seed_source_timestamp":1699681837478800,"circlet_count":0,"master_deck":["AscendersBane","Defend_R","Defend_R","Defend_R+1","Bash+1","Shockwave+1","Anger","Hemokinesis+1","Combust+1","Shrug It Off+1","Limit Break+1","Cleave","Whirlwind+1","Reaper","Heavy Blade+1","Bite","Bite","Bite","Bite","Bite","Flex+1","Spot Weakness+1","Offering+1","Flame Barrier+1","Flame Barrier+1","Disarm+1","Pummel","Spot Weakness","Sword Boomerang+1"],"relics":["Burning Blood","Regal Pillow","Whetstone","War Paint","Juzu Bracelet","Coffee Dripper","Pen Nib","Happy Flower","Meat on the Bone","Blood Vial","Sozu","Calipers","Omamori","FossilizedHelix","Incense Burner"],"potions_floor_usage":[18,23,24,31,33],"damage_taken":[{"damage":6,"enemies":"2 Louse","floor":1,"turns":3},{"damage":0,"enemies":"Cultist","floor":2,"turns":3},{"damage":2,"enemies":"Jaw Worm","floor":4,"turns":3},{"damage":18,"enemies":"3 Sentries","floor":7,"turns":5},{"damage":10,"enemies":"Gremlin Nob","floor":11,"turns":3},{"damage":15,"enemies":"Lagavulin","floor":14,"turns":6},{"damage":16,"enemies":"Slime Boss","floor":16,"turns":6},{"damage":10,"enemies":"2 Thieves","floor":18,"turns":3},{"damage":60,"enemies":"Shell Parasite","floor":20,"turns":6},{"damage":23,"enemies":"Snecko","floor":22,"turns":5},{"damage":19,"enemies":"Slavers","floor":23,"turns":5},{"damage":27,"enemies":"Sentry and Sphere","floor":29,"turns":4},{"damage":50,"enemies":"Book of Stabbing","floor":31,"turns":5},{"damage":40,"enemies":"Champ","floor":33,"turns":8},{"damage":10,"enemies":"3 Shapes","floor":35,"turns":7},{"damage":6,"enemies":"3 Darklings","floor":37,"turns":1},{"damage":22,"enemies":"Jaw Worm Horde","floor":38,"turns":6},{"damage":74,"enemies":"2 Orb Walkers","floor":39,"turns":5},{"damage":6,"enemies":"Transient","floor":40,"turns":5},{"damage":27,"enemies":"Spire Growth","floor":42,"turns":3},{"damage":30,"enemies":"Giant Head","floor":44,"turns":6},{"damage":10,"enemies":"Mind Bloom Boss Battle","floor":46,"turns":5},{"damage":32,"enemies":"4 Shapes","floor":48,"turns":10},{"damage":43,"enemies":"Awakened One","floor":50,"turns":8},{"damage":50,"enemies":"Shield and Spear","floor":54,"turns":3}],"seed_played":"-2532781718887987356","potions_obtained":[{"floor":2,"key":"SpeedPotion"},{"floor":4,"key":"Energy Potion"},{"floor":20,"key":"SpeedPotion"},{"floor":23,"key":"BlessingOfTheForge"},{"floor":31,"key":"Block Potion"}],"is_trial":false,"path_per_floor":["M","M","?","M","$","R","E","R","T","R","E","$","R","E","R","B",null,"M","?","M","?","M","E","$","?","T","?","R","M","?","E","R","B",null,"M","?","M","M","?","M","R","M","T","E","?","?","$","M","R","B",null,"R","$","E"],"character_chosen":"IRONCLAD","items_purchased":["Hemokinesis","Combust","Shrug It Off","Cleave","Fruit Juice","Happy Flower","Incense Burner"],"campfire_rested":0,"item_purchase_floors":[5,5,5,12,24,24,47],"current_hp_per_floor":[68,74,79,80,80,80,68,68,68,68,64,64,64,55,55,45,71,78,56,20,20,19,18,23,23,23,35,35,37,37,21,21,37,55,61,52,61,61,27,61,61,59,59,43,43,61,61,61,61,41,56,56,56,11,11],"gold":39,"neow_bonus":"HUNDRED_GOLD","is_prod":false,"is_daily":false,"chose_seed":false,"campfire_upgraded":9,"win_rate":0,"timestamp":1607497535,"path_taken":["M","M","?","M","$","R","E","R","T","R","E","$","R","E","R","BOSS","M","?","M","?","M","E","$","?","T","?","R","M","?","E","R","BOSS","M","?","M","M","?","M","R","M","T","E","?","?","$","M","R","BOSS","R","$","E"],"build_version":"2020-11-30","purchased_purges":1,"victory":false,"max_hp_per_floor":[75,75,80,80,80,80,80,80,80,80,80,80,80,80,80,80,80,80,56,56,56,56,56,61,61,61,61,61,61,61,61,61,61,61,61,61,61,61,61,61,61,61,61,61,61,61,61,61,61,61,61,61,61,61,61],"card_choices":[{"not_picked":["Havoc","Flex"],"picked":"Shockwave","floor":1},{"not_picked":["Thunderclap","Heavy Blade"],"picked":"Anger","floor":2},{"not_picked":["Thunderclap","Bloodletting","Clash"],"picked":"SKIP","floor":4},{"not_picked":["Anger","Perfected Strike"],"picked":"Limit Break","floor":7},{"not_picked":["Thunderclap","Wild Strike","Reckless Charge"],"picked":"SKIP","floor":11},{"not_picked":["Dark Embrace","Blood for Blood"],"picked":"Whirlwind","floor":14},{"not_picked":["Corruption","Berserk"],"picked":"Reaper","floor":16},{"not_picked":["Armaments","Clothesline"],"picked":"Heavy Blade","floor":18},{"not_picked":["Dark Embrace","Anger","Second Wind"],"picked":"SKIP","floor":20},{"not_picked":["Wild Strike","Clothesline","Dark Embrace"],"picked":"SKIP","floor":22},{"not_picked":["Sword Boomerang","Perfected Strike"],"picked":"Flex+1","floor":23},{"not_picked":["Whirlwind","Rampage"],"picked":"Spot Weakness","floor":29},{"not_picked":["Entrench","Seeing Red","Hemokinesis"],"picked":"SKIP","floor":31},{"not_picked":["Feed","Impervious"],"picked":"Offering","floor":33},{"not_picked":["Cleave+1","Dropkick","Body Slam"],"picked":"SKIP","floor":35},{"not_picked":["Intimidate+1","Inflame"],"picked":"Flame Barrier+1","floor":37},{"not_picked":["Sentinel+1","Second Wind","Reckless Charge"],"picked":"SKIP","floor":38},{"not_picked":["Warcry+1","Pommel Strike"],"picked":"Flame Barrier+1","floor":39},{"not_picked":["Sword Boomerang","Warcry"],"picked":"Disarm","floor":40},{"not_picked":["Cleave+1","Body Slam"],"picked":"Pummel","floor":42},{"not_picked":["Dual Wield","Shrug It Off+1"],"picked":"Spot Weakness","floor":44},{"not_picked":["Corruption","Iron Wave"],"picked":"Sword Boomerang+1","floor":48}],"player_experience":653339,"relics_obtained":[{"floor":7,"key":"Regal Pillow"},{"floor":9,"key":"Whetstone"},{"floor":11,"key":"War Paint"},{"floor":14,"key":"Juzu Bracelet"},{"floor":23,"key":"Pen Nib"},{"floor":26,"key":"Meat on the Bone"},{"floor":31,"key":"Blood Vial"},{"floor":39,"key":"Calipers"},{"floor":44,"key":"Omamori"},{"floor":46,"key":"FossilizedHelix"}],"event_choices":[{"damage_healed":0,"gold_gain":0,"player_choice":"Donut","damage_taken":0,"max_hp_gain":5,"max_hp_loss":0,"event_name":"Big Fish","floor":3,"gold_loss":0},{"damage_healed":0,"gold_gain":0,"player_choice":"Became a vampire","damage_taken":0,"max_hp_gain":0,"max_hp_loss":24,"event_name":"Vampires","floor":19,"gold_loss":0,"cards_obtained":["Bite","Bite","Bite","Bite","Bite"]},{"damage_healed":0,"gold_gain":50,"player_choice":"Pray","damage_taken":0,"max_hp_gain":0,"max_hp_loss":0,"event_name":"Golden Shrine","floor":21,"gold_loss":0},{"damage_healed":0,"gold_gain":0,"player_choice":"Ignored","damage_taken":0,"max_hp_gain":0,"max_hp_loss":0,"event_name":"The Mausoleum","floor":25,"gold_loss":0},{"damage_healed":12,"gold_gain":0,"player_choice":"Heal","damage_taken":0,"max_hp_gain":0,"max_hp_loss":0,"event_name":"The Library","floor":27,"gold_loss":0},{"damage_healed":0,"gold_gain":0,"player_choice":"Damaged","damage_taken":9,"max_hp_gain":0,"max_hp_loss":0,"event_name":"Wheel of Change","floor":36,"gold_loss":0},{"damage_healed":0,"gold_gain":0,"player_choice":"Fight","damage_taken":0,"max_hp_gain":0,"max_hp_loss":0,"event_name":"Mysterious Sphere","floor":39,"gold_loss":0},{"cards_removed":["Defend_R"],"damage_healed":0,"gold_gain":0,"player_choice":"Removed Skill","damage_taken":0,"max_hp_gain":0,"max_hp_loss":0,"event_name":"Falling","floor":45,"gold_loss":0},{"damage_healed":0,"gold_gain":0,"player_choice":"Fight","damage_taken":0,"max_hp_gain":0,"max_hp_loss":0,"event_name":"MindBloom","floor":46,"gold_loss":0}],"is_beta":false,"boss_relics":[{"not_picked":["Black Star","Philosopher\u0027s Stone"],"picked":"Coffee Dripper"},{"not_picked":["Black Blood","Mark of Pain"],"picked":"Sozu"}],"items_purged_floors":[5],"is_endless":false,"potions_floor_spawned":[2,4,14,20,23,31,37,38,44,48],"killed_by":"Shield and Spear","ascension_level":15}}