{"host":"3fg0b0yrknwgx30i","time":1607551081,"event":{"gold_per_floor":[114,128,128,128,146,176,28,28,82,92,92,152,259,271,271,375,375,394,543,129,145,395,420,420,431,454,127,127,157,218,231,231,333,383,395,123,142,242,292,292,326,326,326,16,77,112,131,89,89,89],"floor_reached":51,"playtime":2810,"items_purged":["Strike_G","Strike_G","Venomology+1","Sucker Punch+1"],"score":1120,"play_id":"93c50372-d27e-4ade-ab47-499fbb6736a7","local_time":"20201209165801","is_ascension_mode":false,"campfire_choices":[{"floor":8,"key":"REST"},{"floor":15,"key":"REST"},{"floor":24,"key":"REST"},{"floor":28,"key":"REST"},{"floor":32,"key":"REST"},{"floor":40,"key":"REST"},{"floor":42,"key":"REST"},{"data":"Envenom","floor":49,"key":"SMITH"}],"neow_cost":"PERCENT_DAMAGE","seed_source_timestamp":1215908227169600,"circlet_count":0,"master_deck":["Strike_G","Strike_G","Defend_G","Defend_G","Defend_G+1","Defend_G","Defend_G+1","Survivor","Neutralize","Deadly Poison","Pot Of Greed","Pot Of Greed","Calculated Gamble","Catalyst+1","Tools of the Trade","Bouncing Flask+1","Poisoned Stab","Replay:Bag of Tricks+1","Noxious Fumes","Escape Plan+1","Noxious Fumes","Catalyst+1","Burst+1","Pot Of Greed+1","PiercingWail+1","Deadly Poison+1","Acrobatics+1","Survey Options+1","ReplayTheSpireMod:Exploit Weakness+1","ReplayTheSpireMod:IOU","ReplayTheSpireMod:IOU","Deflect+1","Finisher+1","Outmaneuver+1","ReplayTheSpireMod:IOU","Pot Of Greed+1","Envenom+1"],"special_seed":0,"relics":["Ring of the Snake","StoneCalendar","Grinning Jar","MealTicket","War Paint","SsserpentHead","Toxic Egg 2","Black Star","Replay:Bottled Snecko","Dream Catcher","Question Card","Replay:Rubber Ducky","Sling","Bag of Preparation","Snake Skull","Replay:Grab Bag","Busted Crown","Sozu","Tiny House","Chemical X","Lizard Tail","Mango","Bronze Scales","Replay:Wax Seal","TheAbacus","Ninja Scroll","Durian","CaptainsWheel"],"potions_floor_usage":[6,6,6,6,6,6,6,10,12,13,13,14,16,18,23,23,29,30,31,33,33,33,33,50],"damage_taken":[{"damage":11,"enemies":"Jaw Worm","floor":1,"turns":4},{"damage":8,"enemies":"2 Louse","floor":2,"turns":2},{"damage":2,"enemies":"Cultist","floor":5,"turns":4},{"damage":8,"enemies":"3 Sentries","floor":6,"turns":7},{"damage":2,"enemies":"Exordium Wildlife","floor":10,"turns":5},{"damage":4,"enemies":"Exordium Thugs","floor":12,"turns":4},{"damage":20,"enemies":"Lagavulin Event","floor":13,"turns":5},{"damage":0,"enemies":"2 Fungi Beasts","floor":14,"turns":4},{"damage":33,"enemies":"The Guardian","floor":16,"turns":10},{"damage":15,"enemies":"Shell Parasite","floor":18,"turns":5},{"damage":0,"enemies":"Spheric Guardian","floor":21,"turns":2},{"damage":41,"enemies":"Slavers","floor":23,"turns":7},{"damage":32,"enemies":"Shelled Parasite and Fungi","floor":25,"turns":5},{"damage":12,"enemies":"Book of Stabbing","floor":29,"turns":4},{"damage":12,"enemies":"Cultist and Chosen","floor":30,"turns":5},{"damage":12,"enemies":"Snecko","floor":31,"turns":3},{"damage":30,"enemies":"Pondfish","floor":33,"turns":7},{"damage":5,"enemies":"3 Darklings","floor":35,"turns":4},{"damage":3,"enemies":"3 Shapes","floor":37,"turns":3},{"damage":0,"enemies":"Mind Bloom Boss Battle","floor":38,"turns":4},{"damage":9,"enemies":"Nemesis","floor":41,"turns":3},{"damage":0,"enemies":"Transient","floor":45,"turns":4},{"damage":0,"enemies":"R_Hoarder","floor":46,"turns":2},{"damage":7,"enemies":"Spire Growth","floor":47,"turns":3},{"damage":53,"enemies":"Awakened One","floor":50,"turns":8}],"seed_played":"4224997029554579082","potions_obtained":[{"floor":2,"key":"Weak Potion"},{"floor":5,"key":"EntropicBrew"},{"floor":6,"key":"Cursed Concoction"},{"floor":13,"key":"Dexterity Potion"},{"floor":16,"key":"ColorlessPotion"},{"floor":23,"key":"Strength Potion"},{"floor":25,"key":"Block Potion"},{"floor":29,"key":"Weak Potion"},{"floor":33,"key":"Explosive Potion"}],"is_trial":false,"path_per_floor":["M","M","?","T","M","E","$","R","T","M","?","M","?","M","R","B",null,"M","?","$","M","?","E","R","M","T","$","R","E","M","M","R","B",null,"M","$","M","?","?","R","E","R","T","$","M","E","M","$","R","B",null],"character_chosen":"THE_SILENT","items_purchased":["War Paint","Bouncing Flask+1","Replay:Bottled Snecko","Noxious Fumes","Sling","Chemical X","TheAbacus","Ninja Scroll","Envenom"],"campfire_rested":7,"item_purchase_floors":[7,20,20,27,27,36,44,44,48],"current_hp_per_floor":[38,30,30,30,28,20,35,56,56,54,54,50,30,30,51,18,70,55,55,70,70,70,29,50,18,18,33,54,42,30,18,39,9,75,70,75,72,72,72,75,80,89,89,89,89,94,87,94,94,41],"gold":89,"neow_bonus":"ONE_RARE_RELIC","is_prod":false,"is_daily":false,"chose_seed":false,"campfire_upgraded":1,"win_rate":0.0,"timestamp":1607551081,"path_taken":["M","M","?","?","M","E","$","R","T","M","?","?","?","M","R","BOSS","M","?","$","M","?","E","R","M","T","$","R","E","?","M","R","BOSS","M","$","M","?","?","R","E","R","T","?","?","E","M","$","R","BOSS"],"build_version":"2020-11-30","purchased_purges":4,"victory":true,"max_hp_per_floor":[70,70,70,70,70,70,70,70,70,70,70,70,70,70,70,70,70,70,70,70,70,70,70,70,70,70,70,70,70,70,70,70,70,75,75,75,75,75,75,75,89,89,89,89,89,94,94,94,94,94],"card_choices":[{"not_picked":["Outmaneuver","Choke"],"picked":"Deadly Poison","floor":1},{"not_picked":["Expertise","Bane","Choke"],"picked":"SKIP","floor":2},{"not_picked":["Phantasmal Killer","Predator","Riddle With Holes"],"picked":"SKIP","floor":5},{"not_picked":["Hidden Blade","Malaise","Wraith Form v2"],"picked":"SKIP","floor":6},{"not_picked":["Dodge and Roll","Skewer","Slice"],"picked":"SKIP","floor":10},{"not_picked":["Prepared","Fluid Movement"],"picked":"Calculated Gamble","floor":12},{"not_picked":["Cloak And Dagger+1","Accuracy"],"picked":"Catalyst+1","floor":13},{"not_picked":["Sucker Punch","Deflect+1","Bane"],"picked":"SKIP","floor":14},{"not_picked":["Glass Knife","Doppelganger+1"],"picked":"Tools of the Trade","floor":16},{"not_picked":["Finisher","Dodge and Roll+1","Underhanded Strike+1"],"picked":"SKIP","floor":18},{"not_picked":["Cloak And Dagger+1","Sneak Up+1"],"picked":"Poisoned Stab","floor":21},{"not_picked":["ReplayTheSpireMod:Necrosis","Die Die Die"],"picked":"Replay:Bag of Tricks","floor":22},{"not_picked":["Flying Knee","ReplayTheSpireMod:Speed Training+1","Bane+1"],"picked":"SKIP","floor":23},{"not_picked":["Predator","Blade Dance+1","Heel Hook","Dodge and Roll+1"],"picked":"SKIP","floor":25},{"not_picked":["Bullet Time+1","Dagger Spray","Backflip+1","Masterful Stab"],"picked":"SKIP","floor":29},{"not_picked":["Cloak And Dagger+1","Calculated Gamble+1","Sneak Up+1"],"picked":"Escape Plan+1","floor":30},{"not_picked":["Cloak And Dagger+1","ReplayTheSpireMod:The Works+1","Dodge and Roll+1"],"picked":"Noxious Fumes","floor":31},{"not_picked":["Backflip+1","Poisoned Stab","Terror+1"],"picked":"Catalyst+1","floor":32},{"not_picked":["Doppelganger+1","Phantasmal Killer+1","Malaise+1"],"picked":"Burst+1","floor":33},{"not_picked":["Outmaneuver+1"],"picked":"PiercingWail+1","floor":34},{"not_picked":["Quick Slash"],"picked":"Sucker Punch+1","floor":35},{"not_picked":["Acrobatics+1"],"picked":"Deadly Poison+1","floor":37},{"not_picked":["Backflip+1"],"picked":"Acrobatics+1","floor":38},{"not_picked":["Mind Blast"],"picked":"Survey Options+1","floor":39},{"not_picked":["Flying Knee"],"picked":"ReplayTheSpireMod:Exploit Weakness+1","floor":41},{"not_picked":["Endless Agony+1"],"picked":"Deflect+1","floor":45},{"not_picked":["Atom Bomb"],"picked":"Finisher+1","floor":46},{"not_picked":["ReplayTheSpireMod:Tripwire+1"],"picked":"Outmaneuver+1","floor":47}],"player_experience":87727,"relics_obtained":[{"floor":4,"key":"Grinning Jar"},{"floor":6,"key":"MealTicket"},{"floor":9,"key":"Pet Ghost"},{"floor":13,"key":"Toxic Egg 2"},{"floor":23,"key":"Dream Catcher"},{"floor":23,"key":"Question Card"},{"floor":26,"key":"Replay:Rubber Ducky"},{"floor":29,"key":"Bag of Preparation"},{"floor":29,"key":"Snake Skull"},{"floor":38,"key":"Lizard Tail"},{"floor":41,"key":"Mango"},{"floor":41,"key":"Bronze Scales"},{"floor":43,"key":"Replay:Wax Seal"},{"floor":46,"key":"Durian"},{"floor":46,"key":"CaptainsWheel"}],"event_choices":[{"damage_healed":0,"gold_gain":0,"cards_transformed":["Strike_G"],"player_choice":"Change","damage_taken":0,"max_hp_gain":0,"max_hp_loss":0,"event_name":"Living Wall","floor":3,"gold_loss":0,"cards_obtained":["Venomology"]},{"damage_healed":0,"gold_gain":0,"player_choice":"Trade","damage_taken":0,"relics_obtained":["SsserpentHead"],"max_hp_gain":0,"max_hp_loss":0,"event_name":"FaceTrader","floor":11,"gold_loss":0},{"damage_healed":0,"gold_gain":0,"player_choice":"Searched \u00271\u0027 times","damage_taken":0,"max_hp_gain":0,"max_hp_loss":0,"event_name":"Dead Adventurer","floor":13,"gold_loss":0},{"damage_healed":0,"gold_gain":99,"player_choice":"Stole From Cult","damage_taken":0,"max_hp_gain":0,"max_hp_loss":0,"event_name":"Nest","floor":19,"gold_loss":0},{"damage_healed":0,"gold_gain":0,"player_choice":"Fight","damage_taken":0,"max_hp_gain":0,"max_hp_loss":0,"event_name":"MindBloom","floor":38,"gold_loss":0},{"damage_healed":0,"gold_gain":0,"player_choice":"Memory 1","damage_taken":0,"max_hp_gain":0,"max_hp_loss":0,"event_name":"SensoryStone","floor":39,"gold_loss":0}],"is_beta":false,"boss_relics":[{"not_picked":["Replay:Drink Me","Ring of Chaos"],"picked":"Black Star"},{"not_picked":["Empty Cage","ChewingGum"],"picked":"Replay:Grab Bag"},{"not_picked":["Coffee Dripper","Cursed Key"],"picked":"Busted Crown"},{"not_picked":["Fusion Hammer","Philosopher\u0027s Stone"],"picked":"Sozu"},{"not_picked":["Honey Jar","SacredBark"],"picked":"Tiny House"}],"items_purged_floors":[20,27,36,44],"is_endless":false,"potions_floor_spawned":[2,5,6,13,16,23,25,29,33,37,41,45],"ascension_level":0}}