{"host":"v0kr0xkqfgnh389p","time":1607544531,"event":{"gold_per_floor":[110,110,110,110,130,130,159,169,169,169,185,206,206,217,217,217,217],"floor_reached":16,"playtime":373,"items_purged":[],"score":131,"play_id":"d875e2a7-1439-497f-8e3f-55ccc0023d93","local_time":"20201209150851","is_ascension_mode":true,"campfire_choices":[{"floor":6,"key":"RECALL"},{"data":"Eruption","floor":10,"key":"SMITH"},{"data":"Strike_P","floor":15,"key":"PURGE"}],"neow_cost":"NONE","seed_source_timestamp":20353716157900,"circlet_count":0,"master_deck":["Strike_P","Strike_P","Strike_P","Defend_P","Defend_P","Defend_P","Eruption+1","Vigilance","BattleHymn","TalkToTheHand","Tantrum","Conclude","LikeWater+1","Omniscience"],"relics":["Burning Blood","NeowsBlessing","infinitespire:Cubic Diamond","Thread and Needle","Odd Mushroom"],"potions_floor_usage":[12],"damage_taken":[{"damage":0,"enemies":"Small Slimes","floor":1,"turns":1},{"damage":0,"enemies":"2 Louse","floor":5,"turns":1},{"damage":0,"enemies":"3 Sentries","floor":7,"turns":1},{"damage":0,"enemies":"Jaw Worm","floor":8,"turns":2},{"damage":4,"enemies":"Exordium Wildlife","floor":11,"turns":3},{"damage":48,"enemies":"The Mushroom Lair","floor":12,"turns":3},{"damage":1,"enemies":"Looter","floor":14,"turns":4},{"damage":37,"enemies":"Fading Forest","floor":16,"turns":4}],"seed_played":"6075528835951680918","potions_obtained":[{"floor":5,"key":"PowerPotion"},{"floor":12,"key":"SpeedPotion"}],"is_trial":false,"path_per_floor":["M","?","?","?","M","R","E","M","T","R","M","?","?","M","R_BF","B"],"character_chosen":"WATCHER","items_purchased":[],"campfire_rested":0,"item_purchase_floors":[],"current_hp_per_floor":[72,72,72,72,72,72,72,72,72,72,72,30,30,35,35,0,0],"gold":217,"neow_bonus":"THREE_ENEMY_KILL","is_prod":false,"is_daily":false,"chose_seed":false,"campfire_upgraded":1,"win_rate":0,"timestamp":1607544531,"path_taken":["M","?","?","?","M","R","E","?","T","R","M","?","?","M","R_BF","BOSS"],"build_version":"2020-11-30","purchased_purges":0,"victory":false,"max_hp_per_floor":[72,72,72,72,72,72,72,72,72,72,72,72,72,72,72,72,72],"card_choices":[{"not_picked":["BowlingBash","DeceiveReality"],"picked":"BattleHymn","floor":1},{"not_picked":["Protect","Replay:ManipulateFuture"],"picked":"Tantrum","floor":5},{"not_picked":["Fasting2","Swivel"],"picked":"Conclude","floor":7},{"not_picked":["SashWhip","EmptyBody","JustLucky"],"picked":"SKIP","floor":8},{"not_picked":["Nirvana","Replay:AtTheReady"],"picked":"LikeWater","floor":11},{"not_picked":["SashWhip","EmptyFist"],"picked":"Omniscience","floor":14}],"player_experience":676142,"relics_obtained":[{"floor":7,"key":"Thread and Needle"},{"floor":12,"key":"Odd Mushroom"}],"event_choices":[{"damage_healed":0,"gold_gain":0,"player_choice":"Fought Mushrooms","damage_taken":0,"max_hp_gain":0,"max_hp_loss":0,"event_name":"Mushrooms","floor":12,"gold_loss":0},{"damage_healed":0,"gold_gain":0,"player_choice":"Upgraded","damage_taken":0,"max_hp_gain":0,"max_hp_loss":0,"event_name":"Upgrade Shrine","floor":13,"gold_loss":0,"cards_upgraded":["LikeWater"]}],"is_beta":false,"boss_relics":[],"items_purged_floors":[],"is_endless":false,"potions_floor_spawned":[5,12],"killed_by":"Fading Forest","ascension_level":1}}