{"host":"xcuflocadasoaqda","time":1607534887,"event":{"gold_per_floor":[118,193,205,205,7,7,21,54,54,54,85,104,104,134,134,211,211,223,237,237,237,250,250,295,130,206,55,25,45,45,72,72,150,150,169,181,181,194,210,210,220,220,220],"floor_reached":42,"playtime":2148,"items_purged":["Decay"],"score":1062,"play_id":"d30a13af-e1e5-47f3-aaaa-35fbef42829c","local_time":"20201209112807","is_ascension_mode":true,"campfire_choices":[{"data":"Noxious Fumes","floor":6,"key":"SMITH"},{"data":"Underhanded Strike","floor":10,"key":"SMITH"},{"floor":15,"key":"REST"},{"floor":23,"key":"REST"},{"floor":30,"key":"REST"},{"floor":32,"key":"REST"},{"data":"Accuracy","floor":40,"key":"SMITH"}],"neow_cost":"NONE","seed_source_timestamp":-5114453752180222586,"circlet_count":0,"master_deck":["AscendersBane","Strike_G","Strike_G","Strike_G","Strike_G","Strike_G","Defend_G","Defend_G","Defend_G","Survivor","Neutralize","Backflip","Quick Slash","Noxious Fumes+1","Underhanded Strike+1","Blade Dance+1","Finisher+1","Terror","Corpse Explosion","PiercingWail","PiercingWail","Cloak And Dagger","Acrobatics+1","Accuracy+1","Dash+1","Malaise","Well Laid Plans","Finisher+1","Backflip"],"relics":["Snecko Eye","Bottled Lightning","Bottled Tornado","Akabeko","Pen Nib","Cursed Key","Regal Pillow","TwistedFunnel","Molten Egg 2","PreservedInsect","Sozu"],"potions_floor_usage":[8,11,11,14,24,33,33,42],"damage_taken":[{"damage":1,"enemies":"Small Slimes","floor":1,"turns":5},{"damage":0,"enemies":"2 Louse","floor":3,"turns":4},{"damage":1,"enemies":"Cultist","floor":7,"turns":4},{"damage":17,"enemies":"3 Sentries","floor":8,"turns":6},{"damage":9,"enemies":"Gremlin Nob","floor":11,"turns":4},{"damage":0,"enemies":"3 Louse","floor":12,"turns":3},{"damage":7,"enemies":"3 Sentries","floor":14,"turns":4},{"damage":0,"enemies":"Slime Boss","floor":16,"turns":3},{"damage":18,"enemies":"Spheric Guardian","floor":18,"turns":5},{"damage":7,"enemies":"3 Byrds","floor":19,"turns":4},{"damage":24,"enemies":"Snake Plant","floor":22,"turns":4},{"damage":6,"enemies":"Slavers","floor":24,"turns":5},{"damage":11,"enemies":"Snecko","floor":29,"turns":4},{"damage":32,"enemies":"Gremlin Leader","floor":31,"turns":6},{"damage":52,"enemies":"Collector","floor":33,"turns":7},{"damage":0,"enemies":"Orb Walker","floor":35,"turns":3},{"damage":0,"enemies":"3 Darklings","floor":36,"turns":2},{"damage":0,"enemies":"4 Shapes","floor":38,"turns":4},{"damage":14,"enemies":"Jaw Worm Horde","floor":39,"turns":2},{"damage":4,"enemies":"Writhing Mass","floor":41,"turns":5},{"damage":43,"enemies":"Nemesis","floor":42,"turns":4}],"seed_played":"-3350421745474923436","potions_obtained":[{"floor":7,"key":"Fruit Juice"},{"floor":8,"key":"DistilledChaos"},{"floor":12,"key":"ColorlessPotion"},{"floor":16,"key":"ColorlessPotion"},{"floor":22,"key":"SpeedPotion"},{"floor":28,"key":"Ancient Potion"},{"floor":33,"key":"GamblersBrew"}],"is_trial":false,"path_per_floor":["M","?","M","?","$","R","M","E","T","R","E","M","?","E","R","B",null,"M","M","?","?","M","R","E","$","T","$","?","M","R","E","R","B",null,"M","M","?","M","M","R","M","E"],"character_chosen":"THE_SILENT","items_purchased":["Noxious Fumes","GhostInAJar","TwistedFunnel","Accuracy"],"campfire_rested":4,"item_purchase_floors":[5,5,25,27],"current_hp_per_floor":[58,47,47,40,40,40,39,27,27,27,18,18,18,11,32,32,61,43,36,36,36,12,33,27,27,27,27,27,16,52,20,56,4,54,54,54,54,54,40,40,36,0,0],"gold":220,"neow_bonus":"BOSS_RELIC","is_prod":false,"is_daily":false,"chose_seed":false,"campfire_upgraded":3,"win_rate":0,"timestamp":1607534887,"path_taken":["M","?","M","?","$","R","M","E","T","R","E","M","?","E","R","BOSS","M","M","?","?","?","R","E","$","T","$","?","M","R","E","R","BOSS","M","M","?","M","M","R","M","E"],"build_version":"2020-11-30","purchased_purges":1,"victory":false,"max_hp_per_floor":[66,66,66,66,66,66,66,71,71,71,71,71,71,71,71,71,71,71,71,71,71,71,71,71,71,71,71,71,71,71,71,71,71,71,71,71,71,71,71,71,71,71,71],"relic_stats":{"Sozu":3,"Regal Pillow":30,"counters":[21,88],"Snecko Eye":[172,159,148,183],"Pen Nib":[16],"PreservedInsect":50,"Cursed Key":1,"obtain_stats":[{"TwistedFunnel":25,"Sozu":34,"Regal Pillow":24,"Snecko Eye":0,"Molten Egg 2":26,"Pen Nib":14,"PreservedInsect":31,"Bottled Lightning":8,"Bottled Tornado":9,"Cursed Key":17,"Akabeko":11,"Ring of the Snake":0},{"TwistedFunnel":12,"Sozu":15,"Regal Pillow":12,"Snecko Eye":0,"Molten Egg 2":12,"Pen Nib":7,"PreservedInsect":14,"Bottled Lightning":4,"Bottled Tornado":4,"Cursed Key":8,"Akabeko":5,"Ring of the Snake":0},{"TwistedFunnel":51,"Sozu":68,"Regal Pillow":51,"Snecko Eye":0,"Molten Egg 2":51,"Pen Nib":30,"PreservedInsect":61,"Bottled Lightning":19,"Bottled Tornado":19,"Cursed Key":33,"Akabeko":23,"Ring of the Snake":0}]},"card_choices":[{"not_picked":["Flying Knee","Cloak And Dagger"],"picked":"Backflip","floor":1},{"not_picked":["Slice","Backflip"],"picked":"Quick Slash","floor":3},{"not_picked":["Well Laid Plans","Cloak And Dagger"],"picked":"Underhanded Strike","floor":7},{"not_picked":["Slice","Heel Hook"],"picked":"Blade Dance","floor":8},{"not_picked":["Well Laid Plans","Tools of the Trade"],"picked":"Finisher","floor":11},{"not_picked":["Underhanded Strike","Dagger Spray","Prepared"],"picked":"SKIP","floor":12},{"not_picked":["Calculated Gamble","Acrobatics"],"picked":"Terror","floor":14},{"not_picked":["Tools of the Trade","Glass Knife"],"picked":"Corpse Explosion","floor":16},{"not_picked":["Underhanded Strike","Blade Dance"],"picked":"PiercingWail","floor":18},{"not_picked":["Flying Knee","Dagger Throw"],"picked":"PiercingWail","floor":19},{"not_picked":["Poisoned Stab","Bane"],"picked":"Cloak And Dagger","floor":22},{"not_picked":["Riddle With Holes+1","PiercingWail"],"picked":"Acrobatics+1","floor":24},{"not_picked":["Heel Hook+1","Escape Plan","Noxious Fumes+1"],"picked":"SKIP","floor":29},{"not_picked":["Quick Slash+1","Expertise"],"picked":"Dash+1","floor":31},{"not_picked":["Storm of Steel","Phantasmal Killer"],"picked":"Malaise","floor":33},{"not_picked":["Sucker Punch+1","Bane+1","Dagger Spray+1"],"picked":"SKIP","floor":35},{"not_picked":["Slice+1","Infinite Blades"],"picked":"Well Laid Plans","floor":36},{"not_picked":["Dagger Spray+1","Deflect","Flying Knee+1"],"picked":"SKIP","floor":38},{"not_picked":["Slice+1","Flying Knee+1"],"picked":"Finisher+1","floor":39},{"not_picked":["Catalyst","Prepared"],"picked":"Backflip","floor":41}],"player_experience":1669747,"relics_obtained":[{"floor":8,"key":"Bottled Lightning"},{"floor":9,"key":"Bottled Tornado"},{"floor":11,"key":"Akabeko"},{"floor":14,"key":"Pen Nib"},{"floor":24,"key":"Regal Pillow"},{"floor":26,"key":"Molten Egg 2"},{"floor":31,"key":"PreservedInsect"}],"event_choices":[{"damage_healed":0,"gold_gain":75,"player_choice":"Gather Gold","damage_taken":11,"max_hp_gain":0,"max_hp_loss":0,"event_name":"World of Goop","floor":2,"gold_loss":0},{"cards_removed":["Defend_G"],"damage_healed":0,"gold_gain":0,"player_choice":"Card Removal","damage_taken":7,"max_hp_gain":0,"max_hp_loss":0,"event_name":"Golden Wing","floor":4,"gold_loss":0},{"damage_healed":0,"gold_gain":0,"player_choice":"Upgraded","damage_taken":0,"max_hp_gain":0,"max_hp_loss":0,"event_name":"Upgrade Shrine","floor":13,"gold_loss":0,"cards_upgraded":["Blade Dance"]},{"damage_healed":0,"gold_gain":0,"player_choice":"Ignored","damage_taken":0,"max_hp_gain":0,"max_hp_loss":0,"event_name":"The Mausoleum","floor":20,"gold_loss":0},{"damage_healed":0,"gold_gain":0,"player_choice":"Upgraded","damage_taken":0,"max_hp_gain":0,"max_hp_loss":0,"event_name":"Upgrade Shrine","floor":21,"gold_loss":0,"cards_upgraded":["Finisher"]},{"damage_healed":0,"gold_gain":0,"player_choice":"Bought 2 Potions","damage_taken":0,"max_hp_gain":0,"max_hp_loss":0,"event_name":"The Woman in Blue","floor":28,"gold_loss":0},{"cards_removed":["Defend_G"],"damage_healed":0,"gold_gain":0,"player_choice":"Removed Skill","damage_taken":0,"max_hp_gain":0,"max_hp_loss":0,"event_name":"Falling","floor":37,"gold_loss":0}],"is_beta":false,"boss_relics":[{"not_picked":["Empty Cage","Runic Pyramid"],"picked":"Cursed Key"},{"not_picked":["Busted Crown","Philosopher\u0027s Stone"],"picked":"Sozu"}],"items_purged_floors":[27],"is_endless":false,"potions_floor_spawned":[7,8,12,16,22,29,33,35,38,41],"killed_by":"Nemesis","ascension_level":20}}