{"host":"79pwvnyrdes6uj7k","time":1607550468,"event":{"gold_per_floor":[99,99,134,134,34,64,64,64,64,64,78,108,127,144,160,258,258,258,277,277,277,316,316,316],"floor_reached":23,"playtime":2595,"items_purged":[],"score":249,"play_id":"5c9d0c8f-becc-4f16-9646-9bb1201a0071","local_time":"20201209154748","is_ascension_mode":false,"campfire_choices":[{"data":"sneckomod:Unknown","floor":1.0,"key":"SMITH"},{"data":"sneckomod:UnknownClassPOKER_PLAYER_GRAY","floor":4.0,"key":"SMITH"},{"floor":10,"key":"RECALL"},{"data":"sneckomod:SnekBeam","floor":18,"key":"SMITH"}],"neow_cost":"NONE","seed_source_timestamp":0,"circlet_count":0,"master_deck":["sneckomod:Strike","sneckomod:Strike","sneckomod:Defend","sneckomod:Defend","sneckomod:SnekBite","sneckomod:Unknown+1","sneckomod:Unknown","sneckomod:UnknownBlock","sneckomod:UnknownClassPOKER_PLAYER_GRAY+1","sneckomod:UnknownStrike","sneckomod:UnknownClassWORDO_MOD_COLOR","sneckomod:UnknownClassCHRONO_GOLD","sneckomod:UnknownUncommonPower","sneckomod:UnknownClassRUNESMITH_BEIGE","sneckomod:Unknown0Cost","sneckomod:ImprovisedAttack","sneckomod:SnekBeam+1","sneckomod:IronFang","sneckomod:MorePower","sneckomod:UnknownRarePower+1","sneckomod:UnknownRareAttack","sneckomod:UnknownUncommonSkill+1","sneckomod:UnknownClassPOKER_PLAYER_GRAY+1","sneckomod:SoulDraw+1","sneckomod:UnknownUncommonPower+1","sneckomod:UnknownClassPOKER_PLAYER_GRAY","Pain","sneckomod:UnknownClassGUARDIAN+1","sneckomod:UnknownStrike+1"],"special_seed":0,"relics":["sneckomod:SneckoSoul","downfall:HeartsMalice","Nunchaku","Runesmith:AutoHammer","hubris:Icosahedron","Astrolabe","hubris:Towel","WarpedTongs"],"potions_floor_usage":[14,15,15,16,16],"damage_taken":[{"damage":0.0,"enemies":"2 Louse","floor":2.0,"turns":1.0},{"damage":0.0,"enemies":"Lagavulin","floor":3.0,"turns":1.0},{"damage":0,"enemies":"downfall:FleeingMerchant","floor":5,"turns":4},{"damage":6,"enemies":"Replay:BlueRogue","floor":6,"turns":8},{"damage":18,"enemies":"Jaw Worm","floor":11,"turns":4},{"damage":0,"enemies":"Cultist","floor":12,"turns":2},{"damage":26,"enemies":"Gremlin Gang","floor":13,"turns":5},{"damage":4,"enemies":"2 Fungi Beasts","floor":14,"turns":3},{"damage":10,"enemies":"Exordium Wildlife","floor":15,"turns":4},{"damage":4,"enemies":"downfall:CharBossWatcher","floor":16,"turns":6},{"damage":49,"enemies":"theJungle:GiantWrat","floor":19,"turns":8},{"damage":15,"enemies":"theJungle:5_Spyders","floor":22,"turns":5},{"damage":47,"enemies":"theJungle:JungleHuntersEncounter","floor":23,"turns":5}],"seed_played":"-6994713289331147078","potions_obtained":[{"floor":3.0,"key":"SpeedPotion"},{"floor":11,"key":"Adrenaline Potion"},{"floor":12,"key":"SteroidPotion"},{"floor":15,"key":"DuplicationPotion"},{"floor":19,"key":"Languid Potion"}],"is_trial":false,"path_per_floor":["R","M","E","R","$","E","T","?","?","R","M","M","M","M","M","B",null,"R","M","?","?","M","M"],"character_chosen":"THE_SNECKO","items_purchased":["sneckomod:UnknownStrike","sneckomod:UnknownClassWORDO_MOD_COLOR"],"campfire_rested":0,"item_purchase_floors":[5,5],"current_hp_per_floor":[90,91,92,92,94,89,89,89,89,89,72,73,48,44,34,32,102,102,55,55,55,42,0,0],"gold":316,"neow_bonus":"THREE_ENEMY_KILL","is_prod":false,"is_daily":false,"chose_seed":false,"campfire_upgraded":3,"win_rate":0.0,"timestamp":1607550468,"path_taken":["R","M","E","R","$","E","T","?","?","R","?","M","M","?","M","BOSS","R","M","?","?","?","M"],"build_version":"2020-11-30","purchased_purges":0,"victory":false,"max_hp_per_floor":[90,91,92,92,94,95,95,95,95,95,96,97,98,98,98,100,102,102,104,104,104,106,106,106],"card_choices":[{"not_picked":["sneckomod:QuickMove","sneckomod:UnknownVulnerable"],"picked":"sneckomod:UnknownBlock","floor":2.0},{"not_picked":["sneckomod:UnknownCommonAttack","sneckomod:RainOfDice"],"picked":"sneckomod:UnknownClassPOKER_PLAYER_GRAY","floor":3.0},{"not_picked":["sneckomod:UnknownVulnerable","sneckomod:DiceBoulder"],"picked":"sneckomod:UnknownClassCHRONO_GOLD","floor":6},{"not_picked":["sneckomod:SerpentIdol","sneckomod:SlitherStrike"],"picked":"sneckomod:UnknownUncommonPower","floor":11},{"not_picked":["sneckomod:UnknownBlock","sneckomod:UnknownStrike"],"picked":"sneckomod:UnknownClassRUNESMITH_BEIGE","floor":12},{"not_picked":["sneckomod:Unknown1Cost","sneckomod:Unknown2Cost"],"picked":"sneckomod:Unknown0Cost","floor":13},{"not_picked":["sneckomod:Unknown2Cost","sneckomod:SoulDraw"],"picked":"sneckomod:ImprovisedAttack","floor":13},{"not_picked":["sneckomod:UnknownBlock","sneckomod:Unknown1Cost"],"picked":"sneckomod:SnekBeam","floor":14},{"not_picked":["sneckomod:SoulCleanse","sneckomod:SoulRoll"],"picked":"sneckomod:IronFang","floor":14},{"not_picked":["sneckomod:UnknownClassGREEN","sneckomod:UnknownVulnerable"],"picked":"sneckomod:MorePower","floor":15},{"not_picked":["sneckomod:UnknownRareSkill+1","sneckomod:UnknownX+1"],"picked":"sneckomod:UnknownRarePower+1","floor":16},{"not_picked":["sneckomod:UnknownRareSkill","sneckomod:SoulExchange"],"picked":"sneckomod:UnknownRareAttack","floor":16},{"not_picked":["sneckomod:UnknownClassGREEN+1","sneckomod:Unknown1Cost+1"],"picked":"sneckomod:UnknownUncommonPower+1","floor":19},{"not_picked":["sneckomod:UnknownClassGREEN","sneckomod:Unknown2Cost+1"],"picked":"sneckomod:UnknownClassPOKER_PLAYER_GRAY","floor":19},{"not_picked":["sneckomod:UnknownClassTHE_CURSED_PURPLE+1","sneckomod:Unknown3Cost+1"],"picked":"sneckomod:UnknownClassGUARDIAN+1","floor":22},{"not_picked":["sneckomod:SoulRoll","sneckomod:UnknownClassGUARDIAN"],"picked":"sneckomod:UnknownStrike+1","floor":22}],"player_experience":282772,"relics_obtained":[{"floor":3.0,"key":"Nunchaku"},{"floor":6,"key":"Runesmith:AutoHammer"}],"event_choices":[{"damage_healed":0,"gold_gain":0,"player_choice":"Ignored","damage_taken":0,"max_hp_gain":0,"max_hp_loss":0,"event_name":"NoteForYourself","floor":9,"gold_loss":0},{"damage_healed":0,"gold_gain":0,"player_choice":"Rummage","damage_taken":0,"relics_obtained":["WarpedTongs"],"max_hp_gain":0,"max_hp_loss":0,"event_name":"Accursed Blacksmith","floor":21,"gold_loss":0,"cards_obtained":["Pain"]}],"is_beta":false,"boss_relics":[{"not_picked":["Runesmith:UraniumAnvil","Velvet Choker"],"picked":"Astrolabe"}],"items_purged_floors":[],"is_endless":false,"potions_floor_spawned":[3,11,12,13,15,19],"killed_by":"theJungle:JungleHuntersEncounter","ascension_level":0}}