{"host":"i98650m3tufgrrto","time":1607499831,"event":{"gold_per_floor":[138,138,153,153,153,179,179,179,179],"floor_reached":8,"playtime":213,"items_purged":[],"score":158,"play_id":"510b34c6-e8de-47e2-b740-3b83d89a1b35","local_time":"20201209154351","is_ascension_mode":true,"campfire_choices":[{"data":"Observe_purple_2","floor":7,"key":"SMITH"}],"neow_cost":"NONE","seed_source_timestamp":47887938934400,"circlet_count":0,"master_deck":["AscendersBane","AT_purpleEX","AT_purpleEX","AT_purpleEX","Defend_purpleEX","Defend_purpleEX","Defend_purpleEX","Defend_purpleEX","Observe_purple_1+1","Observe_purple_2+1","MeetDecomposer_purple+1","WangLiang_OokamiKakushi_purple","CommonSense_AntiCommonSense_purple"],"relics":["Boundary_crack","Memoryfragments_purpleEX","NeowsBlessing","Regal Pillow"],"potions_floor_usage":[8],"damage_taken":[{"damage":0,"enemies":"Cultist","floor":1,"turns":1},{"damage":0,"enemies":"2 Louse","floor":3,"turns":2},{"damage":12,"enemies":"Lagavulin","floor":6,"turns":2},{"damage":30,"enemies":"3 Sentries","floor":8,"turns":8}],"seed_played":"-6790750567142029182","potions_obtained":[{"floor":3,"key":"Block Potion"}],"is_trial":false,"path_per_floor":["M","?","M","?","?","E","R","E"],"character_chosen":"Youkari","items_purchased":[],"campfire_rested":0,"item_purchase_floors":[],"current_hp_per_floor":[59,39,39,39,39,27,27,0,0],"gold":179,"neow_bonus":"THREE_ENEMY_KILL","is_prod":false,"is_daily":false,"chose_seed":false,"campfire_upgraded":1,"win_rate":0,"timestamp":1607499831,"path_taken":["M","?","M","?","?","E","R","E"],"build_version":"2020-11-30","purchased_purges":0,"victory":false,"max_hp_per_floor":[65,65,65,65,65,65,65,65,65],"card_choices":[{"not_picked":["StateErode_purple","OmniscientAndOmnipotent_Monster_purple"],"picked":"MeetDecomposer_purple","floor":1},{"not_picked":["PurpleNeedle_purple","Worldmountain_purple","SharpContractionReality_purple"],"picked":"SKIP","floor":3},{"not_picked":["AdvanceAttack_purple","Theboundaryofcreation_purpleEX"],"picked":"CommonSense_AntiCommonSense_purple","floor":6}],"player_experience":1175046,"relics_obtained":[{"floor":6,"key":"Regal Pillow"}],"event_choices":[{"damage_healed":0,"gold_gain":0,"player_choice":"Entered Light","damage_taken":20,"max_hp_gain":0,"max_hp_loss":0,"event_name":"Shining Light","floor":2,"gold_loss":0,"cards_upgraded":["MeetDecomposer_purple","Observe_purple_1"]},{"damage_healed":0,"gold_gain":0,"cards_transformed":["AT_purpleEX"],"player_choice":"Change","damage_taken":0,"max_hp_gain":0,"max_hp_loss":0,"event_name":"Living Wall","floor":5,"gold_loss":0,"cards_obtained":["WangLiang_OokamiKakushi_purple"]}],"is_beta":false,"boss_relics":[],"items_purged_floors":[],"is_endless":false,"potions_floor_spawned":[3],"killed_by":"3 Sentries","ascension_level":20}}