{"host":"yllrlz30c75z9571","time":1607550221,"event":{"gold_per_floor":[109,126,137,52,68,95,95,95,126,161,179,194,209,226,226,330,330,340,360,374,387,407,407,432,432,468,468,468,468,468],"floor_reached":29,"playtime":2094,"items_purged":[],"score":361,"play_id":"c88e37fb-0ab6-4373-b71e-b9b5808b68e0","local_time":"20201209214341","is_ascension_mode":false,"campfire_choices":[{"floor":7,"key":"REST"},{"data":"Runesmith:CraftFirestone","floor":15,"key":"SMITH"},{"floor":23,"key":"REST"},{"floor":25,"key":"REST"},{"floor":28,"key":"REST"}],"neow_cost":"NONE","seed_source_timestamp":470436913204200,"circlet_count":0,"master_deck":["Runesmith:Strike_RS","Runesmith:Strike_RS","Runesmith:Strike_RS","Runesmith:Strike_RS","Runesmith:Defend_RS","Runesmith:Defend_RS","Runesmith:Defend_RS","Runesmith:Defend_RS","Runesmith:CraftFirestone+1","Runesmith:Fortify","Runesmith:CraftIncendium","Runesmith:CraftMedicinae","Runesmith:Superposition","Runesmith:PoweredAnvil","Clothesline","Runesmith:CraftIncendium","Runesmith:EarthShield","Enlightenment","Runesmith:EnergizedChisel","Runesmith:EnergizedChisel","Runesmith:Grindstone","Runesmith:EarthShield","Runesmith:HeatedChisel","Demon Form","ReplayTheSpireMod:Restless Dread","MadScienceMod:PoweredStrike","Runesmith:CraftPrismatica","Replay:SS_hec_4","infinitespire:Punishment","Runesmith:Terraform","Runesmith:FieryHammer","Runesmith:HeatExchange","Runesmith:RuneHurl","Runesmith:LithiumIon","Runesmith:MetallurgicalResearch","Runesmith:FieryHammer+1"],"relics":["Runesmith:BrokenRuby","HushsDoor","aspiration:Nostalgia","m_CorellonBlood","Leech","hubris:Potato","hubris:64BitClover","ReplayTheSpireMod:SealedPack","infinitespire:ShieldingShard","Matryoshka","infinitespire:Lucky Rock"],"potions_floor_usage":[11,16,16],"damage_taken":[{"damage":0,"enemies":"Small Slimes","floor":1,"turns":3},{"damage":0,"enemies":"Cultist","floor":2,"turns":3},{"damage":0,"enemies":"conspire:RoseBush","floor":3,"turns":2},{"damage":6,"enemies":"Blue Slaver","floor":5,"turns":3},{"damage":0,"enemies":"HollowMod:MossKnight","floor":6,"turns":4},{"damage":0,"enemies":"Looter","floor":9,"turns":4},{"damage":0,"enemies":"Replay:BlueRogue","floor":10,"turns":5},{"damage":0,"enemies":"Looter","floor":11,"turns":3},{"damage":4,"enemies":"2 Fungi Beasts","floor":12,"turns":3},{"damage":0,"enemies":"Blue Slaver","floor":13,"turns":3},{"damage":0,"enemies":"conspire:2 RoseBushes","floor":14,"turns":4},{"damage":15,"enemies":"Hexaghost","floor":16,"turns":9},{"damage":0,"enemies":"3 Byrds","floor":18,"turns":5},{"damage":1,"enemies":"Snecko","floor":19,"turns":3},{"damage":0,"enemies":"Cultist and Chosen","floor":20,"turns":4},{"damage":17,"enemies":"Centurion and Healer","floor":21,"turns":7},{"damage":33,"enemies":"Snecko","floor":22,"turns":7},{"damage":50,"enemies":"Nightmare","floor":24,"turns":8},{"damage":0,"enemies":"conspire:HollyBat","floor":26,"turns":5},{"damage":54,"enemies":"Slavers","floor":29,"turns":3}],"seed_played":"5916514754731702193","potions_obtained":[{"floor":1,"key":"Elixir"},{"floor":2,"key":"Elixir"},{"floor":5,"key":"Block Potion"},{"floor":11,"key":"Weak Potion"},{"floor":12,"key":"LiquidBronze"},{"floor":16,"key":"Elixir"},{"floor":20,"key":"Dexterity Potion"}],"is_trial":false,"path_per_floor":["M","M","M","$","M","E","R","?","MIM","E","M","M","M","M","R","B",null,"M","M","M","M","M","R","NM","R","MIM","?","R","E"],"character_chosen":"RUNESMITH_CLASS","items_purchased":["Runesmith:PoweredAnvil","Clothesline"],"campfire_rested":4,"item_purchase_floors":[4,4],"current_hp_per_floor":[70,70,70,70,65,69,70,70,70,70,70,67,70,70,70,62,70,70,70,70,59,32,53,13,34,38,23,44,0,0],"gold":468,"neow_bonus":"NOSTALGIA","is_prod":false,"is_daily":false,"chose_seed":false,"campfire_upgraded":1,"win_rate":0.0,"timestamp":1607550221,"path_taken":["M","M","M","$","M","E","R","?","MIM","E","M","M","M","M","R","BOSS","M","M","M","M","M","R","NM","R","MIM","?","R","E"],"build_version":"2020-11-30","purchased_purges":0,"victory":false,"max_hp_per_floor":[70,70,70,70,70,70,70,70,70,70,70,70,70,70,70,70,70,70,70,70,70,70,70,70,70,70,70,70,70,70],"card_choices":[{"not_picked":[],"picked":"EpicFetus","floor":0},{"not_picked":["Runesmith:ChargedHammer","Runesmith:UnstableHammer"],"picked":"Runesmith:CraftIncendium","floor":1},{"not_picked":["Runesmith:CraftMagma","Runesmith:RuneHurl"],"picked":"Runesmith:CraftMedicinae","floor":2},{"not_picked":["Runesmith:CraftProtectio","Runesmith:BackupBattery"],"picked":"Runesmith:Superposition","floor":3},{"not_picked":["Runesmith:UnlimitedPower","Runesmith:LithiumIon"],"picked":"Runesmith:CraftIncendium","floor":5},{"not_picked":["Runesmith:BackupBattery","Runesmith:Accelerate"],"picked":"Runesmith:EarthShield","floor":6},{"not_picked":["Runesmith:CraftProtectio","ReplayTheSpireMod:Limb From Limb"],"picked":"Runesmith:EnergizedChisel","floor":9},{"not_picked":["Thunderclap","Pummel"],"picked":"Runesmith:EnergizedChisel","floor":10},{"not_picked":["Runesmith:UnlimitedPower","Runesmith:ShiftingStrike","Runesmith:Overpower"],"picked":"SKIP","floor":11},{"not_picked":["aspiration:UnbridledHammer","Flex"],"picked":"Runesmith:Grindstone","floor":12},{"not_picked":["ReplayTheSpireMod:Limb From Limb","Runesmith:Permafrost"],"picked":"Runesmith:EarthShield","floor":13},{"not_picked":["Runesmith:RuneHurl","Pummel"],"picked":"Runesmith:HeatedChisel","floor":14},{"not_picked":["Runesmith:GenerateForcefield","Runesmith:Duplicate"],"picked":"Demon Form","floor":16},{"not_picked":["Dualcast","stsjorbsmod:FreshAdventure"],"picked":"MadScienceMod:PoweredStrike","floor":17},{"not_picked":["Runesmith:DuctTape","Runesmith:UnlimitedPower"],"picked":"Runesmith:CraftPrismatica","floor":17},{"not_picked":["Survey Options","expansioncontent:PrepareCrush"],"picked":"Replay:SS_hec_4","floor":17},{"not_picked":["ReplayTheSpireMod:Book of Names","infinitespire:DeathsTouch"],"picked":"infinitespire:Punishment","floor":17},{"not_picked":["Runesmith:HammerTime","Runesmith:HammerThrow"],"picked":"Runesmith:Terraform","floor":18},{"not_picked":["Runesmith:PoweredAnvil","Runesmith:HeatedChisel+1"],"picked":"Runesmith:FieryHammer","floor":19},{"not_picked":["Runesmith:Grindstone","Runesmith:RunicBlueprint"],"picked":"Runesmith:HeatExchange","floor":20},{"not_picked":["Runesmith:CraftReservo","Runesmith:UnstableHammer"],"picked":"Runesmith:RuneHurl","floor":21},{"not_picked":["Runesmith:EarthShield","Runesmith:CraftIncendium"],"picked":"Runesmith:LithiumIon","floor":22},{"not_picked":["Runesmith:Prism","Runesmith:CraftMedicinae"],"picked":"Runesmith:MetallurgicalResearch","floor":24},{"not_picked":["Runesmith:CraftReservo","Runesmith:ShiftingStrike"],"picked":"Runesmith:FieryHammer+1","floor":26}],"player_experience":94898,"relics_obtained":[{"floor":6,"key":"hubris:Potato"},{"floor":10,"key":"hubris:64BitClover"},{"floor":24,"key":"infinitespire:ShieldingShard"},{"floor":26,"key":"Matryoshka"}],"event_choices":[{"damage_healed":0,"gold_gain":0,"cards_transformed":["EpicFetus"],"player_choice":"Transformed","damage_taken":0,"max_hp_gain":0,"max_hp_loss":0,"event_name":"Transmorgrifier","floor":8,"gold_loss":0,"cards_obtained":["Enlightenment"]}],"is_beta":false,"boss_relics":[{"not_picked":["Empty Cage","Honey Jar"],"picked":"ReplayTheSpireMod:SealedPack"},{"not_picked":[]}],"items_purged_floors":[],"is_endless":false,"potions_floor_spawned":[1,2,5,11,12,13,16,19,20],"killed_by":"Slavers","ascension_level":0}}