{"host":"tgr1xoidyjfo4u0n","time":1607488188,"event":{"gold_per_floor":[118,136,156,2,15,45,45,62,62,82,82,108,108,128,128,128,128],"floor_reached":16,"playtime":894,"items_purged":["Strike_R"],"score":139,"play_id":"70aca928-bfb9-44bf-b35e-61acf7dff246","local_time":"20201209122948","is_ascension_mode":false,"campfire_choices":[{"data":"Berserk","floor":7.0,"key":"SMITH"},{"data":"Dark Embrace","floor":13,"key":"SMITH"},{"data":"Body Slam","floor":15,"key":"SMITH"}],"neow_cost":"PERCENT_DAMAGE","seed_source_timestamp":8526170758900,"circlet_count":0,"master_deck":["Strike_R+1","Strike_R+1","Defend_R","Defend_R","Defend_R","Defend_R","Bash","Battle Trance","Immolate","Infernal Blade","Berserk+1","Ghostly Armor","Sever Soul","Burning Pact","Wild Strike","Burning Pact","Pommel Strike","Dark Embrace+1","Body Slam+1"],"special_seed":0,"relics":["Burning Blood","Whetstone","HornCleat","Smiling Mask","Torii"],"potions_floor_usage":[],"damage_taken":[{"damage":2.0,"enemies":"Small Slimes","floor":1.0,"turns":3.0},{"damage":0.0,"enemies":"Cultist","floor":2.0,"turns":3.0},{"damage":0.0,"enemies":"2 Louse","floor":3.0,"turns":1.0},{"damage":2.0,"enemies":"Exordium Wildlife","floor":5.0,"turns":2.0},{"damage":46.0,"enemies":"Lagavulin","floor":6.0,"turns":8.0},{"damage":12,"enemies":"Large Slime","floor":8,"turns":5},{"damage":0,"enemies":"3 Louse","floor":10,"turns":1},{"damage":0,"enemies":"3 Sentries","floor":12,"turns":4},{"damage":1,"enemies":"2 Fungi Beasts","floor":14,"turns":3},{"damage":35,"enemies":"The Guardian","floor":16,"turns":9}],"seed_played":"-6447052378549603525","potions_obtained":[{"floor":1.0,"key":"Weak Potion"},{"floor":8,"key":"AttackPotion"},{"floor":10,"key":"PowerPotion"},{"floor":12,"key":"SpeedPotion"},{"floor":14,"key":"Fire Potion"}],"is_trial":false,"path_per_floor":["M","M","M","$","M","E","R","M","T","M","?","E","R","M","R","B"],"character_chosen":"IRONCLAD","items_purchased":["Sever Soul"],"campfire_rested":0,"item_purchase_floors":[4],"current_hp_per_floor":[60,66,72,72,76,36,36,30,30,36,36,42,42,47,47,12,12],"gold":128,"neow_bonus":"TRANSFORM_TWO_CARDS","is_prod":false,"is_daily":false,"chose_seed":false,"campfire_upgraded":3,"win_rate":0,"timestamp":1607488188,"path_taken":["M","M","M","$","M","E","R","M","T","M","?","E","R","M","R","BOSS"],"build_version":"2020-11-30","purchased_purges":1,"victory":false,"max_hp_per_floor":[80,80,80,80,80,80,80,80,80,80,80,80,80,80,80,80,80],"card_choices":[{"not_picked":["Wild Strike","Warcry"],"picked":"Infernal Blade","floor":1.0},{"not_picked":["Cleave","Iron Wave"],"picked":"Berserk","floor":2.0},{"not_picked":["Thunderclap","Headbutt"],"picked":"Ghostly Armor","floor":3.0},{"not_picked":["Twin Strike","Flame Barrier"],"picked":"Burning Pact","floor":5.0},{"not_picked":["Anger","Thunderclap"],"picked":"Wild Strike","floor":6.0},{"not_picked":["Hemokinesis","Infernal Blade"],"picked":"Burning Pact","floor":8},{"not_picked":["Rampage","Clothesline"],"picked":"Pommel Strike","floor":10},{"not_picked":["Shockwave","Twin Strike"],"picked":"Dark Embrace","floor":12},{"not_picked":["Thunderclap","Sword Boomerang"],"picked":"Body Slam","floor":14}],"player_experience":289760,"relics_obtained":[{"floor":6.0,"key":"Whetstone"},{"floor":9,"key":"HornCleat"},{"floor":12,"key":"Torii"}],"event_choices":[{"damage_healed":0,"gold_gain":0,"player_choice":"Gave Potion","damage_taken":0,"relics_obtained":["Smiling Mask"],"max_hp_gain":0,"max_hp_loss":0,"event_name":"WeMeetAgain","floor":11,"gold_loss":0}],"is_beta":false,"boss_relics":[],"items_purged_floors":[4],"is_endless":false,"potions_floor_spawned":[1,8,10,12,14],"killed_by":"The Guardian","ascension_level":0}}