{"host":"dekhxjxhillho72f","time":1607548679,"event":{"gold_per_floor":[113,132,143,160,177,177,177,189,189,154,189,189,206,224,224,323,323,263,263,263,263,263,263,263,263,263,263,263,263,263,263,263,263,263,263,0,0,0,0,0,0,0,0,0,0,0,0,0,0,0,0],"floor_reached":50,"playtime":2771,"items_purged":[],"score":484,"play_id":"ecc93031-f36b-4ebb-b33a-e0ffbb093bb5","local_time":"20201209221759","is_ascension_mode":false,"campfire_choices":[{"data":"hermit:Showdown","floor":6,"key":"SMITH"},{"data":"hermit:BodyArmor","floor":12,"key":"SMITH"},{"data":"hermit:Quickdraw","floor":15,"key":"SMITH"},{"data":"hermit:HighNoon","floor":23,"key":"SMITH"},{"data":"hermit:Glare","floor":25,"key":"SMITH"},{"floor":32,"key":"REST"},{"data":"hermit:HighCaliber","floor":41,"key":"SMITH"},{"floor":49,"key":"REST"}],"neow_cost":"NONE","seed_source_timestamp":22982560853264,"circlet_count":0,"master_deck":["hermit:Strike_Hermit+1","hermit:Strike_Hermit+1","hermit:Strike_Hermit+1","hermit:Strike_Hermit+1","hermit:Defend_Hermit+1","hermit:Defend_Hermit+1","hermit:Defend_Hermit+1","hermit:Defend_Hermit+1","hermit:Snapshot","hermit:Covet","hermit:Showdown+1","hermit:Quickdraw+1","hermit:HighCaliber+1","hermit:Glare+1","hermit:BodyArmor+1","hermit:HighNoon+1","hermit:Gestalt+1","hermit:Brawl+1","hermit:Maintenance+1","hermit:HighCaliber+1","hermit:Gambit"],"relics":["hermit:Momento","Nunchaku","White Beast Statue","Ectoplasm","Pen Nib","hermit:BartenderGlass","Red Mask","Juzu Bracelet","Blood Vial","Calipers"],"potions_floor_usage":[5,13,18,22,27,28,29,30,30,31,33,35,35,37,37,38,38,38,39,39,39,40,40,40,40,42,42,42,45,45,45,47,47,47,47,47,50,50],"damage_taken":[{"damage":1,"enemies":"Cultist","floor":1,"turns":3},{"damage":8,"enemies":"Jaw Worm","floor":2,"turns":3},{"damage":0,"enemies":"2 Louse","floor":3,"turns":2},{"damage":12,"enemies":"Exordium Thugs","floor":4,"turns":3},{"damage":0,"enemies":"Exordium Wildlife","floor":5,"turns":3},{"damage":0,"enemies":"Blue Slaver","floor":8,"turns":2},{"damage":4,"enemies":"Gremlin Nob","floor":11,"turns":3},{"damage":7,"enemies":"Exordium Thugs","floor":13,"turns":3},{"damage":2,"enemies":"Exordium Wildlife","floor":14,"turns":4},{"damage":44,"enemies":"Slime Boss","floor":16,"turns":10},{"damage":12,"enemies":"2 Thieves","floor":18,"turns":4},{"damage":1,"enemies":"Shell Parasite","floor":21,"turns":4},{"damage":5,"enemies":"Shelled Parasite and Fungi","floor":22,"turns":5},{"damage":4,"enemies":"Snake Plant","floor":27,"turns":4},{"damage":1,"enemies":"Snecko","floor":28,"turns":4},{"damage":12,"enemies":"Cultist and Chosen","floor":29,"turns":5},{"damage":1,"enemies":"Centurion and Healer","floor":30,"turns":5},{"damage":2,"enemies":"Sentry and Sphere","floor":31,"turns":5},{"damage":15,"enemies":"Collector","floor":33,"turns":10},{"damage":0,"enemies":"3 Shapes","floor":35,"turns":4},{"damage":26,"enemies":"3 Darklings","floor":37,"turns":4},{"damage":3,"enemies":"Writhing Mass","floor":38,"turns":6},{"damage":1,"enemies":"Maw","floor":39,"turns":5},{"damage":1,"enemies":"Giant Head","floor":40,"turns":7},{"damage":15,"enemies":"4 Shapes","floor":42,"turns":3},{"damage":12,"enemies":"Spire Growth","floor":45,"turns":5},{"damage":16,"enemies":"2 Orb Walkers","floor":47,"turns":5},{"damage":41,"enemies":"Awakened One","floor":50,"turns":4}],"seed_played":"-5050391184744896082","potions_obtained":[{"floor":1,"key":"LiquidBronze"},{"floor":4,"key":"SkillPotion"},{"floor":5,"key":"LiquidBronze"},{"floor":8,"key":"ColorlessPotion"},{"floor":13,"key":"BlessingOfTheForge"},{"floor":16,"key":"Explosive Potion"},{"floor":18,"key":"ColorlessPotion"},{"floor":21,"key":"Explosive Potion"},{"floor":22,"key":"hermit:Eclipse"},{"floor":27,"key":"Fire Potion"},{"floor":28,"key":"FearPotion"},{"floor":29,"key":"FearPotion"},{"floor":30,"key":"BlessingOfTheForge"},{"floor":31,"key":"SmokeBomb"},{"floor":33,"key":"hermit:Tonic"},{"floor":35,"key":"Weak Potion"},{"floor":37,"key":"Explosive Potion"},{"floor":38,"key":"SkillPotion"},{"floor":39,"key":"EssenceOfSteel"},{"floor":40,"key":"LiquidBronze"},{"floor":42,"key":"SpeedPotion"},{"floor":45,"key":"EntropicBrew"},{"floor":47,"key":"SkillPotion"}],"is_trial":false,"path_per_floor":["M","M","M","M","M","R","?","M","T","?","E","R","M","M","R","B",null,"M","$","?","M","M","R","?","R","T","M","M","M","M","M","R","B",null,"M","?","M","M","M","E","R","M","T","?","M","$","?","?","R","B"],"character_chosen":"HERMIT","items_purchased":[],"campfire_rested":2,"item_purchase_floors":[],"current_hp_per_floor":[74,66,66,54,54,54,54,54,54,72,68,68,61,59,59,15,75,63,63,63,62,57,57,50,50,50,46,45,33,32,30,52,37,75,75,75,49,46,45,44,44,29,29,29,19,19,5,5,27,0,0],"gold":0,"neow_bonus":"UPGRADE_CARD","is_prod":false,"is_daily":false,"chose_seed":false,"campfire_upgraded":6,"win_rate":0.0,"timestamp":1607548679,"path_taken":["M","?","M","?","M","R","?","M","T","?","E","R","?","M","R","BOSS","M","$","?","M","M","R","?","R","T","?","M","M","M","M","R","BOSS","M","?","M","M","M","E","R","M","T","?","M","$","?","?","R","BOSS"],"build_version":"2020-11-30","purchased_purges":0,"victory":false,"max_hp_per_floor":[75,75,75,75,75,75,75,75,75,75,75,75,75,75,75,75,75,75,75,75,75,75,75,75,75,75,75,75,75,75,75,75,75,75,75,75,75,75,75,75,75,75,75,75,75,75,75,75,75,75,75],"relic_stats":{"Blood Vial":6,"Nunchaku":[27],"counters":[28,125],"Ectoplasm":621,"Pen Nib":[18],"Juzu Bracelet":0,"obtain_stats":[{"Blood Vial":43,"Nunchaku":9,"Calipers":47,"hermit:BartenderGlass":34,"Ectoplasm":17,"Pen Nib":26,"Red Mask":36,"Juzu Bracelet":40,"hermit:Momento":0,"White Beast Statue":11},{"Blood Vial":25,"Nunchaku":6,"Calipers":27,"hermit:BartenderGlass":19,"Ectoplasm":10,"Pen Nib":13,"Red Mask":20,"Juzu Bracelet":24,"hermit:Momento":0,"White Beast Statue":7},{"Blood Vial":111,"Nunchaku":16,"Calipers":121,"hermit:BartenderGlass":82,"Ectoplasm":36,"Pen Nib":49,"Red Mask":86,"Juzu Bracelet":108,"hermit:Momento":0,"White Beast Statue":19}]},"card_choices":[{"not_picked":["hermit:BigShot","hermit:Horror","hermit:Vantage"],"picked":"SKIP","floor":1},{"not_picked":["hermit:Snipe","hermit:Midnight"],"picked":"hermit:Showdown","floor":2},{"not_picked":["hermit:Malice","hermit:Headshot"],"picked":"hermit:Quickdraw","floor":3},{"not_picked":["hermit:Determination","hermit:Brawl"],"picked":"hermit:HighCaliber","floor":4},{"not_picked":["hermit:Ricochet","hermit:GhostlyPresence","hermit:ItchyTrigger"],"picked":"SKIP","floor":5},{"not_picked":["hermit:Feint","hermit:Malice"],"picked":"hermit:Glare","floor":8},{"not_picked":["hermit:WideOpen","hermit:Determination"],"picked":"hermit:BodyArmor","floor":11},{"not_picked":["hermit:Ricochet","hermit:Feint","hermit:ShadowCloak"],"picked":"SKIP","floor":13},{"not_picked":["hermit:Vantage","hermit:Glare"],"picked":"hermit:WideOpen","floor":14},{"not_picked":["hermit:EternalForm","hermit:FatalDesire"],"picked":"hermit:HighNoon","floor":16},{"not_picked":["hermit:Ricochet+1","hermit:BigShot+1"],"picked":"hermit:Gestalt+1","floor":18},{"not_picked":["hermit:Glare","hermit:Spite+1","hermit:Malice+1"],"picked":"SKIP","floor":21},{"not_picked":["hermit:Coalescence","hermit:Dive"],"picked":"hermit:Brawl+1","floor":22},{"not_picked":["hermit:Feint","hermit:Dive","hermit:Snipe"],"picked":"SKIP","floor":27},{"not_picked":["hermit:EyeOfTheStorm","hermit:Determination+1"],"picked":"hermit:Maintenance+1","floor":28},{"not_picked":["hermit:EternalForm","hermit:DeadMansHand","hermit:Vantage"],"picked":"SKIP","floor":29},{"not_picked":["hermit:TrackingShot","hermit:Headshot","hermit:Brawl"],"picked":"SKIP","floor":30},{"not_picked":["hermit:Headshot","hermit:Deadeye"],"picked":"hermit:HighCaliber","floor":31},{"not_picked":["hermit:Roughhouse","hermit:Adapt"],"picked":"hermit:Gambit","floor":33},{"not_picked":["hermit:Manifest+1","hermit:Coalescence+1","hermit:Vantage"],"picked":"SKIP","floor":35},{"not_picked":["hermit:Grudge+1","hermit:Snipe","hermit:ItchyTrigger"],"picked":"SKIP","floor":37},{"not_picked":["hermit:Roulette+1","hermit:Vantage","hermit:Malice"],"picked":"SKIP","floor":38},{"not_picked":["hermit:Enervate","hermit:Roulette+1","hermit:Headshot"],"picked":"SKIP","floor":39},{"not_picked":["hermit:Spite+1","hermit:Magnum","hermit:EyeOfTheStorm+1"],"picked":"SKIP","floor":40},{"not_picked":["hermit:Headshot","hermit:GhostlyPresence","hermit:Manifest"],"picked":"SKIP","floor":42},{"not_picked":["hermit:Feint","hermit:Enervate","hermit:Vantage"],"picked":"SKIP","floor":45}],"player_experience":250232,"relics_obtained":[{"floor":9,"key":"Nunchaku"},{"floor":11,"key":"White Beast Statue"},{"floor":26,"key":"Pen Nib"},{"floor":40,"key":"Juzu Bracelet"},{"floor":43,"key":"Blood Vial"},{"floor":47,"key":"Calipers"}],"event_choices":[{"damage_healed":0,"gold_gain":0,"player_choice":"Grow","damage_taken":0,"max_hp_gain":0,"max_hp_loss":0,"event_name":"Living Wall","floor":7,"gold_loss":0,"cards_upgraded":["hermit:HighCaliber"]},{"damage_healed":18,"gold_gain":0,"player_choice":"Healed","damage_taken":0,"max_hp_gain":0,"max_hp_loss":0,"event_name":"The Cleric","floor":10,"gold_loss":35},{"damage_healed":0,"gold_gain":0,"player_choice":"Simplicity","damage_taken":0,"max_hp_gain":0,"max_hp_loss":7,"event_name":"betterThird:BetterWriting","floor":20,"gold_loss":0},{"damage_healed":0,"gold_gain":75,"player_choice":"Touch","damage_taken":7,"max_hp_gain":0,"max_hp_loss":0,"event_name":"FaceTrader","floor":24,"gold_loss":0},{"damage_healed":0,"gold_gain":0,"player_choice":"Paid","damage_taken":0,"relics_obtained":["Red Mask"],"max_hp_gain":0,"max_hp_loss":0,"event_name":"Tomb of Lord Red Mask","floor":36,"gold_loss":263},{"cards_removed":["hermit:WideOpen"],"damage_healed":0,"gold_gain":0,"player_choice":"Removed Attack","damage_taken":0,"max_hp_gain":0,"max_hp_loss":0,"event_name":"Falling","floor":44,"gold_loss":0},{"damage_healed":0,"gold_gain":0,"player_choice":"Fight","damage_taken":0,"max_hp_gain":0,"max_hp_loss":0,"event_name":"Mysterious Sphere","floor":47,"gold_loss":0},{"damage_healed":0,"gold_gain":0,"player_choice":"Ignored","damage_taken":0,"max_hp_gain":0,"max_hp_loss":0,"event_name":"WeMeetAgain","floor":48,"gold_loss":0}],"is_beta":false,"boss_relics":[{"not_picked":["hermit:ClaspedLocket","Snecko Eye"],"picked":"Ectoplasm"},{"not_picked":["SacredBark","Tiny House"],"picked":"hermit:BartenderGlass"}],"items_purged_floors":[],"is_endless":false,"potions_floor_spawned":[1,4,5,8,13,14,16,18,21,22,27,28,29,30,31,33,35,37,38,39,40,42,45,47],"killed_by":"Awakened One","ascension_level":0}}