{"host":"udyc8f81k2jocuhg","time":1607523389,"event":{"gold_per_floor":[110,127,127,147,147,147,147],"floor_reached":6,"playtime":337,"items_purged":[],"score":63,"play_id":"ef71596e-2f11-4ae4-976a-74f8d73b41c1","local_time":"20201209151629","is_ascension_mode":true,"campfire_choices":[],"neow_cost":"NONE","seed_source_timestamp":133167424346000,"circlet_count":0,"master_deck":["AscendersBane","Strike_G","Strike_G","Strike_G","Strike_G","Defend_G","Defend_G","Defend_G","Defend_G","Defend_G","Survivor","Neutralize","Accuracy","Dodge and Roll"],"special_seed":0,"relics":["Black Star","Replay:Arrowhead"],"potions_floor_usage":[6],"damage_taken":[{"damage":1.0,"enemies":"Small Slimes","floor":1.0,"turns":6.0},{"damage":0.0,"enemies":"2 Louse","floor":2.0,"turns":5.0},{"damage":11.0,"enemies":"Jaw Worm","floor":4.0,"turns":11.0},{"damage":34,"enemies":"Gremlin Nob","floor":6,"turns":5}],"seed_played":"-5659370176113899976","potions_obtained":[{"floor":1.0,"key":"Fire Potion"},{"floor":4.0,"key":"Milkshake"}],"is_trial":false,"path_per_floor":["M","M","?","M","?","E"],"character_chosen":"THE_SILENT","items_purchased":[],"campfire_rested":0,"item_purchase_floors":[],"current_hp_per_floor":[58,58,51,40,35,1,1],"gold":147,"neow_bonus":"BOSS_RELIC","is_prod":false,"is_daily":false,"chose_seed":false,"campfire_upgraded":0,"win_rate":0,"timestamp":1607523389,"path_taken":["M","M","?","M","?","E"],"build_version":"2020-11-30","purchased_purges":0,"victory":false,"max_hp_per_floor":[66,66,66,66,66,66,66],"relic_stats":{"counters":[4,27],"Black Star":0,"obtain_stats":[{"Black Star":0,"Replay:Arrowhead":5,"Ring of the Snake":0},{"Black Star":0,"Replay:Arrowhead":3,"Ring of the Snake":0},{"Black Star":0,"Replay:Arrowhead":22,"Ring of the Snake":0}]},"card_choices":[{"not_picked":["Poisoned Stab","Well Laid Plans"],"picked":"Accuracy","floor":1.0},{"not_picked":["Predator","Slice"],"picked":"Dodge and Roll","floor":2.0},{"not_picked":["StuffTheSpire:Injection","Dagger Throw","conspire:PoisonWeapons"],"picked":"SKIP","floor":4.0}],"player_experience":1903404,"relics_obtained":[],"event_choices":[{"cards_removed":["Strike_G"],"damage_healed":0.0,"max_hp_gain":0.0,"max_hp_loss":0.0,"gold_gain":0.0,"event_name":"Golden Wing","player_choice":"Card Removal","floor":3.0,"gold_loss":0.0,"damage_taken":7.0},{"damage_healed":0.0,"max_hp_gain":0.0,"max_hp_loss":0.0,"gold_gain":0.0,"event_name":"betterThird:BetterScrap","player_choice":"Relic ","floor":5.0,"gold_loss":0.0,"damage_taken":5.0,"cards_obtained":["ReplaySolidLightProjector"]}],"is_beta":false,"boss_relics":[],"items_purged_floors":[],"is_endless":false,"potions_floor_spawned":[1,4],"killed_by":"Gremlin Nob","ascension_level":15}}