{"host":"g0j05wwvpvh6wxob","time":1607507516,"event":{"gold_per_floor":[115,115,210,329,348,348,348,348,348,378,55,55,65,75,75,172,172,188,27,27,47,47,58,58,71,95,126,126,144,144,144,144,248,248,264,264,264,1263,1277,1302,1336,1336,1336],"floor_reached":42,"playtime":5472,"items_purged":[],"score":559,"play_id":"8bfdf042-b0f0-42f5-8e36-796ea697b64a","local_time":"20201209015156","daily_mods":["Draft","Red Cards","Green Cards","Blue Cards","Purple Cards","Heirloom"],"is_ascension_mode":false,"campfire_choices":[{"data":"infinitespire:OneForAll","floor":6,"key":"SMITH"},{"data":"SummonCatFamiliar","floor":8,"key":"SMITH"},{"data":"Sadistic Nature","floor":12,"key":"SMITH"},{"floor":30,"key":"REST"},{"data":"ReplayTheSpireMod:Black Plague","floor":32,"key":"SMITH"}],"neow_cost":"","seed_source_timestamp":0,"circlet_count":0,"master_deck":["hermit:Roulette","SaltCircle","Malady","stsjorbsmod:ChatteringStrike","Guardian:Recover","construct:ScrapCannon","hierophant:Martyrdom","sneckomod:WideSting","hierophant:MirrorShield","stsjorbsmod:ColorSpray","Dagger Spray","Guardian:FloatingOrbs","Pommel Strike","stsjorbsmod:SchoolsOfMagic","TalkToTheHand","ReplayTheSpireMod:Splinters","infinitespire:OneForAll+1","sneckomod:ImprovisedGuard","hierophant:Racketeering","Guardian:SpikerProtocol","SummonCatFamiliar+1","Heatsinks","Sadistic Nature+1","stsjorbsmod:Counterspell","hermit:CursedWeapon","hexamod:Haunted","sneckomod:SerpentMind","hierophant:MorningPrayer","Guardian:Orbwalk","sneckomod:Unknown1Cost","SummonRatFamiliar","ReplayTheSpireMod:Black Plague+1","construct:FlameCore","Conserve Battery","hermit:Quickdraw","construct:HeavyBolt","A Thousand Cuts","BasicCrystalCard+1","Normality","Normality","sneckomod:ImprovisedAttack+1","Doppelganger","sneckomod:UnknownClassRUNESMITH_BEIGE+1","hubris:DuctTapeCard+2"],"relics":["Burning Blood","sagemod:Creepy_Carousel","hubris:Icosahedron","sagemod:Red_Beast_Statue","Replay:Mystery Machine","Anchor","infinitespire:Beetle Shell","Blue Candle","hubris:GrandSneckoEye","Boot","Blood Vial","betterThird:NestCultRelic","trackpad:BottledAnger","aspiration:DefectSkillbook","halation:PinkSoulGem","halation:PapillonHeart","Molten Egg 2","hubris:DuctTape"],"potions_floor_usage":[16,16,16,29,39],"damage_taken":[{"damage":1,"enemies":"Cultist","floor":1,"turns":3},{"damage":4,"enemies":"Jaw Worm","floor":4,"turns":3},{"damage":0,"enemies":"2 Louse","floor":5,"turns":1},{"damage":5,"enemies":"Lots of Slimes","floor":13,"turns":3},{"damage":0,"enemies":"Large Slime","floor":14,"turns":4},{"damage":17,"enemies":"Fading Forest","floor":16,"turns":11},{"damage":9,"enemies":"Spheric Guardian","floor":18,"turns":4},{"damage":6,"enemies":"Chosen","floor":21,"turns":7},{"damage":29,"enemies":"Snake Plant","floor":23,"turns":4},{"damage":22,"enemies":"Sentry and Sphere","floor":25,"turns":3},{"damage":5,"enemies":"conspire:SneckoGhost","floor":27,"turns":3},{"damage":9,"enemies":"3 Cultists","floor":29,"turns":4},{"damage":10,"enemies":"conspire:MysteriousRune","floor":33,"turns":5},{"damage":16,"enemies":"3 Shapes","floor":35,"turns":4},{"damage":20,"enemies":"3 Darklings","floor":39,"turns":4},{"damage":10,"enemies":"Nightmare","floor":40,"turns":5},{"damage":7,"enemies":"conspire:MimicChest","floor":41,"turns":4},{"damage":73,"enemies":"Reptomancer","floor":42,"turns":2}],"seed_played":"1359728564076116831","potions_obtained":[{"floor":1,"key":"Energy Potion"},{"floor":13,"key":"HeartOfIron"},{"floor":23,"key":"BlessingOfTheForge"},{"floor":35,"key":"SkillPotion"},{"floor":41,"key":"FearPotion"}],"is_trial":true,"path_per_floor":["M","?","?","M","M","R","?","R","T","?","$","R","M","M","R_BF","B",null,"M","$","?","M","AVR","M","?","M","T","E","?","M","R","T","R","B",null,"M","?","?","?","M","NM","?","E"],"character_chosen":"IRONCLAD","items_purchased":["infinitespire:Beetle Shell","Heatsinks","Sadistic Nature","Guardian:Orbwalk","sneckomod:Unknown1Cost"],"campfire_rested":1,"item_purchase_floors":[11,11,11,19,19],"current_hp_per_floor":[80,80,80,80,80,80,80,80,80,80,80,80,80,80,80,78,80,77,77,77,77,77,54,54,38,38,39,39,38,62,62,62,60,80,70,70,70,70,58,56,57,0,0],"gold":1336,"neow_bonus":"","is_prod":false,"is_daily":false,"chose_seed":false,"campfire_upgraded":4,"win_rate":0,"timestamp":1607507516,"path_taken":["M","?","?","?","M","R","?","R","T","?","$","R","M","M","R_BF","BOSS","M","$","?","M","AVR","M","?","M","T","E","?","M","R","?","R","BOSS","M","?","?","?","M","NM","?","E"],"build_version":"2020-11-30","purchased_purges":0,"victory":false,"max_hp_per_floor":[80,80,80,80,80,80,80,80,80,80,80,80,80,80,80,80,80,80,80,80,80,80,80,80,80,80,80,80,80,80,80,80,80,80,80,80,76,76,76,76,76,76,76],"card_choices":[{"not_picked":["sneckomod:UnknownClassSCRIBE_BLUE","ReplayTheSpireMod:Strike From Hell"],"picked":"hermit:Roulette","floor":0},{"not_picked":["TheCursedMod:RapidMovement","FlurryOfBlows"],"picked":"SaltCircle","floor":0},{"not_picked":["Dagger Throw","Anger"],"picked":"hermit:Quickdraw","floor":0},{"not_picked":["Storm","hierophant:Smite"],"picked":"Malady","floor":0},{"not_picked":["construct:Failsafe","construct:FocusedBeam"],"picked":"stsjorbsmod:ChatteringStrike","floor":0},{"not_picked":["hierophant:FlamingChariot","Guardian:PrismaticBeam"],"picked":"Guardian:Recover","floor":0},{"not_picked":["True Grit","construct:Forcefield"],"picked":"construct:ScrapCannon","floor":0},{"not_picked":["ReplayTheSpireMod:Limb From Limb","stsjorbsmod:Hurt"],"picked":"hierophant:Martyrdom","floor":0},{"not_picked":["Guardian:TemporalStrike","Bewitch"],"picked":"sneckomod:WideSting","floor":0},{"not_picked":["Intimidate","Deflect"],"picked":"hierophant:MirrorShield","floor":0},{"not_picked":["All Out Attack","Coolheaded"],"picked":"stsjorbsmod:ColorSpray","floor":0},{"not_picked":["construct:Autoturret","Rebound"],"picked":"Dagger Spray","floor":0},{"not_picked":["BootSequence","stsjorbsmod:Message"],"picked":"Guardian:FloatingOrbs","floor":0},{"not_picked":["hierophant:Sermon","construct:ElectricArmor"],"picked":"Pommel Strike","floor":0},{"not_picked":["construct:ScrapCannon","stsjorbsmod:Hibernate"],"picked":"stsjorbsmod:SchoolsOfMagic","floor":0},{"not_picked":["sneckomod:QuickMove","PathToVictory"],"picked":"TalkToTheHand","floor":1},{"not_picked":["sneckomod:Unknown1Cost","Guardian:Incinerate"],"picked":"infinitespire:OneForAll","floor":3},{"not_picked":["BlackBolt","Protect"],"picked":"sneckomod:ImprovisedGuard","floor":3},{"not_picked":["TheCursedMod:WearCloak","Pray"],"picked":"hierophant:Racketeering","floor":3},{"not_picked":["ReplayTheSpireMod:Tripwire","hermit:HighCaliber"],"picked":"Guardian:SpikerProtocol","floor":4},{"not_picked":["Terror","hermit:TakeCover"],"picked":"SummonCatFamiliar","floor":5},{"not_picked":["Catalyst","TheCursedMod:LuckyCharm"],"picked":"stsjorbsmod:Counterspell","floor":13},{"not_picked":["Perfected Strike","sneckomod:UnknownClassDEFAULT_GRAY_COLOR"],"picked":"hermit:CursedWeapon","floor":14},{"not_picked":["conspire:HitWhereItHurts","TheCursedMod:CircleOfAbyss"],"picked":"sneckomod:SerpentMind","floor":16},{"not_picked":["FlurryOfBlows","Redo"],"picked":"hierophant:MorningPrayer","floor":18},{"not_picked":["Clothesline+1","Conserve Battery"],"picked":"SummonRatFamiliar","floor":21},{"not_picked":["construct:Forcefield+1","construct:SweepLaser"],"picked":"construct:FlameCore","floor":23},{"not_picked":["LivingBomb","Guardian:PolyBeam"],"picked":"Conserve Battery","floor":25},{"not_picked":["Guardian:Planning+1","TheCursedMod:DemonSword"],"picked":"hermit:Quickdraw","floor":27},{"not_picked":["Guardian:FuturePlans","Barrage"],"picked":"construct:HeavyBolt","floor":29},{"not_picked":["Double Tap","Core Surge","Anger+1"],"picked":"A Thousand Cuts","floor":33},{"not_picked":["Leap","stsjorbsmod:Prepare+1","stsjorbsmod:RayOfFrost+1","Anger+1"],"picked":"BasicCrystalCard+1","floor":35},{"not_picked":["Predator+1","Havoc","Guardian:CrystalBeam","Anger+1"],"picked":"sneckomod:ImprovisedAttack+1","floor":39},{"not_picked":["Cold Snap+1","BlackBolt+1","LikeWater+1","Anger+1"],"picked":"Doppelganger","floor":40},{"not_picked":["Dagger Throw+1","Blizzard+1","sneckomod:UnknownCommonAttack+1","Anger+1"],"picked":"sneckomod:UnknownClassRUNESMITH_BEIGE+1","floor":41}],"player_experience":129508,"relics_obtained":[{"floor":7,"key":"sagemod:Red_Beast_Statue"},{"floor":9,"key":"Replay:Mystery Machine"},{"floor":26,"key":"Boot"},{"floor":27,"key":"Blood Vial"},{"floor":31,"key":"trackpad:BottledAnger"},{"floor":40,"key":"Molten Egg 2"},{"floor":41,"key":"hubris:DuctTape"}],"event_choices":[{"damage_healed":0,"gold_gain":30,"player_choice":"Searched \u00273\u0027 times","damage_taken":0,"relics_obtained":["Anchor"],"max_hp_gain":0,"max_hp_loss":0,"event_name":"Dead Adventurer","floor":10,"gold_loss":0},{"cards_removed":["ReplayTheSpireMod:Splinters"],"damage_healed":0,"gold_gain":0,"player_choice":"Give","damage_taken":0,"max_hp_gain":0,"max_hp_loss":0,"event_name":"betterNote:BetterNote","floor":20,"gold_loss":0,"cards_obtained":["Shade:Defend_Shade"]},{"damage_healed":0,"gold_gain":0,"player_choice":"Ignored","damage_taken":0,"max_hp_gain":0,"max_hp_loss":0,"event_name":"Vampires","floor":24,"gold_loss":0},{"damage_healed":0,"gold_gain":0,"player_choice":"Madness","damage_taken":0,"relics_obtained":["betterThird:NestCultRelic"],"max_hp_gain":0,"max_hp_loss":0,"event_name":"betterThird:BetterNest","floor":28,"gold_loss":0},{"damage_healed":0,"gold_gain":999,"player_choice":"Gold","damage_taken":0,"max_hp_gain":0,"max_hp_loss":0,"event_name":"MindBloom","floor":38,"gold_loss":0,"cards_obtained":["Normality","Normality"]}],"is_beta":false,"boss_relics":[{"not_picked":["Philosopher\u0027s Stone","vexMod:TanglingVine"],"picked":"hubris:GrandSneckoEye"},{"not_picked":["energizedSpire:HugeHouse","Runic Dome"],"picked":"aspiration:DefectSkillbook"}],"items_purged_floors":[],"is_endless":true,"potions_floor_spawned":[1,13,14,23,35,41],"killed_by":"Reptomancer","ascension_level":0}}