{"host":"sz8c8ni79nvzjmmg","time":1607486611,"event":{"gold_per_floor":[119,44,119,134,134,167,7,38,65,85,85,95,120,131,131,205,205,218,232,157,28,41,41,66,81,81,81,96,96,15,15,15,87,87,107,132,144,163,163,163],"floor_reached":39,"playtime":1742,"items_purged":["Strike_G","Strike_G"],"score":892,"play_id":"91e11c5e-45a7-4752-9fb0-a4b1b83bcae6","local_time":"20201209130331","is_ascension_mode":true,"campfire_choices":[{"floor":11,"key":"REST"},{"data":"Accuracy","floor":15,"key":"SMITH"},{"floor":23,"key":"REST"},{"floor":32,"key":"REST"}],"neow_cost":"NONE","seed_source_timestamp":0,"circlet_count":0,"master_deck":["AscendersBane","Strike_G","Defend_G","Defend_G","Defend_G","Survivor","Neutralize","Predator","Blade Dance","Noxious Fumes","Corpse Explosion","Accuracy+1","Acrobatics","After Image","Escape Plan","Cloak And Dagger","PiercingWail","Terror","Grand Finale","Storm of Steel","Accuracy","Prepared"],"special_seed":0,"relics":["Ring of the Snake","NeowsBlessing","Toy Ornithopter","Sundial","Nunchaku","Bottled Tornado","Runic Pyramid","Blue Candle","Bottled Lightning","WristBlade","TungstenRod"],"potions_floor_usage":[12,13,19,24,38,38],"damage_taken":[{"damage":0.0,"enemies":"Jaw Worm","floor":1.0,"turns":1.0},{"damage":0.0,"enemies":"Small Slimes","floor":4.0,"turns":1.0},{"damage":0.0,"enemies":"Lagavulin","floor":6.0,"turns":1.0},{"damage":24.0,"enemies":"3 Sentries","floor":8.0,"turns":9.0},{"damage":0,"enemies":"2 Louse","floor":10,"turns":2},{"damage":1,"enemies":"Blue Slaver","floor":12,"turns":3},{"damage":12,"enemies":"Lagavulin","floor":13,"turns":6},{"damage":7,"enemies":"2 Fungi Beasts","floor":14,"turns":2},{"damage":25,"enemies":"Slime Boss","floor":16,"turns":8},{"damage":7,"enemies":"Shell Parasite","floor":18,"turns":5},{"damage":16,"enemies":"Spheric Guardian","floor":19,"turns":5},{"damage":5,"enemies":"Centurion and Healer","floor":22,"turns":4},{"damage":28,"enemies":"Book of Stabbing","floor":24,"turns":7},{"damage":9,"enemies":"Cultist and Chosen","floor":25,"turns":6},{"damage":6,"enemies":"Snake Plant","floor":28,"turns":5},{"damage":15,"enemies":"Champ","floor":33,"turns":9},{"damage":13,"enemies":"3 Darklings","floor":35,"turns":4},{"damage":0,"enemies":"Mind Bloom Boss Battle","floor":36,"turns":4},{"damage":2,"enemies":"3 Shapes","floor":37,"turns":4},{"damage":41,"enemies":"Transient","floor":38,"turns":6},{"damage":0,"enemies":"4 Shapes","floor":39,"turns":1}],"seed_played":"-7980299408779002821","potions_obtained":[{"floor":4.0,"key":"DistilledChaos"},{"floor":8,"key":"DistilledChaos"},{"floor":10,"key":"ColorlessPotion"},{"floor":18,"key":"SkillPotion"},{"floor":22,"key":"SpeedPotion"},{"floor":28,"key":"ColorlessPotion"},{"floor":33,"key":"SkillPotion"},{"floor":38,"key":"Energy Potion"}],"is_trial":false,"path_per_floor":["M","?","?","M","?","E","$","E","T","M","R","M","E","M","R","B",null,"M","M","?","$","M","R","E","M","T","$","M","?","$","?","R","B",null,"M","?","M","M","M"],"character_chosen":"THE_SILENT","items_purchased":["Noxious Fumes","PiercingWail","Grand Finale"],"campfire_rested":3,"item_purchase_floors":[7,21,30],"current_hp_per_floor":[59,59,48,48,41,41,41,22,22,22,41,45,38,31,31,6,51,44,33,33,33,28,47,24,15,15,15,9,9,9,9,28,13,53,40,40,38,7,7,7],"gold":163,"neow_bonus":"THREE_ENEMY_KILL","is_prod":false,"is_daily":false,"chose_seed":false,"campfire_upgraded":1,"win_rate":0,"timestamp":1607486611,"path_taken":["M","?","?","M","?","E","$","E","T","M","R","M","E","M","R","BOSS","M","M","?","$","M","R","E","M","T","$","M","?","?","?","R","BOSS","M","?","M","M","M"],"build_version":"2020-11-30","purchased_purges":2,"victory":false,"max_hp_per_floor":[66,66,66,66,66,66,66,66,66,66,66,66,66,66,66,66,66,66,66,66,66,66,66,66,66,66,66,66,66,66,66,66,66,66,66,66,66,66,66,66],"card_choices":[{"not_picked":["Bane","Dagger Spray"],"picked":"Predator","floor":1.0},{"not_picked":["Backflip","Cloak And Dagger","Flying Knee"],"picked":"SKIP","floor":4.0},{"not_picked":["Quick Slash","Well Laid Plans"],"picked":"Blade Dance","floor":6.0},{"not_picked":["Deadly Poison","Well Laid Plans"],"picked":"Corpse Explosion","floor":8},{"not_picked":["Flying Knee","Deflect"],"picked":"Accuracy","floor":10},{"not_picked":["Dagger Spray","Deadly Poison","Deflect"],"picked":"SKIP","floor":12},{"not_picked":["Skewer","Dash","Crippling Poison"],"picked":"SKIP","floor":13},{"not_picked":["Blade Dance","Grand Finale"],"picked":"Acrobatics","floor":14},{"not_picked":["Bullet Time","Adrenaline"],"picked":"After Image","floor":16},{"not_picked":["Dash","Deadly Poison+1"],"picked":"Escape Plan","floor":18},{"not_picked":["Footwork","Quick Slash+1"],"picked":"Cloak And Dagger","floor":19},{"not_picked":["Caltrops","Eviscerate","Bouncing Flask"],"picked":"SKIP","floor":22},{"not_picked":["Poisoned Stab","Blade Dance","Bane+1"],"picked":"SKIP","floor":24},{"not_picked":["Cloak And Dagger","Prepared","Poisoned Stab"],"picked":"SKIP","floor":25},{"not_picked":["Dagger Spray","All Out Attack"],"picked":"Terror","floor":28},{"not_picked":["Unload","A Thousand Cuts"],"picked":"Storm of Steel","floor":33},{"not_picked":["Flechettes","Setup"],"picked":"Accuracy","floor":35},{"not_picked":["Dodge and Roll+1","Escape Plan"],"picked":"Prepared","floor":36},{"not_picked":["Leg Sweep","Escape Plan","Catalyst"],"picked":"SKIP","floor":37},{"not_picked":["Crippling Poison","Flechettes","Quick Slash"],"picked":"SKIP","floor":38}],"player_experience":1182614,"relics_obtained":[{"floor":6.0,"key":"Toy Ornithopter"},{"floor":8,"key":"Sundial"},{"floor":9,"key":"Nunchaku"},{"floor":13,"key":"Bottled Tornado"},{"floor":24,"key":"Blue Candle"},{"floor":26,"key":"Bottled Lightning"},{"floor":36,"key":"TungstenRod"}],"event_choices":[{"cards_removed":["Strike_G"],"damage_healed":0.0,"max_hp_gain":0.0,"max_hp_loss":0.0,"gold_gain":0.0,"event_name":"The Cleric","player_choice":"Card Removal","floor":2.0,"gold_loss":75.0,"damage_taken":0.0},{"damage_healed":0.0,"max_hp_gain":0.0,"max_hp_loss":0.0,"gold_gain":75.0,"event_name":"World of Goop","player_choice":"Gather Gold","floor":3.0,"gold_loss":0.0,"damage_taken":11.0},{"cards_removed":["Defend_G"],"damage_healed":0.0,"max_hp_gain":0.0,"max_hp_loss":0.0,"gold_gain":0.0,"event_name":"Golden Wing","player_choice":"Card Removal","floor":5.0,"gold_loss":0.0,"damage_taken":7.0},{"cards_removed":["Strike_G"],"damage_healed":0,"gold_gain":0,"player_choice":"Gave Gold","damage_taken":0,"max_hp_gain":0,"max_hp_loss":0,"event_name":"Beggar","floor":20,"gold_loss":75},{"cards_removed":["Defend_G"],"damage_healed":0,"gold_gain":0,"player_choice":"Elegance","damage_taken":0,"max_hp_gain":0,"max_hp_loss":0,"event_name":"Back to Basics","floor":29,"gold_loss":0},{"damage_healed":0,"gold_gain":0,"player_choice":"Fight","damage_taken":0,"max_hp_gain":0,"max_hp_loss":0,"event_name":"MindBloom","floor":36,"gold_loss":0}],"is_beta":false,"boss_relics":[{"not_picked":["Philosopher\u0027s Stone","Runic Dome"],"picked":"Runic Pyramid"},{"not_picked":["Busted Crown","Velvet Choker"],"picked":"WristBlade"}],"items_purged_floors":[7,21],"is_endless":false,"potions_floor_spawned":[4,8,10,18,22,28,33,35,38],"killed_by":"4 Shapes","ascension_level":20}}