{"host":"u2dm6glrpyjr66v9","time":1607501264,"event":{"gold_per_floor":[114,189,116,128,145,145,177,187,237,257,257,277,277,277],"floor_reached":13,"playtime":392,"items_purged":[],"score":87,"play_id":"58eeb492-2902-4377-8baf-45d47856d8be","local_time":"20201209170744","is_ascension_mode":false,"campfire_choices":[{"data":"Double Energy","floor":6,"key":"SMITH"}],"neow_cost":"NONE","seed_source_timestamp":1181893923790900,"circlet_count":0,"master_deck":["Strike_B","Strike_B","Strike_B","Strike_B","Defend_B","Defend_B","Defend_B","Defend_B","Zap","Dualcast","Hologram","Loop","Loop","Double Energy+1","Beam Cell","Electrodynamics","Gash"],"relics":["Cracked Core","White Beast Statue","Dream Catcher"],"potions_floor_usage":[10,12,13,13,13],"damage_taken":[{"damage":8,"enemies":"Jaw Worm","floor":1,"turns":3},{"damage":3,"enemies":"Cultist","floor":4,"turns":4},{"damage":12,"enemies":"2 Louse","floor":5,"turns":2},{"damage":23,"enemies":"Lagavulin","floor":7,"turns":8},{"damage":12,"enemies":"Red Slaver","floor":8,"turns":4},{"damage":11,"enemies":"Blue Slaver","floor":10,"turns":4},{"damage":12,"enemies":"2 Fungi Beasts","floor":12,"turns":2},{"damage":13,"enemies":"Gremlin Nob","floor":13,"turns":2}],"seed_played":"6869089137484875241","potions_obtained":[{"floor":5,"key":"BlessingOfTheForge"},{"floor":7,"key":"DuplicationPotion"},{"floor":8,"key":"Regen Potion"},{"floor":10,"key":"Strength Potion"},{"floor":12,"key":"DistilledChaos"}],"is_trial":false,"path_per_floor":["M","?","$","M","M","R","E","M","T","M","?","M","E"],"character_chosen":"DEFECT","items_purchased":["Loop"],"campfire_rested":0,"item_purchase_floors":[3],"current_hp_per_floor":[74,66,66,63,51,51,28,16,16,14,19,7,0,0],"gold":277,"neow_bonus":"TEN_PERCENT_HP_BONUS","is_prod":false,"is_daily":false,"chose_seed":false,"campfire_upgraded":1,"win_rate":0.0,"timestamp":1607501264,"path_taken":["M","?","$","M","M","R","E","M","T","?","?","?","E"],"build_version":"2020-11-30","purchased_purges":0,"victory":false,"max_hp_per_floor":[82,82,82,82,82,82,82,82,82,82,82,82,82,82],"card_choices":[{"not_picked":["Leap","Streamline"],"picked":"Hologram","floor":1},{"not_picked":["Cold Snap","Leap"],"picked":"Loop","floor":4},{"not_picked":["Lockon","Go for the Eyes"],"picked":"Double Energy","floor":5},{"not_picked":["Leap","Hello World"],"picked":"Beam Cell","floor":7},{"not_picked":["Lockon","Leap"],"picked":"Barrage","floor":8},{"not_picked":["Cold Snap","Hologram"],"picked":"Electrodynamics","floor":10},{"not_picked":["Sweeping Beam","Cold Snap"],"picked":"Gash","floor":12}],"player_experience":34948,"relics_obtained":[{"floor":7,"key":"White Beast Statue"},{"floor":9,"key":"Dream Catcher"}],"event_choices":[{"damage_healed":0,"gold_gain":75,"player_choice":"Touch","damage_taken":8,"max_hp_gain":0,"max_hp_loss":0,"event_name":"FaceTrader","floor":2,"gold_loss":0},{"cards_removed":["Barrage"],"damage_healed":5,"gold_gain":0,"player_choice":"Offered Common","damage_taken":0,"max_hp_gain":0,"max_hp_loss":0,"event_name":"Bonfire Elementals","floor":11,"gold_loss":0},{"cards_removed":["Barrage"],"damage_healed":5,"gold_gain":0,"player_choice":"Offered Special","damage_taken":0,"max_hp_gain":0,"max_hp_loss":0,"event_name":"Bonfire Elementals","floor":11,"gold_loss":0}],"is_beta":false,"boss_relics":[],"items_purged_floors":[],"is_endless":false,"potions_floor_spawned":[5,7,8,10,12],"killed_by":"Gremlin Nob","ascension_level":0}}