{"host":"se2kry7a7ac49ar7","time":1607555341,"event":{"gold_per_floor":[118,133,133,145,162,187,187,214,241,257,277,306,381,397,397,501,501,519,65,65,65,65,97,115,115,115,115,130,159,173,202,202,299,299,309,324,30,48,66,66,66],"floor_reached":40,"playtime":4155,"items_purged":[],"score":495,"play_id":"2bfabc52-1fff-4480-9acc-1639b13ea154","local_time":"20201209150901","is_ascension_mode":false,"campfire_choices":[{"data":"HollowMod:FocusHealStart","floor":7,"key":"SMITH"},{"floor":15,"key":"REST"},{"floor":25,"key":"REST"},{"floor":32,"key":"REST"}],"neow_cost":"NONE","seed_source_timestamp":17553857014399,"circlet_count":0,"master_deck":["HollowMod:NailStrikeStart","HollowMod:NailStrikeStart","HollowMod:NailStrikeStart","HollowMod:NailStrikeStart","HollowMod:QuickDashStart","HollowMod:QuickDashStart","HollowMod:QuickDashStart","HollowMod:QuickDashStart","HollowMod:FocusHealStart+1","HollowMod:PogoStrike","HollowMod:SoulSplash","HollowMod:NewLittleFool","HollowMod:AbyssShriek","HollowMod:ElderbugsWisdom","HollowMod:SoulEater","HollowMod:MantisMark","HollowMod:NewLittleFool","HollowMod:ZotesMagnificence","HollowMod:GreatSlash","HollowMod:InfectedAttack","HollowMod:VoidDash","HollowMod:DreamGate","Shame","Writhe","HollowMod:ZotesMagnificence","HollowMod:NewLittleFool+1","HollowMod:HuntersJournal+1","HollowMod:ShadowDash+1","HollowMod:AwokenDreamNail","HollowMod:MidwifesHunger","HollowMod:CloakDash","HollowMod:CloakDash","HollowMod:SiblingsShadow+1","HollowMod:DashSlash"],"relics":["HollowMod:VesselMask","Regal Pillow","Bronze Scales","Blood Vial","Oddly Smooth Stone","Bag of Preparation","Fusion Hammer","HollowMod:MillibellesNoteRelic","Vajra","TheAbacus","Gambling Chip","Bag of Marbles","Question Card","InkBottle","Omamori","Toy Ornithopter","HollowMod:StagPassRelic","Philosopher\u0027s Stone","Pen Nib","Anchor"],"potions_floor_usage":[6,12,16,16,16,16,29,33,33,36,38,40],"damage_taken":[{"damage":1,"enemies":"Cultist","floor":1,"turns":3},{"damage":1,"enemies":"Jaw Worm","floor":2,"turns":3},{"damage":5,"enemies":"Small Slimes","floor":4,"turns":4},{"damage":4,"enemies":"3 Louse","floor":5,"turns":2},{"damage":36,"enemies":"Lagavulin","floor":6,"turns":7},{"damage":26,"enemies":"3 Sentries","floor":8,"turns":5},{"damage":0,"enemies":"Blue Slaver","floor":10,"turns":4},{"damage":5,"enemies":"Large Slime","floor":11,"turns":7},{"damage":23,"enemies":"Lagavulin","floor":12,"turns":5},{"damage":10,"enemies":"Looter","floor":14,"turns":2},{"damage":51,"enemies":"The Guardian","floor":16,"turns":8},{"damage":0,"enemies":"Chosen","floor":18,"turns":3},{"damage":32,"enemies":"Slavers","floor":23,"turns":2},{"damage":4,"enemies":"2 Thieves","floor":24,"turns":2},{"damage":0,"enemies":"Snake Plant","floor":28,"turns":2},{"damage":18,"enemies":"Book of Stabbing","floor":29,"turns":3},{"damage":14,"enemies":"Snecko","floor":30,"turns":3},{"damage":0,"enemies":"Slavers","floor":31,"turns":1},{"damage":108,"enemies":"Collector","floor":33,"turns":8},{"damage":3,"enemies":"3 Shapes","floor":35,"turns":1},{"damage":11,"enemies":"3 Darklings","floor":36,"turns":2},{"damage":51,"enemies":"HollowMod:SlobberingHusk","floor":38,"turns":5},{"damage":0,"enemies":"Jaw Worm Horde","floor":39,"turns":2},{"damage":60,"enemies":"Nemesis","floor":40,"turns":4}],"seed_played":"-4433131904933719769","potions_obtained":[{"floor":1,"key":"Weak Potion"},{"floor":5,"key":"FearPotion"},{"floor":6,"key":"EntropicBrew"},{"floor":8,"key":"AttackPotion"},{"floor":24,"key":"LiquidBronze"},{"floor":28,"key":"Regen Potion"},{"floor":33,"key":"Energy Potion"},{"floor":36,"key":"Weak Potion"},{"floor":39,"key":"BlessingOfTheForge"}],"is_trial":false,"path_per_floor":["M","M","?","M","M","E","R","E","T","M","M","E","?","M","R","B",null,"M","$","?","?","?","E","M","R","T","T","M","E","M","E","R","B",null,"M","M","$","M","M","E"],"character_chosen":"THE_BUGKNIGHT","items_purchased":["HollowMod:MillibellesNoteRelic","Vajra","TheAbacus","Pen Nib","Anchor"],"campfire_rested":3,"item_purchase_floors":[19,19,19,37,37],"current_hp_per_floor":[81,80,77,78,74,44,44,24,24,36,45,36,25,23,62,25,82,82,82,82,82,82,50,54,82,82,82,82,74,68,70,82,5,82,79,71,71,33,35,0,0],"gold":66,"neow_bonus":"TEN_PERCENT_HP_BONUS","is_prod":false,"is_daily":false,"chose_seed":false,"campfire_upgraded":1,"win_rate":0.0,"timestamp":1607555341,"path_taken":["M","?","?","M","M","E","R","E","T","M","M","E","?","M","R","BOSS","M","$","?","?","?","E","M","R","T","?","?","E","M","E","R","BOSS","M","M","$","M","M","E"],"build_version":"2020-11-30","purchased_purges":0,"victory":false,"max_hp_per_floor":[82,82,82,82,82,82,82,82,82,82,82,82,82,82,82,82,82,82,82,82,82,82,82,82,82,82,82,82,82,82,82,82,82,82,82,82,82,82,82,82,82],"card_choices":[{"not_picked":["HollowMod:CoiledNail","HollowMod:CycloneSlash"],"picked":"HollowMod:SoulSplash","floor":1},{"not_picked":["HollowMod:TaintedHusks","HollowMod:HowlingWraiths"],"picked":"HollowMod:NewLittleFool","floor":2},{"not_picked":["HollowMod:ShadowDash","HollowMod:InfectedAttack"],"picked":"HollowMod:AbyssShriek","floor":4},{"not_picked":["HollowMod:SiblingsSouls","HollowMod:SharpenedNail"],"picked":"HollowMod:ElderbugsWisdom","floor":5},{"not_picked":["HollowMod:FastStrike","HollowMod:GoodIntentions"],"picked":"HollowMod:SoulEater","floor":6},{"not_picked":["HollowMod:SoulSplash","HollowMod:DescendingDark"],"picked":"HollowMod:MantisMark","floor":8},{"not_picked":["HollowMod:GoodIntentions","HollowMod:ChannelNail"],"picked":"HollowMod:NewLittleFool","floor":10},{"not_picked":["HollowMod:CornifersMapStart","HollowMod:MantisMark"],"picked":"HollowMod:ZotesMagnificence","floor":11},{"not_picked":["HollowMod:CycloneSlash","HollowMod:ChannelNail"],"picked":"HollowMod:GreatSlash","floor":12},{"not_picked":["HollowMod:CornifersMapStart","HollowMod:SoulShaman"],"picked":"HollowMod:InfectedAttack","floor":14},{"not_picked":["HollowMod:AwokenDreamNail","HollowMod:theNailsmith"],"picked":"HollowMod:VoidDash","floor":16},{"not_picked":["HollowMod:HowlingWraiths","HollowMod:WraithStrike"],"picked":"HollowMod:DreamGate","floor":18},{"not_picked":["HollowMod:GreatSlash","HollowMod:VengefulVoid"],"picked":"HollowMod:ZotesMagnificence","floor":23},{"not_picked":["HollowMod:BaldurShell","HollowMod:QuirrelsAssistance","HollowMod:BlackTendrils+1"],"picked":"HollowMod:NewLittleFool+1","floor":24},{"not_picked":["HollowMod:MothsMistake","HollowMod:CrystalDash","HollowMod:ChannelNail","HollowMod:HowlingWraiths"],"picked":"SKIP","floor":28},{"not_picked":["HollowMod:MothsMistake","HollowMod:CrystalDash","HollowMod:ChannelNail","HollowMod:HowlingWraiths"],"picked":"SKIP","floor":28},{"not_picked":["HollowMod:DescendingDark","HollowMod:CycloneSlash+1","HollowMod:SiblingsSouls+1"],"picked":"HollowMod:HuntersJournal+1","floor":29},{"not_picked":["HollowMod:LifebloodCocoon","HollowMod:HowlingWraiths","HollowMod:NewLittleFool"],"picked":"HollowMod:ShadowDash+1","floor":30},{"not_picked":["HollowMod:SoulShaman","HollowMod:ChannelNail","HollowMod:CycloneSlash+1"],"picked":"HollowMod:AwokenDreamNail","floor":31},{"not_picked":["HollowMod:theNailsmith","HollowMod:LifebloodCore","HollowMod:ElderbugsWisdom"],"picked":"HollowMod:MidwifesHunger","floor":33},{"not_picked":["HollowMod:Grubsong","HollowMod:WraithStrike+1","HollowMod:CornifersMapStart"],"picked":"HollowMod:CloakDash","floor":35},{"not_picked":["HollowMod:InfectedCysts+1","HollowMod:WraithStrike","HollowMod:DoubleDash"],"picked":"HollowMod:CloakDash","floor":36},{"not_picked":["HollowMod:InfectionAssault+1","HollowMod:HowlingWraiths","HollowMod:MawleksShell+1"],"picked":"HollowMod:SiblingsShadow+1","floor":38},{"not_picked":["HollowMod:HowlingWraiths","HollowMod:GrimmsGift","HollowMod:NewLittleFool"],"picked":"HollowMod:DashSlash","floor":39}],"player_experience":613574,"relics_obtained":[{"floor":6,"key":"Bronze Scales"},{"floor":8,"key":"Blood Vial"},{"floor":9,"key":"Oddly Smooth Stone"},{"floor":12,"key":"Bag of Preparation"},{"floor":23,"key":"Question Card"},{"floor":26,"key":"InkBottle"},{"floor":27,"key":"Omamori"},{"floor":29,"key":"Toy Ornithopter"},{"floor":31,"key":"HollowMod:StagPassRelic"}],"event_choices":[{"damage_healed":0,"gold_gain":0,"player_choice":"Success","damage_taken":3,"relics_obtained":["Regal Pillow"],"max_hp_gain":0,"max_hp_loss":0,"event_name":"Scrap Ooze","floor":3,"gold_loss":0},{"damage_healed":0,"gold_gain":75,"player_choice":"Gather Gold","damage_taken":11,"max_hp_gain":0,"max_hp_loss":0,"event_name":"World of Goop","floor":13,"gold_loss":0},{"damage_healed":0,"gold_gain":0,"player_choice":"Stole Relic","damage_taken":0,"relics_obtained":["Gambling Chip"],"max_hp_gain":0,"max_hp_loss":0,"event_name":"Addict","floor":21,"gold_loss":0,"cards_obtained":["Shame"]},{"damage_healed":0,"gold_gain":0,"player_choice":"Opened","damage_taken":0,"relics_obtained":["Bag of Marbles"],"max_hp_gain":0,"max_hp_loss":0,"event_name":"The Mausoleum","floor":22,"gold_loss":0,"cards_obtained":["Writhe"]}],"is_beta":false,"boss_relics":[{"not_picked":["Tiny House","Coffee Dripper"],"picked":"Fusion Hammer"},{"not_picked":["Runic Pyramid","Snecko Eye"],"picked":"Philosopher\u0027s Stone"}],"items_purged_floors":[],"is_endless":false,"potions_floor_spawned":[1,5,6,8,11,24,28,33,36,39],"killed_by":"Nemesis","ascension_level":0}}