{"host":"gkh5j5k5w4qf7k7n","time":1607553231,"event":{"gold_per_floor":[117,42,42,54,74,74,107,189,189,199,199,210,210,220,220,321,321,336,352,352,379,154,154,185,185,185,185,39,74,74,74,74,176,176,390,400,450,450,460,460,489,489,569,569,579,591,376,329,329,329,329,329,19,51,51],"floor_reached":56,"playtime":3718,"items_purged":["DTMod:Strike","DTMod:Strike","DTMod:TargetDefense"],"score":1363,"play_id":"36eef8e5-d7e2-43e4-ba7a-fc62eea78df3","local_time":"20201210073351","is_ascension_mode":true,"metric_token":991,"campfire_choices":[{"data":"DTMod:Training","floor":6.0,"key":"SMITH"},{"data":"DTMod:TriAttack","floor":13.0,"key":"SMITH"},{"data":"DTMod:MagiciansMark","floor":15.0,"key":"SMITH"},{"data":"DTMod:Multitask","floor":23.0,"key":"SMITH"},{"data":"DTMod:Strike","floor":25.0,"key":"PURGE"},{"data":"DTMod:DoubleHit","floor":27.0,"key":"PURGE"},{"data":"DTMod:BurningForce","floor":30.0,"key":"PURGE"},{"data":"DTMod:CleansingStrike","floor":32.0,"key":"SMITH"},{"data":"DTMod:TargetDefense","floor":40,"key":"PURGE"},{"data":"Injury","floor":42,"key":"PURGE"},{"floor":49,"key":"RECALL"},{"data":"DTMod:CleansingStrike","floor":52,"key":"SMITH"}],"neow_cost":"PERCENT_DAMAGE","dtmod_dragon_data":[43,50,3,1,2,8],"seed_source_timestamp":453593946722100,"circlet_count":0,"master_deck":["DTMod:SwitchingTactic","DTMod:TriAttack+1","DTMod:MagiciansMark","DTMod:Training+1","DTMod:Weaken","DTMod:MagiciansMark+1","DTMod:Multitask+1","DTMod:BlazingStrike","DTMod:LightShield","DTMod:CleansingStrike+1","DTMod:Conduct","DTMod:Dissolve","DTMod:RunningTactic","DTMod:LightShield","DTMod:BurningEnergy","DTMod:Threaten+1","Madness","Madness","DTMod:Cover","DTMod:Cover","DTMod:ComboAttack","DTMod:Weaken+1","DTMod:Dissolve","DTMod:CleansingStrike+1","DTMod:ShadowImage","DTMod:RunningTactic","DTMod:Cover+1"],"special_seed":0,"relics":["DTMod:PactStone","REME_ComplimentaryCards","PreservedInsect","Matryoshka","Question Card","Kunai","Ancient Tea Set","REME_DemonsWealth","Nilry\u0027s Codex","Red Mask","Peace Pipe","Letter Opener","DTMod:MindBender","Nunchaku","Busted Crown","CaptainsWheel","Pocketwatch","Meat on the Bone","Bag of Preparation","Pen Nib"],"potions_floor_usage":[55],"damage_taken":[{"damage":0.0,"enemies":"Cultist","floor":1.0,"turns":3.0},{"damage":0.0,"enemies":"Jaw Worm","floor":4.0,"turns":3.0},{"damage":0.0,"enemies":"Small Slimes","floor":5.0,"turns":2.0},{"damage":4.0,"enemies":"3 Sentries","floor":7.0,"turns":7.0},{"damage":0.0,"enemies":"2 Fungi Beasts","floor":10.0,"turns":2.0},{"damage":2.0,"enemies":"Looter","floor":12.0,"turns":3.0},{"damage":0.0,"enemies":"Exordium Wildlife","floor":14.0,"turns":3.0},{"damage":5.0,"enemies":"Hexaghost","floor":16.0,"turns":9.0},{"damage":3.0,"enemies":"Chosen","floor":18.0,"turns":4.0},{"damage":3.0,"enemies":"2 Thieves","floor":19.0,"turns":3.0},{"damage":0.0,"enemies":"Masked Bandits","floor":21.0,"turns":4.0},{"damage":0.0,"enemies":"Slavers","floor":24.0,"turns":5.0},{"damage":0.0,"enemies":"Book of Stabbing","floor":29.0,"turns":4.0},{"damage":3,"enemies":"Collector","floor":33,"turns":8},{"damage":3,"enemies":"Orb Walker","floor":35,"turns":2},{"damage":21,"enemies":"3 Shapes","floor":36,"turns":5},{"damage":0,"enemies":"Mind Bloom Boss Battle","floor":37,"turns":4},{"damage":0,"enemies":"3 Darklings","floor":39,"turns":6},{"damage":1,"enemies":"Reptomancer","floor":41,"turns":5},{"damage":0,"enemies":"Jaw Worm Horde","floor":45,"turns":2},{"damage":1,"enemies":"Maw","floor":46,"turns":3},{"damage":5,"enemies":"Donu and Deca","floor":50,"turns":5},{"damage":0,"enemies":"Shield and Spear","floor":54,"turns":2},{"damage":0,"enemies":"The Heart","floor":55,"turns":4}],"seed_played":"-6516934687796136297","potions_obtained":[{"floor":7.0,"key":"Swift Potion"},{"floor":10.0,"key":"BlessingOfTheForge"},{"floor":16.0,"key":"Ancient Potion"},{"floor":19.0,"key":"LiquidBronze"},{"floor":36,"key":"DistilledChaos"},{"floor":41,"key":"Energy Potion"}],"is_trial":false,"path_per_floor":["M","$","?","M","M","R","E","T","T","M","?","M","R","M","R","B",null,"M","M","?","?","$","R","E","R","T","R","$","E","R","?","R","B",null,"M","M","?","?","M","R","E","R","T","?","M","M","$","$","R","B",null,"R","$","E","B",null],"character_chosen":"THE_DT","items_purchased":["DTMod:LightShield","DTMod:CleansingStrike","DTMod:MindBender","Bag of Preparation","DTMod:Dissolve","DTMod:CleansingStrike","DTMod:ShadowImage","DTMod:RunningTactic"],"campfire_rested":0,"item_purchase_floors":[22,22,28,47,47,48,53,53],"current_hp_per_floor":[33,33,33,33,33,33,29,29,29,29,17,15,15,15,15,10,45,42,39,23,23,23,23,23,23,23,23,23,23,23,23,23,20,45,42,21,21,15,15,15,14,14,14,14,26,25,25,25,25,32,45,45,45,45,45],"gold":51,"neow_bonus":"REMOVE_TWO","is_prod":false,"is_daily":false,"chose_seed":false,"campfire_upgraded":6,"win_rate":1,"timestamp":1607553231,"path_taken":["M","$","?","?","M","R","E","?","T","?","?","M","R","M","R","BOSS","M","M","?","?","$","R","E","R","T","R","$","E","R","?","R","BOSS","M","M","?","?","M","R","E","R","T","?","?","M","?","$","R","BOSS","R","$","E","BOSS"],"build_version":"2020-11-30","purchased_purges":3,"victory":true,"max_hp_per_floor":[45,45,45,45,45,45,45,45,45,45,45,45,45,45,45,45,45,45,45,45,45,45,45,45,45,45,45,45,45,45,45,45,45,45,45,45,45,45,45,45,45,45,45,45,45,45,45,45,45,45,45,45,45,45,45],"card_choices":[{"not_picked":["DTMod:GhostSkin","DTMod:Cover"],"picked":"DTMod:MagiciansMark","floor":1.0},{"not_picked":["DTMod:Observe","DTMod:Adaptation"],"picked":"DTMod:Training","floor":4.0},{"not_picked":["DTMod:BlazingStrike","DTMod:CleansingStrike","DTMod:Punisher"],"picked":"SKIP","floor":5.0},{"not_picked":["DTMod:BuildUp","DTMod:DragonDance"],"picked":"DTMod:Weaken","floor":7.0},{"not_picked":["DTMod:StarRain","DTMod:MagicField","DTMod:BurningEnergy"],"picked":"DTMod:MagiciansMark","floor":10.0},{"not_picked":["DTMod:DeepFocus","DTMod:MaximumCharge","DTMod:BizarreTactic","DTMod:InvisibleFlame"],"picked":"SKIP","floor":12.0},{"not_picked":["DTMod:SneakAttack","DTMod:MasterPlan","DTMod:ComboAttack","DTMod:Observe"],"picked":"SKIP","floor":14.0},{"not_picked":["DTMod:Prediction","DTMod:ResonanceForm","DTMod:RepeatStrike"],"picked":"DTMod:Multitask","floor":16.0},{"not_picked":["DTMod:ComboAttack+1","DTMod:BlueScale","DTMod:Threaten","Pain"],"picked":"DTMod:BlazingStrike","floor":18.0},{"not_picked":["DTMod:PurifyingFlame","DTMod:BreakAttack","DTMod:Feint","Pain"],"picked":"DTMod:BurningForce","floor":19.0},{"not_picked":["DTMod:Overwhelm","DTMod:BlueScale","DTMod:Feint","Decay"],"picked":"DTMod:Conduct","floor":24.0},{"not_picked":["DTMod:RecklessFlurry","DTMod:BizarreTactic+1","DTMod:CrossStep","Injury"],"picked":"DTMod:Dissolve","floor":29.0},{"not_picked":["DTMod:RepeatStrike","DTMod:Outburst","DTMod:ExcessFootwork","Pain"],"picked":"DTMod:LightShield","floor":33},{"not_picked":["DTMod:MaximumCharge","DTMod:Threaten"],"picked":"Injury","floor":35},{"not_picked":["DTMod:MasterPlan","Clumsy"],"picked":"DTMod:BurningEnergy","floor":36},{"not_picked":["DTMod:Punisher+1","Writhe"],"picked":"DTMod:Threaten+1","floor":37},{"not_picked":["DTMod:MagiciansMark","Doubt"],"picked":"DTMod:Cover","floor":39},{"not_picked":["DTMod:MagicField+1","Parasite"],"picked":"DTMod:Cover","floor":41},{"not_picked":["DTMod:BalancedStrike","DTMod:BreakAttack+1","Normality"],"picked":"SKIP","floor":45},{"not_picked":["DTMod:MasterPlan+1","Shame"],"picked":"DTMod:Weaken+1","floor":46},{"not_picked":["DTMod:FlameSlash","Decay"],"picked":"DTMod:Cover+1","floor":54}],"player_experience":910806,"relics_obtained":[{"floor":7.0,"key":"PreservedInsect"},{"floor":8.0,"key":"Matryoshka"},{"floor":9.0,"key":"Question Card"},{"floor":9.0,"key":"Kunai"},{"floor":20.0,"key":"Nilry\u0027s Codex"},{"floor":21.0,"key":"Red Mask"},{"floor":24.0,"key":"Peace Pipe"},{"floor":26.0,"key":"Letter Opener"},{"floor":29.0,"key":"Nunchaku"},{"floor":37,"key":"CaptainsWheel"},{"floor":41,"key":"Pocketwatch"},{"floor":43,"key":"Meat on the Bone"},{"floor":54,"key":"Pen Nib"}],"event_choices":[{"damage_healed":0.0,"max_hp_gain":0.0,"max_hp_loss":0.0,"gold_gain":0.0,"event_name":"WeMeetAgain","player_choice":"Ignored","floor":3.0,"gold_loss":0.0,"damage_taken":0.0},{"damage_healed":0.0,"max_hp_gain":0.0,"max_hp_loss":0.0,"gold_gain":0.0,"event_name":"Scrap Ooze","player_choice":"Success","floor":11.0,"gold_loss":0.0,"damage_taken":12.0,"relics_obtained":["Ancient Tea Set"]},{"damage_healed":0.0,"max_hp_gain":0.0,"max_hp_loss":0.0,"gold_gain":0.0,"event_name":"Cursed Tome","player_choice":"Obtained Book","floor":20.0,"gold_loss":0.0,"damage_taken":16.0},{"damage_healed":0.0,"max_hp_gain":0.0,"max_hp_loss":0.0,"gold_gain":0.0,"event_name":"Masked Bandits","player_choice":"Fought Bandits","floor":21.0,"gold_loss":0.0,"damage_taken":0.0},{"damage_healed":0.0,"max_hp_gain":0.0,"max_hp_loss":0.0,"gold_gain":0.0,"event_name":"The Library","player_choice":"Read","floor":31.0,"gold_loss":0.0,"damage_taken":0.0,"cards_obtained":["DTMod:RunningTactic"]},{"damage_healed":0,"gold_gain":0,"player_choice":"Fight","damage_taken":0,"max_hp_gain":0,"max_hp_loss":0,"event_name":"MindBloom","floor":37,"gold_loss":0},{"damage_healed":0,"gold_gain":0,"player_choice":"Embrace Madness","damage_taken":6,"max_hp_gain":0,"max_hp_loss":0,"event_name":"Winding Halls","floor":38,"gold_loss":0,"cards_obtained":["Madness","Madness"]},{"damage_healed":0,"gold_gain":0,"cards_transformed":["DTMod:TargetDefense"],"player_choice":"Transformed","damage_taken":0,"max_hp_gain":0,"max_hp_loss":0,"event_name":"Transmorgrifier","floor":44,"gold_loss":0,"cards_obtained":["DTMod:ComboAttack"]}],"is_beta":false,"boss_relics":[{"not_picked":["DTMod:TheChair","Runic Pyramid"],"picked":"REME_DemonsWealth"},{"not_picked":["DTMod:MagicStone","Snecko Eye"],"picked":"Busted Crown"}],"items_purged_floors":[2,22,53],"is_endless":false,"potions_floor_spawned":[7,10,16,19,36,41,45,46],"ascension_level":1}}