{"host":"fea6kdxvty5fzy91","time":1607556989,"event":{"gold_per_floor":[109,184,197,209,221,256,256,256,280,292,292,311,323,337,337,337,337],"floor_reached":16,"playtime":600,"items_purged":[],"score":106,"play_id":"e3c6be8f-5451-49bc-8afb-44de8fa407f7","local_time":"20201209163629","is_ascension_mode":false,"campfire_choices":[{"data":"Eruption","floor":7,"key":"SMITH"},{"data":"CarveReality","floor":11,"key":"SMITH"},{"floor":15,"key":"REST"}],"neow_cost":"NONE","seed_source_timestamp":436324944021800,"circlet_count":0,"master_deck":["Strike_P","Strike_P","Strike_P","Strike_P","Defend_P","Defend_P","Defend_P","Defend_P","Eruption+1","Vigilance","CarveReality+1","SandsOfTime","DevaForm","JustLucky"],"relics":["PureWater","Omamori","Blood Vial","Oddly Smooth Stone"],"potions_floor_usage":[6,6,16],"damage_taken":[{"damage":3,"enemies":"Jaw Worm","floor":1,"turns":4},{"damage":0,"enemies":"Small Slimes","floor":3,"turns":2},{"damage":1,"enemies":"Cultist","floor":4,"turns":3},{"damage":7,"enemies":"Exordium Thugs","floor":5,"turns":3},{"damage":22,"enemies":"Gremlin Nob","floor":6,"turns":4},{"damage":0,"enemies":"Red Slaver","floor":10,"turns":2},{"damage":12,"enemies":"Blue Slaver","floor":12,"turns":4},{"damage":0,"enemies":"2 Fungi Beasts","floor":13,"turns":3},{"damage":4,"enemies":"Looter","floor":14,"turns":3},{"damage":25,"enemies":"The Guardian","floor":16,"turns":7}],"seed_played":"2969767361729294871","potions_obtained":[{"floor":4,"key":"Weak Potion"},{"floor":5,"key":"Swift Potion"},{"floor":10,"key":"DistilledChaos"},{"floor":12,"key":"SmokeBomb"},{"floor":14,"key":"BottledMiracle"}],"is_trial":false,"path_per_floor":["M","?","M","M","M","E","R","?","T","M","R","M","M","M","R","B"],"character_chosen":"WATCHER","items_purchased":[],"campfire_rested":1,"item_purchase_floors":[],"current_hp_per_floor":[69,58,58,57,50,28,28,10,10,12,12,2,4,2,23,0,0],"gold":337,"neow_bonus":"THREE_CARDS","is_prod":false,"is_daily":false,"chose_seed":false,"campfire_upgraded":2,"win_rate":0.0,"timestamp":1607556989,"path_taken":["M","?","M","M","M","E","R","?","T","M","R","M","M","M","R","BOSS"],"build_version":"2020-11-30","purchased_purges":0,"victory":false,"max_hp_per_floor":[72,72,72,72,72,72,72,72,72,72,72,72,72,72,72,72,72],"card_choices":[{"not_picked":["Pray","EmptyFist"],"picked":"CarveReality","floor":0},{"not_picked":["FlyingSleeves","Evaluate","EmptyMind"],"picked":"SKIP","floor":1},{"not_picked":["LikeWater","FlyingSleeves"],"picked":"SandsOfTime","floor":3},{"not_picked":["ClearTheMind","SashWhip"],"picked":"DevaForm","floor":4},{"not_picked":["SashWhip","ClearTheMind","Protect"],"picked":"SKIP","floor":5},{"not_picked":["Crescendo","EmptyBody","ReachHeaven"],"picked":"SKIP","floor":6},{"not_picked":["WindmillStrike","EmptyMind","LikeWater"],"picked":"SKIP","floor":10},{"not_picked":["BattleHymn","Crescendo"],"picked":"JustLucky","floor":12},{"not_picked":["Evaluate","Crescendo","FollowUp"],"picked":"SKIP","floor":13},{"not_picked":["PathToVictory","Consecrate","Crescendo"],"picked":"SKIP","floor":14}],"player_experience":274887,"relics_obtained":[{"floor":6,"key":"Omamori"},{"floor":9,"key":"Oddly Smooth Stone"}],"event_choices":[{"damage_healed":0,"gold_gain":75,"player_choice":"Gold","damage_taken":11,"max_hp_gain":0,"max_hp_loss":0,"event_name":"betterThird:BetterGoop","floor":2,"gold_loss":0},{"damage_healed":0,"gold_gain":0,"player_choice":"Relic ","damage_taken":18,"max_hp_gain":0,"max_hp_loss":0,"event_name":"betterThird:BetterScrap","floor":8,"gold_loss":0,"cards_obtained":["Reckless Charge"]}],"is_beta":false,"boss_relics":[],"items_purged_floors":[],"is_endless":false,"potions_floor_spawned":[4,5,10,12,14],"killed_by":"The Guardian","ascension_level":0}}