{"host":"dt1wtwbku9xpz1nc","time":1607517634,"event":{"gold_per_floor":[109,125,125,144,109,138,138,313,337,337,307,307,327,327,327,327,327],"floor_reached":16,"playtime":593,"items_purged":[],"score":98,"play_id":"183ed791-0ccc-4af5-a940-730f8bf9a31e","local_time":"20201209194034","is_ascension_mode":false,"campfire_choices":[{"floor":7,"key":"REST"},{"floor":10,"key":"REST"},{"data":"blademaster:DaggerAndCloak","floor":15,"key":"SMITH"}],"neow_cost":"NONE","seed_source_timestamp":278283660102000,"circlet_count":0,"master_deck":["blademaster:Strike","blademaster:Strike+1","blademaster:Strike","blademaster:Strike","blademaster:Defend","blademaster:Defend","blademaster:Defend","blademaster:Defend","blademaster:RagingBlow","blademaster:HighVoltage+1","blademaster:ChargingUp","blademaster:DaggerAndCloak+1","blademaster:FuriousStrike","blademaster:Gust","Doubt","blademaster:LightningCrash","blademaster:KiBarrier"],"special_seed":0,"relics":["blademaster:DancersAmulet","NeowsBlessing","Orichalcum","Oddly Smooth Stone","Darkstone Periapt"],"potions_floor_usage":[16,16],"damage_taken":[{"damage":0,"enemies":"Jaw Worm","floor":1,"turns":1},{"damage":0,"enemies":"2 Louse","floor":2,"turns":1},{"damage":0,"enemies":"Small Slimes","floor":4,"turns":1},{"damage":53,"enemies":"Lagavulin","floor":6,"turns":12},{"damage":4,"enemies":"Looter","floor":11,"turns":4},{"damage":0,"enemies":"2 Fungi Beasts","floor":13,"turns":4},{"damage":65,"enemies":"Slime Boss","floor":16,"turns":13}],"seed_played":"959704973171064566","potions_obtained":[{"floor":1,"key":"LiquidMemories"},{"floor":2,"key":"Weak Potion"}],"is_trial":false,"path_per_floor":["M","M","?","M","?","E","R","?","T","R","M","T","M","?","R","B"],"character_chosen":"THE_BLADEMASTER","items_purchased":[],"campfire_rested":2,"item_purchase_floors":[],"current_hp_per_floor":[75,75,60,60,75,22,44,44,44,66,62,62,62,62,62,0,0],"gold":327,"neow_bonus":"THREE_ENEMY_KILL","is_prod":false,"is_daily":false,"chose_seed":false,"campfire_upgraded":1,"win_rate":0.0,"timestamp":1607517634,"path_taken":["M","M","?","M","?","E","R","?","T","R","M","?","M","?","R","BOSS"],"build_version":"2020-11-30","purchased_purges":0,"victory":false,"max_hp_per_floor":[75,75,75,75,75,75,75,75,75,75,75,75,75,75,75,75,75],"card_choices":[{"not_picked":["blademaster:Frenzy","blademaster:Slice"],"picked":"blademaster:ChargingUp","floor":1},{"not_picked":["blademaster:LeechingStrike","blademaster:DancingEdge"],"picked":"blademaster:DaggerAndCloak","floor":2},{"not_picked":["blademaster:Sunder","blademaster:AwakeningStrike"],"picked":"blademaster:FuriousStrike","floor":4},{"not_picked":["blademaster:KiBarrier","blademaster:DragonStrike"],"picked":"blademaster:Gust","floor":6},{"not_picked":["blademaster:Sunder","blademaster:ThunderingOpener"],"picked":"blademaster:LightningCrash","floor":11},{"not_picked":["blademaster:Thrust","blademaster:DragonStrike"],"picked":"blademaster:KiBarrier","floor":13}],"player_experience":182475,"relics_obtained":[{"floor":6,"key":"Orichalcum"},{"floor":6,"key":"blademaster:BonusFuryPerk"},{"floor":9,"key":"Oddly Smooth Stone"},{"floor":12,"key":"Darkstone Periapt"}],"event_choices":[{"damage_healed":0,"gold_gain":0,"player_choice":"Entered Light","damage_taken":15,"max_hp_gain":0,"max_hp_loss":0,"event_name":"Shining Light","floor":3,"gold_loss":0,"cards_upgraded":["blademaster:Strike","blademaster:HighVoltage"]},{"damage_healed":18,"gold_gain":0,"player_choice":"Healed","damage_taken":0,"max_hp_gain":0,"max_hp_loss":0,"event_name":"The Cleric","floor":5,"gold_loss":35},{"damage_healed":0,"gold_gain":175,"player_choice":"AGREE","damage_taken":0,"max_hp_gain":0,"max_hp_loss":0,"event_name":"Liars Game","floor":8,"gold_loss":0,"cards_obtained":["Doubt"]},{"damage_healed":0,"gold_gain":0,"player_choice":"Ignored","damage_taken":0,"max_hp_gain":0,"max_hp_loss":0,"event_name":"Purifier","floor":14,"gold_loss":0}],"is_beta":false,"boss_relics":[],"items_purged_floors":[],"is_endless":false,"potions_floor_spawned":[1,2],"killed_by":"Slime Boss","ascension_level":0}}