{"host":"og6lam4kt3nibbw0","time":1607530715,"event":{"gold_per_floor":[116,116,116,129,144,169,188,188,188],"floor_reached":8,"playtime":743,"items_purged":[],"score":116,"play_id":"79adfe32-e5c1-414f-9ce6-4447596d4809","local_time":"20201210011835","is_ascension_mode":true,"campfire_choices":[],"neow_cost":"TEN_PERCENT_HP_LOSS","seed_source_timestamp":526107238253999,"circlet_count":0,"master_deck":["AscendersBane","Strike_G","Strike_G","Strike_G","Strike_G","Strike_G","Defend_G","Defend_G","Defend_G","Defend_G","Defend_G","Survivor","Neutralize","Corpse Explosion","Prepared","Escape Plan","Dash","Dagger Throw"],"relics":["Ring of the Snake","Girya"],"potions_floor_usage":[6,7,8],"damage_taken":[{"damage":0,"enemies":"2 Louse","floor":1,"turns":3},{"damage":3,"enemies":"Small Slimes","floor":4,"turns":5},{"damage":1,"enemies":"Cultist","floor":5,"turns":5},{"damage":20,"enemies":"3 Sentries","floor":6,"turns":5},{"damage":5,"enemies":"Large Slime","floor":7,"turns":5},{"damage":31,"enemies":"Lagavulin","floor":8,"turns":8}],"seed_played":"6531270748420090024","potions_obtained":[{"floor":3,"key":"Block Potion"},{"floor":3,"key":"Energy Potion"},{"floor":4,"key":"LiquidMemories"},{"floor":6,"key":"CunningPotion"}],"is_trial":false,"path_per_floor":["M","?","?","M","M","E","M","E"],"character_chosen":"THE_SILENT","items_purchased":[],"campfire_rested":0,"item_purchase_floors":[],"current_hp_per_floor":[59,59,59,56,55,35,30,0,0],"gold":188,"neow_bonus":"THREE_RARE_CARDS","is_prod":false,"is_daily":false,"chose_seed":false,"campfire_upgraded":0,"win_rate":0,"timestamp":1607530715,"path_taken":["M","?","?","M","?","E","M","E"],"build_version":"2020-11-30","purchased_purges":0,"victory":false,"max_hp_per_floor":[60,60,60,60,60,60,60,60,60],"card_choices":[{"not_picked":["Glass Knife","Die Die Die"],"picked":"Corpse Explosion","floor":0},{"not_picked":["Deflect","Underhanded Strike"],"picked":"Prepared","floor":1},{"not_picked":["Corpse Explosion","Reflex"],"picked":"Escape Plan","floor":4},{"not_picked":["Blade Dance","Slice","Calculated Gamble"],"picked":"SKIP","floor":5},{"not_picked":["Setup","Blade Dance"],"picked":"Dash","floor":6},{"not_picked":["Backflip","Bane"],"picked":"Dagger Throw","floor":7}],"player_experience":750982,"relics_obtained":[{"floor":6,"key":"Girya"}],"event_choices":[{"damage_healed":0,"gold_gain":0,"player_choice":"Ignored","damage_taken":0,"max_hp_gain":0,"max_hp_loss":0,"event_name":"Liars Game","floor":2,"gold_loss":0},{"damage_healed":0,"gold_gain":0,"player_choice":"Got Potions","damage_taken":0,"max_hp_gain":0,"max_hp_loss":0,"event_name":"Lab","floor":3,"gold_loss":0}],"is_beta":false,"boss_relics":[],"items_purged_floors":[],"is_endless":false,"potions_floor_spawned":[4,5,6],"killed_by":"Lagavulin","ascension_level":20}}