{"host":"nptej036rrbiurf5","time":1607488923,"event":{"gold_per_floor":[117,192,209,134,144,144,27,60,138,164,164,176,193,210,210,284,334,351,369,395,408,328,328,358,358,358,358,358,358,14,14,14,86,86,98,109,159,184,201,201,16,45,45,45,64,79,94,128,128,128,128],"floor_reached":50,"playtime":2302,"items_purged":["Strike_G","Strike_G","Strike_G","Defend_G"],"score":1110,"play_id":"e4324907-c020-4b54-a59c-e5dba33b1c01","local_time":"20201209134203","is_ascension_mode":true,"campfire_choices":[{"data":"Blade Dance","floor":6.0,"key":"SMITH"},{"floor":11.0,"key":"REST"},{"data":"Accuracy","floor":15.0,"key":"SMITH"},{"data":"Cloak And Dagger","floor":23.0,"key":"SMITH"},{"data":"Blade Dance","floor":25.0,"key":"SMITH"},{"data":"Cloak And Dagger","floor":28.0,"key":"SMITH"},{"data":"Cloak And Dagger","floor":32.0,"key":"SMITH"},{"data":"Bullet Time","floor":40.0,"key":"SMITH"},{"data":"Accuracy","floor":44.0,"key":"SMITH"},{"data":"Accuracy","floor":49.0,"key":"SMITH"}],"neow_cost":"NONE","seed_source_timestamp":1208646391723400,"circlet_count":0,"master_deck":["AscendersBane","Defend_G","Defend_G","Defend_G","Defend_G","Survivor","Neutralize","After Image+1","Blade Dance+1","Cloak And Dagger+1","Accuracy+1","Acrobatics","Blade Dance+1","Footwork","Corpse Explosion","Cloak And Dagger+1","Footwork+1","PiercingWail","Cloak And Dagger+1","Choke","Calculated Gamble+1","Wraith Form v2","Bullet Time+1","Acrobatics","Venomology","Accuracy+1","Accuracy+1","Backflip"],"special_seed":0,"relics":["Ring of the Snake","Vajra","Mummified Hand","The Courier","Tiny House","Red Mask","MealTicket","Meat on the Bone","Orrery","Potion Belt","Runic Pyramid","Ginger","Ice Cream","Pen Nib","CaptainsWheel","Boot"],"potions_floor_usage":[50,50,50],"damage_taken":[{"damage":3.0,"enemies":"Cultist","floor":1.0,"turns":5.0},{"damage":4.0,"enemies":"2 Louse","floor":3.0,"turns":4.0},{"damage":0.0,"enemies":"Jaw Worm","floor":5.0,"turns":4.0},{"damage":22.0,"enemies":"3 Sentries","floor":8.0,"turns":6.0},{"damage":4.0,"enemies":"Gremlin Nob","floor":10.0,"turns":3.0},{"damage":1.0,"enemies":"2 Fungi Beasts","floor":12.0,"turns":5.0},{"damage":4.0,"enemies":"Looter","floor":13.0,"turns":3.0},{"damage":0.0,"enemies":"Large Slime","floor":14.0,"turns":4.0},{"damage":8.0,"enemies":"Hexaghost","floor":16.0,"turns":8.0},{"damage":0.0,"enemies":"2 Thieves","floor":18.0,"turns":4.0},{"damage":20.0,"enemies":"3 Byrds","floor":19.0,"turns":3.0},{"damage":0.0,"enemies":"Masked Bandits","floor":20.0,"turns":2.0},{"damage":3.0,"enemies":"Sentry and Sphere","floor":21.0,"turns":4.0},{"damage":6.0,"enemies":"Slavers","floor":24.0,"turns":4.0},{"damage":18.0,"enemies":"Collector","floor":33.0,"turns":8.0},{"damage":2.0,"enemies":"3 Darklings","floor":35.0,"turns":5.0},{"damage":25.0,"enemies":"3 Shapes","floor":36.0,"turns":1.0},{"damage":19.0,"enemies":"2 Orb Walkers","floor":37.0,"turns":4.0},{"damage":2.0,"enemies":"Mind Bloom Boss Battle","floor":38.0,"turns":6.0},{"damage":13.0,"enemies":"Spire Growth","floor":39.0,"turns":5.0},{"damage":17.0,"enemies":"Reptomancer","floor":42.0,"turns":6.0},{"damage":11.0,"enemies":"Sphere and 2 Shapes","floor":45.0,"turns":6.0},{"damage":0.0,"enemies":"Jaw Worm Horde","floor":46.0,"turns":3.0},{"damage":7.0,"enemies":"Spire Growth","floor":47.0,"turns":4.0},{"damage":0.0,"enemies":"Giant Head","floor":48.0,"turns":3.0},{"damage":52,"enemies":"Awakened One","floor":50,"turns":4}],"seed_played":"7862347992706514353","potions_obtained":[{"floor":3.0,"key":"Strength Potion"},{"floor":8.0,"key":"DistilledChaos"},{"floor":12.0,"key":"ColorlessPotion"},{"floor":16.0,"key":"SteroidPotion"},{"floor":17.0,"key":"SmokeBomb"},{"floor":19.0,"key":"PowerPotion"},{"floor":21.0,"key":"DuplicationPotion"},{"floor":42.0,"key":"PowerPotion"},{"floor":46.0,"key":"SkillPotion"},{"floor":47.0,"key":"Fire Potion"}],"is_trial":false,"path_per_floor":["M","?","M","?","M","R","$","E","T","E","R","M","M","M","R","B",null,"M","M","?","M","$","R","E","R","T","?","R","?","$","?","R","B",null,"M","M","?","?","M","R","$","E","T","R","M","M","M","E","R","B"],"character_chosen":"THE_SILENT","items_purchased":["Accuracy","Orrery","Potion Belt","Accuracy"],"campfire_rested":1,"item_purchase_floors":[7,30,30,41],"current_hp_per_floor":[56,45,41,41,41,41,41,19,19,15,34,33,29,29,29,21,60,60,40,40,37,37,37,31,31,31,31,31,31,46,26,26,20,62,60,47,40,50,49,49,64,47,47,47,48,48,41,41,41,0,0],"gold":128,"neow_bonus":"ONE_RANDOM_RARE_CARD","is_prod":false,"is_daily":false,"chose_seed":false,"campfire_upgraded":9,"win_rate":0,"timestamp":1607488923,"path_taken":["M","?","M","?","M","R","?","E","T","E","R","M","M","M","R","BOSS","M","M","?","M","$","R","E","R","T","?","R","?","$","?","R","BOSS","M","M","?","?","M","R","$","E","T","R","M","M","M","E","R","BOSS"],"build_version":"2020-11-30","purchased_purges":4,"victory":false,"max_hp_per_floor":[66,66,66,66,66,66,66,66,66,66,66,66,66,66,66,66,71,71,71,71,71,71,71,71,71,71,71,71,71,71,76,76,76,76,76,76,76,76,76,76,76,76,76,76,76,76,76,76,76,76,76],"card_choices":[{"not_picked":["Dagger Spray","Setup"],"picked":"Blade Dance","floor":1.0},{"not_picked":["Deflect","Concentrate"],"picked":"Cloak And Dagger","floor":3.0},{"not_picked":["Dodge and Roll","Deflect","Bane"],"picked":"SKIP","floor":5.0},{"not_picked":["Tactician","All Out Attack","Dash"],"picked":"SKIP","floor":8.0},{"not_picked":["Tactician","All Out Attack","Dash"],"picked":"SKIP","floor":8.0},{"not_picked":["Prepared","Poisoned Stab","Flying Knee"],"picked":"SKIP","floor":10.0},{"not_picked":["Prepared","Dodge and Roll"],"picked":"Acrobatics","floor":12.0},{"not_picked":["Dodge and Roll","Wraith Form v2"],"picked":"Blade Dance","floor":13.0},{"not_picked":["Masterful Stab","Backflip"],"picked":"Footwork","floor":14.0},{"not_picked":["Night Terror","Tools of the Trade"],"picked":"Corpse Explosion","floor":16.0},{"not_picked":["Catalyst","Slice"],"picked":"Cloak And Dagger","floor":17.0},{"not_picked":["Setup","Choke"],"picked":"Footwork+1","floor":18.0},{"not_picked":["Dagger Spray","Slice"],"picked":"PiercingWail","floor":19.0},{"not_picked":["Deadly Poison","Escape Plan+1"],"picked":"Cloak And Dagger","floor":20.0},{"not_picked":["Poisoned Stab","Underhanded Strike+1","Footwork"],"picked":"SKIP","floor":21.0},{"not_picked":["Dash","Prepared"],"picked":"Choke","floor":24.0},{"not_picked":["Sucker Punch","Escape Plan"],"picked":"Calculated Gamble+1","floor":30.0},{"not_picked":["Catalyst","Cloak And Dagger"],"picked":"Wraith Form v2","floor":30.0},{"not_picked":["Deadly Poison","PiercingWail"],"picked":"Bullet Time","floor":30.0},{"not_picked":["Deadly Poison","PiercingWail"],"picked":"Acrobatics","floor":30.0},{"not_picked":["Catalyst","Underhanded Strike+1","Prepared"],"picked":"SKIP","floor":35.0},{"not_picked":["Caltrops","Cloak And Dagger","Dagger Spray"],"picked":"SKIP","floor":36.0},{"not_picked":["Dagger Throw","Dagger Spray"],"picked":"Venomology","floor":38.0},{"not_picked":["Deflect+1","Cloak And Dagger","Acrobatics"],"picked":"SKIP","floor":39.0},{"not_picked":["Poisoned Stab","Expertise+1","Well Laid Plans"],"picked":"SKIP","floor":42.0},{"not_picked":["Poisoned Stab","Expertise+1","Well Laid Plans"],"picked":"SKIP","floor":42.0},{"not_picked":["Deadly Poison","PiercingWail","Prepared+1"],"picked":"SKIP","floor":45.0},{"not_picked":["Infinite Blades","Outmaneuver"],"picked":"Accuracy","floor":46.0},{"not_picked":["Backstab+1","Deadly Poison"],"picked":"Backflip","floor":47.0},{"not_picked":["Slice","Bouncing Flask","PiercingWail"],"picked":"SKIP","floor":48.0}],"player_experience":809739,"relics_obtained":[{"floor":8.0,"key":"Vajra"},{"floor":9.0,"key":"Mummified Hand"},{"floor":10.0,"key":"The Courier"},{"floor":20.0,"key":"Red Mask"},{"floor":24.0,"key":"MealTicket"},{"floor":26.0,"key":"Meat on the Bone"},{"floor":37.0,"key":"Ginger"},{"floor":38.0,"key":"Ice Cream"},{"floor":42.0,"key":"Pen Nib"},{"floor":43.0,"key":"CaptainsWheel"},{"floor":48.0,"key":"Boot"}],"event_choices":[{"damage_healed":0.0,"max_hp_gain":0.0,"max_hp_loss":0.0,"gold_gain":75.0,"event_name":"World of Goop","player_choice":"Gather Gold","floor":2.0,"gold_loss":0.0,"damage_taken":11.0},{"cards_removed":["Strike_G"],"damage_healed":0.0,"max_hp_gain":0.0,"max_hp_loss":0.0,"gold_gain":0.0,"event_name":"The Cleric","player_choice":"Card Removal","floor":4.0,"gold_loss":75.0,"damage_taken":0.0},{"damage_healed":0.0,"max_hp_gain":0.0,"max_hp_loss":0.0,"gold_gain":0.0,"event_name":"Masked Bandits","player_choice":"Fought Bandits","floor":20.0,"gold_loss":0.0,"damage_taken":0.0},{"damage_healed":0.0,"max_hp_gain":0.0,"max_hp_loss":0.0,"gold_gain":0.0,"event_name":"The Mausoleum","player_choice":"Ignored","floor":27.0,"gold_loss":0.0,"damage_taken":0.0},{"cards_removed":["Strike_G"],"damage_healed":0.0,"max_hp_gain":0.0,"max_hp_loss":0.0,"gold_gain":0.0,"event_name":"Back to Basics","player_choice":"Elegance","floor":29.0,"gold_loss":0.0,"damage_taken":0.0},{"damage_healed":0.0,"max_hp_gain":5.0,"max_hp_loss":0.0,"gold_gain":0.0,"event_name":"Forgotten Altar","player_choice":"Shed Blood","floor":31.0,"gold_loss":0.0,"damage_taken":25.0},{"damage_healed":0.0,"max_hp_gain":0.0,"max_hp_loss":0.0,"gold_gain":0.0,"event_name":"Mysterious Sphere","player_choice":"Fight","floor":37.0,"gold_loss":0.0,"damage_taken":0.0},{"damage_healed":0.0,"max_hp_gain":0.0,"max_hp_loss":0.0,"gold_gain":0.0,"event_name":"MindBloom","player_choice":"Fight","floor":38.0,"gold_loss":0.0,"damage_taken":0.0}],"is_beta":false,"boss_relics":[{"not_picked":["Cursed Key","Ectoplasm"],"picked":"Tiny House"},{"not_picked":["Runic Dome","HoveringKite"],"picked":"Runic Pyramid"}],"items_purged_floors":[7,22,30,41],"is_endless":false,"potions_floor_spawned":[3,8,12,16,19,21,24,42,46,47],"killed_by":"Awakened One","ascension_level":20}}