{"host":"pl1fbpkom0aq337f","time":1607512181,"event":{"gold_per_floor":[115,290,305,1,1,1,42,42,42,67,100,129,129,149,162,162,282,282,303,328,328,344,363,0,0,0,0],"floor_reached":26,"playtime":860,"items_purged":["Doubt"],"score":335,"play_id":"c01cc2ba-2cf6-4cec-93d9-162497ce8ebd","local_time":"20201209120941","is_ascension_mode":true,"campfire_choices":[{"data":"Static Discharge","floor":6.0,"key":"SMITH"},{"data":"Rainbow","floor":8.0,"key":"SMITH"},{"floor":13.0,"key":"REST"},{"data":"Zap","floor":16.0,"key":"SMITH"},{"floor":25,"key":"REST"}],"neow_cost":"NONE","seed_source_timestamp":958320867952700,"circlet_count":0,"master_deck":["AscendersBane","Strike_B","Strike_B","Strike_B","Strike_B","Defend_B","Defend_B","Defend_B","Defend_B","Zap+1","Dualcast","Rainbow+1","Sweeping Beam","Rip and Tear","Static Discharge+1","Ball Lightning","White Noise","Creative AI","Capacitor","Echo Form","Barrage","Defragment","Genetic Algorithm","Fission"],"special_seed":0,"relics":["Cracked Core","Omamori","Golden Idol","Strawberry","Kunai","Toy Ornithopter","Potion Belt","Odd Mushroom","Inserter"],"potions_floor_usage":[23,23],"damage_taken":[{"damage":6.0,"enemies":"2 Louse","floor":1.0,"turns":2.0},{"damage":4.0,"enemies":"Jaw Worm","floor":3.0,"turns":4.0},{"damage":23.0,"enemies":"3 Sentries","floor":7.0,"turns":4.0},{"damage":6.0,"enemies":"Gremlin Nob","floor":11.0,"turns":3.0},{"damage":22.0,"enemies":"The Mushroom Lair","floor":12.0,"turns":3.0},{"damage":0.0,"enemies":"Small Slimes","floor":14.0,"turns":2.0},{"damage":6.0,"enemies":"2 Fungi Beasts","floor":15.0,"turns":3.0},{"damage":16.0,"enemies":"Slime Boss","floor":17.0,"turns":6.0},{"damage":7.0,"enemies":"Chosen","floor":19.0,"turns":4.0},{"damage":31.0,"enemies":"3 Byrds","floor":20.0,"turns":5.0},{"damage":10.0,"enemies":"3 Cultists","floor":22.0,"turns":4.0},{"damage":49,"enemies":"Shelled Parasite and Fungi","floor":23,"turns":5},{"damage":29,"enemies":"Slavers","floor":26,"turns":1}],"seed_played":"7338007076030345498","potions_obtained":[{"floor":7.0,"key":"Weak Potion"},{"floor":11.0,"key":"EntropicBrew"},{"floor":12.0,"key":"SpeedPotion"},{"floor":19.0,"key":"Fire Potion"},{"floor":20.0,"key":"Dexterity Potion"}],"is_trial":false,"path_per_floor":["M","?","M","$","?","R","E","R","T","T","E","?","R","M","M","R","B",null,"M","M","?","M","M","?","R","E"],"character_chosen":"DEFECT","items_purchased":["Omamori","Static Discharge"],"campfire_rested":2,"item_purchase_floors":[4,4],"current_hp_per_floor":[62,62,58,58,58,58,42,42,42,42,36,19,41,41,35,35,24,63,56,40,40,40,1,1,23,0,0],"gold":0,"neow_bonus":"ONE_RANDOM_RARE_CARD","is_prod":false,"is_daily":false,"chose_seed":false,"campfire_upgraded":3,"win_rate":0,"timestamp":1607512181,"path_taken":["M","?","M","$","?","R","E","R","T","T","E","?","R","M","M","R","BOSS","M","M","?","M","M","?","R","E"],"build_version":"2020-11-30","purchased_purges":1,"victory":false,"max_hp_per_floor":[75,75,75,75,69,69,76,76,76,76,76,76,76,76,76,76,76,76,76,76,76,76,76,76,76,76,76],"card_choices":[{"not_picked":["Beam Cell","Hologram"],"picked":"Sweeping Beam","floor":1.0},{"not_picked":["Turbo","Skim"],"picked":"Rip and Tear","floor":3.0},{"not_picked":["Sweeping Beam","Streamline"],"picked":"Ball Lightning","floor":7.0},{"not_picked":["Hello World","Rebound"],"picked":"White Noise","floor":11.0},{"not_picked":["Melter","Go for the Eyes"],"picked":"Creative AI","floor":12.0},{"not_picked":["White Noise","Beam Cell","Blizzard"],"picked":"SKIP","floor":14.0},{"not_picked":["Tempest","Turbo"],"picked":"Capacitor","floor":15.0},{"not_picked":["Creative AI","Meteor Strike"],"picked":"Echo Form","floor":17.0},{"not_picked":["Leap","Cold Snap"],"picked":"Barrage","floor":19.0},{"not_picked":["Steam","Sweeping Beam"],"picked":"Defragment","floor":20.0},{"not_picked":["Loop","Barrage"],"picked":"Genetic Algorithm","floor":22.0},{"not_picked":["Leap+1","Reinforced Body"],"picked":"Fission","floor":23}],"player_experience":369513,"relics_obtained":[{"floor":7.0,"key":"Strawberry"},{"floor":9.0,"key":"Kunai"},{"floor":10.0,"key":"Toy Ornithopter"},{"floor":11.0,"key":"Potion Belt"},{"floor":12.0,"key":"Odd Mushroom"}],"event_choices":[{"damage_healed":0.0,"max_hp_gain":0.0,"max_hp_loss":0.0,"gold_gain":175.0,"event_name":"Liars Game","player_choice":"AGREE","floor":2.0,"gold_loss":0.0,"damage_taken":0.0,"cards_obtained":["Doubt"]},{"damage_healed":0.0,"max_hp_gain":0.0,"max_hp_loss":6.0,"gold_gain":0.0,"event_name":"Golden Idol","player_choice":"Lose Max HP","floor":5.0,"gold_loss":0.0,"damage_taken":0.0,"relics_obtained":["Golden Idol"]},{"damage_healed":0.0,"max_hp_gain":0.0,"max_hp_loss":0.0,"gold_gain":0.0,"event_name":"Mushrooms","player_choice":"Fought Mushrooms","floor":12.0,"gold_loss":0.0,"damage_taken":0.0},{"damage_healed":0.0,"max_hp_gain":0.0,"max_hp_loss":0.0,"gold_gain":0.0,"event_name":"Vampires","player_choice":"Ignored","floor":21.0,"gold_loss":0.0,"damage_taken":0.0},{"damage_healed":0,"gold_gain":0,"player_choice":"Paid Fearfully","damage_taken":0,"max_hp_gain":0,"max_hp_loss":0,"event_name":"Masked Bandits","floor":24,"gold_loss":363}],"is_beta":false,"boss_relics":[{"not_picked":["SacredBark","Calling Bell"],"picked":"Inserter"}],"items_purged_floors":[4],"is_endless":false,"potions_floor_spawned":[7,11,12,19,20],"killed_by":"Slavers","ascension_level":11}}