{"host":"bwgtgw7j7r9ryi4l","time":1607546796,"event":{"gold_per_floor":[99,129,129,129,414,355,355,355,355,380,394,405,40,40,55,153,153,153,185,202,202,202,302,302,312,312,162,12,12,28,40,60,161,161,86,86,86,86,105,117,117,146,146,182,14,85,117,140,169,183,183,236,0,0,18],"floor_reached":56,"playtime":4235,"items_purged":["Slimebound:Defend_Slimebound","ReplayTheSpireMod:Splinters","animator:Curse_Nutcracker","Shame","Parasite"],"score":1881,"play_id":"13bb4570-0a05-4e66-975f-7d1fab1ca456","local_time":"20201209154636","is_ascension_mode":false,"campfire_choices":[{"data":"Slimebound:Split","floor":1.0,"key":"SMITH"},{"data":"Slimebound:SamplingLick","floor":9.0,"key":"SMITH"},{"floor":18.0,"key":"RECALL"},{"data":"Slimebound:DouseInSlime","floor":27.0,"key":"SMITH"},{"floor":35,"key":"REST"},{"floor":43,"key":"REST"},{"floor":54,"key":"REST"}],"neow_cost":"NONE","seed_source_timestamp":0,"circlet_count":0,"master_deck":["Slimebound:Strike_Slimebound+1","Slimebound:Strike_Slimebound+1","Slimebound:Strike_Slimebound+1","Slimebound:Tackle+1","Slimebound:Defend_Slimebound+1","Slimebound:Defend_Slimebound+1","Slimebound:Defend_Slimebound+1","Slimebound:Split+1","Slimebound:CorrosiveSpit+1","Slimebound:SamplingLick+1","Slimebound:Replication+1","Slimebound:ItLooksTasty+1","Slimebound:LeechingTouch+1","Slimebound:LeechEnergy+1","Slimebound:Schlurp+1","Slimebound:LevelUp+1","Slimebound:TongueLash+1","Slimebound:MegaLick+1","Slimebound:MegaLick+1","Slimebound:ProtectTheBoss+1","Slimebound:GoopSpray+1","Slimebound:DouseInSlime+1","Slimebound:MegaLick+1","Slimebound:HauntingLick+1","Slimebound:GrowthPunch+1","Slimebound:LeadByExample+1","Slimebound:Overexert+1","Slimebound:LivingWall+1","Slimebound:Replication+1","Slimebound:Schlurp+1","Slimebound:OozeBath+1","Slimebound:Nibble+1","Slimebound:Equalize+1","Slimebound:RollThrough+1","Slimebound:MegaLick+1","Slimebound:GoopSpray+1","Slimebound:SplitMire","Slimebound:Replication","Slimebound:SpikyOuterGoop","Slimebound:ForwardTackle","Slimebound:FinishingTackle","Slimebound:FinishingTackle+1","Slimebound:SplitLeeching","Slimebound:MinionMaster","Slimebound:RainOfGoop+1","Slimebound:SplitBruiser+1","Slimebound:ComboTackle","Slimebound:DisruptingSlam","Slimebound:SlimeSpikes","Slimebound:SplitLeeching","Slimebound:BestDefense","ReplayTheSpireMod:Brewmster","Replay:BasicMightCard"],"special_seed":0,"relics":["Slimebound:AbsorbEndCombat","downfall:HeartsMalice","Matryoshka","Guide Book","ReplayTheSpireMod:TigerMarble","halation:Toothbrush","conspire:Dentures","Juzu Bracelet","Strange Spoon","Slimebound:SelfDamagePreventRelic","ReplayFunnel","Pantograph","hubris:Spice","downfall:BrokenWingStatue","Cursed Key","aspiration:FetidBarrel","Toy Ornithopter","downfall:HeartBlessingBlue","downfall:HeartBlessingGreen","downfall:HeartBlessingRed","Replay:Bandana","Nunchaku","aspiration:HiddenCompartment","StuffTheSpire:Mouthbags","halation:LostSnail","Medical Kit","MerchantsRug","CatCart","StuffTheSpire:Experiment12","hubris:64BitClover","hubris:EmptyBottle"],"potions_floor_usage":[33,48,52,55,55,55],"damage_taken":[{"damage":0.0,"enemies":"HollowMod:MossKnight","floor":2.0,"turns":1.0},{"damage":0.0,"enemies":"2 Louse","floor":4.0,"turns":1.0},{"damage":17.0,"enemies":"downfall:FleeingMerchant","floor":6.0,"turns":4.0},{"damage":31.0,"enemies":"Lagavulin","floor":10.0,"turns":6.0},{"damage":0.0,"enemies":"Cultist","floor":11.0,"turns":2.0},{"damage":7.0,"enemies":"Jaw Worm","floor":12.0,"turns":2.0},{"damage":0.0,"enemies":"3 Louse","floor":15.0,"turns":1.0},{"damage":8.0,"enemies":"downfall:CharBossIronclad","floor":16.0,"turns":3.0},{"damage":23.0,"enemies":"Book of Stabbing","floor":19.0,"turns":2.0},{"damage":4.0,"enemies":"Spheric Guardian","floor":20.0,"turns":1.0},{"damage":8.0,"enemies":"downfall:WomanInBlue","floor":23.0,"turns":3.0},{"damage":4.0,"enemies":"3 Byrds","floor":25.0,"turns":1.0},{"damage":12.0,"enemies":"Shelled Parasite and Fungi","floor":30.0,"turns":2.0},{"damage":8,"enemies":"Snake Plant","floor":31,"turns":2},{"damage":8,"enemies":"Centurion and Healer","floor":32,"turns":3},{"damage":11,"enemies":"downfall:CharBossWatcher","floor":33,"turns":5},{"damage":8,"enemies":"Orb Walker","floor":39,"turns":2},{"damage":14,"enemies":"3 Shapes","floor":40,"turns":2},{"damage":8,"enemies":"Giant Head","floor":42,"turns":4},{"damage":13,"enemies":"Nemesis","floor":44,"turns":3},{"damage":12,"enemies":"Orin","floor":46,"turns":4},{"damage":8,"enemies":"Jaw Worm Horde","floor":47,"turns":2},{"damage":16,"enemies":"Spire Growth","floor":48,"turns":3},{"damage":8,"enemies":"Writhing Mass","floor":49,"turns":3},{"damage":4,"enemies":"downfall:CharBossDefect","floor":50,"turns":4},{"damage":39,"enemies":"downfall:CharBossMerchant","floor":52,"turns":5},{"damage":47,"enemies":"downfall:NeowBoss","floor":55,"turns":13}],"seed_played":"7373066335614703893","potions_obtained":[{"floor":2.0,"key":"Strength Potion"},{"floor":12.0,"key":"Slimebound:SlimedPotion"},{"floor":15.0,"key":"ColorlessPotion"},{"floor":20.0,"key":"Dexterity Potion"},{"floor":23.0,"key":"Weak Potion"},{"floor":23.0,"key":"jedi:StrikingPotion"},{"floor":23.0,"key":"LifebloodPotion"},{"floor":33,"key":"Block Potion"}],"is_trial":false,"path_per_floor":["R","E","?","M","?","$","T","?","R","E","M","M","$","?","M","B",null,"R","E","M","?","?","?","T","M","?","R","?","?","M","M","M","B",null,"R","?","?","?","M","M","T","E","R","E","$","?","M","M","M","B",null,"E","$","R","B",null],"character_chosen":"SLIMEBOUND","items_purchased":["Slimebound:Schlurp","Guide Book","Slimebound:LevelUp","Juzu Bracelet","Strange Spoon","Slimebound:SelfDamagePreventRelic","Slimebound:MegaLick+1","Slimebound:ProtectTheBoss","ReplayFunnel","Pantograph","hubris:Spice","aspiration:HiddenCompartment","StuffTheSpire:Mouthbags","halation:LostSnail","Slimebound:SplitMire","Slimebound:Replication","Medical Kit","Slimebound:SpikyOuterGoop","Slimebound:ForwardTackle","Slimebound:FinishingTackle","MerchantsRug","PowerPotion","Slimebound:ComboTackle","Slimebound:DisruptingSlam","Slimebound:SlimeSpikes","Slimebound:SplitLeeching","Slimebound:BestDefense","hubris:64BitClover","hubris:EmptyBottle","Block Potion","DistilledChaos","ReplayTheSpireMod:Brewmster","Replay:BasicMightCard"],"campfire_rested":3,"item_purchase_floors":[6,6,6,13,13,13,13,13,13,13,13,45,45,45,45,45,45,45,45,45,45,45,53,53,53,53,53,53,53,53,53,53,53],"current_hp_per_floor":[60,60,60,60,60,60,60,60,60,49,53,58,69,69,69,71,71,71,60,68,68,68,71,71,71,71,81,91,99,99,99,99,99,99,99,99,99,89,93,106,101,101,101,101,110,110,110,110,110,110,110,87,90,110,110],"gold":18,"neow_bonus":"THREE_ENEMY_KILL","is_prod":false,"is_daily":false,"chose_seed":false,"campfire_upgraded":3,"win_rate":0.0,"timestamp":1607546796,"path_taken":["R","E","?","?","?","$","T","?","R","E","M","M","$","?","M","BOSS","R","E","M","?","?","?","T","M","?","R","?","?","M","M","M","BOSS","R","?","?","?","M","M","T","E","R","E","?","?","M","M","M","BOSS","E","$","R","BOSS"],"build_version":"2020-11-30","purchased_purges":5,"victory":true,"max_hp_per_floor":[60,60,60,60,60,60,60,60,60,60,60,60,71,71,71,71,71,71,71,71,71,71,71,71,71,71,81,91,99,99,99,99,99,99,99,99,99,109,109,109,101,101,101,101,110,110,110,110,110,110,110,110,110,110,110],"card_choices":[{"not_picked":["Slimebound:SplitBruiser","Slimebound:PressTheAttack"],"picked":"Slimebound:SamplingLick","floor":2.0},{"not_picked":["Slimebound:SlimeSpikes","Slimebound:ComboTackle"],"picked":"Slimebound:Replication","floor":4.0},{"not_picked":["Slimebound:ForwardTackle","Slimebound:GrowthPunch"],"picked":"Slimebound:ItLooksTasty","floor":5.0},{"not_picked":["Slimebound:SamplingLick","Slimebound:DisruptingSlam"],"picked":"Slimebound:LeechingTouch","floor":5.0},{"not_picked":["Slimebound:SelfFormingGoo","Slimebound:SlimeTap"],"picked":"Slimebound:LeechEnergy","floor":5.0},{"not_picked":["Slimebound:SlimeSpikes","Slimebound:SlimeSlap"],"picked":"Slimebound:TongueLash","floor":10.0},{"not_picked":["Slimebound:GoopSpray","Slimebound:SplitAcid"],"picked":"Slimebound:MegaLick","floor":11.0},{"not_picked":["Slimebound:SlimeSpikes","Slimebound:Chomp"],"picked":"Slimebound:GoopSpray","floor":12.0},{"not_picked":["Slimebound:SplitBruiser","Slimebound:ForwardTackle"],"picked":"Slimebound:GoopSpray","floor":15.0},{"not_picked":["Slimebound:PrepareCrush","Slimebound:DuplicatedForm"],"picked":"Slimebound:DouseInSlime","floor":16.0},{"not_picked":["Slimebound:GoopTackle","Slimebound:BestDefense"],"picked":"Slimebound:MegaLick+1","floor":19.0},{"not_picked":["Slimebound:PressTheAttack","Slimebound:SplitAcid+1"],"picked":"Slimebound:HauntingLick","floor":20.0},{"not_picked":["Slimebound:FinishingTackle+1","Slimebound:SlimeBrawl"],"picked":"Slimebound:GrowthPunch","floor":23.0},{"not_picked":["Slimebound:PressTheAttack","Slimebound:MassFeed"],"picked":"Slimebound:LeadByExample","floor":25.0},{"not_picked":["Slimebound:Teamwork+1","Slimebound:SelfFormingGoo+1"],"picked":"Slimebound:Overexert+1","floor":26.0},{"not_picked":["hubris:SpiceAddiction","Slimebound:SpikyOuterGoop"],"picked":"Slimebound:LivingWall","floor":30},{"not_picked":["hubris:SpiceAddiction","Slimebound:FinishingTackle"],"picked":"Slimebound:Replication","floor":31},{"not_picked":["Slimebound:Repurpose","Slimebound:ViciousTackle"],"picked":"Slimebound:Schlurp+1","floor":32},{"not_picked":["Slimebound:PrepareCrush","Slimebound:WasteNot"],"picked":"Slimebound:OozeBath","floor":33},{"not_picked":["Slimebound:SplitAcid","Slimebound:ForwardTackle"],"picked":"Slimebound:Nibble+1","floor":39},{"not_picked":["Slimebound:ComboTackle","Slimebound:SamplingLick"],"picked":"Slimebound:Equalize+1","floor":40},{"not_picked":["hubris:SpiceAddiction","Slimebound:LeechEnergy+1"],"picked":"Slimebound:RollThrough+1","floor":42},{"not_picked":["Slimebound:TongueLash","Slimebound:LeechingTouch"],"picked":"Slimebound:MegaLick+1","floor":44},{"not_picked":["Slimebound:Dissolve+1","Slimebound:LivingWall+1"],"picked":"Slimebound:FinishingTackle+1","floor":46},{"not_picked":["hubris:SpiceAddiction","Slimebound:SamplingLick"],"picked":"Slimebound:SplitLeeching","floor":47},{"not_picked":["hubris:SpiceAddiction","Slimebound:Nibble"],"picked":"Slimebound:MinionMaster","floor":48},{"not_picked":["hubris:SpiceAddiction","Slimebound:FinishingTackle+1"],"picked":"Slimebound:RainOfGoop+1","floor":49},{"not_picked":["hubris:SpiceAddiction","Slimebound:GoopSpray+1"],"picked":"Slimebound:SplitBruiser+1","floor":52}],"player_experience":107859,"relics_obtained":[{"floor":2.0,"key":"Matryoshka"},{"floor":7.0,"key":"ReplayTheSpireMod:TigerMarble"},{"floor":7.0,"key":"halation:Toothbrush"},{"floor":10.0,"key":"conspire:Dentures"},{"floor":19.0,"key":"aspiration:FetidBarrel"},{"floor":23.0,"key":"Toy Ornithopter"},{"floor":29.0,"key":"hubris:Spice"},{"floor":41,"key":"hubris:Spice"},{"floor":42,"key":"Replay:Bandana"},{"floor":44,"key":"Nunchaku"},{"floor":46,"key":"CatCart"},{"floor":52,"key":"StuffTheSpire:Experiment12"}],"event_choices":[{"damage_healed":0.0,"max_hp_gain":0.0,"max_hp_loss":0.0,"gold_gain":0.0,"event_name":"Accursed Blacksmith","player_choice":"Forge","floor":3.0,"gold_loss":0.0,"damage_taken":0.0,"cards_upgraded":["Slimebound:CorrosiveSpit"]},{"damage_healed":0.0,"max_hp_gain":0.0,"max_hp_loss":0.0,"gold_gain":0.0,"event_name":"betterNote:BetterNote","player_choice":"Ignored","floor":21.0,"gold_loss":0.0,"damage_taken":0.0,"cards_obtained":["Survivor"]},{"damage_healed":0.0,"max_hp_gain":0.0,"max_hp_loss":0.0,"gold_gain":0.0,"event_name":"betterMatch:BetterMatch","player_choice":"2","floor":26.0,"gold_loss":0.0,"damage_taken":0.0,"cards_obtained":["betterMatch:RareCard"]},{"damage_healed":0.0,"max_hp_gain":0.0,"max_hp_loss":0.0,"gold_gain":0.0,"event_name":"Wheel of Change","player_choice":"Relic","floor":29.0,"gold_loss":0.0,"damage_taken":0.0},{"damage_healed":0,"gold_gain":0,"player_choice":"Ignored","damage_taken":0,"max_hp_gain":0,"max_hp_loss":0,"event_name":"Mysterious Sphere","floor":36,"gold_loss":0},{"damage_healed":0,"gold_gain":0,"player_choice":"Fight","damage_taken":0,"max_hp_gain":0,"max_hp_loss":0,"event_name":"OrinTheCat","floor":46,"gold_loss":0}],"is_beta":false,"boss_relics":[{"not_picked":["ReplayTheSpireMod:DimensionalGlitch","aspiration:RunicSpoon"],"picked":"Cursed Key"},{"not_picked":["hubris:Spice","hubris:Spice"],"picked":"hubris:BlackHole"}],"items_purged_floors":[6,13,45,45,53],"is_endless":false,"potions_floor_spawned":[2,12,15,20,25,32,33,40,46,47],"ascension_level":0}}