{"host":"omov159tyjzan9wn","time":1607521418,"event":{"gold_per_floor":[115,115,115,190,190,190,210,210,283,294,331,369,411,411,411,436,436],"floor_reached":16,"playtime":882,"items_purged":[],"score":92,"play_id":"bfd442b1-ba82-4367-a7ee-6d1f0130169a","local_time":"20201209134338","is_ascension_mode":false,"campfire_choices":[{"data":"Koishi:ParalyzingFear","floor":6,"key":"SMITH"},{"data":"PrismaMod:MiyuCommonAOEAttack","floor":8,"key":"SMITH"},{"floor":15,"key":"REST"}],"neow_cost":"NONE","seed_source_timestamp":1186979249937600,"circlet_count":0,"master_deck":["Koishi:BasicStrike","Koishi:BasicStrike","Koishi:BasicStrike","Koishi:BasicDefend+1","Koishi:BasicDefend","Koishi:BasicDefend","Koishi:BasicDefend","Koishi:Provoke","Koishi:HauntingSlash+1","Koishi:ParalyzingFear+1","Spreading Infection","PrismaMod:MiyuCommonAOEAttack+1","PrismaMod:MiyuEvokeBuffStr","Fluid Movement+1","AdministrixMod:DiversionaryTactic","TheCursedMod:HellfireBreathing+1"],"relics":["Koishi:ImaginaryFriend","PrismaticShard","Frozen Egg 2","Golden Idol"],"potions_floor_usage":[12],"damage_taken":[{"damage":1,"enemies":"2 Louse","floor":1,"turns":2},{"damage":0,"enemies":"Small Slimes","floor":7,"turns":3},{"damage":0,"enemies":"Jaw Worm","floor":10,"turns":3},{"damage":3,"enemies":"Blue Slaver","floor":11,"turns":4},{"damage":0,"enemies":"Large Slime","floor":12,"turns":5},{"damage":7,"enemies":"Gremlin Gang","floor":13,"turns":4},{"damage":50,"enemies":"Hexaghost","floor":16,"turns":13}],"seed_played":"-9127297522017883357","potions_obtained":[{"floor":11,"key":"AttackPotion"}],"is_trial":false,"path_per_floor":["M","?","?","?","?","R","M","R","T","M","M","M","M","?","R","B"],"character_chosen":"KOISHI","items_purchased":[],"campfire_rested":1,"item_purchase_floors":[],"current_hp_per_floor":[66,66,53,42,42,42,46,46,46,48,49,51,44,28,47,0,0],"gold":436,"neow_bonus":"TEN_PERCENT_HP_BONUS","is_prod":false,"is_daily":false,"chose_seed":false,"campfire_upgraded":2,"win_rate":0.0,"timestamp":1607521418,"path_taken":["M","?","?","?","?","R","M","R","T","M","M","M","?","?","R","BOSS"],"build_version":"2020-11-30","purchased_purges":0,"victory":false,"max_hp_per_floor":[66,66,66,66,66,66,66,66,66,66,66,66,66,66,66,66,66],"card_choices":[{"not_picked":["Koishi:Jaunt","Koishi:TremblingHands"],"picked":"Koishi:ParalyzingFear","floor":1},{"not_picked":["animator:Ciel","FollowUp"],"picked":"PrismaMod:MiyuCommonAOEAttack","floor":7},{"not_picked":["AdministrixMod:NewWardrobe","ClowCardTheMirror"],"picked":"PrismaMod:MiyuEvokeBuffStr","floor":10},{"not_picked":["PrismaMod:IllyaBerserCAR","mysticmod:Sideswipe"],"picked":"Fluid Movement+1","floor":11},{"not_picked":["hierophant:RustyCrate","hermit:Headshot"],"picked":"AdministrixMod:DiversionaryTactic","floor":12},{"not_picked":["HollowMod:DreamGate","Carnage"],"picked":"TheCursedMod:HellfireBreathing+1","floor":13}],"player_experience":38244,"relics_obtained":[{"floor":9,"key":"Frozen Egg 2"}],"event_choices":[{"damage_healed":0,"gold_gain":0,"player_choice":"Entered Light","damage_taken":13,"max_hp_gain":0,"max_hp_loss":0,"event_name":"Shining Light","floor":3,"gold_loss":0,"cards_upgraded":["Koishi:HauntingSlash","Koishi:BasicDefend"]},{"damage_healed":0,"gold_gain":75,"player_choice":"Gather Gold","damage_taken":11,"max_hp_gain":0,"max_hp_loss":0,"event_name":"World of Goop","floor":4,"gold_loss":0},{"damage_healed":0,"gold_gain":0,"player_choice":"Take Damage","damage_taken":16,"relics_obtained":["Golden Idol"],"max_hp_gain":0,"max_hp_loss":0,"event_name":"Golden Idol","floor":14,"gold_loss":0}],"is_beta":false,"boss_relics":[],"items_purged_floors":[],"is_endless":false,"potions_floor_spawned":[11],"killed_by":"Hexaghost","ascension_level":0}}