{"host":"6bsan6hkua32tfq7","time":1607505852,"event":{"gold_per_floor":[112,112,37,37,37,71,71,109,109,109,109,143,143,164,164,260,260,280,280,280,320,333,333,333],"floor_reached":23,"playtime":698,"items_purged":["Strike_R"],"score":506,"play_id":"e7a19d0e-e205-4025-a731-165c982cc3bb","local_time":"20201209102412","is_ascension_mode":true,"campfire_choices":[{"data":"True Grit","floor":7,"key":"SMITH"},{"data":"Rampage","floor":10,"key":"SMITH"},{"data":"True Grit","floor":15,"key":"SMITH"}],"neow_cost":"NONE","seed_source_timestamp":151911682840100,"circlet_count":0,"master_deck":["AscendersBane","Strike_R+1","Strike_R","Strike_R","Strike_R+1","Defend_R+1","Defend_R+1","Bash","True Grit+1","Inflame","Rampage+1","Flame Barrier","True Grit+1","Double Tap","Battle Trance","Intimidate+1","Shrug It Off"],"relics":["Burning Blood","NeowsBlessing","Juzu Bracelet","Golden Idol","HornCleat","Lizard Tail","StoneCalendar","War Paint","Mark of Pain","Red Mask"],"potions_floor_usage":[12,18,18,22],"damage_taken":[{"damage":0,"enemies":"Small Slimes","floor":1,"turns":1},{"damage":0,"enemies":"Gremlin Nob","floor":6,"turns":1},{"damage":0,"enemies":"Lagavulin","floor":8,"turns":2},{"damage":16,"enemies":"3 Sentries","floor":12,"turns":7},{"damage":0,"enemies":"Cultist","floor":14,"turns":3},{"damage":17,"enemies":"The Guardian","floor":16,"turns":9},{"damage":10,"enemies":"3 Byrds","floor":18,"turns":6},{"damage":92,"enemies":"Masked Bandits","floor":21,"turns":6},{"damage":22,"enemies":"Spheric Guardian","floor":22,"turns":4},{"damage":20,"enemies":"Gremlin Leader","floor":23,"turns":4}],"seed_played":"-9222558601240441364","potions_obtained":[{"floor":6,"key":"Swift Potion"},{"floor":8,"key":"AttackPotion"},{"floor":13,"key":"LiquidBronze"},{"floor":16,"key":"Block Potion"},{"floor":21,"key":"sneckomod:MuddlingPotion"}],"is_trial":false,"path_per_floor":["M","?","$","T","?","E","R","E","T","R","?","E","?","M","R","B",null,"M","?","?","?","M","E"],"character_chosen":"IRONCLAD","items_purchased":[],"campfire_rested":0,"item_purchase_floors":[],"current_hp_per_floor":[74,74,74,74,68,68,68,68,68,68,48,38,38,44,44,33,59,55,68,68,28,12,0,0],"gold":333,"neow_bonus":"THREE_ENEMY_KILL","is_prod":false,"is_daily":false,"chose_seed":false,"campfire_upgraded":3,"win_rate":0,"timestamp":1607505852,"path_taken":["M","?","$","?","?","E","R","E","T","R","?","E","?","M","R","BOSS","M","?","?","?","M","E"],"build_version":"2020-11-30","purchased_purges":1,"victory":false,"max_hp_per_floor":[75,75,75,75,68,68,68,68,68,68,68,68,68,68,68,68,68,68,68,68,68,68,68,68],"card_choices":[{"not_picked":["Wild Strike","Thunderclap"],"picked":"True Grit","floor":1},{"not_picked":["True Grit","Iron Wave"],"picked":"Rampage","floor":6},{"not_picked":["Dropkick","Iron Wave"],"picked":"Flame Barrier","floor":8},{"not_picked":["Sword Boomerang","Cleave","Wild Strike"],"picked":"SKIP","floor":12},{"not_picked":["Feel No Pain","Headbutt"],"picked":"True Grit","floor":14},{"not_picked":["Corruption","Bludgeon"],"picked":"Double Tap","floor":16},{"not_picked":["Thunderclap","Dark Embrace"],"picked":"Battle Trance","floor":18},{"not_picked":["Headbutt","Armaments"],"picked":"Intimidate+1","floor":21},{"not_picked":["Wild Strike","Rampage"],"picked":"Shrug It Off","floor":22}],"player_experience":5130002,"relics_obtained":[{"floor":4,"key":"Juzu Bracelet"},{"floor":6,"key":"HornCleat"},{"floor":8,"key":"Lizard Tail"},{"floor":9,"key":"StoneCalendar"},{"floor":12,"key":"War Paint"},{"floor":21,"key":"Red Mask"}],"event_choices":[{"damage_healed":0,"gold_gain":0,"cards_transformed":["Defend_R"],"player_choice":"Transformed","damage_taken":0,"max_hp_gain":0,"max_hp_loss":0,"event_name":"Transmorgrifier","floor":2,"gold_loss":0,"cards_obtained":["Inflame"]},{"damage_healed":0,"gold_gain":0,"player_choice":"Lose Max HP","damage_taken":0,"relics_obtained":["Golden Idol"],"max_hp_gain":0,"max_hp_loss":7,"event_name":"Golden Idol","floor":5,"gold_loss":0},{"damage_healed":68,"gold_gain":0,"player_choice":"Upgrade","damage_taken":20,"max_hp_gain":0,"max_hp_loss":68,"event_name":"betterThird:BetterShining","floor":11,"gold_loss":0,"cards_upgraded":["Strike_R","Strike_R"]},{"damage_healed":0,"gold_gain":0,"player_choice":"Got Potions","damage_taken":0,"max_hp_gain":0,"max_hp_loss":0,"event_name":"Lab","floor":13,"gold_loss":0},{"damage_healed":14,"gold_gain":0,"player_choice":"Heal","damage_taken":0,"max_hp_gain":0,"max_hp_loss":0,"event_name":"The Library","floor":19,"gold_loss":0},{"cards_removed":["Defend_R"],"damage_healed":0,"gold_gain":0,"player_choice":"Offered Basic","damage_taken":0,"max_hp_gain":0,"max_hp_loss":0,"event_name":"Bonfire Elementals","floor":20,"gold_loss":0},{"damage_healed":0,"gold_gain":0,"player_choice":"Fought Bandits","damage_taken":0,"max_hp_gain":0,"max_hp_loss":0,"event_name":"Masked Bandits","floor":21,"gold_loss":0}],"is_beta":false,"boss_relics":[{"not_picked":["Coffee Dripper","Fusion Hammer"],"picked":"Mark of Pain"}],"items_purged_floors":[3],"is_endless":false,"potions_floor_spawned":[6,8,16,21],"killed_by":"Gremlin Leader","ascension_level":20}}