{"host":"p7j7o00jacnw7qzt","time":1607490273,"event":{"gold_per_floor":[113,113,113,133,133,164,174,174,174,42,42,65,98,111,111,204,204,225,275,288,188,206,206,244,244,244,16,16,35,35,50,50,139,139,154,177,190,213,236,271,271,315,315,359,692,722,736,736,736,736,736,736,736,51,80,80],"floor_reached":57,"playtime":2870,"items_purged":["Strike_G","Quick Slash","Corpse Explosion","Deflect"],"score":3054,"play_id":"3531f2aa-f182-45a6-bc2c-2d4407387f0b","local_time":"20201209000433","is_ascension_mode":true,"campfire_choices":[{"data":"Neutralize","floor":8.0,"key":"SMITH"},{"data":"Prepared","floor":15.0,"key":"SMITH"},{"data":"Prepared","floor":23.0,"key":"SMITH"},{"data":"Grand Finale","floor":25.0,"key":"SMITH"},{"floor":30.0,"key":"RECALL"},{"data":"Purity","floor":32.0,"key":"SMITH"},{"floor":41.0,"key":"REST"},{"data":"Doppelganger","floor":49.0,"key":"SMITH"},{"floor":53.0,"key":"REST"}],"neow_cost":"NONE","seed_source_timestamp":2075533559454000,"circlet_count":0,"master_deck":["AscendersBane","Survivor","Neutralize+1","Grand Finale+1","Backflip+1","Prepared+1","Prepared+1","Catalyst","A Thousand Cuts","Dagger Throw","Venomology","Backflip","Purity+1","Grand Finale","Well Laid Plans+1","Doppelganger+1","Grand Finale","Acrobatics","Master of Strategy","Madness"],"special_seed":0,"relics":["Ring of the Snake","NeowsBlessing","Meat on the Bone","War Paint","Mercury Hourglass","Anchor","Pandora\u0027s Box","Empty Cage","Matryoshka","Bronze Scales","Ancient Tea Set","Mummified Hand","Toy Ornithopter","Boot","Medical Kit","Pear"],"potions_floor_usage":[56],"damage_taken":[{"damage":0.0,"enemies":"2 Louse","floor":1.0,"turns":1.0},{"damage":0.0,"enemies":"Jaw Worm","floor":4.0,"turns":1.0},{"damage":0.0,"enemies":"Gremlin Nob","floor":6.0,"turns":1.0},{"damage":8.0,"enemies":"Cultist","floor":7.0,"turns":5.0},{"damage":4.0,"enemies":"2 Fungi Beasts","floor":12.0,"turns":5.0},{"damage":22.0,"enemies":"3 Sentries","floor":13.0,"turns":10.0},{"damage":0.0,"enemies":"Blue Slaver","floor":14.0,"turns":2.0},{"damage":32.0,"enemies":"The Guardian","floor":16.0,"turns":13.0},{"damage":0.0,"enemies":"Chosen","floor":18.0,"turns":3.0},{"damage":3.0,"enemies":"Shell Parasite","floor":20.0,"turns":3.0},{"damage":8.0,"enemies":"Snake Plant","floor":22.0,"turns":3.0},{"damage":0.0,"enemies":"Slavers","floor":24.0,"turns":1.0},{"damage":11.0,"enemies":"Chosen and Byrds","floor":29.0,"turns":6.0},{"damage":0.0,"enemies":"Centurion and Healer","floor":31.0,"turns":2.0},{"damage":17.0,"enemies":"Champ","floor":33.0,"turns":5.0},{"damage":0.0,"enemies":"3 Darklings","floor":35.0,"turns":1.0},{"damage":3.0,"enemies":"3 Shapes","floor":36.0,"turns":3.0},{"damage":3.0,"enemies":"Jaw Worm Horde","floor":37.0,"turns":2.0},{"damage":0.0,"enemies":"3 Darklings","floor":38.0,"turns":2.0},{"damage":0.0,"enemies":"Writhing Mass","floor":39.0,"turns":2.0},{"damage":15.0,"enemies":"Giant Head","floor":40.0,"turns":5.0},{"damage":13.0,"enemies":"Nemesis","floor":42.0,"turns":3.0},{"damage":0.0,"enemies":"Giant Head","floor":44.0,"turns":4.0},{"damage":26.0,"enemies":"Nemesis","floor":46.0,"turns":3.0},{"damage":5.0,"enemies":"4 Shapes","floor":47.0,"turns":2.0},{"damage":15.0,"enemies":"Awakened One","floor":50.0,"turns":4.0},{"damage":31.0,"enemies":"Donu and Deca","floor":51.0,"turns":4.0},{"damage":0.0,"enemies":"Shield and Spear","floor":55.0,"turns":1.0},{"damage":119,"enemies":"The Heart","floor":56,"turns":6}],"seed_played":"-3080157988945342864","potions_obtained":[{"floor":6.0,"key":"Regen Potion"},{"floor":12.0,"key":"Strength Potion"},{"floor":14.0,"key":"SmokeBomb"},{"floor":16.0,"key":"FearPotion"},{"floor":29.0,"key":"FairyPotion"},{"floor":33.0,"key":"LiquidMemories"},{"floor":36.0,"key":"Fire Potion"}],"is_trial":false,"path_per_floor":["M","?","?","M","?","E","M","R","T","$","?","M","E","M","R","B",null,"M","?","M","$","M","R","E","R","T","$","?","M","R","M","R","B",null,"M","M","M","M","M","E","R","E","T","E","?","E","M","?","R","B","B",null,"R","$","E","B",null],"character_chosen":"THE_SILENT","items_purchased":["Prepared","Purity","Medical Kit","Acrobatics","Master of Strategy","Madness"],"campfire_rested":2,"item_purchase_floors":[10,27,54,54,54,54],"current_hp_per_floor":[59,33,33,45,45,45,37,37,37,37,14,22,27,39,39,19,54,54,54,51,51,43,43,43,43,43,43,43,44,44,44,44,39,59,59,56,53,53,53,38,57,44,44,44,44,30,37,37,37,34,15,53,66,66,76,19],"gold":80,"neow_bonus":"THREE_ENEMY_KILL","is_prod":false,"is_daily":false,"chose_seed":false,"campfire_upgraded":6,"win_rate":0,"timestamp":1607490273,"path_taken":["M","?","?","M","?","E","?","R","T","$","?","M","E","M","R","BOSS","M","?","M","$","M","R","E","R","T","$","?","M","R","M","R","BOSS","M","?","M","?","M","E","R","E","T","E","?","E","M","?","R","BOSS","BOSS","R","$","E","BOSS"],"build_version":"2020-11-30","purchased_purges":4,"victory":true,"max_hp_per_floor":[66,66,66,66,66,66,66,66,66,66,66,66,66,66,66,66,66,66,66,66,66,66,66,66,66,66,66,66,66,66,66,66,66,66,66,66,66,66,66,66,66,66,66,66,66,66,66,66,66,66,66,66,66,66,76,76],"relic_stats":{"counters":[29,102],"Mummified Hand":[9],"Bronze Scales":[85],"Pandora\u0027s Box":["Catalyst","Predator","Deflect","Predator","A Thousand Cuts","Dagger Throw","Quick Slash","Corpse Explosion"],"War Paint":["Backflip","Defend_G"],"Boot":[9],"Medical Kit":[1],"obtain_stats":[{"Pear":55,"NeowsBlessing":0,"Golden Idol":11,"War Paint":6,"Empty Cage":34,"Ancient Tea Set":43,"Boot":46,"Medical Kit":54,"Mercury Hourglass":9,"Anchor":13,"Matryoshka":40,"Mummified Hand":43,"Bronze Scales":42,"Pandora\u0027s Box":17,"Toy Ornithopter":44,"Ring of the Snake":0,"Meat on the Bone":2},{"Pear":28,"NeowsBlessing":0,"Golden Idol":4,"War Paint":3,"Empty Cage":15,"Ancient Tea Set":22,"Boot":24,"Medical Kit":27,"Mercury Hourglass":4,"Anchor":6,"Matryoshka":21,"Mummified Hand":22,"Bronze Scales":22,"Pandora\u0027s Box":8,"Toy Ornithopter":23,"Ring of the Snake":0,"Meat on the Bone":1},{"Pear":96,"NeowsBlessing":0,"Golden Idol":8,"War Paint":3,"Empty Cage":60,"Ancient Tea Set":78,"Boot":85,"Medical Kit":95,"Mercury Hourglass":8,"Anchor":22,"Matryoshka":75,"Mummified Hand":78,"Bronze Scales":78,"Pandora\u0027s Box":37,"Toy Ornithopter":82,"Ring of the Snake":0,"Meat on the Bone":1}],"Toy Ornithopter":5,"Ring of the Snake":[58],"Meat on the Bone":144,"Mercury Hourglass":[383]},"card_choices":[{"not_picked":["PiercingWail","Skewer","Deadly Poison"],"picked":"SKIP","floor":1.0},{"not_picked":["Cloak And Dagger","Flechettes"],"picked":"Backflip","floor":4.0},{"not_picked":["Skewer","Infinite Blades","Outmaneuver"],"picked":"SKIP","floor":6.0},{"not_picked":["Dagger Spray","Dodge and Roll","Predator"],"picked":"SKIP","floor":7.0},{"not_picked":["Dagger Spray","Dodge and Roll","Predator"],"picked":"SKIP","floor":7.0},{"not_picked":["Endless Agony","Noxious Fumes"],"picked":"Prepared","floor":12.0},{"not_picked":["Concentrate","Catalyst","Cloak And Dagger"],"picked":"SKIP","floor":13.0},{"not_picked":["Deadly Poison","Setup","Blade Dance"],"picked":"SKIP","floor":14.0},{"not_picked":["Bane","Quick Slash","Dodge and Roll"],"picked":"SKIP","floor":18.0},{"not_picked":["Outmaneuver","Predator"],"picked":"Venomology","floor":20.0},{"not_picked":["Dagger Spray","Flying Knee"],"picked":"Backflip","floor":22.0},{"not_picked":["Sucker Punch+1","Slice","Flying Knee"],"picked":"SKIP","floor":24.0},{"not_picked":["Flying Knee","Dagger Throw+1","Poisoned Stab+1"],"picked":"SKIP","floor":29.0},{"not_picked":["Underhanded Strike","Setup","Poisoned Stab"],"picked":"SKIP","floor":31.0},{"not_picked":["Caltrops+1","Slice","Distraction"],"picked":"SKIP","floor":35.0},{"not_picked":["Slice","Dagger Throw"],"picked":"Well Laid Plans+1","floor":36.0},{"not_picked":["Cloak And Dagger+1","Dodge and Roll+1","Masterful Stab+1"],"picked":"SKIP","floor":37.0},{"not_picked":["Dodge and Roll","Tactician+1","Dagger Spray"],"picked":"SKIP","floor":38.0},{"not_picked":["Distraction","Venomology","Deflect"],"picked":"SKIP","floor":39.0},{"not_picked":["Well Laid Plans","Blur","Prepared+1"],"picked":"SKIP","floor":40.0},{"not_picked":["Well Laid Plans","Blur","Prepared+1"],"picked":"SKIP","floor":40.0},{"not_picked":["Underhanded Strike","Flying Knee"],"picked":"Doppelganger","floor":42.0},{"not_picked":["Dagger Spray","Infinite Blades","Escape Plan"],"picked":"SKIP","floor":44.0},{"not_picked":["Blade Dance","Tactician+1"],"picked":"Grand Finale","floor":46.0},{"not_picked":["Noxious Fumes+1","Caltrops","Backflip"],"picked":"SKIP","floor":47.0},{"not_picked":["Blade Dance","Deadly Poison","Distraction"],"picked":"SKIP","floor":55.0}],"player_experience":692836,"relics_obtained":[{"floor":6.0,"key":"War Paint"},{"floor":9.0,"key":"Mercury Hourglass"},{"floor":13.0,"key":"Anchor"},{"floor":40.0,"key":"Matryoshka"},{"floor":42.0,"key":"Bronze Scales"},{"floor":43.0,"key":"Ancient Tea Set"},{"floor":43.0,"key":"Mummified Hand"},{"floor":44.0,"key":"Toy Ornithopter"},{"floor":46.0,"key":"Boot"},{"floor":55.0,"key":"Pear"}],"event_choices":[{"damage_healed":0.0,"max_hp_gain":0.0,"max_hp_loss":0.0,"gold_gain":0.0,"event_name":"Scrap Ooze","player_choice":"Success","floor":2.0,"gold_loss":0.0,"damage_taken":26.0,"relics_obtained":["Meat on the Bone"]},{"damage_healed":0.0,"max_hp_gain":0.0,"max_hp_loss":0.0,"gold_gain":0.0,"cards_transformed":["Strike_G"],"event_name":"Living Wall","player_choice":"Change","floor":3.0,"gold_loss":0.0,"damage_taken":0.0,"cards_obtained":["Grand Finale"]},{"damage_healed":0.0,"max_hp_gain":0.0,"max_hp_loss":0.0,"gold_gain":0.0,"event_name":"WeMeetAgain","player_choice":"Ignored","floor":5.0,"gold_loss":0.0,"damage_taken":0.0},{"damage_healed":0.0,"max_hp_gain":0.0,"max_hp_loss":0.0,"gold_gain":0.0,"event_name":"Golden Idol","player_choice":"Take Damage","floor":11.0,"gold_loss":0.0,"damage_taken":23.0,"relics_obtained":["Golden Idol"]},{"damage_healed":0.0,"max_hp_gain":0.0,"max_hp_loss":0.0,"gold_gain":50.0,"event_name":"Nest","player_choice":"Stole From Cult","floor":19.0,"gold_loss":0.0,"damage_taken":0.0},{"damage_healed":0.0,"max_hp_gain":0.0,"max_hp_loss":0.0,"gold_gain":0.0,"event_name":"Match and Keep!","player_choice":"1 cards matched","floor":28.0,"gold_loss":0.0,"damage_taken":0.0,"cards_obtained":["Grand Finale"]},{"damage_healed":0.0,"max_hp_gain":0.0,"max_hp_loss":0.0,"gold_gain":333.0,"event_name":"The Moai Head","player_choice":"Gave Idol","floor":45.0,"relics_lost":["Golden Idol"],"gold_loss":0.0,"damage_taken":0.0},{"damage_healed":0.0,"max_hp_gain":0.0,"max_hp_loss":0.0,"gold_gain":0.0,"event_name":"Tomb of Lord Red Mask","player_choice":"Ignored","floor":48.0,"gold_loss":0.0,"damage_taken":0.0}],"is_beta":false,"boss_relics":[{"not_picked":["Velvet Choker","Ring of the Serpent"],"picked":"Pandora\u0027s Box"},{"not_picked":["Fusion Hammer","Tiny House"],"picked":"Empty Cage"}],"items_purged_floors":[10,21,27,54],"is_endless":false,"potions_floor_spawned":[6,12,14,16,20,29,33,36,37,40,44,47],"ascension_level":20}}