{"host":"yfjdi361m7pxsbqz","time":1607558140,"event":{"gold_per_floor":[114,134,150,163,163,163,163,163,163,177,50,61,73,148,148,219,219,235,249,265,180,180,180,192,221,247,273,284,299,299,311,311,383,383,394,405,141,141,160,160,187,187,187,198,233,233,66,94,94,94,94],"floor_reached":52,"playtime":3315,"items_purged":["Strike_G","Deadly Poison","Die Die Die"],"score":2577,"play_id":"906a92f8-e282-4d6e-8e0b-a80875a87b25","local_time":"20201210085540","is_ascension_mode":true,"campfire_choices":[{"data":"Prepared","floor":6.0,"key":"SMITH"},{"floor":8.0,"key":"REST"},{"data":"Tactician","floor":15.0,"key":"SMITH"},{"data":"Well Laid Plans","floor":23.0,"key":"SMITH"},{"data":"Acrobatics","floor":32,"key":"SMITH"},{"data":"Acrobatics","floor":40,"key":"SMITH"},{"data":"Reflex","floor":46,"key":"SMITH"},{"floor":49,"key":"DIG"}],"neow_cost":"NONE","seed_source_timestamp":291305963948600,"circlet_count":0,"master_deck":["AscendersBane","Survivor","Neutralize","Tactician+1","Prepared+1","PiercingWail","Backflip","Grand Finale","Backflip","Acrobatics+1","Well Laid Plans+1","Reflex+1","Malaise+1","Acrobatics+1","Tactician+1","Tools of the Trade","Venomology","Concentrate","Accuracy","Heel Hook","Phantasmal Killer","Infinite Blades","Backflip","Reflex+1","Tools of the Trade"],"special_seed":0,"relics":["Ring of the Snake","Ancient Tea Set","Question Card","Darkstone Periapt","Philosopher\u0027s Stone","Turnip","Mercury Hourglass","MealTicket","Gambling Chip","Pandora\u0027s Box","Chemical X","Mummified Hand","Bottled Lightning","Shovel","War Paint","Nunchaku"],"potions_floor_usage":[28,41,41,50,50,51,51],"damage_taken":[{"damage":3.0,"enemies":"Jaw Worm","floor":1.0,"turns":7.0},{"damage":0.0,"enemies":"2 Louse","floor":2.0,"turns":4.0},{"damage":9.0,"enemies":"Cultist","floor":3.0,"turns":5.0},{"damage":35.0,"enemies":"Exordium Thugs","floor":4.0,"turns":8.0},{"damage":0.0,"enemies":"Gremlin Gang","floor":10.0,"turns":4.0},{"damage":8.0,"enemies":"Large Slime","floor":12.0,"turns":7.0},{"damage":5.0,"enemies":"Lots of Slimes","floor":13.0,"turns":2.0},{"damage":8.0,"enemies":"Hexaghost","floor":16.0,"turns":10.0},{"damage":6.0,"enemies":"Spheric Guardian","floor":18.0,"turns":6.0},{"damage":2.0,"enemies":"Shell Parasite","floor":19.0,"turns":5.0},{"damage":0.0,"enemies":"Snake Plant","floor":20.0,"turns":6.0},{"damage":4.0,"enemies":"Snecko","floor":24.0,"turns":8.0},{"damage":0.0,"enemies":"Book of Stabbing","floor":25.0,"turns":5.0},{"damage":1.0,"enemies":"Gremlin Leader","floor":27.0,"turns":3.0},{"damage":0,"enemies":"Chosen and Byrds","floor":28,"turns":5},{"damage":0,"enemies":"Snake Plant","floor":29,"turns":5},{"damage":0,"enemies":"Centurion and Healer","floor":31,"turns":4},{"damage":0,"enemies":"Automaton","floor":33,"turns":4},{"damage":0,"enemies":"3 Darklings","floor":35,"turns":2},{"damage":0,"enemies":"Orb Walker","floor":36,"turns":3},{"damage":0,"enemies":"Sphere and 2 Shapes","floor":39,"turns":4},{"damage":0,"enemies":"Reptomancer","floor":41,"turns":2},{"damage":0,"enemies":"3 Darklings","floor":44,"turns":1},{"damage":0,"enemies":"Giant Head","floor":45,"turns":2},{"damage":0,"enemies":"Nemesis","floor":48,"turns":1},{"damage":0,"enemies":"Donu and Deca","floor":50,"turns":2},{"damage":0,"enemies":"Awakened One","floor":51,"turns":3}],"seed_played":"-5638371480074943914","potions_obtained":[{"floor":1.0,"key":"Explosive Potion"},{"floor":3.0,"key":"CultistPotion"},{"floor":4.0,"key":"Explosive Potion"},{"floor":10.0,"key":"SkillPotion"},{"floor":19.0,"key":"FearPotion"},{"floor":20.0,"key":"SteroidPotion"},{"floor":27.0,"key":"AttackPotion"},{"floor":36,"key":"PowerPotion"}],"is_trial":false,"path_per_floor":["M","M","M","M","?","R","?","R","T","M","$","M","M","T","R","B",null,"M","M","M","?","?","R","M","E","T","E","M","M","?","M","R","B",null,"M","M","$","?","M","R","E","?","T","M","E","R","$","E","R","B","B",null],"character_chosen":"THE_SILENT","items_purchased":["Acrobatics","Chemical X","Reflex"],"campfire_rested":1,"item_purchase_floors":[11,37,47],"current_hp_per_floor":[56,56,47,12,12,12,12,31,31,31,31,23,18,18,18,10,52,46,44,44,44,44,44,40,40,40,39,39,39,39,39,39,39,59,59,59,66,66,66,66,66,66,66,66,66,66,66,66,66,66,66],"gold":94,"neow_bonus":"RANDOM_COMMON_RELIC","is_prod":false,"is_daily":false,"chose_seed":false,"campfire_upgraded":6,"win_rate":0,"timestamp":1607558140,"path_taken":["M","M","M","M","?","R","?","R","T","M","$","M","?","?","R","BOSS","M","M","?","?","?","R","M","E","T","E","M","?","?","M","R","BOSS","M","M","$","?","M","R","E","?","T","M","E","R","$","E","R","BOSS","BOSS"],"build_version":"2020-11-30","purchased_purges":3,"victory":true,"max_hp_per_floor":[66,66,66,66,66,66,66,66,66,66,66,66,66,66,66,66,66,66,66,66,66,66,66,66,66,66,66,66,66,66,66,66,66,66,66,66,66,66,66,66,66,66,66,66,66,66,66,66,66,66,66],"card_choices":[{"not_picked":["Predator","Distraction"],"picked":"Tactician","floor":1.0},{"not_picked":["Caltrops","Heel Hook"],"picked":"Prepared","floor":2.0},{"not_picked":["Infinite Blades","Flying Knee"],"picked":"PiercingWail","floor":3.0},{"not_picked":["Deadly Poison","Cloak And Dagger"],"picked":"Backflip","floor":4.0},{"not_picked":["Caltrops","Deadly Poison","Bane"],"picked":"Backflip","floor":10.0},{"not_picked":["Quick Slash","Predator","Deflect"],"picked":"Well Laid Plans","floor":12.0},{"not_picked":["Dash","Deadly Poison","Noxious Fumes"],"picked":"Reflex","floor":13.0},{"not_picked":["Glass Knife","Corpse Explosion","A Thousand Cuts"],"picked":"Malaise","floor":16.0},{"not_picked":["Poisoned Stab","Deflect","Distraction","Setup"],"picked":"SKIP","floor":18.0},{"not_picked":["Dagger Spray+1","Well Laid Plans","Slice"],"picked":"Acrobatics","floor":19.0},{"not_picked":["Leg Sweep","Blade Dance+1","Infinite Blades","Flying Knee"],"picked":"SKIP","floor":20.0},{"not_picked":["Deadly Poison+1","Poisoned Stab","Blade Dance"],"picked":"Tools of the Trade","floor":24.0},{"not_picked":["Glass Knife","Slice","Storm of Steel","Acrobatics"],"picked":"SKIP","floor":25.0},{"not_picked":["Sucker Punch","Crippling Poison+1","Masterful Stab+1","Underhanded Strike"],"picked":"SKIP","floor":27.0},{"not_picked":["Outmaneuver","Sucker Punch","Cloak And Dagger","Accuracy"],"picked":"SKIP","floor":28},{"not_picked":["Deflect+1","Bane","Catalyst","Masterful Stab+1"],"picked":"SKIP","floor":29},{"not_picked":["Dodge and Roll+1","Deadly Poison","Terror","Cloak And Dagger"],"picked":"SKIP","floor":31},{"not_picked":["Wraith Form v2","Grand Finale","Bullet Time"],"picked":"Venomology","floor":33},{"not_picked":["Cloak And Dagger","Distraction+1","Sucker Punch","Deflect"],"picked":"SKIP","floor":35},{"not_picked":["Quick Slash","Terror","Cloak And Dagger"],"picked":"Backflip","floor":36},{"not_picked":["Dash","Outmaneuver","Crippling Poison","Poisoned Stab"],"picked":"SKIP","floor":39},{"not_picked":["Storm of Steel","Skewer+1","Sucker Punch","Dodge and Roll"],"picked":"SKIP","floor":41},{"not_picked":["Riddle With Holes","Crippling Poison","Poisoned Stab","Masterful Stab+1"],"picked":"SKIP","floor":44},{"not_picked":["Cloak And Dagger","Poisoned Stab","Acrobatics","Prepared"],"picked":"SKIP","floor":45},{"not_picked":["Flechettes+1","Underhanded Strike","Blade Dance"],"picked":"Tools of the Trade","floor":48}],"player_experience":1114231,"relics_obtained":[{"floor":9.0,"key":"Question Card"},{"floor":14.0,"key":"Darkstone Periapt"},{"floor":25.0,"key":"Mercury Hourglass"},{"floor":26.0,"key":"MealTicket"},{"floor":27.0,"key":"Gambling Chip"},{"floor":41,"key":"Mummified Hand"},{"floor":43,"key":"Bottled Lightning"},{"floor":45,"key":"Shovel"},{"floor":48,"key":"War Paint"},{"floor":49,"key":"Nunchaku"}],"event_choices":[{"cards_removed":["Strike_G"],"damage_healed":0.0,"max_hp_gain":0.0,"max_hp_loss":0.0,"gold_gain":0.0,"event_name":"Living Wall","player_choice":"Forget","floor":5.0,"gold_loss":0.0,"damage_taken":0.0},{"damage_healed":0.0,"max_hp_gain":0.0,"max_hp_loss":0.0,"gold_gain":0.0,"event_name":"Match and Keep!","player_choice":"1 cards matched","floor":7.0,"gold_loss":0.0,"damage_taken":0.0,"cards_obtained":["Grand Finale"]},{"damage_healed":0.0,"max_hp_gain":0.0,"max_hp_loss":0.0,"gold_gain":0.0,"event_name":"Addict","player_choice":"Obtained Relic","floor":21.0,"gold_loss":85.0,"damage_taken":0.0,"relics_obtained":["Turnip"]},{"damage_healed":0.0,"max_hp_gain":0.0,"max_hp_loss":0.0,"gold_gain":0.0,"event_name":"Duplicator","player_choice":"Copied","floor":22.0,"gold_loss":0.0,"damage_taken":0.0,"cards_obtained":["Tactician"]},{"damage_healed":0,"gold_gain":0,"player_choice":"Ignored","damage_taken":0,"max_hp_gain":0,"max_hp_loss":0,"event_name":"Ghosts","floor":30,"gold_loss":0},{"cards_removed":["Well Laid Plans"],"damage_healed":0,"gold_gain":0,"player_choice":"Removed Power","damage_taken":0,"max_hp_gain":0,"max_hp_loss":0,"event_name":"Falling","floor":38,"gold_loss":0},{"damage_healed":0,"gold_gain":0,"player_choice":"Ignored","damage_taken":0,"max_hp_gain":0,"max_hp_loss":0,"event_name":"Tomb of Lord Red Mask","floor":42,"gold_loss":0}],"is_beta":false,"boss_relics":[{"not_picked":["Coffee Dripper","Black Star"],"picked":"Philosopher\u0027s Stone"},{"not_picked":["Snecko Eye","Fusion Hammer"],"picked":"Pandora\u0027s Box"}],"items_purged_floors":[11,37,47],"is_endless":false,"potions_floor_spawned":[1,3,4,10,19,20,24,27,36,41,45],"ascension_level":20}}