{"host":"q9718omregw4er46","time":1607523017,"event":{"gold_per_floor":[117,30,30,47,59,59,59,89,89,89,115,134,134,152,152,152,152],"floor_reached":16,"playtime":785,"items_purged":[],"score":220,"play_id":"ce99ea2d-872f-4cd5-9a69-13f94d0288de","local_time":"20201209191017","is_ascension_mode":true,"campfire_choices":[{"data":"Ball Lightning","floor":6.0,"key":"SMITH"},{"floor":10.0,"key":"REST"},{"floor":15,"key":"REST"}],"neow_cost":"NONE","seed_source_timestamp":36945236986262,"circlet_count":0,"master_deck":["AscendersBane","Strike_B","Strike_B","Defend_B","Defend_B","Defend_B+1","Zap","Dualcast","Streamline+1","Rainbow+1","FTL+1","Ball Lightning+1","Core Surge+1","Sweeping Beam","Creative AI+1","Hologram"],"special_seed":0,"relics":["Astrolabe","Boot","StrikeDummy","Gremlin Horn"],"potions_floor_usage":[16,16],"damage_taken":[{"damage":5.0,"enemies":"Jaw Worm","floor":1.0,"turns":3.0},{"damage":0.0,"enemies":"Small Slimes","floor":4.0,"turns":2.0},{"damage":11.0,"enemies":"2 Louse","floor":5.0,"turns":3.0},{"damage":22.0,"enemies":"Lagavulin","floor":8.0,"turns":7.0},{"damage":7.0,"enemies":"3 Sentries","floor":11.0,"turns":4.0},{"damage":6.0,"enemies":"Looter","floor":12.0,"turns":3.0},{"damage":10,"enemies":"Large Slime","floor":14,"turns":4},{"damage":29,"enemies":"Hexaghost","floor":16,"turns":9}],"seed_played":"2042850702850997436","potions_obtained":[{"floor":1.0,"key":"SteroidPotion"},{"floor":5.0,"key":"SteroidPotion"},{"floor":8.0,"key":"Swift Potion"},{"floor":14,"key":"Fire Potion"}],"is_trial":false,"path_per_floor":["M","$","?","M","M","R","?","E","T","R","E","M","?","M","R","B"],"character_chosen":"DEFECT","items_purchased":["Core Surge"],"campfire_rested":2,"item_purchase_floors":[2],"current_hp_per_floor":[59,59,64,64,53,53,30,8,8,30,23,17,17,7,29,0,0],"gold":152,"neow_bonus":"BOSS_RELIC","is_prod":false,"is_daily":false,"chose_seed":false,"campfire_upgraded":1,"win_rate":0,"timestamp":1607523017,"path_taken":["M","$","?","M","M","R","?","E","T","R","E","M","?","M","R","BOSS"],"build_version":"2020-11-30","purchased_purges":0,"victory":false,"max_hp_per_floor":[71,71,76,76,76,76,76,76,76,76,76,76,76,76,76,76,76],"relic_stats":{"Gremlin Horn":[1,1],"counters":[8,35],"Astrolabe":["Streamline","Rainbow","FTL"],"Boot":[1],"obtain_stats":[{"Gremlin Horn":11,"Astrolabe":0,"Cracked Core":0,"Boot":8,"StrikeDummy":9},{"Gremlin Horn":5,"Astrolabe":0,"Cracked Core":0,"Boot":4,"StrikeDummy":4},{"Gremlin Horn":19,"Astrolabe":0,"Cracked Core":0,"Boot":15,"StrikeDummy":15}]},"card_choices":[{"not_picked":["Force Field","Streamline"],"picked":"Ball Lightning","floor":1.0},{"not_picked":["Storm","Undo","Go for the Eyes"],"picked":"SKIP","floor":4.0},{"not_picked":["Redo","Coolheaded"],"picked":"Sweeping Beam","floor":5.0},{"not_picked":["Coolheaded","Rebound","Conserve Battery"],"picked":"SKIP","floor":8.0},{"not_picked":["Compile Driver","FTL"],"picked":"Creative AI","floor":11.0},{"not_picked":["Beam Cell","Go for the Eyes","Chaos"],"picked":"SKIP","floor":12.0},{"not_picked":["Leap","Rip and Tear"],"picked":"Hologram","floor":14}],"player_experience":972955,"relics_obtained":[{"floor":8.0,"key":"Boot"},{"floor":9.0,"key":"StrikeDummy"},{"floor":11.0,"key":"Gremlin Horn"}],"event_choices":[{"damage_healed":0.0,"max_hp_gain":5.0,"max_hp_loss":0.0,"gold_gain":0.0,"event_name":"Big Fish","player_choice":"Donut","floor":3.0,"gold_loss":0.0,"damage_taken":0.0},{"damage_healed":0.0,"max_hp_gain":0.0,"max_hp_loss":0.0,"gold_gain":0.0,"event_name":"Shining Light","player_choice":"Entered Light","floor":7.0,"gold_loss":0.0,"damage_taken":23.0,"cards_upgraded":["Defend_B","Core Surge"]},{"damage_healed":0,"gold_gain":0,"player_choice":"Grow","damage_taken":0,"max_hp_gain":0,"max_hp_loss":0,"event_name":"Living Wall","floor":13,"gold_loss":0,"cards_upgraded":["Creative AI"]}],"is_beta":false,"boss_relics":[],"items_purged_floors":[],"is_endless":false,"potions_floor_spawned":[1,5,8,14],"killed_by":"Hexaghost","ascension_level":20}}