{"host":"pqz3xdxicu6yby95","time":1607474006,"event":{"gold_per_floor":[115,132,132,132,146,179,179,179,203,215,215,232,30,50,50,155,155,166,382,173,173,173],"floor_reached":21,"playtime":1072,"items_purged":[],"score":254,"play_id":"c90ecef9-efe9-4e5e-a0ae-55bb10876bce","local_time":"20201208193326","is_ascension_mode":false,"campfire_choices":[{"floor":7,"key":"REST"},{"floor":11,"key":"REST"},{"floor":15,"key":"REST"}],"neow_cost":"NONE","seed_source_timestamp":1642116408775500,"circlet_count":0,"master_deck":["Strike_P","Strike_P","Strike_P","Strike_P","Defend_P","Defend_P","Defend_P","Defend_P","Eruption","Vigilance","FlyingSleeves","MarkedMod:GracefulMovements","Survey Options","LikeWater","MarkedMod:OneThousandNeedles","SashWhip","Establishment","WindmillStrike","WindmillStrike","MarkedMod:OneThousandNeedles","Replay:LoomingThreat","Consecrate","Wireheading+1"],"relics":["PureWater","NeowsBlessing","WarpedTongs","aspiration:FetidBarrel","Pen Nib","hubris:HerbalPaste","conspire:SlowCooker","ReplayTheSpireMod:TigerMarble"],"potions_floor_usage":[16,16,16,21],"damage_taken":[{"damage":0,"enemies":"Cultist","floor":1,"turns":1},{"damage":0,"enemies":"2 Louse","floor":2,"turns":1},{"damage":0,"enemies":"Small Slimes","floor":5,"turns":1},{"damage":59,"enemies":"Lagavulin","floor":6,"turns":11},{"damage":0,"enemies":"Blue Slaver","floor":10,"turns":5},{"damage":6,"enemies":"Red Slaver","floor":12,"turns":3},{"damage":13,"enemies":"2 Fungi Beasts","floor":14,"turns":3},{"damage":2,"enemies":"Hexaghost","floor":16,"turns":7},{"damage":25,"enemies":"Shell Parasite","floor":18,"turns":6},{"damage":15,"enemies":"3 Byrds","floor":21,"turns":3}],"seed_played":"9049798653814200503","potions_obtained":[{"floor":1,"key":"Dexterity Potion"},{"floor":6,"key":"Languid Potion"},{"floor":10,"key":"Languid Potion"},{"floor":16,"key":"EssenceOfSteel"},{"floor":18,"key":"Swift Potion"}],"is_trial":false,"path_per_floor":["M","M","?","?","M","E","R","?","T","M","R","M","$","M","R","B",null,"M","?","$","M"],"character_chosen":"WATCHER","items_purchased":["WindmillStrike","hubris:HerbalPaste","ReplayTheSpireMod:TigerMarble","Wireheading+1"],"campfire_rested":3,"item_purchase_floors":[13,13,20,20],"current_hp_per_floor":[72,72,72,72,72,13,34,27,27,27,48,42,42,34,55,59,72,50,32,32,22,22],"gold":173,"neow_bonus":"THREE_ENEMY_KILL","is_prod":false,"is_daily":false,"chose_seed":false,"campfire_upgraded":0,"win_rate":0,"timestamp":1607474006,"path_taken":["M","?","?","?","?","E","R","?","T","M","R","M","$","M","R","BOSS","M","?","$","M"],"build_version":"2020-11-30","purchased_purges":0,"victory":false,"max_hp_per_floor":[72,72,72,72,72,72,72,72,72,72,72,72,72,72,72,72,72,72,72,72,72,72],"relic_stats":{"counters":[10,41],"Pen Nib":[4],"obtain_stats":[{"hubris:HerbalPaste":13,"NeowsBlessing":0,"aspiration:FetidBarrel":6,"Pen Nib":9,"conspire:SlowCooker":17,"ReplayTheSpireMod:TigerMarble":20,"PureWater":0,"WarpedTongs":4},{"hubris:HerbalPaste":6,"NeowsBlessing":0,"aspiration:FetidBarrel":4,"Pen Nib":4,"conspire:SlowCooker":8,"ReplayTheSpireMod:TigerMarble":9,"PureWater":0,"WarpedTongs":2},{"hubris:HerbalPaste":22,"NeowsBlessing":0,"aspiration:FetidBarrel":14,"Pen Nib":14,"conspire:SlowCooker":32,"ReplayTheSpireMod:TigerMarble":38,"PureWater":0,"WarpedTongs":2}],"WarpedTongs":[39]},"card_choices":[{"not_picked":["Study","EmptyMind"],"picked":"FlyingSleeves","floor":1},{"not_picked":["FlurryOfBlows","Evaluate"],"picked":"MarkedMod:GracefulMovements","floor":2},{"not_picked":["hubris:Ssssneak","Forethought"],"picked":"Survey Options","floor":3},{"not_picked":["Vengeance","Adaptation"],"picked":"LikeWater","floor":5},{"not_picked":["Nirvana","JustLucky"],"picked":"MarkedMod:OneThousandNeedles","floor":6},{"not_picked":["Halt","Wallop"],"picked":"SashWhip","floor":10},{"not_picked":["CarveReality","Sanctity"],"picked":"Establishment","floor":12},{"not_picked":["ClearTheMind","Halt"],"picked":"MarkedMod:OneThousandNeedles","floor":14},{"not_picked":["Vault","Devotion"],"picked":"Replay:LoomingThreat","floor":16},{"not_picked":["CutThroughFate","Wallop"],"picked":"Consecrate","floor":18}],"player_experience":485813,"relics_obtained":[{"floor":6,"key":"aspiration:FetidBarrel"},{"floor":9,"key":"Pen Nib"}],"event_choices":[{"damage_healed":0,"gold_gain":1,"player_choice":"1","damage_taken":0,"max_hp_gain":0,"max_hp_loss":0,"event_name":"betterStone:BetterStone","floor":3,"gold_loss":0},{"damage_healed":0,"gold_gain":0,"player_choice":"Rummage","damage_taken":0,"relics_obtained":["WarpedTongs"],"max_hp_gain":0,"max_hp_loss":0,"event_name":"Accursed Blacksmith","floor":4,"gold_loss":0,"cards_obtained":["Pain"]},{"cards_removed":["Pain"],"damage_healed":0,"gold_gain":0,"player_choice":"Card Removal","damage_taken":7,"max_hp_gain":0,"max_hp_loss":0,"event_name":"Golden Wing","floor":8,"gold_loss":0},{"damage_healed":0,"gold_gain":216,"player_choice":"GO GO ","damage_taken":20,"relics_obtained":[],"max_hp_gain":0,"max_hp_loss":0,"event_name":"betterSkull:BetterSkull","floor":19,"gold_loss":0,"cards_upgraded":[]}],"is_beta":false,"boss_relics":[{"not_picked":["Pandora\u0027s Box","Replay:Bronze Core"],"picked":"conspire:SlowCooker"}],"items_purged_floors":[],"is_endless":false,"potions_floor_spawned":[1,6,10,16,18],"killed_by":"3 Byrds","ascension_level":0}}