{"host":"iy58fyt9wsbv4cf1","time":1607542182,"event":{"gold_per_floor":[116,133,34,34,115,115,130,130,130,162,162,177,190,208,208,303,303,315,86,86,105,30,57,57,77,77,77,110,110,129,49,49,150,150,163,213,213,435,435,435,469,692,692,725,303,303,328,338,338,338,338,338,70,96,96],"floor_reached":56,"playtime":1720,"items_purged":["Strike_B","Strike_B","Strike_B+1"],"score":1474,"play_id":"e18c377b-e305-4c40-952d-217abab4d79f","local_time":"20201209142942","is_ascension_mode":false,"campfire_choices":[{"data":"Static Discharge","floor":6,"key":"SMITH"},{"data":"Creative AI","floor":8,"key":"SMITH"},{"floor":11,"key":"REST"},{"data":"Dualcast","floor":15,"key":"SMITH"},{"data":"Heatsinks","floor":24,"key":"SMITH"},{"floor":27,"key":"RECALL"},{"data":"Self Repair","floor":29,"key":"SMITH"},{"data":"Creative AI","floor":32,"key":"SMITH"},{"data":"Seek+1","floor":40,"key":"SMITH"},{"floor":46,"key":"REST"},{"data":"Static Discharge+1","floor":49,"key":"SMITH"},{"data":"Static Discharge+2","floor":52,"key":"SMITH"}],"neow_cost":"","seed_source_timestamp":506303648092300,"circlet_count":0,"master_deck":["Defend_B","Defend_B","Defend_B","Defend_B","Zap","Dualcast+1","Self Repair+1","Creative AI+1","White Noise+1","Heatsinks+1","Force Field","Static Discharge+3","Steam+1","Double Energy+1","Loop","Buffer","Electrodynamics","Electrodynamics","Seek+2","Consume+1","Force Field+1","Static Discharge","Creative AI+1","Turbo+1","Defragment","Thunder Strike+1","Biased Cognition","Leap+1","Hologram+1","Tempest+1"],"relics":["Cracked Core","Mummified Hand","conspire:TreasureMap","Strange Spoon","Toxic Egg 2","hubris:BottledRain","TungstenRod","hubris:CrackedHourglass","Bag of Preparation","Orrery","Bloody Idol","Boot","Red Mask","hubris:VirtuousBlindfold","conspire:InfiniteJournal","hubris:Icosahedron","Calipers","Blood Vial","MealTicket","Whetstone","Regal Pillow","Meat on the Bone","Sling","conspire:DeflatedDodgeball"],"potions_floor_usage":[],"damage_taken":[{"damage":15,"enemies":"Small Slimes","floor":1,"turns":4},{"damage":1,"enemies":"Cultist","floor":2,"turns":3},{"damage":1,"enemies":"Jaw Worm","floor":7,"turns":3},{"damage":28,"enemies":"Gremlin Nob","floor":10,"turns":4},{"damage":2,"enemies":"2 Fungi Beasts","floor":12,"turns":4},{"damage":0,"enemies":"Large Slime","floor":13,"turns":6},{"damage":4,"enemies":"Looter","floor":14,"turns":3},{"damage":15,"enemies":"Hexaghost","floor":16,"turns":5},{"damage":8,"enemies":"Shell Parasite","floor":18,"turns":5},{"damage":4,"enemies":"Spheric Guardian","floor":21,"turns":3},{"damage":0,"enemies":"conspire:SneckoGhost","floor":23,"turns":4},{"damage":0,"enemies":"Centurion and Healer","floor":25,"turns":2},{"damage":0,"enemies":"Masked Bandits","floor":28,"turns":2},{"damage":0,"enemies":"Snake Plant","floor":30,"turns":2},{"damage":0,"enemies":"Collector","floor":33,"turns":4},{"damage":0,"enemies":"Orb Walker","floor":35,"turns":2},{"damage":12,"enemies":"Mind Bloom Boss Battle","floor":36,"turns":2},{"damage":0,"enemies":"Nemesis","floor":41,"turns":4},{"damage":51,"enemies":"Reptomancer","floor":44,"turns":5},{"damage":0,"enemies":"Nemesis","floor":47,"turns":3},{"damage":0,"enemies":"3 Shapes","floor":48,"turns":4},{"damage":45,"enemies":"Time Eater","floor":50,"turns":6},{"damage":0,"enemies":"Shield and Spear","floor":54,"turns":2},{"damage":0,"enemies":"The Heart","floor":55,"turns":5}],"seed_played":"579732589185361780","potions_obtained":[{"floor":2,"key":"Fire Potion"},{"floor":13,"key":"SteroidPotion"},{"floor":14,"key":"Energy Potion"},{"floor":16,"key":"Fire Potion"}],"is_trial":false,"path_per_floor":["M","M","$","?","T","R","M","R","T","E","R","M","M","M","R","B",null,"M","$","?","M","?","E","R","M","T","R","?","R","M","$","R","B",null,"M","?","$","?","?","R","E","?","T","E","$","R","E","M","R","B",null,"R","$","E","B",null],"character_chosen":"DEFECT","items_purchased":["Mummified Hand","conspire:TreasureMap","Strange Spoon","Self Repair","Creative AI","White Noise","Static Discharge","Bag of Preparation","Orrery","Turbo+1","Defragment","Regal Pillow","Leap+1","Hologram+1","Sling"],"campfire_rested":2,"item_purchase_floors":[0,0,0,0,0,0,3,19,19,31,31,45,45,45,53],"current_hp_per_floor":[32,38,38,38,38,38,44,44,44,23,45,50,57,60,60,52,75,74,74,37,45,45,57,57,69,69,69,75,75,75,75,75,75,75,75,68,68,73,73,73,75,54,54,20,35,72,75,75,75,52,75,75,75,75,75],"gold":96,"neow_bonus":"","is_prod":false,"is_daily":false,"chose_seed":false,"campfire_upgraded":9,"win_rate":0,"timestamp":1607542182,"path_taken":["M","M","$","?","?","R","M","R","T","E","R","M","M","?","R","BOSS","M","$","?","M","?","E","R","M","T","R","?","R","M","$","R","BOSS","M","?","$","?","?","R","E","?","T","E","$","R","E","M","R","BOSS","R","$","E","BOSS"],"build_version":"2020-11-30","purchased_purges":3,"victory":true,"max_hp_per_floor":[75,75,75,75,75,75,75,75,75,75,75,75,75,75,75,75,75,75,75,75,75,75,75,75,75,75,75,75,75,75,75,75,75,75,75,75,75,75,75,75,75,75,75,75,75,75,75,75,75,75,75,75,75,75,75],"card_choices":[{"not_picked":["Redo","Cold Snap"],"picked":"Heatsinks","floor":1},{"not_picked":["Reinforced Body","Compile Driver"],"picked":"Force Field","floor":2},{"not_picked":["Rebound","Compile Driver"],"picked":"Steam+1","floor":7},{"not_picked":["Genetic Algorithm+1","Rebound"],"picked":"Double Energy+1","floor":10},{"not_picked":["Steam+1","Beam Cell"],"picked":"Loop","floor":12},{"not_picked":["Chaos+1","Hologram+1","Gash"],"picked":"SKIP","floor":13},{"not_picked":["Heatsinks","Beam Cell"],"picked":"Buffer","floor":14},{"not_picked":["All For One","Thunder Strike"],"picked":"Electrodynamics","floor":16},{"not_picked":["Recycle+1","Ball Lightning","Compile Driver"],"picked":"SKIP","floor":18},{"not_picked":["Doom and Gloom","Chill+1"],"picked":"Electrodynamics","floor":19},{"not_picked":["Chaos+1","Melter"],"picked":"Seek+1","floor":19},{"not_picked":["Beam Cell+1","Conserve Battery+1"],"picked":"Consume+1","floor":19},{"not_picked":["Steam+1","Compile Driver"],"picked":"Force Field+1","floor":21},{"not_picked":["Scrape+1","conspire:Rain+1","Cold Snap"],"picked":"SKIP","floor":23},{"not_picked":["Stack+1","Leap+1"],"picked":"Static Discharge","floor":25},{"not_picked":["Self Repair","Beam Cell"],"picked":"Creative AI","floor":30},{"not_picked":["Core Surge","Machine Learning"],"picked":"Thunder Strike","floor":33},{"not_picked":["Coolheaded+1","Self Repair","Chill+1"],"picked":"SKIP","floor":35},{"not_picked":["Streamline+1","Go for the Eyes"],"picked":"Biased Cognition","floor":41},{"not_picked":["Reprogram+1","Meteor Strike","Hologram+1"],"picked":"SKIP","floor":44},{"not_picked":["Loop","Stack+1"],"picked":"Tempest+1","floor":47},{"not_picked":["Fusion+1","Undo+1","Cold Snap+1"],"picked":"SKIP","floor":48},{"not_picked":["Gash+1","Melter","Reprogram+1"],"picked":"SKIP","floor":54}],"player_experience":62199,"relics_obtained":[{"floor":5,"key":"Toxic Egg 2"},{"floor":9,"key":"hubris:BottledRain"},{"floor":10,"key":"TungstenRod"},{"floor":23,"key":"Boot"},{"floor":28,"key":"Red Mask"},{"floor":36,"key":"conspire:InfiniteJournal"},{"floor":41,"key":"Calipers"},{"floor":43,"key":"MealTicket"},{"floor":44,"key":"Whetstone"},{"floor":47,"key":"Meat on the Bone"},{"floor":54,"key":"conspire:DeflatedDodgeball"}],"event_choices":[{"damage_healed":0,"gold_gain":0,"player_choice":"Grow","damage_taken":0,"max_hp_gain":0,"max_hp_loss":0,"event_name":"Living Wall","floor":4,"gold_loss":0,"cards_upgraded":["White Noise"]},{"damage_healed":0,"gold_gain":0,"player_choice":" Idol ","damage_taken":38,"relics_obtained":["Bloody Idol"],"max_hp_gain":74,"max_hp_loss":37,"event_name":"betterAltar:BetterAltar","floor":20,"potions_obtained":[],"relics_lost":[],"gold_loss":0},{"cards_removed":["Strike_B"],"damage_healed":0,"gold_gain":0,"player_choice":"Gave Gold","damage_taken":0,"max_hp_gain":0,"max_hp_loss":0,"event_name":"Beggar","floor":22,"gold_loss":75},{"damage_healed":0,"gold_gain":0,"player_choice":"Fought Bandits","damage_taken":0,"max_hp_gain":0,"max_hp_loss":0,"event_name":"Masked Bandits","floor":28,"gold_loss":0},{"damage_healed":0,"gold_gain":0,"player_choice":"Fight","damage_taken":0,"max_hp_gain":0,"max_hp_loss":0,"event_name":"MindBloom","floor":36,"gold_loss":0},{"damage_healed":0,"gold_gain":222,"player_choice":"Wore Mask","damage_taken":0,"max_hp_gain":0,"max_hp_loss":0,"event_name":"Tomb of Lord Red Mask","floor":38,"gold_loss":0},{"damage_healed":0,"gold_gain":223,"player_choice":"GO RE GO ","damage_taken":39,"relics_obtained":["Blood Vial"],"max_hp_gain":0,"max_hp_loss":0,"event_name":"betterSkull:BetterSkull","floor":42,"gold_loss":0,"cards_upgraded":[]}],"is_beta":false,"boss_relics":[{"not_picked":["FrozenCore","Empty Cage"],"picked":"hubris:CrackedHourglass"},{"not_picked":["Calling Bell","hubris:HollowSoul"],"picked":"hubris:VirtuousBlindfold"}],"items_purged_floors":[45,45,53],"is_endless":false,"potions_floor_spawned":[2,13,14,16,21,25,33,35,41,54],"ascension_level":0}}