{"host":"idnw6fyeq3u7eand","time":1607522019,"event":{"gold_per_floor":[117,132,132,152,6,17,17,52,52,66,79,89,89,121,121,223,223,236,251,263,263,163,163,192,192,216,229,0,19,19,19,19,120,120,137,137,155,155,174,202,216,0,0,12,12,22,56,17,17,17,17,17,17,42,42,42,42],"floor_reached":55,"playtime":5778,"items_purged":["DTMod:Strike","DTMod:TargetDefense"],"score":911,"play_id":"689b824e-bcc9-4a03-bc08-cf009a2bea15","local_time":"20201209205339","is_ascension_mode":false,"metric_token":1247,"campfire_choices":[{"data":"DTMod:Adaptation","floor":7.0,"key":"SMITH"},{"data":"DTMod:EchoTactic","floor":13.0,"key":"SMITH"},{"data":"DTMod:TargetDefense","floor":23.0,"key":"PURGE"},{"data":"DTMod:CrossStep","floor":25.0,"key":"SMITH"},{"floor":32.0,"key":"RECALL"},{"data":"DTMod:Outburst","floor":45.0,"key":"SMITH"},{"floor":49.0,"key":"REST"}],"neow_cost":"NONE","dtmod_dragon_data":[0,58,1,0,13,0],"seed_source_timestamp":14881125140000,"circlet_count":0,"master_deck":["DTMod:DoubleHit+1","DTMod:SwitchingTactic+1","DTMod:LightShield+1","DTMod:ComboAttack+1","DTMod:LastStand+1","DTMod:RunningTactic+1","DTMod:HeatWave+1","DTMod:Adaptation+1","DTMod:Feint+1","DTMod:BalancedStrike+1","DTMod:EchoTactic+1","DTMod:QuickFly+1","DTMod:Threaten+1","DTMod:FlameSlash+1","DTMod:FlameSlash+1","DTMod:Inferno+1","DTMod:Punisher+1","DTMod:CrossStep+1","DTMod:MaximumCharge+1","DTMod:Training+1","DTMod:RepeatStrike+1","ReplayTheSpireMod:Brewmster+1","DTMod:HeadStart+1","DTMod:Observe+1","DTMod:Outburst+1","Panache+1","DTMod:Haste+1","DTMod:Threaten+1","DTMod:BurningEnergy+1","DTMod:Training+1","DTMod:Training+1","DTMod:Observe+1"],"special_seed":0,"relics":["DTMod:PactStone","Hammer of Thor","Seething Fire","Anvil of the Gods","Mirror","Chameleon Ring","Pocketwatch","Replay:Drink Me","Peace Pipe","DemoMod:Antibody","CaptainsWheel","DemoMod:RiddleOfLead","Darkstone Periapt","Red Mask","Ice Cream","DemoMod:Bottle","Replay:Rubber Ducky"],"potions_floor_usage":[55,55],"damage_taken":[{"damage":0.0,"enemies":"2 Louse","floor":1.0,"turns":5.0},{"damage":0.0,"enemies":"Cultist","floor":2.0,"turns":4.0},{"damage":0.0,"enemies":"Jaw Worm","floor":4.0,"turns":5.0},{"damage":0.0,"enemies":"3 Louse","floor":6.0,"turns":3.0},{"damage":20.0,"enemies":"3 Sentries","floor":8.0,"turns":11.0},{"damage":0.0,"enemies":"Exordium Thugs","floor":10.0,"turns":6.0},{"damage":0.0,"enemies":"Exordium Wildlife","floor":11.0,"turns":4.0},{"damage":0.0,"enemies":"Blue Slaver","floor":12.0,"turns":2.0},{"damage":14.0,"enemies":"HollowMod:MossKnight","floor":14.0,"turns":12.0},{"damage":0.0,"enemies":"The Guardian","floor":16.0,"turns":17.0},{"damage":0.0,"enemies":"Chosen","floor":18.0,"turns":3.0},{"damage":0.0,"enemies":"3 Byrds","floor":19.0,"turns":5.0},{"damage":0.0,"enemies":"Snake Plant","floor":20.0,"turns":4.0},{"damage":1.0,"enemies":"Replay:Snechameleon","floor":24.0,"turns":5.0},{"damage":18.0,"enemies":"Sentry and Sphere","floor":27.0,"turns":4.0},{"damage":0.0,"enemies":"Centurion and Healer","floor":29.0,"turns":4.0},{"damage":0.0,"enemies":"Collector","floor":33.0,"turns":5.0},{"damage":0.0,"enemies":"3 Shapes","floor":35.0,"turns":3.0},{"damage":0.0,"enemies":"3 Darklings","floor":37.0,"turns":2.0},{"damage":0.0,"enemies":"Transient","floor":39.0,"turns":5.0},{"damage":0.0,"enemies":"HollowMod:StalkingDevout","floor":40.0,"turns":2.0},{"damage":0.0,"enemies":"Spire Growth","floor":41.0,"turns":2.0},{"damage":0.0,"enemies":"Jaw Worm Horde","floor":44.0,"turns":2.0},{"damage":4.0,"enemies":"Maw","floor":46.0,"turns":5.0},{"damage":0.0,"enemies":"Giant Head","floor":47.0,"turns":4.0},{"damage":5.0,"enemies":"Awakened One","floor":50.0,"turns":5.0},{"damage":0.0,"enemies":"Shield and Spear","floor":54.0,"turns":2.0},{"damage":45,"enemies":"The Heart","floor":55,"turns":9}],"seed_played":"4805466355792367417","potions_obtained":[{"floor":1.0,"key":"Adrenaline Potion"},{"floor":6.0,"key":"DistilledChaos"},{"floor":11.0,"key":"Toxic Potion"},{"floor":12.0,"key":"Adrenaline Potion"},{"floor":20.0,"key":"SteroidPotion"},{"floor":24.0,"key":"PowerPotion"},{"floor":27.0,"key":"DuplicationPotion"},{"floor":37.0,"key":"Languid Potion"},{"floor":46.0,"key":"DemoMod:LeadSkinPotion"},{"floor":47.0,"key":"Strength Potion"},{"floor":52.0,"key":"Cursed Concoction"},{"floor":52.0,"key":"DistilledChaos"},{"floor":54.0,"key":"DemoMod:LeadSkinPotion"}],"is_trial":false,"path_per_floor":["M","M","?","M","$","M","R","E","T","M","M","M","R","E","R_BF","B",null,"M","M","M","?","$","R","E","R","T","M","?","M","$","?","R","B",null,"M","?","M","?","M","E","M","?","T","M","R","M","E","$","R","B",null,"R","$","E","B"],"character_chosen":"THE_DT","items_purchased":["DTMod:Adaptation","DTMod:Training"],"campfire_rested":1,"item_purchase_floors":[5,48],"current_hp_per_floor":[45,45,45,45,45,45,45,25,25,25,25,25,25,11,11,11,34,34,34,34,34,34,34,33,33,33,15,15,15,15,15,15,15,44,44,44,44,44,44,44,44,44,44,44,44,40,40,40,44,39,44,44,44,44,0,0,0],"gold":42,"neow_bonus":"ONE_RANDOM_RARE_CARD","is_prod":false,"is_daily":false,"chose_seed":false,"campfire_upgraded":4,"win_rate":0,"timestamp":1607522019,"path_taken":["M","M","?","?","$","M","R","E","T","M","M","M","R","E","R_BF","BOSS","M","M","M","?","$","R","E","R","T","M","?","M","$","?","R","BOSS","M","?","?","?","M","E","M","?","T","M","R","?","E","?","R","BOSS","R","$","E","BOSS"],"build_version":"2020-11-30","purchased_purges":2,"victory":false,"max_hp_per_floor":[45,45,45,45,45,45,45,45,45,45,45,45,45,45,45,45,34,34,34,34,34,34,34,34,34,34,34,34,34,34,34,34,34,44,44,44,44,44,44,44,44,44,44,44,44,44,44,44,44,44,44,44,44,44,44,44,44],"card_choices":[{"not_picked":["DTMod:MagicField","DTMod:CleansingStrike"],"picked":"DTMod:ComboAttack","floor":1.0},{"not_picked":["DTMod:ComboAttack","DTMod:Punisher"],"picked":"DTMod:LastStand","floor":2.0},{"not_picked":["DTMod:Threaten","DTMod:BuildUp"],"picked":"DTMod:HeatWave","floor":4.0},{"not_picked":["DTMod:Hide","DTMod:WarmUp"],"picked":"DTMod:Feint","floor":6.0},{"not_picked":["DTMod:Coolant","DTMod:FlameSlash"],"picked":"DTMod:BalancedStrike","floor":8.0},{"not_picked":["DTMod:Shift","DTMod:QuickFly"],"picked":"DTMod:EchoTactic","floor":10.0},{"not_picked":["DTMod:Overwhelm","DTMod:Training"],"picked":"DTMod:QuickFly","floor":11.0},{"not_picked":["DTMod:LastStand","DTMod:MaximumCharge"],"picked":"DTMod:Threaten","floor":12.0},{"not_picked":["DTMod:LowKick","DTMod:Astonish"],"picked":"DTMod:FlameSlash","floor":14.0},{"not_picked":["DTMod:GearUp","DTMod:EchoTactic"],"picked":"DTMod:Inferno","floor":16.0},{"not_picked":["DTMod:WarmUp","DTMod:Weaken"],"picked":"DTMod:Punisher","floor":18.0},{"not_picked":["DTMod:ComboAttack","DTMod:BreakAttack+1","DTMod:Conduct"],"picked":"SKIP","floor":19.0},{"not_picked":["DTMod:Shift","DTMod:Cover"],"picked":"DTMod:CrossStep","floor":20.0},{"not_picked":["DTMod:BreakAttack","DTMod:LowKick+1"],"picked":"DTMod:MaximumCharge+1","floor":24.0},{"not_picked":["DTMod:Observe","DTMod:MagicField"],"picked":"DTMod:Training+1","floor":27.0},{"not_picked":["DTMod:HeatWave","DTMod:MagicField"],"picked":"DTMod:RepeatStrike","floor":29.0},{"not_picked":["DTMod:RepeatStrike","DTMod:ShadowImage"],"picked":"DTMod:Outburst","floor":33.0},{"not_picked":["DTMod:BreakAttack+1","DTMod:BlazingStrike","DTMod:Weaken"],"picked":"SKIP","floor":35.0},{"not_picked":["DTMod:HeatWave","DTMod:Feint","DTMod:BuildUp"],"picked":"SKIP","floor":37.0},{"not_picked":["Midas Touch","Thinking Ahead"],"picked":"Panache","floor":38.0},{"not_picked":["DTMod:DarkBreath+1","DTMod:Hide"],"picked":"DTMod:Haste","floor":39.0},{"not_picked":["DTMod:FlameSlash+1","DTMod:StarRain+1"],"picked":"DTMod:Threaten+1","floor":40.0},{"not_picked":["DTMod:BlazingStrike","DTMod:MagicField","DTMod:QuickFly"],"picked":"SKIP","floor":41.0},{"not_picked":["DTMod:MagiciansMark","DTMod:ShieldDrain+1","DTMod:Inferno"],"picked":"SKIP","floor":44.0},{"not_picked":["DTMod:PurifyingFlame+1","DTMod:Threaten+1","DTMod:Weaken"],"picked":"SKIP","floor":46.0},{"not_picked":["DTMod:Punisher+1","DTMod:Hide+1"],"picked":"DTMod:BurningEnergy+1","floor":47.0},{"not_picked":["DTMod:LowKick+1","DTMod:InvisibleFlame"],"picked":"DTMod:Observe+1","floor":54.0}],"player_experience":311178,"relics_obtained":[{"floor":8.0,"key":"Mirror"},{"floor":9.0,"key":"Chameleon Ring"},{"floor":14.0,"key":"Pocketwatch"},{"floor":24.0,"key":"DemoMod:Antibody"},{"floor":40.0,"key":"Darkstone Periapt"},{"floor":43.0,"key":"Ice Cream"},{"floor":47.0,"key":"DemoMod:Bottle"},{"floor":54.0,"key":"Replay:Rubber Ducky"}],"event_choices":[{"damage_healed":0.0,"max_hp_gain":0.0,"max_hp_loss":0.0,"gold_gain":0.0,"cards_transformed":["DTMod:TargetDefense"],"event_name":"Transmorgrifier","player_choice":"Transformed","floor":3.0,"gold_loss":0.0,"damage_taken":0.0,"cards_obtained":["DTMod:RunningTactic"]},{"damage_healed":0.0,"max_hp_gain":0.0,"max_hp_loss":0.0,"gold_gain":0.0,"event_name":"Masked Bandits","player_choice":"Paid Fearfully","floor":28.0,"gold_loss":229.0,"damage_taken":0.0},{"damage_healed":0.0,"max_hp_gain":0.0,"max_hp_loss":0.0,"gold_gain":0.0,"event_name":"Addict","player_choice":"Stole Relic","floor":31.0,"gold_loss":0.0,"damage_taken":0.0,"relics_obtained":["CaptainsWheel"],"cards_obtained":["Shame"]},{"damage_healed":0.0,"max_hp_gain":0.0,"max_hp_loss":0.0,"gold_gain":0.0,"event_name":"The Woman in Blue","player_choice":"Bought 0 Potions","floor":36.0,"gold_loss":0.0,"damage_taken":0.0},{"damage_healed":0.0,"max_hp_gain":0.0,"max_hp_loss":0.0,"gold_gain":0.0,"event_name":"SensoryStone","player_choice":"Memory 1","floor":38.0,"gold_loss":0.0,"damage_taken":0.0},{"damage_healed":0.0,"max_hp_gain":0.0,"max_hp_loss":0.0,"gold_gain":0.0,"event_name":"Tomb of Lord Red Mask","player_choice":"Paid","floor":42.0,"gold_loss":216.0,"damage_taken":0.0,"relics_obtained":["Red Mask"]}],"is_beta":false,"boss_relics":[{"not_picked":["ReplayTheSpireMod:DimensionalGlitch","Runic Dome"],"picked":"Replay:Drink Me"},{"not_picked":["Replay:Bronze Core","Fusion Hammer"],"picked":"DemoMod:RiddleOfLead"}],"items_purged_floors":[5,22],"is_endless":false,"potions_floor_spawned":[1,6,11,12,14,20,24,27,37,46,47,54],"killed_by":"The Heart","ascension_level":0}}