{"host":"w01zow3jg16g8jdh","time":1607513125,"event":{"gold_per_floor":[114,134,153,166,179,211,211,243,269,269,26,53,53,16,16,89,89,102,102,102],"floor_reached":19,"playtime":639,"items_purged":["Strike_R"],"score":374,"play_id":"22b39a20-e4bb-48a6-a949-8fb6e8b5dc27","local_time":"20201209202525","is_ascension_mode":true,"campfire_choices":[{"data":"Shockwave","floor":7,"key":"SMITH"},{"data":"Second Wind","floor":10,"key":"SMITH"},{"floor":15,"key":"REST"}],"neow_cost":"TEN_PERCENT_HP_LOSS","seed_source_timestamp":1412029558118800,"circlet_count":0,"master_deck":["AscendersBane","Strike_R","Strike_R","Defend_R","Defend_R","Defend_R","Defend_R","Bash","Dropkick","Shockwave+1","Headbutt","Evolve","Second Wind+1","Dark Embrace","Shrug It Off","Body Slam","Offering"],"relics":["Burning Blood","Toy Ornithopter","MealTicket","Regal Pillow","Orrery","Blood Vial","Centennial Puzzle","SlaversCollar"],"potions_floor_usage":[5,8,12,16,19],"damage_taken":[{"damage":6,"enemies":"2 Louse","floor":1,"turns":4},{"damage":18,"enemies":"Small Slimes","floor":2,"turns":4},{"damage":1,"enemies":"Cultist","floor":3,"turns":3},{"damage":12,"enemies":"Blue Slaver","floor":4,"turns":5},{"damage":5,"enemies":"3 Louse","floor":5,"turns":4},{"damage":40,"enemies":"3 Sentries","floor":6,"turns":9},{"damage":30,"enemies":"Gremlin Nob","floor":8,"turns":6},{"damage":18,"enemies":"3 Sentries","floor":12,"turns":7},{"damage":35,"enemies":"Hexaghost","floor":16,"turns":11},{"damage":22,"enemies":"3 Byrds","floor":18,"turns":7},{"damage":44,"enemies":"Spheric Guardian","floor":19,"turns":6}],"seed_played":"186463520437362317","potions_obtained":[{"floor":3,"key":"Block Potion"},{"floor":4,"key":"BloodPotion"},{"floor":5,"key":"Strength Potion"},{"floor":8,"key":"Block Potion"},{"floor":12,"key":"Explosive Potion"},{"floor":18,"key":"ColorlessPotion"}],"is_trial":false,"path_per_floor":["M","M","M","M","M","E","R","E","T","R","$","E","?","?","R","B",null,"M","M"],"character_chosen":"IRONCLAD","items_purchased":["Orrery"],"campfire_rested":1,"item_purchase_floors":[11],"current_hp_per_floor":[68,56,61,55,68,34,34,15,15,15,30,23,5,5,40,18,56,42,5,5],"gold":102,"neow_bonus":"REMOVE_TWO","is_prod":false,"is_daily":false,"chose_seed":false,"campfire_upgraded":2,"win_rate":0,"timestamp":1607513125,"path_taken":["M","M","M","M","M","E","R","E","T","R","$","E","?","?","R","BOSS","M","M"],"build_version":"2020-11-30","purchased_purges":1,"victory":false,"max_hp_per_floor":[68,68,68,68,68,68,68,68,68,68,68,68,68,68,68,68,68,68,68,68],"card_choices":[{"not_picked":["Warcry","Burning Pact"],"picked":"Dropkick","floor":1},{"not_picked":["True Grit","Twin Strike","Entrench"],"picked":"SKIP","floor":2},{"not_picked":["Warcry","Pommel Strike"],"picked":"Shockwave","floor":3},{"not_picked":["Pummel","Dark Embrace"],"picked":"Headbutt","floor":4},{"not_picked":["Cleave","Havoc"],"picked":"Evolve","floor":5},{"not_picked":["Juggernaut","Sword Boomerang","Perfected Strike"],"picked":"SKIP","floor":6},{"not_picked":["Twin Strike","Blood for Blood"],"picked":"Second Wind","floor":8},{"not_picked":["Clothesline","Thunderclap"],"picked":"Dark Embrace","floor":11},{"not_picked":["Sword Boomerang","Headbutt"],"picked":"Shrug It Off","floor":11},{"not_picked":["Dark Embrace","Immolate"],"picked":"Body Slam","floor":11},{"not_picked":["Havoc","Clothesline","Rampage"],"picked":"SKIP","floor":12},{"not_picked":["Exhume","Berserk"],"picked":"Offering","floor":16},{"not_picked":["Fire Breathing","Heavy Blade","Flex"],"picked":"SKIP","floor":18}],"player_experience":277070,"relics_obtained":[{"floor":6,"key":"Toy Ornithopter"},{"floor":8,"key":"MealTicket"},{"floor":9,"key":"Regal Pillow"},{"floor":12,"key":"Blood Vial"}],"event_choices":[{"damage_healed":0,"gold_gain":0,"player_choice":"Success","damage_taken":18,"relics_obtained":["Centennial Puzzle"],"max_hp_gain":0,"max_hp_loss":0,"event_name":"Scrap Ooze","floor":13,"gold_loss":0},{"damage_healed":0,"gold_gain":0,"player_choice":"Left Gold","damage_taken":0,"max_hp_gain":0,"max_hp_loss":0,"event_name":"World of Goop","floor":14,"gold_loss":37}],"is_beta":false,"boss_relics":[{"not_picked":["Snecko Eye","Velvet Choker"],"picked":"SlaversCollar"}],"items_purged_floors":[11],"is_endless":false,"potions_floor_spawned":[3,4,5,8,12,18],"killed_by":"Spheric Guardian","ascension_level":20}}