{"host":"rcuacvep95pje9kw","time":1607479056,"event":{"gold_per_floor":[112,62,62,75,75,110,120,136,213,213,226,226,241,58,58,161,161,181,196,51,71,71,71],"floor_reached":22,"playtime":887,"items_purged":[],"score":213,"play_id":"faf6aa4b-7c7d-4d47-832b-95723ad81346","local_time":"20201208205736","is_ascension_mode":false,"campfire_choices":[{"data":"hexamod:RainOfEmbers","floor":10.0,"key":"SMITH"},{"data":"hexamod:WildfireWeapon","floor":12.0,"key":"SMITH"},{"floor":15.0,"key":"REST"}],"neow_cost":"NONE","seed_source_timestamp":142659033960561,"circlet_count":0,"master_deck":["hexamod:Strike+1","hexamod:Strike","hexamod:Defend","hexamod:Defend","hexamod:Defend","hexamod:Defend","hexamod:Sear","hexamod:Float","hexamod:Firestarter","hexamod:Incineration","Pain","hexamod:RainOfEmbers+1","hexamod:FlamesFromBeyond","hexamod:Again","hexamod:WildfireWeapon+1","hexamod:ThirdSeal","Pot Of Greed","Pot Of Greed+1","hexamod:EmpoweredFlame","hexamod:SixthSeal","hexamod:SearingWound+1","hexamod:SwordOfDarkness","hexamod:FourthSeal","hexamod:GhostOfSpirePresent","hexamod:SpectralAdrenaline"],"special_seed":0,"relics":["hexamod:SpiritBrand","Hammer of Thor","Seething Fire","Anvil of the Gods","NeowsBlessing","WarpedTongs","Ice Cream","ReplayTheSpireMod:Shallot","Grinning Jar","Fusion Hammer","ClockworkSouvenir"],"potions_floor_usage":[],"damage_taken":[{"damage":0.0,"enemies":"2 Louse","floor":1.0,"turns":1.0},{"damage":0.0,"enemies":"Cultist","floor":4.0,"turns":1.0},{"damage":0.0,"enemies":"Lagavulin","floor":6.0,"turns":2.0},{"damage":3.0,"enemies":"Jaw Worm","floor":7.0,"turns":3.0},{"damage":6.0,"enemies":"2 Fungi Beasts","floor":8.0,"turns":3.0},{"damage":4.0,"enemies":"Looter","floor":11.0,"turns":3.0},{"damage":19.0,"enemies":"3 Louse","floor":13.0,"turns":4.0},{"damage":26.0,"enemies":"Hexaghost","floor":16.0,"turns":9.0},{"damage":3.0,"enemies":"Chosen","floor":18.0,"turns":3.0},{"damage":28.0,"enemies":"2 Thieves","floor":19.0,"turns":5.0},{"damage":35.0,"enemies":"Shelled Parasite and Fungi","floor":21.0,"turns":4.0}],"seed_played":"6845373296562047394","potions_obtained":[{"floor":1.0,"key":"FearPotion"},{"floor":4.0,"key":"Fire Potion"},{"floor":6.0,"key":"Ancient Potion"}],"is_trial":false,"path_per_floor":["M","?","?","M","?","E","M","M","T","R","M","R","M","$","R","B",null,"M","M","$","M","?"],"character_chosen":"THE_SPIRIT","items_purchased":["Grinning Jar","hexamod:EmpoweredFlame","ClockworkSouvenir"],"campfire_rested":1,"item_purchase_floors":[14,14,20],"current_hp_per_floor":[70,70,63,63,63,63,60,54,54,54,50,50,31,31,52,26,70,67,39,39,4,0,0],"gold":71,"neow_bonus":"THREE_ENEMY_KILL","is_prod":false,"is_daily":false,"chose_seed":false,"campfire_upgraded":2,"win_rate":0,"timestamp":1607479056,"path_taken":["M","?","?","M","?","E","M","M","T","R","?","R","M","$","R","BOSS","M","?","$","M","?"],"build_version":"2020-11-30","purchased_purges":0,"victory":false,"max_hp_per_floor":[70,70,70,70,70,70,70,70,70,70,70,70,70,70,70,70,70,70,70,70,70,70,70],"relic_stats":{"counters":[11,38],"obtain_stats":[{"Ice Cream":6,"NeowsBlessing":0,"ReplayTheSpireMod:Shallot":9,"Anvil of the Gods":0,"Hammer of Thor":0,"Fusion Hammer":17,"Seething Fire":0,"Grinning Jar":14,"hexamod:SpiritBrand":0,"WarpedTongs":5,"ClockworkSouvenir":20},{"Ice Cream":3,"NeowsBlessing":0,"ReplayTheSpireMod:Shallot":5,"Anvil of the Gods":0,"Hammer of Thor":0,"Fusion Hammer":8,"Seething Fire":0,"Grinning Jar":7,"hexamod:SpiritBrand":0,"WarpedTongs":2,"ClockworkSouvenir":10},{"Ice Cream":4,"NeowsBlessing":0,"ReplayTheSpireMod:Shallot":10,"Anvil of the Gods":0,"Hammer of Thor":0,"Fusion Hammer":26,"Seething Fire":0,"Grinning Jar":17,"hexamod:SpiritBrand":0,"WarpedTongs":2,"ClockworkSouvenir":34}],"WarpedTongs":[36]},"card_choices":[{"not_picked":["hexamod:Haunt","hexamod:FastForward"],"picked":"hexamod:Firestarter","floor":1.0},{"not_picked":["hexamod:GhostLash","hexamod:PhantomCloak"],"picked":"hexamod:Incineration","floor":4.0},{"not_picked":["hexamod:Firestarter","hexamod:GhostShield"],"picked":"hexamod:RainOfEmbers","floor":6.0},{"not_picked":["hexamod:Haunt","hexamod:SwordOfDarkness"],"picked":"hexamod:FlamesFromBeyond","floor":7.0},{"not_picked":["hexamod:ChargedBarrage","hexamod:HauntingEcho"],"picked":"hexamod:Again","floor":8.0},{"not_picked":["hexamod:GhostShield","hexamod:Again"],"picked":"hexamod:WildfireWeapon","floor":11.0},{"not_picked":["hexamod:SpectersWail","hexamod:GhostShield"],"picked":"hexamod:ThirdSeal","floor":13.0},{"not_picked":["hexamod:ParanormalForm","hexamod:FifthSeal"],"picked":"hexamod:SixthSeal","floor":16.0},{"not_picked":["hexamod:TimeOfNeed","hexamod:UnleashSpirits"],"picked":"hexamod:SearingWound","floor":16.0},{"not_picked":["hexamod:GhostShield","hexamod:RainOfEmbers"],"picked":"hexamod:SwordOfDarkness","floor":18.0},{"not_picked":["hexamod:GhostShield","hexamod:SwordOfDarkness"],"picked":"hexamod:FourthSeal","floor":19.0},{"not_picked":["hexamod:GhostShield+1","hexamod:ParanormalForm"],"picked":"hexamod:GhostOfSpirePresent","floor":19.0},{"not_picked":["hexamod:BacktrackSmack","hexamod:Hexaguard"],"picked":"hexamod:SpectralAdrenaline","floor":21}],"player_experience":73639,"relics_obtained":[{"floor":6.0,"key":"Ice Cream"},{"floor":9.0,"key":"ReplayTheSpireMod:Shallot"}],"event_choices":[{"cards_removed":["hexamod:Strike"],"damage_healed":0.0,"max_hp_gain":0.0,"max_hp_loss":0.0,"gold_gain":0.0,"event_name":"The Cleric","player_choice":"Card Removal","floor":2.0,"gold_loss":50.0,"damage_taken":0.0},{"cards_removed":["hexamod:Strike"],"damage_healed":0.0,"max_hp_gain":0.0,"max_hp_loss":0.0,"gold_gain":0.0,"event_name":"Golden Wing","player_choice":"Card Removal","floor":3.0,"gold_loss":0.0,"damage_taken":7.0},{"damage_healed":0.0,"max_hp_gain":0.0,"max_hp_loss":0.0,"gold_gain":0.0,"event_name":"Accursed Blacksmith","player_choice":"Rummage","floor":5.0,"gold_loss":0.0,"damage_taken":0.0,"relics_obtained":["WarpedTongs"],"cards_obtained":["Pain"]}],"is_beta":false,"boss_relics":[{"not_picked":["Sozu","Astrolabe"],"picked":"Fusion Hammer"}],"items_purged_floors":[],"is_endless":false,"potions_floor_spawned":[1,4,6,19,21],"ascension_level":0}}