{"host":"ygefd14btj4nx1b7","time":1607550709,"event":{"gold_per_floor":[114,130,140,140,158,188,41,61,61,61,80,80,80,30,30,126,126,140,200,41,61,81,81,132,222,222,232,11,11,22,42,42,145,245,265,277,288,2,224,255,255,290,290,307,327,31,31,31],"floor_reached":47,"playtime":6247,"items_purged":["Strike_P","Strike_P","Adaptation+1"],"score":722,"play_id":"7101b94c-44d0-4d93-bf01-6517df27cab8","local_time":"20201209155149","is_ascension_mode":true,"campfire_choices":[{"floor":10,"key":"REST"},{"floor":12,"key":"REST"},{"data":"Alpha","floor":15,"key":"SMITH"},{"data":"Study","floor":23,"key":"SMITH"},{"data":"MasterReality","floor":41,"key":"SMITH"}],"neow_cost":"NONE","seed_source_timestamp":4194838640100,"circlet_count":0,"master_deck":["Strike_P+1","Strike_P+1","Defend_P","Defend_P","Defend_P","Defend_P","Eruption","Vigilance","Alpha+1","FollowUp","Sanctity+1","EmptyFist","Replay:Cycle","Replay:ManipulateFuture","Replay:ManipulateFuture","Perseverance","CurseOfTheBell","Protect+1","Study+1","Replay:ManipulateFuture+1","Evaluate+1","Flash of Steel","JustLucky","Evaluate","Perseverance+1","Replay:AtTheReady","MasterReality+1","Replay:Anticipation","Wireheading+1","ThirdEye+1","Judgement","Meditate+1","Replay:Anticipation+1","Alpha+1"],"relics":["PureWater","CloakClasp","Sling","ReplayTheSpireMod:Ninjato","Ring of Fury","Ring of Peace","Calling Bell","Smiling Mask","Letter Opener","Torii","Red Mask","Blood Vial","InkBottle","Guide Book","Replay:Wanted Poster","Replay:Purple Gloves","Ornamental Fan","Whetstone","DollysMirror","Strawberry"],"potions_floor_usage":[19,19,37,40,40,44,47],"damage_taken":[{"damage":0,"enemies":"Cultist","floor":1,"turns":3},{"damage":8,"enemies":"Jaw Worm","floor":2,"turns":4},{"damage":0,"enemies":"2 Louse","floor":3,"turns":4},{"damage":6,"enemies":"Looter","floor":5,"turns":2},{"damage":57,"enemies":"Gremlin Nob","floor":6,"turns":5},{"damage":0,"enemies":"Large Slime","floor":8,"turns":4},{"damage":11,"enemies":"Lots of Slimes","floor":11,"turns":3},{"damage":0,"enemies":"The Guardian","floor":16,"turns":8},{"damage":11,"enemies":"Spheric Guardian","floor":18,"turns":4},{"damage":17,"enemies":"Masked Bandits","floor":19,"turns":3},{"damage":9,"enemies":"2 Thieves","floor":21,"turns":4},{"damage":1,"enemies":"Centurion and Healer","floor":22,"turns":5},{"damage":15,"enemies":"Gremlin Leader","floor":24,"turns":5},{"damage":7,"enemies":"3 Cultists","floor":27,"turns":4},{"damage":7,"enemies":"Snake Plant","floor":30,"turns":4},{"damage":1,"enemies":"Chosen and Byrds","floor":31,"turns":5},{"damage":13,"enemies":"Champ","floor":33,"turns":10},{"damage":0,"enemies":"3 Darklings","floor":35,"turns":4},{"damage":10,"enemies":"3 Shapes","floor":36,"turns":3},{"damage":51,"enemies":"Transient","floor":37,"turns":5},{"damage":7,"enemies":"Nemesis","floor":40,"turns":7},{"damage":0,"enemies":"R_Hoarder","floor":42,"turns":8},{"damage":1,"enemies":"3 Darklings","floor":44,"turns":4},{"damage":0,"enemies":"Sphere and 2 Shapes","floor":45,"turns":3},{"damage":38,"enemies":"Reptomancer","floor":47,"turns":2}],"seed_played":"5462203219001910947","potions_obtained":[{"floor":3,"key":"Regen Potion"},{"floor":5,"key":"DistilledChaos"},{"floor":8,"key":"BlessingOfTheForge"},{"floor":21,"key":"SneckoOil"},{"floor":24,"key":"Strength Potion"},{"floor":27,"key":"Fire Potion"},{"floor":30,"key":"Reflective Coating"},{"floor":35,"key":"LifebloodPotion"},{"floor":40,"key":"BlessingOfTheForge"},{"floor":45,"key":"PowerPotion"}],"is_trial":false,"path_per_floor":["M","M","M","?","M","E","$","M","T","R","M","R","?","?","R","B",null,"M","?","$","M","M","R","E","?","T","M","$","?","M","M","R","B",null,"M","M","M","$","?","E","R","E","T","M","M","$","E"],"character_chosen":"WATCHER","items_purchased":["Sling","Study","Evaluate","Guide Book","Replay:Purple Gloves","DollysMirror","Strawberry"],"campfire_rested":2,"item_purchase_floors":[7,20,28,28,38,46,46],"current_hp_per_floor":[72,64,64,69,63,6,6,6,6,29,18,41,41,41,41,41,77,66,61,61,52,51,51,36,12,12,7,7,87,80,81,87,74,87,87,77,28,28,28,23,23,25,25,26,28,35,0,0],"gold":31,"neow_bonus":"ONE_RANDOM_RARE_CARD","is_prod":false,"is_daily":false,"chose_seed":false,"campfire_upgraded":3,"win_rate":0,"timestamp":1607550709,"path_taken":["M","M","?","?","M","E","$","M","T","R","M","R","?","?","R","BOSS","M","?","$","M","M","R","E","?","T","?","?","?","?","M","R","BOSS","M","M","?","$","?","E","R","E","T","M","M","$","E"],"build_version":"2020-11-30","purchased_purges":3,"victory":false,"max_hp_per_floor":[72,72,72,77,77,77,77,77,77,77,77,77,77,77,77,77,77,77,77,77,77,77,77,77,77,77,77,77,87,87,87,87,87,87,87,87,87,87,87,87,87,87,87,87,87,94,94,94],"card_choices":[{"not_picked":["Replay:BluntJabs","BowlingBash"],"picked":"FollowUp","floor":1},{"not_picked":["Weave","Prostrate"],"picked":"Sanctity","floor":2},{"not_picked":["Halt","Wireheading"],"picked":"EmptyFist","floor":3},{"not_picked":["Nirvana","EmptyMind"],"picked":"Replay:Cycle","floor":5},{"not_picked":["EmptyBody","FlurryOfBlows"],"picked":"Replay:ManipulateFuture","floor":6},{"not_picked":["EmptyBody","Blasphemy"],"picked":"Replay:ManipulateFuture","floor":8},{"not_picked":["TalkToTheHand","MentalFortress"],"picked":"Perseverance","floor":11},{"not_picked":["Vault","DevaForm"],"picked":"Wish","floor":16},{"not_picked":["EmptyFist+1","FlyingSleeves"],"picked":"Protect+1","floor":18},{"not_picked":["EmptyFist+1","Vengeance"],"picked":"Adaptation+1","floor":19},{"not_picked":["ForeignInfluence","Wallop","PathToVictory"],"picked":"SKIP","floor":21},{"not_picked":["InnerPeace+1","FlurryOfBlows"],"picked":"Replay:ManipulateFuture","floor":22},{"not_picked":["Replay:AllIn","DeceiveReality+1"],"picked":"Evaluate+1","floor":24},{"not_picked":["ForeignInfluence","TalkToTheHand+1"],"picked":"JustLucky","floor":27},{"not_picked":["Crescendo","CutThroughFate"],"picked":"Perseverance+1","floor":30},{"not_picked":["Replay:BluntJabs","ClearTheMind"],"picked":"Replay:AtTheReady","floor":31},{"not_picked":["Brilliance","Vault"],"picked":"MasterReality","floor":33},{"not_picked":["Conclude","Indignation"],"picked":"Replay:Anticipation","floor":35},{"not_picked":["ReachHeaven","ClearTheMind+1"],"picked":"Wireheading+1","floor":36},{"not_picked":["Halt+1","EmptyFist+1"],"picked":"ThirdEye+1","floor":37},{"not_picked":["Consecrate+1","ClearTheMind+1"],"picked":"Judgement","floor":40},{"not_picked":["WaveOfTheHand","Ragnarok"],"picked":"Meditate+1","floor":42},{"not_picked":["BowlingBash","Study+1"],"picked":"Replay:Anticipation+1","floor":44},{"not_picked":["InnerPeace+1","EmptyBody","BowlingBash+1"],"picked":"SKIP","floor":45}],"player_experience":387320,"relics_obtained":[{"floor":6,"key":"CloakClasp"},{"floor":9,"key":"ReplayTheSpireMod:Ninjato"},{"floor":13,"key":"Ring of Fury"},{"floor":13,"key":"Ring of Peace"},{"floor":17,"key":"Smiling Mask"},{"floor":17,"key":"Letter Opener"},{"floor":17,"key":"Torii"},{"floor":19,"key":"Red Mask"},{"floor":24,"key":"Blood Vial"},{"floor":26,"key":"InkBottle"},{"floor":40,"key":"Ornamental Fan"},{"floor":42,"key":"Whetstone"}],"event_choices":[{"damage_healed":0,"gold_gain":0,"player_choice":"Donut","damage_taken":0,"max_hp_gain":5,"max_hp_loss":0,"event_name":"Big Fish","floor":4,"gold_loss":0},{"cards_removed":["Amnesia"],"damage_healed":0,"gold_gain":0,"player_choice":"Card Removal","damage_taken":0,"max_hp_gain":0,"max_hp_loss":0,"event_name":"The Cleric","floor":14,"gold_loss":50},{"damage_healed":0,"gold_gain":0,"player_choice":"Fought Bandits","damage_taken":0,"max_hp_gain":0,"max_hp_loss":0,"event_name":"Masked Bandits","floor":19,"gold_loss":0},{"damage_healed":0,"gold_gain":90,"player_choice":"GOLD POTION CARD ","damage_taken":24,"max_hp_gain":0,"max_hp_loss":0,"event_name":"Knowing Skull","floor":25,"potions_obtained":["Ambrosia"],"gold_loss":0,"cards_obtained":["Flash of Steel"]},{"cards_removed":["Wish"],"damage_healed":70,"gold_gain":0,"player_choice":"Offered Rare","damage_taken":0,"max_hp_gain":10,"max_hp_loss":0,"event_name":"Bonfire Elementals","floor":29,"gold_loss":0},{"damage_healed":0,"gold_gain":222,"player_choice":"Wore Mask","damage_taken":0,"max_hp_gain":0,"max_hp_loss":0,"event_name":"Tomb of Lord Red Mask","floor":39,"gold_loss":0}],"is_beta":false,"boss_relics":[{"not_picked":["Black Star","SlaversCollar"],"picked":"Calling Bell"},{"not_picked":["Replay:Drink Me","Honey Jar"],"picked":"Replay:Wanted Poster"}],"items_purged_floors":[7,20,28],"is_endless":false,"potions_floor_spawned":[3,5,8,21,24,27,30,33,35,40,45],"killed_by":"Reptomancer","ascension_level":3}}