{"host":"tfymjgi4z0wqd6py","time":1607494329,"event":{"gold_per_floor":[110,60,77,88,106,106,132,132,179,214,225,245,245,245,245,343,343,359,359,382,382,395,395,320,345,345,375,193,118,118,129,129,231,231,231],"floor_reached":34,"playtime":1439,"items_purged":["TheCursedMod:Strike_TheCursed"],"score":428,"play_id":"787f25d6-38ab-4564-8a25-cedae3990a07","local_time":"20201209001209","is_ascension_mode":false,"campfire_choices":[{"data":"TheCursedMod:CursedWand","floor":6,"key":"SMITH"},{"data":"TheCursedMod:CleanUpWorkshop","floor":8,"key":"SMITH"},{"data":"TheCursedMod:AbyssShockwave","floor":15,"key":"SMITH"},{"data":"TheCursedMod:ReleasedStrength","floor":23,"key":"SMITH"},{"data":"TheCursedMod:HellfireBreathing","floor":30,"key":"SMITH"},{"data":"TheCursedMod:StunningStrike","floor":32,"key":"SMITH"}],"neow_cost":"NONE","seed_source_timestamp":26734889922600,"circlet_count":0,"master_deck":["TheCursedMod:CursedWand+1","TheCursedMod:CleanUpWorkshop+1","TheCursedMod:Dregs","TheCursedMod:CursedBlade","TheCursedMod:SpitefulStrike","TheCursedMod:Stigma","TheCursedMod:SpitefulPray+1","TheCursedMod:AbyssShockwave+1","Parasite","TheCursedMod:CircleOfAbyss+1","TheCursedMod:ReleasedStrength+1","TheCursedMod:StunningStrike+1","TheCursedMod:HellfireBreathing+1","TheCursedMod:WearCloak+1","TheCursedMod:VoidForm","TheCursedMod:SoulCrush","TheCursedMod:ReleasedStrength","TheCursedMod:SoulCrush","TheCursedMod:OutForBlood","TheCursedMod:RavingStaff"],"relics":["TheCursedMod:BlackMagic101","Kunai","Tiny Chest","Blood Vial","TheCursedMod:OminousMark","Regal Pillow","Matryoshka","StoneCalendar","Pen Nib","Pandora\u0027s Box"],"potions_floor_usage":[7,16,16,31,33,33],"damage_taken":[{"damage":0,"enemies":"Jaw Worm","floor":1,"turns":5},{"damage":2,"enemies":"Small Slimes","floor":3,"turns":4},{"damage":0,"enemies":"2 Louse","floor":4,"turns":1},{"damage":14,"enemies":"Large Slime","floor":5,"turns":6},{"damage":20,"enemies":"Lagavulin","floor":7,"turns":6},{"damage":15,"enemies":"3 Sentries","floor":10,"turns":6},{"damage":4,"enemies":"Exordium Thugs","floor":11,"turns":3},{"damage":1,"enemies":"Blue Slaver","floor":12,"turns":2},{"damage":0,"enemies":"Slime Boss","floor":16,"turns":6},{"damage":0,"enemies":"Spheric Guardian","floor":18,"turns":3},{"damage":0,"enemies":"Chosen","floor":22,"turns":4},{"damage":15,"enemies":"Gremlin Leader","floor":27,"turns":6},{"damage":10,"enemies":"Snecko","floor":31,"turns":5},{"damage":56,"enemies":"Champ","floor":33,"turns":10}],"seed_played":"513019235382862402","potions_obtained":[{"floor":1,"key":"AttackPotion"},{"floor":4,"key":"Weak Potion"},{"floor":7,"key":"Fire Potion"},{"floor":10,"key":"Fire Potion"},{"floor":18,"key":"SpeedPotion"},{"floor":27,"key":"Fruit Juice"}],"is_trial":false,"path_per_floor":["M","?","M","M","M","R","E","R","T","E","M","M","?","?","R","B",null,"M","?","T","?","M","R","$","T","T","E","$","?","R","M","R","B",null],"character_chosen":"THE_CURSED","items_purchased":["TheCursedMod:HellfireBreathing","Pen Nib"],"campfire_rested":0,"item_purchase_floors":[28,28],"current_hp_per_floor":[82,82,80,80,66,66,46,46,46,31,29,30,57,77,77,79,82,82,82,82,82,82,82,82,82,82,67,67,67,67,64,64,10,87,87],"gold":231,"neow_bonus":"TEN_PERCENT_HP_BONUS","is_prod":false,"is_daily":false,"chose_seed":false,"campfire_upgraded":6,"win_rate":0.0,"timestamp":1607494329,"path_taken":["M","?","M","M","M","R","E","R","T","E","M","M","?","?","R","BOSS","M","?","?","?","?","R","?","?","T","E","$","?","R","M","R","BOSS"],"build_version":"2020-11-30","purchased_purges":1,"victory":false,"max_hp_per_floor":[82,82,82,82,82,82,82,82,82,82,82,82,82,82,82,82,82,82,82,82,82,82,82,82,82,82,82,82,82,82,87,87,87,87,87],"card_choices":[{"not_picked":["TheCursedMod:Mangle","TheCursedMod:BloodBarrier"],"picked":"TheCursedMod:CursedBlade","floor":1},{"not_picked":["TheCursedMod:FuryStrike","TheCursedMod:CircleOfFlame"],"picked":"TheCursedMod:SpitefulStrike","floor":3},{"not_picked":["TheCursedMod:CursedShiv","TheCursedMod:BloodBarrier"],"picked":"TheCursedMod:Stigma","floor":4},{"not_picked":["TheCursedMod:CircleOfCorruption","TheCursedMod:Obscuration","TheCursedMod:VitalStrike"],"picked":"SKIP","floor":5},{"not_picked":["TheCursedMod:BlessingInDisguise","TheCursedMod:SpitefulStrike"],"picked":"TheCursedMod:SpitefulPray","floor":7},{"not_picked":["TheCursedMod:CursedMace","TheCursedMod:SurpriseAttack"],"picked":"TheCursedMod:AbyssShockwave","floor":10},{"not_picked":["TheCursedMod:ManaBullet","TheCursedMod:Stretching","TheCursedMod:CircleOfCorruption"],"picked":"SKIP","floor":11},{"not_picked":["TheCursedMod:SmokeScreen","TheCursedMod:RapidMovement","TheCursedMod:Torture"],"picked":"SKIP","floor":12},{"not_picked":["TheCursedMod:ForbiddenAlchemy","TheCursedMod:ParallelWorld"],"picked":"TheCursedMod:CircleOfAbyss","floor":16},{"not_picked":["TheCursedMod:TacticalStrike","TheCursedMod:CursedBlade","TheCursedMod:CircleOfFlame"],"picked":"SKIP","floor":18},{"not_picked":["TheCursedMod:FleshFromBone","TheCursedMod:CircleOfCorruption"],"picked":"TheCursedMod:ReleasedStrength","floor":22},{"not_picked":["TheCursedMod:TacticalStrike","TheCursedMod:SpitefulPray"],"picked":"TheCursedMod:StunningStrike","floor":27},{"not_picked":["TheCursedMod:CircleOfCorruption","TheCursedMod:CircleOfWindfury"],"picked":"TheCursedMod:WearCloak+1","floor":31},{"not_picked":["TheCursedMod:Neurasthenia","TheCursedMod:DemonicPact"],"picked":"TheCursedMod:VoidForm","floor":33}],"player_experience":149507,"relics_obtained":[{"floor":7,"key":"Kunai"},{"floor":9,"key":"Tiny Chest"},{"floor":10,"key":"Blood Vial"},{"floor":25,"key":"Regal Pillow"},{"floor":26,"key":"Matryoshka"},{"floor":27,"key":"StoneCalendar"}],"event_choices":[{"cards_removed":["TheCursedMod:Strike_TheCursed"],"damage_healed":0,"gold_gain":0,"player_choice":"Card Removal","damage_taken":0,"max_hp_gain":0,"max_hp_loss":0,"event_name":"The Cleric","floor":2,"gold_loss":50},{"damage_healed":27,"gold_gain":0,"player_choice":"Banana","damage_taken":0,"max_hp_gain":0,"max_hp_loss":0,"event_name":"Big Fish","floor":13,"gold_loss":0},{"damage_healed":20,"gold_gain":0,"player_choice":"Healed and dodged fight","damage_taken":0,"max_hp_gain":0,"max_hp_loss":0,"event_name":"Mushrooms","floor":14,"gold_loss":0,"cards_obtained":["Parasite"]},{"damage_healed":0,"gold_gain":0,"player_choice":"Upgraded","damage_taken":0,"max_hp_gain":0,"max_hp_loss":0,"event_name":"Upgrade Shrine","floor":19,"gold_loss":0,"cards_upgraded":["TheCursedMod:CircleOfAbyss"]},{"damage_healed":0,"gold_gain":0,"player_choice":"Forge","damage_taken":0,"max_hp_gain":0,"max_hp_loss":0,"event_name":"Accursed Blacksmith","floor":21,"gold_loss":0,"cards_upgraded":["TheCursedMod:SpitefulPray"]},{"cards_removed":["TheCursedMod:Defend_TheCursed"],"damage_healed":0,"gold_gain":0,"player_choice":"Gave Gold","damage_taken":0,"max_hp_gain":0,"max_hp_loss":0,"event_name":"Beggar","floor":29,"gold_loss":75}],"is_beta":false,"boss_relics":[{"not_picked":["Cursed Key","Tiny House"],"picked":"TheCursedMod:OminousMark"},{"not_picked":["SacredBark","TheCursedMod:BlackMagicAdvanced"],"picked":"Pandora\u0027s Box"}],"items_purged_floors":[24],"is_endless":false,"potions_floor_spawned":[1,4,7,10,12,18,27],"ascension_level":0}}