{"host":"ygefd14btj4nx1b7","time":1607473495,"event":{"gold_per_floor":[110,4,56,66,78,105,105,138,164,174,205,205,228,255,255,364,364,393,422,422,422,447,503,503,511,511],"floor_reached":25,"playtime":1690,"items_purged":[],"score":295,"play_id":"8379efd2-3606-450d-a978-ccdea957120a","local_time":"20201208182455","is_ascension_mode":true,"campfire_choices":[{"data":"Run Through","floor":7,"key":"SMITH"},{"floor":12,"key":"REST"},{"data":"True Grit","floor":24,"key":"SMITH"}],"neow_cost":"NONE","seed_source_timestamp":969920131753400,"circlet_count":0,"master_deck":["Strike_R","Strike_R","Strike_R","Strike_R","Defend_R","Defend_R","Defend_R","Defend_R","Bash","Massacre","Rupture+1","Warcry","True Grit+1","Flex","Run Through+1","Armaments","Burning Pact","Pommel Strike+1","Replay:Undeath\u0027s Touch","Immolate","Offering","ReplayTheSpireMod:Strike From Hell","Spot Weakness+1","Flex","Demon Form"],"relics":["Burning Blood","Blood Vial","Champion Belt","Mercury Hourglass","Orichalcum","Replay:Bandana","Runic Pyramid","Happy Flower"],"potions_floor_usage":[5,6,6,11,14,16,19,19,23],"damage_taken":[{"damage":6,"enemies":"Cultist","floor":1,"turns":3},{"damage":10,"enemies":"Small Slimes","floor":4,"turns":4},{"damage":0,"enemies":"2 Louse","floor":5,"turns":1},{"damage":30,"enemies":"Lagavulin","floor":6,"turns":4},{"damage":33,"enemies":"3 Sentries","floor":8,"turns":9},{"damage":7,"enemies":"Exordium Wildlife","floor":10,"turns":3},{"damage":12,"enemies":"Gremlin Nob","floor":11,"turns":2},{"damage":1,"enemies":"Large Slime","floor":13,"turns":5},{"damage":2,"enemies":"3 Louse","floor":14,"turns":2},{"damage":70,"enemies":"Hexaghost","floor":16,"turns":10},{"damage":6,"enemies":"Spheric Guardian","floor":18,"turns":2},{"damage":16,"enemies":"2 Thieves","floor":19,"turns":3},{"damage":37,"enemies":"Snake Plant","floor":22,"turns":3},{"damage":18,"enemies":"Gremlin Leader","floor":23,"turns":5},{"damage":25,"enemies":"Replay:Snechameleon","floor":25,"turns":4}],"seed_played":"-7632868506237197889","potions_obtained":[{"floor":0,"key":"Death Potion"},{"floor":0,"key":"Explosive Potion"},{"floor":0,"key":"Toxic Potion"},{"floor":6,"key":"SteroidPotion"},{"floor":10,"key":"Death Potion"},{"floor":13,"key":"PowerPotion"},{"floor":16,"key":"Fire Potion"},{"floor":18,"key":"SkillPotion"},{"floor":22,"key":"BlessingOfTheForge"}],"is_trial":false,"path_per_floor":["M","$","T","M","M","E","R","E","T","M","E","R","M","M","R","B",null,"M","M","?","?","M","E","R","E"],"character_chosen":"IRONCLAD","items_purchased":["Rupture+1","Warcry"],"campfire_rested":1,"item_purchase_floors":[2,2],"current_hp_per_floor":[80,80,80,76,80,56,56,31,31,32,28,52,59,65,80,16,80,80,70,70,70,41,31,31,8,8],"gold":511,"neow_bonus":"THREE_SMALL_POTIONS","is_prod":false,"is_daily":false,"chose_seed":false,"campfire_upgraded":2,"win_rate":0,"timestamp":1607473495,"path_taken":["M","$","?","M","M","E","R","E","T","M","E","R","M","M","R","BOSS","M","M","?","?","M","E","R","E"],"build_version":"2020-11-30","purchased_purges":0,"victory":false,"max_hp_per_floor":[80,80,80,80,80,80,80,80,80,80,80,80,80,80,80,80,80,80,80,80,80,80,80,80,80,80],"card_choices":[{"not_picked":["Havoc","Shockwave"],"picked":"Massacre","floor":1},{"not_picked":["Dark Embrace","Sword Boomerang"],"picked":"True Grit","floor":4},{"not_picked":["Fire Breathing","Perfected Strike"],"picked":"Flex","floor":5},{"not_picked":["True Grit","Corruption"],"picked":"Run Through","floor":6},{"not_picked":["Sword Boomerang","Reckless Charge"],"picked":"Armaments","floor":8},{"not_picked":["Clothesline","Sword Boomerang"],"picked":"Burning Pact","floor":10},{"not_picked":["Sword Boomerang","Warcry"],"picked":"Pommel Strike","floor":11},{"not_picked":["Headbutt","Twin Strike"],"picked":"Replay:Undeath\u0027s Touch","floor":13},{"not_picked":["Dark Embrace","Replay:Undeath\u0027s Touch"],"picked":"Immolate","floor":14},{"not_picked":["Bludgeon","Limit Break"],"picked":"Offering","floor":16},{"not_picked":["Clash","Warcry"],"picked":"ReplayTheSpireMod:Strike From Hell","floor":18},{"not_picked":["Pommel Strike","Thunderclap"],"picked":"Spot Weakness+1","floor":19},{"not_picked":["Uppercut+1","Rage"],"picked":"Flex","floor":22},{"not_picked":["Twin Strike","Wild Strike"],"picked":"Demon Form","floor":23}],"player_experience":365609,"relics_obtained":[{"floor":3,"key":"Blood Vial"},{"floor":6,"key":"Champion Belt"},{"floor":8,"key":"Mercury Hourglass"},{"floor":9,"key":"Orichalcum"},{"floor":11,"key":"Replay:Bandana"},{"floor":23,"key":"Happy Flower"}],"event_choices":[{"cards_removed":["Strike_R"],"damage_healed":0,"gold_gain":0,"player_choice":"Elegance","damage_taken":0,"max_hp_gain":0,"max_hp_loss":0,"event_name":"Back to Basics","floor":21,"gold_loss":0}],"is_beta":false,"boss_relics":[{"not_picked":["Ooze Armor","Cursed Key"],"picked":"Runic Pyramid"}],"items_purged_floors":[],"is_endless":false,"potions_floor_spawned":[4,6,10,13,16,18,22],"killed_by":"Replay:Snechameleon","ascension_level":2}}