{"host":"ya062ahhhuj9au1o","time":1607472449,"event":{"gold_per_floor":[11,24,39,4,4,4,4,4,31,62,106,118,55,69,69,168,168,184,203,203,303,303,303],"floor_reached":22,"playtime":1646,"items_purged":["RobotSpaceExplorer:Defend"],"score":212,"play_id":"c113a408-a629-41e8-b7cb-cf119ccb7012","local_time":"20201208190729","is_ascension_mode":true,"campfire_choices":[{"data":"Inflame","floor":6.0,"key":"SMITH"},{"data":"RobotSpaceExplorer:MiniLasers","floor":8.0,"key":"SMITH"},{"data":"RobotSpaceExplorer:Jetpack","floor":12.0,"key":"SMITH"},{"data":"RobotSpaceExplorer:ChargingLaser","floor":15.0,"key":"SMITH"}],"neow_cost":"NO_GOLD","seed_source_timestamp":360987026743377852,"circlet_count":0,"master_deck":["RobotSpaceExplorer:Strike","RobotSpaceExplorer:Strike","RobotSpaceExplorer:Strike","RobotSpaceExplorer:Defend","RobotSpaceExplorer:Scan","RobotSpaceExplorer:MiniLasers+1","Panache","RobotSpaceExplorer:Jetpack+1","RobotSpaceExplorer:Fix","RobotSpaceExplorer:ScrapToss","Inflame+1","RobotSpaceExplorer:GlueShot","RobotSpaceExplorer:Fix","RobotSpaceExplorer:ChargingLaser+1","RobotSpaceExplorer:ChargingLaser","RobotSpaceExplorer:SurgingShield+1","RobotSpaceExplorer:SelfCleaning+1","RobotSpaceExplorer:LaserBurst+1","RobotSpaceExplorer:IronShell+1"],"special_seed":0,"relics":["RobotSpaceExplorer:RoboCore","Sundial","MawBank","Mercury Hourglass","Astrolabe"],"potions_floor_usage":[],"damage_taken":[{"damage":8.0,"enemies":"2 Louse","floor":1.0,"turns":3.0},{"damage":2.0,"enemies":"Jaw Worm","floor":2.0,"turns":4.0},{"damage":2.0,"enemies":"Small Slimes","floor":3.0,"turns":5.0},{"damage":10.0,"enemies":"Blue Slaver","floor":10.0,"turns":3.0},{"damage":4.0,"enemies":"3 Sentries","floor":11.0,"turns":6.0},{"damage":18.0,"enemies":"Large Slime","floor":14.0,"turns":4.0},{"damage":16.0,"enemies":"Hexaghost","floor":16.0,"turns":6.0},{"damage":9,"enemies":"Shell Parasite","floor":18,"turns":3},{"damage":36,"enemies":"Shelled Parasite and Fungi","floor":19,"turns":4},{"damage":23,"enemies":"Snecko","floor":22,"turns":7}],"seed_played":"-2172911754863034654","potions_obtained":[{"floor":1.0,"key":"Regen Potion"},{"floor":2.0,"key":"Fire Potion"},{"floor":18,"key":"Ancient Potion"}],"is_trial":false,"path_per_floor":["M","M","M","?","?","R","?","R","T","M","E","R","$","M","R","B",null,"M","M","?","?","M"],"character_chosen":"RobotSpaceExplorer","items_purchased":[],"campfire_rested":0,"item_purchase_floors":[],"current_hp_per_floor":[67,65,67,75,63,63,63,63,63,57,72,72,72,62,62,54,75,66,34,20,20,5,5],"gold":303,"neow_bonus":"RANDOM_COLORLESS_2","is_prod":false,"is_daily":false,"chose_seed":false,"campfire_upgraded":4,"win_rate":0,"timestamp":1607472449,"path_taken":["M","M","M","?","?","R","?","R","T","M","E","R","?","M","R","BOSS","M","M","?","?","M"],"build_version":"2020-11-30","purchased_purges":1,"victory":false,"max_hp_per_floor":[75,75,75,75,75,75,75,75,75,75,75,75,75,75,75,75,75,75,75,80,80,80,80],"card_choices":[{"not_picked":["Master of Strategy","Transmutation"],"picked":"Panache","floor":0.0},{"not_picked":["RobotSpaceExplorer:Probe","RobotSpaceExplorer:ShovelStrike"],"picked":"RobotSpaceExplorer:Jetpack","floor":1.0},{"not_picked":["RobotSpaceExplorer:Ammunition","RobotSpaceExplorer:Electroshield"],"picked":"RobotSpaceExplorer:Fix","floor":2.0},{"not_picked":["RobotSpaceExplorer:PowerGlove","RobotSpaceExplorer:FrostMissile"],"picked":"RobotSpaceExplorer:ScrapToss","floor":3.0},{"not_picked":["RobotSpaceExplorer:Pulsar","RobotSpaceExplorer:ImprovisedAttack"],"picked":"RobotSpaceExplorer:GlueShot","floor":10.0},{"not_picked":["RobotSpaceExplorer:SurgingShield","RobotSpaceExplorer:Fix","RobotSpaceExplorer:Discharger"],"picked":"SKIP","floor":11.0},{"not_picked":["RobotSpaceExplorer:SurgingShield","RobotSpaceExplorer:Discharger"],"picked":"RobotSpaceExplorer:Fix","floor":11.0},{"not_picked":["RobotSpaceExplorer:Probe","RobotSpaceExplorer:IronShell"],"picked":"RobotSpaceExplorer:ChargingLaser","floor":14.0},{"not_picked":["RobotSpaceExplorer:BlastShield","RobotSpaceExplorer:Exploration"],"picked":"RobotSpaceExplorer:ChargingLaser","floor":16.0},{"not_picked":["RobotSpaceExplorer:Reload+1","RobotSpaceExplorer:Pulsar","RobotSpaceExplorer:StarLightning"],"picked":"SKIP","floor":18},{"not_picked":["RobotSpaceExplorer:ScrapMissile","RobotSpaceExplorer:ShovelStrike"],"picked":"RobotSpaceExplorer:IronShell+1","floor":19}],"player_experience":1587691,"relics_obtained":[{"floor":9.0,"key":"MawBank"},{"floor":11.0,"key":"Mercury Hourglass"}],"event_choices":[{"damage_healed":18.0,"max_hp_gain":0.0,"max_hp_loss":0.0,"gold_gain":0.0,"event_name":"The Cleric","player_choice":"Healed","floor":4.0,"gold_loss":35.0,"damage_taken":0.0},{"damage_healed":0.0,"max_hp_gain":0.0,"max_hp_loss":0.0,"gold_gain":0.0,"event_name":"betterThird:BetterSerpent","player_choice":"Ignored","floor":7.0,"gold_loss":0.0,"damage_taken":4.0},{"damage_healed":0,"gold_gain":0,"player_choice":"Shed Blood","damage_taken":19,"max_hp_gain":5,"max_hp_loss":0,"event_name":"Forgotten Altar","floor":20,"gold_loss":0},{"damage_healed":0,"gold_gain":100,"player_choice":"Pray","damage_taken":0,"max_hp_gain":0,"max_hp_loss":0,"event_name":"Golden Shrine","floor":21,"gold_loss":0}],"is_beta":false,"boss_relics":[{"not_picked":["RobotSpaceExplorer:TurboCore","Calling Bell"],"picked":"Astrolabe"}],"items_purged_floors":[13],"is_endless":false,"potions_floor_spawned":[1,2,18],"killed_by":"Snecko","ascension_level":3}}