{"host":"v0kr0xkqfgnh389p","time":1607554900,"event":{"gold_per_floor":[114,130,130,130,130,130,145,145,145,145,145,145,156,181,194,194,194,194,194],"floor_reached":18,"playtime":382,"items_purged":[],"score":142,"play_id":"78102756-2eb3-4fcd-984a-5be697421f68","local_time":"20201209180140","is_ascension_mode":true,"campfire_choices":[{"floor":6,"key":"RECALL"},{"data":"Wireheading","floor":8,"key":"SMITH"},{"data":"Vigilance","floor":10,"key":"SMITH"},{"data":"SpiritShield","floor":17,"key":"SMITH"}],"neow_cost":"NONE","seed_source_timestamp":30712537848300,"circlet_count":0,"master_deck":["Strike_P","Strike_P","Strike_P","Strike_P","Defend_P","Defend_P","Defend_P","Eruption+1","Vigilance+1","Wireheading+1","TalkToTheHand+1","SpiritShield+1","Nirvana","Strike_P"],"special_seed":0,"relics":["PureWater","NeowsBlessing","Orichalcum"],"potions_floor_usage":[14,18,18,18],"damage_taken":[{"damage":0,"enemies":"2 Louse","floor":1,"turns":1},{"damage":0,"enemies":"Cultist","floor":2,"turns":1},{"damage":0,"enemies":"Small Slimes","floor":7,"turns":1},{"damage":2,"enemies":"2 Fungi Beasts","floor":13,"turns":3},{"damage":0,"enemies":"Replay:BlueRogue","floor":14,"turns":5},{"damage":11,"enemies":"3 Louse","floor":15,"turns":4},{"damage":65,"enemies":"Hexaghost","floor":18,"turns":7}],"seed_played":"-6116861074543922800","potions_obtained":[{"floor":7,"key":"Swift Potion"},{"floor":13,"key":"BlessingOfTheForge"},{"floor":14,"key":"ColorlessPotion"},{"floor":15,"key":"Block Potion"}],"is_trial":false,"path_per_floor":["M","M","?","?","?","R","M","R","T","R","PTL","PTL","M","E","M","?","R","B"],"character_chosen":"WATCHER","items_purchased":[],"campfire_rested":0,"item_purchase_floors":[],"current_hp_per_floor":[72,72,72,72,72,72,72,72,72,72,72,72,70,70,59,59,59,0,0],"gold":194,"neow_bonus":"THREE_ENEMY_KILL","is_prod":false,"is_daily":false,"chose_seed":false,"campfire_upgraded":3,"win_rate":0,"timestamp":1607554900,"path_taken":["M","M","?","?","?","R","M","R","T","R","PTL","PTL","M","E","M","?","R","BOSS"],"build_version":"2020-11-30","purchased_purges":0,"victory":false,"max_hp_per_floor":[72,72,72,72,72,72,72,72,72,72,72,72,72,72,72,72,72,72,72],"card_choices":[{"not_picked":["FollowUp","PathToVictory"],"picked":"Wireheading","floor":1},{"not_picked":["Replay:BluntJabs","EmptyBody","Replay:Vibes"],"picked":"SKIP","floor":2},{"not_picked":["Replay:BluntJabs","JustLucky","SashWhip"],"picked":"SKIP","floor":7},{"not_picked":["Wireheading","ThirdEye"],"picked":"SpiritShield","floor":13},{"not_picked":["ClearTheMind","SignatureMove"],"picked":"Nirvana","floor":14},{"not_picked":["SashWhip","Meditate","Consecrate"],"picked":"SKIP","floor":15}],"player_experience":697175,"relics_obtained":[{"floor":14,"key":"Orichalcum"}],"event_choices":[{"damage_healed":0,"gold_gain":0,"player_choice":"Grow","damage_taken":0,"max_hp_gain":0,"max_hp_loss":0,"event_name":"Living Wall","floor":5,"gold_loss":0,"cards_upgraded":["Eruption"]},{"cards_removed":["Defend_P"],"damage_healed":0,"gold_gain":0,"player_choice":"Took Card","damage_taken":0,"max_hp_gain":0,"max_hp_loss":0,"event_name":"NoteForYourself","floor":16,"gold_loss":0,"cards_obtained":["Strike_P"]}],"is_beta":false,"boss_relics":[],"items_purged_floors":[],"is_endless":false,"potions_floor_spawned":[7,13,14,15],"killed_by":"Hexaghost","ascension_level":1}}