{"host":"yiit85oc4oi3nqs8","time":1607516277,"event":{"gold_per_floor":[118,118,118,118,118,150,150,150,150,183,183,208,208,208,234,234,159,184,203,203,203,277,277,288,304,304,223,86,103,113,113,113,144,144,19,45,45,73,83,8,8,8,8,8,32,32,32,32,105,105,117,133,179,179,179,196,196,196,196,223,223,223,246,246,246,69,69,94,94,94,94,44,44,44,44,44,44,44,44,70,70],"floor_reached":82,"playtime":3298,"items_purged":["Strike_G","Defend_G","Strike_G+1","Strike_G+1"],"score":2397,"play_id":"0d5df740-30eb-4c3b-8867-1b01eb6067ae","local_time":"20201209211757","is_ascension_mode":true,"campfire_choices":[{"data":"Neutralize","floor":8.0,"key":"SMITH"},{"data":"Survivor","floor":9.0,"key":"SMITH"},{"data":"Backstab","floor":13.0,"key":"SMITH"},{"floor":14.0,"key":"REST"},{"data":"Cloak And Dagger","floor":20.0,"key":"SMITH"},{"data":"Backflip","floor":21.0,"key":"SMITH"},{"data":"Accuracy","floor":31.0,"key":"SMITH"},{"data":"Accuracy","floor":32.0,"key":"SMITH"},{"data":"Terror","floor":46.0,"key":"SMITH"},{"data":"Well Laid Plans","floor":47.0,"key":"SMITH"},{"data":"Malaise","floor":48.0,"key":"SMITH"},{"floor":57.0,"key":"RECALL"},{"data":"After Image","floor":58.0,"key":"SMITH"},{"data":"Escape Plan","floor":61.0,"key":"SMITH"},{"floor":62.0,"key":"REST"},{"data":"A Thousand Cuts","floor":73.0,"key":"SMITH"},{"data":"Noxious Fumes","floor":74.0,"key":"SMITH"},{"floor":77.0,"key":"REST"}],"neow_cost":"NONE","seed_source_timestamp":128434898069053,"circlet_count":0,"master_deck":["AscendersBane","Survivor+1","Neutralize+1","Infinite Blades","Backstab+1","Cloak And Dagger+1","Backflip+1","Infinite Blades","Malaise+1","Heel Hook+1","Leg Sweep+1","Infinite Blades+1","Accuracy+1","Accuracy+1","Well Laid Plans+1","Finisher+1","Terror+1","After Image+1","Escape Plan+1","Noxious Fumes+1","A Thousand Cuts+1","Distraction","Madness","Madness"],"special_seed":0,"relics":["Ring of the Snake","NeowsBlessing","Anchor","Nunchaku","Art of War","Ninja Scroll","Whetstone","Tiny Chest","CaptainsWheel","Astrolabe","Dream Catcher","Vajra","Potion Belt","Juzu Bracelet","Calipers","Smiling Mask","HoveringKite","Ice Cream","Torii","Strawberry","Oddly Smooth Stone","Mercury Hourglass","TungstenRod","Bird Faced Urn"],"potions_floor_usage":[81,81,81],"damage_taken":[{"damage":0.0,"enemies":"Small Slimes","floor":1.0,"turns":1.0},{"damage":0.0,"enemies":"Gremlin Nob","floor":6.0,"turns":1.0},{"damage":0.0,"enemies":"Gremlin Nob","floor":10.0,"turns":1.0},{"damage":16.0,"enemies":"Lagavulin","floor":15.0,"turns":6.0},{"damage":5.0,"enemies":"Gremlin Nob","floor":18.0,"turns":3.0},{"damage":0.0,"enemies":"Cultist","floor":19.0,"turns":2.0},{"damage":6.0,"enemies":"The Guardian","floor":22.0,"turns":9.0},{"damage":0.0,"enemies":"Spheric Guardian","floor":24.0,"turns":4.0},{"damage":0.0,"enemies":"Chosen","floor":25.0,"turns":4.0},{"damage":1.0,"enemies":"Sentry and Sphere","floor":29.0,"turns":4.0},{"damage":2.0,"enemies":"Snecko","floor":30.0,"turns":4.0},{"damage":0.0,"enemies":"Gremlin Leader","floor":33.0,"turns":4.0},{"damage":10.0,"enemies":"Book of Stabbing","floor":38.0,"turns":4.0},{"damage":7.0,"enemies":"Snake Plant","floor":39.0,"turns":4.0},{"damage":13.0,"enemies":"Automaton","floor":49.0,"turns":6.0},{"damage":4.0,"enemies":"3 Darklings","floor":51.0,"turns":4.0},{"damage":0.0,"enemies":"3 Shapes","floor":52.0,"turns":4.0},{"damage":12.0,"enemies":"2 Orb Walkers","floor":53.0,"turns":4.0},{"damage":17.0,"enemies":"Writhing Mass","floor":56.0,"turns":4.0},{"damage":0.0,"enemies":"Reptomancer","floor":68.0,"turns":4.0},{"damage":24.0,"enemies":"Awakened One","floor":75.0,"turns":6.0},{"damage":33.0,"enemies":"Shield and Spear","floor":80.0,"turns":5.0},{"damage":40,"enemies":"The Heart","floor":81,"turns":7}],"seed_played":"-4777697845723748643","potions_obtained":[{"floor":6.0,"key":"FearPotion"},{"floor":15.0,"key":"Explosive Potion"},{"floor":18.0,"key":"Explosive Potion"},{"floor":22.0,"key":"Weak Potion"},{"floor":38.0,"key":"SteroidPotion"},{"floor":39.0,"key":"Dexterity Potion"},{"floor":51.0,"key":"Explosive Potion"},{"floor":53.0,"key":"DistilledChaos"},{"floor":80.0,"key":"Block Potion"}],"is_trial":false,"path_per_floor":["M","?","?","$","?","E","E","R","R","E","T","T","R","R","E","$","$","E","M","R","R","B",null,"M","M","?","$","$","M","M","R","R","E","$","?","T","T","E","M","?","T","?","$","?","T","R","R","R","B",null,"M","M","?","?","?","M","R","R","T","?","R","R","T","T","$","?","?","E","?","T","$","$","R","R","B",null,"R","$","$","E","B",null],"character_chosen":"THE_SILENT","items_purchased":["Accuracy","Accuracy","A Thousand Cuts"],"campfire_rested":3,"item_purchase_floors":[27,28,66],"current_hp_per_floor":[59,24,46,46,46,46,46,46,46,46,46,46,46,65,49,49,49,44,44,44,44,38,59,59,59,59,59,59,58,56,56,56,56,56,56,56,56,46,39,39,39,39,39,39,39,39,39,39,26,56,52,52,40,40,40,23,23,23,23,23,23,42,49,49,49,49,49,49,36,36,36,36,36,36,12,58,73,73,73,40,18],"gold":70,"neow_bonus":"THREE_ENEMY_KILL","is_prod":false,"is_daily":false,"chose_seed":false,"campfire_upgraded":14,"win_rate":0,"timestamp":1607516277,"path_taken":["M","?","?","$","?","E","E","R","R","E","T","T","R","R","E","$","$","E","M","R","R","BOSS","M","?","?","$","$","M","M","R","R","E","?","?","T","T","E","M","?","?","?","?","?","?","R","R","R","BOSS","M","M","?","?","?","M","R","R","?","?","R","R","T","T","?","?","?","E","?","?","$","$","R","R","BOSS","R","$","$","E","BOSS"],"build_version":"2020-11-30","purchased_purges":4,"victory":true,"max_hp_per_floor":[66,66,66,66,66,66,66,66,66,66,66,66,66,66,66,66,66,66,66,66,66,66,66,66,66,66,66,66,66,66,66,66,66,66,66,66,66,66,66,66,66,66,66,66,66,66,66,66,66,66,66,66,66,66,66,66,66,66,66,66,66,66,73,73,73,73,73,73,73,73,73,73,73,73,73,73,73,73,73,73,73],"relic_stats":{"Torii":28,"counters":[23,95],"Astrolabe":["Heel Hook","Leg Sweep","Infinite Blades"],"HoveringKite":[8],"Juzu Bracelet":3,"Whetstone":["Strike_G","Strike_G"],"Smiling Mask":100,"Mercury Hourglass":[72],"Nunchaku":[36],"Dream Catcher":2,"Bird Faced Urn":[18],"Tiny Chest":4,"Art of War":[3],"obtain_stats":[{"Potion Belt":37,"Ice Cream":53,"Calipers":41,"NeowsBlessing":0,"Torii":59,"Astrolabe":23,"Vajra":36,"HoveringKite":50,"Oddly Smooth Stone":64,"Juzu Bracelet":38,"Whetstone":12,"Smiling Mask":45,"Mercury Hourglass":68,"Anchor":2,"Nunchaku":6,"CaptainsWheel":18,"Dream Catcher":33,"Ninja Scroll":11,"Strawberry":63,"Bird Faced Urn":80,"Tiny Chest":15,"Art of War":10,"TungstenRod":70,"Ring of the Snake":0},{"Potion Belt":12,"Ice Cream":18,"Calipers":14,"NeowsBlessing":0,"Torii":19,"Astrolabe":7,"Vajra":12,"HoveringKite":15,"Oddly Smooth Stone":19,"Juzu Bracelet":13,"Whetstone":3,"Smiling Mask":14,"Mercury Hourglass":20,"Anchor":1,"Nunchaku":2,"CaptainsWheel":5,"Dream Catcher":12,"Ninja Scroll":3,"Strawberry":19,"Bird Faced Urn":22,"Tiny Chest":4,"Art of War":3,"TungstenRod":20,"Ring of the Snake":0},{"Potion Belt":43,"Ice Cream":69,"Calipers":51,"NeowsBlessing":0,"Torii":73,"Astrolabe":23,"Vajra":43,"HoveringKite":57,"Oddly Smooth Stone":73,"Juzu Bracelet":47,"Whetstone":3,"Smiling Mask":51,"Mercury Hourglass":77,"Anchor":1,"Nunchaku":2,"CaptainsWheel":12,"Dream Catcher":43,"Ninja Scroll":3,"Strawberry":73,"Bird Faced Urn":88,"Tiny Chest":9,"Art of War":3,"TungstenRod":77,"Ring of the Snake":0}],"TungstenRod":21,"Ring of the Snake":[46]},"card_choices":[{"not_picked":["Dodge and Roll","Acrobatics"],"picked":"Deadly Poison","floor":1.0},{"not_picked":["PiercingWail","Slice"],"picked":"Infinite Blades","floor":6.0},{"not_picked":["Sucker Punch","Distraction"],"picked":"Backstab","floor":10.0},{"not_picked":["Well Laid Plans","Deadly Poison"],"picked":"Cloak And Dagger","floor":15.0},{"not_picked":["Expertise","Venomology"],"picked":"Backflip","floor":18.0},{"not_picked":["Quick Slash","Slice"],"picked":"Infinite Blades","floor":19.0},{"not_picked":["Grand Finale","Corpse Explosion"],"picked":"Malaise","floor":22.0},{"not_picked":["Underhanded Strike","Acrobatics+1","Prepared+1"],"picked":"SKIP","floor":24.0},{"not_picked":["Outmaneuver","Sucker Punch","Dagger Throw+1"],"picked":"SKIP","floor":25.0},{"not_picked":["Infinite Blades","Venomology"],"picked":"Well Laid Plans","floor":29.0},{"not_picked":["Dagger Throw+1","Expertise+1"],"picked":"Finisher+1","floor":30.0},{"not_picked":["Wraith Form v2","Quick Slash","Slice"],"picked":"SKIP","floor":33.0},{"not_picked":["Deadly Poison","Blur+1","Bane"],"picked":"SKIP","floor":38.0},{"not_picked":["Slice","Deflect+1"],"picked":"Terror","floor":39.0},{"not_picked":["Tools of the Trade","Venomology"],"picked":"After Image","floor":49.0},{"not_picked":["Finisher","Slice","Prepared"],"picked":"SKIP","floor":51.0},{"not_picked":["Deadly Poison","Escape Plan","Poisoned Stab"],"picked":"SKIP","floor":52.0},{"not_picked":["Deadly Poison","Poisoned Stab"],"picked":"Escape Plan","floor":52.0},{"not_picked":["Bane+1","Slice","Deadly Poison"],"picked":"SKIP","floor":56.0},{"not_picked":["Setup","Catalyst"],"picked":"Noxious Fumes","floor":62.0},{"not_picked":["Malaise","Masterful Stab","Dagger Throw"],"picked":"SKIP","floor":68.0},{"not_picked":["Cloak And Dagger","Dagger Throw","Acrobatics+1"],"picked":"SKIP","floor":80.0}],"player_experience":352415,"relics_obtained":[{"floor":6.0,"key":"Nunchaku"},{"floor":10.0,"key":"Art of War"},{"floor":11.0,"key":"Ninja Scroll"},{"floor":12.0,"key":"Whetstone"},{"floor":15.0,"key":"Tiny Chest"},{"floor":18.0,"key":"CaptainsWheel"},{"floor":33.0,"key":"Dream Catcher"},{"floor":36.0,"key":"Vajra"},{"floor":37.0,"key":"Potion Belt"},{"floor":38.0,"key":"Juzu Bracelet"},{"floor":41.0,"key":"Calipers"},{"floor":45.0,"key":"Smiling Mask"},{"floor":53.0,"key":"Ice Cream"},{"floor":59.0,"key":"Torii"},{"floor":63.0,"key":"Strawberry"},{"floor":64.0,"key":"Oddly Smooth Stone"},{"floor":68.0,"key":"Mercury Hourglass"},{"floor":70.0,"key":"TungstenRod"},{"floor":80.0,"key":"Bird Faced Urn"}],"event_choices":[{"damage_healed":0.0,"max_hp_gain":0.0,"max_hp_loss":0.0,"gold_gain":0.0,"event_name":"betterThird:BetterScrap","player_choice":"Relic ","floor":2.0,"gold_loss":0.0,"damage_taken":35.0,"cards_obtained":["Study"]},{"damage_healed":22.0,"max_hp_gain":0.0,"max_hp_loss":0.0,"gold_gain":0.0,"event_name":"Big Fish","player_choice":"Banana","floor":3.0,"gold_loss":0.0,"damage_taken":0.0},{"damage_healed":0.0,"max_hp_gain":0.0,"max_hp_loss":0.0,"gold_gain":0.0,"event_name":"Accursed Blacksmith","player_choice":"Forge","floor":5.0,"gold_loss":0.0,"damage_taken":0.0,"cards_upgraded":["Deadly Poison"]},{"cards_removed":["Deadly Poison"],"damage_healed":0.0,"max_hp_gain":0.0,"max_hp_loss":0.0,"gold_gain":0.0,"event_name":"Beggar","player_choice":"Gave Gold","floor":40.0,"gold_loss":75.0,"damage_taken":0.0},{"damage_healed":0.0,"max_hp_gain":0.0,"max_hp_loss":0.0,"gold_gain":0.0,"event_name":"Ghosts","player_choice":"Ignored","floor":42.0,"gold_loss":0.0,"damage_taken":0.0},{"cards_removed":["Defend_G"],"damage_healed":0.0,"max_hp_gain":0.0,"max_hp_loss":0.0,"gold_gain":0.0,"event_name":"betterThird:BetterWriting","player_choice":"Elegance","floor":44.0,"gold_loss":0.0,"damage_taken":0.0},{"damage_healed":0.0,"max_hp_gain":0.0,"max_hp_loss":0.0,"gold_gain":0.0,"event_name":"Mysterious Sphere","player_choice":"Fight","floor":53.0,"gold_loss":0.0,"damage_taken":0.0},{"cards_removed":["Defend_G"],"damage_healed":0.0,"max_hp_gain":0.0,"max_hp_loss":0.0,"gold_gain":0.0,"event_name":"Falling","player_choice":"Removed Skill","floor":54.0,"gold_loss":0.0,"damage_taken":0.0},{"damage_healed":0.0,"max_hp_gain":0.0,"max_hp_loss":0.0,"gold_gain":0.0,"event_name":"Tomb of Lord Red Mask","player_choice":"Ignored","floor":55.0,"gold_loss":0.0,"damage_taken":0.0},{"damage_healed":0.0,"max_hp_gain":0.0,"max_hp_loss":0.0,"gold_gain":0.0,"cards_transformed":["Defend_G"],"event_name":"Transmorgrifier","player_choice":"Transformed","floor":67.0,"gold_loss":0.0,"damage_taken":0.0,"cards_obtained":["Distraction"]},{"damage_healed":0.0,"max_hp_gain":0.0,"max_hp_loss":0.0,"gold_gain":0.0,"event_name":"Winding Halls","player_choice":"Embrace Madness","floor":69.0,"gold_loss":0.0,"damage_taken":13.0,"cards_obtained":["Madness","Madness"]}],"is_beta":false,"boss_relics":[{"not_picked":["Runic Pyramid","Runic Dome"],"picked":"Astrolabe"},{"not_picked":["Cursed Key","Snecko Eye"],"picked":"HoveringKite"}],"items_purged_floors":[17,28,35,72],"is_endless":false,"potions_floor_spawned":[6,15,18,22,29,38,39,51,53,80],"ascension_level":16}}