{"host":"z9x5nldzhmx4jdfi","time":1607485763,"event":{"gold_per_floor":[130,156,166,180,20,49,49,92,92,92,92,17,37,37,37,130,130,167,167,167,181,194,194,194],"floor_reached":23,"playtime":1553,"items_purged":[],"score":402,"play_id":"1aaea963-f254-4b0d-8713-ac2879fd2f8c","local_time":"20201208214923","is_ascension_mode":true,"campfire_choices":[{"data":"animator:Saber","floor":7.0,"key":"SMITH"},{"data":"animator:SakuraMatou","floor":11.0,"key":"SMITH"},{"data":"Apotheosis","floor":15.0,"key":"SMITH"}],"neow_cost":"NONE","seed_source_timestamp":1058646046596000,"circlet_count":0,"master_deck":["AscendersBane","animator:Strike_Fate","animator:Defend_Fate","animator:Strike","animator:Strike","animator:Defend","animator:Defend","animator:Defend","animator:Alexander","animator:Rider","animator:Caster","animator:IrohaTamaki","animator:Caster","animator:Saber+1","animator:SakuraMatou+1","animator:Lancer","Apotheosis+1","animator:ShinjiMatou","animator:Berserker"],"special_seed":0,"relics":["animator:LivingPicture","animator:TheMissingPiece","Lee\u0027s Waffle","HornCleat","infinitespire:FocusingShard","Potion Belt","Golden Idol","Cursed Key"],"potions_floor_usage":[13021,21],"damage_taken":[{"damage":6.0,"enemies":"Small Slimes","floor":1.0,"turns":5.0},{"damage":14.0,"enemies":"Jaw Worm","floor":2.0,"turns":6.0},{"damage":3.0,"enemies":"2 Louse","floor":3.0,"turns":5.0},{"damage":9.0,"enemies":"Blue Slaver","floor":4.0,"turns":5.0},{"damage":35.0,"enemies":"3 Sentries","floor":6.0,"turns":9.0},{"damage":28.0,"enemies":"Gremlin Nob","floor":8.0,"turns":4.0},{"damage":1.0,"enemies":"Lots of Slimes","floor":13.0,"turns":5.0},{"damage":10.0,"enemies":"Slime Boss","floor":16.0,"turns":8.0},{"damage":19,"enemies":"Spheric Guardian","floor":18,"turns":7},{"damage":17,"enemies":"3 Byrds","floor":21,"turns":5},{"damage":16,"enemies":"Snecko","floor":22,"turns":5},{"damage":9,"enemies":"Book of Stabbing","floor":23,"turns":1}],"seed_played":"-6085617464747323930","potions_obtained":[{"floor":2.0,"key":"Explosive Potion"},{"floor":4.0,"key":"PowerPotion"},{"floor":8.0,"key":"SpeedPotion"}],"is_trial":false,"path_per_floor":["M","M","M","M","$","E","R","E","T","?","R","?","M","?","R","B",null,"M","?","?","M","M","E"],"character_chosen":"THE_ANIMATOR","items_purchased":["Lee\u0027s Waffle"],"campfire_rested":0,"item_purchase_floors":[5],"current_hp_per_floor":[54,40,37,28,73,39,39,11,11,11,11,11,11,11,11,1,51,32,32,12,21,5,0,0],"gold":194,"neow_bonus":"TEN_PERCENT_HP_BONUS","is_prod":false,"is_daily":false,"chose_seed":false,"campfire_upgraded":3,"win_rate":0,"timestamp":1607485763,"path_taken":["M","M","M","M","$","E","R","E","T","?","R","?","?","?","R","BOSS","M","?","?","M","M","E"],"build_version":"2020-11-30","purchased_purges":0,"victory":false,"max_hp_per_floor":[66,66,66,66,73,74,74,74,74,67,67,67,68,68,68,68,68,68,68,68,70,70,70,70],"card_choices":[{"not_picked":["animator:IrohaTamaki","animator:Cocytus"],"picked":"animator:Caster","floor":1.0},{"not_picked":["animator:TukaLunaMarceau","animator:NarberalGamma"],"picked":"animator:IrohaTamaki","floor":2.0},{"not_picked":["animator:CowGirl","animator:SilverFang","animator:DwarfShaman"],"picked":"SKIP","floor":3.0},{"not_picked":["animator:Rider","animator:Alexander"],"picked":"animator:Caster","floor":4.0},{"not_picked":["animator:YaoHaDucy","animator:Caster"],"picked":"animator:Saber","floor":6.0},{"not_picked":["animator:YachiyoNanami","animator:Kuribayashi"],"picked":"animator:SakuraMatou","floor":8.0},{"not_picked":["animator:GuildGirl","animator:Illya"],"picked":"animator:Lancer","floor":13.0},{"not_picked":["animator:Lancer","animator:Alexander"],"picked":"animator:ShinjiMatou","floor":18},{"not_picked":["animator:Kuribayashi","animator:DwarfShaman"],"picked":"animator:Berserker","floor":21},{"not_picked":["animator:IrohaTamaki","animator:Layla","animator:SuzuneAmano+1"],"picked":"SKIP","floor":22}],"player_experience":1463602,"relics_obtained":[{"floor":6.0,"key":"HornCleat"},{"floor":8.0,"key":"infinitespire:FocusingShard"},{"floor":9.0,"key":"Potion Belt"}],"event_choices":[{"damage_healed":0.0,"max_hp_gain":0.0,"max_hp_loss":7.0,"gold_gain":0.0,"event_name":"Golden Idol","player_choice":"Lose Max HP","floor":10.0,"gold_loss":0.0,"damage_taken":0.0,"relics_obtained":["Golden Idol"]},{"cards_removed":["animator:Strike"],"damage_healed":0.0,"max_hp_gain":0.0,"max_hp_loss":0.0,"gold_gain":0.0,"event_name":"The Cleric","player_choice":"Card Removal","floor":12.0,"gold_loss":75.0,"damage_taken":0.0},{"damage_healed":11.0,"max_hp_gain":0.0,"max_hp_loss":68.0,"gold_gain":0.0,"event_name":"betterThird:BetterShining","player_choice":"Embrace","floor":14.0,"gold_loss":0.0,"damage_taken":0.0},{"damage_healed":0,"gold_gain":0,"player_choice":"Ignored","damage_taken":0,"max_hp_gain":0,"max_hp_loss":0,"event_name":"betterNote:BetterNote","floor":19,"gold_loss":0,"cards_obtained":["animator:Kazuma"]},{"damage_healed":0,"gold_gain":0,"player_choice":" Potion ","damage_taken":20,"relics_obtained":[],"max_hp_gain":32,"max_hp_loss":12,"event_name":"betterAltar:BetterAltar","floor":20,"potions_obtained":["betterAltar:AltarPotion"],"relics_lost":[],"gold_loss":0}],"is_beta":false,"boss_relics":[{"not_picked":["animator:CursedBlade","Pandora\u0027s Box"],"picked":"Cursed Key"}],"items_purged_floors":[],"is_endless":false,"potions_floor_spawned":[2,4,8],"killed_by":"Book of Stabbing","ascension_level":20}}