{"host":"ktg5lwritr12xyhv","time":1607500385,"event":{"gold_per_floor":[109,123,298,311,341,341,341],"floor_reached":6,"playtime":356,"items_purged":[],"score":36,"play_id":"9de3f94d-1901-46d4-8bae-c48129796bda","local_time":"20201209155305","is_ascension_mode":false,"campfire_choices":[],"neow_cost":"NONE","seed_source_timestamp":1223035095309500,"circlet_count":0,"master_deck":["hermit:Strike_Hermit","hermit:Strike_Hermit","hermit:Strike_Hermit","hermit:Strike_Hermit","hermit:Defend_Hermit","hermit:Defend_Hermit","hermit:Defend_Hermit","hermit:Defend_Hermit","hermit:Snapshot","hermit:Covet","hermit:Vantage","hermit:GoldenBullet","Doubt","Recycle","Turbo"],"special_seed":0,"relics":["hermit:Momento","aspiration:Nostalgia","Iron Core","Replay:Wax Seal"],"potions_floor_usage":[],"damage_taken":[{"damage":0.0,"enemies":"2 Louse","floor":1.0,"turns":2.0},{"damage":1.0,"enemies":"Small Slimes","floor":2.0,"turns":3.0},{"damage":7.0,"enemies":"Jaw Worm","floor":4.0,"turns":6.0},{"damage":28.0,"enemies":"conspire:MimicChest","floor":5.0,"turns":8.0},{"damage":0,"enemies":"Lagavulin","floor":6,"turns":1}],"seed_played":"1884452255712120759","potions_obtained":[{"floor":4.0,"key":"Energy Potion"}],"is_trial":false,"path_per_floor":["M","M","?","M","?","E"],"character_chosen":"HERMIT","items_purchased":[],"campfire_rested":0,"item_purchase_floors":[],"current_hp_per_floor":[75,74,74,67,39,39,39],"gold":341,"neow_bonus":"NOSTALGIA","is_prod":false,"is_daily":false,"chose_seed":false,"campfire_upgraded":0,"win_rate":0.0,"timestamp":1607500385,"path_taken":["M","M","?","M","?","E"],"build_version":"2020-11-30","purchased_purges":0,"victory":false,"max_hp_per_floor":[75,75,75,75,75,75,75],"relic_stats":{"counters":[5,19],"obtain_stats":[{"Iron Core":0,"aspiration:Nostalgia":0,"Replay:Wax Seal":5,"hermit:Momento":0},{"Iron Core":0,"aspiration:Nostalgia":0,"Replay:Wax Seal":4,"hermit:Momento":0},{"Iron Core":0,"aspiration:Nostalgia":0,"Replay:Wax Seal":19,"hermit:Momento":0}]},"card_choices":[{"not_picked":["hermit:Headshot","hermit:Misfire"],"picked":"hermit:Vantage","floor":1.0},{"not_picked":["Heavy Blade","hermit:HighCaliber"],"picked":"hermit:GoldenBullet","floor":2.0},{"not_picked":["Anger","Flex"],"picked":"Recycle","floor":4.0},{"not_picked":["hermit:Desperado","hermit:Roulette"],"picked":"Turbo","floor":5.0}],"player_experience":123693,"relics_obtained":[{"floor":5.0,"key":"Replay:Wax Seal"}],"event_choices":[{"damage_healed":0.0,"max_hp_gain":0.0,"max_hp_loss":0.0,"gold_gain":175.0,"event_name":"Liars Game","player_choice":"AGREE","floor":3.0,"gold_loss":0.0,"damage_taken":0.0,"cards_obtained":["Doubt"]}],"is_beta":false,"boss_relics":[],"items_purged_floors":[],"is_endless":false,"potions_floor_spawned":[4],"killed_by":"Lagavulin","ascension_level":0}}