{"host":"augq31c17g2ieuye","time":1607546210,"event":{"gold_per_floor":[1276,1292,1311,1326,1343,1343,1368,1382,1417,1427,1427,1121,1098,1133,1133,1235,1235,1220,1220,1239,1239,1209,1209,1209],"floor_reached":23,"playtime":2693,"items_purged":[],"score":431,"play_id":"2da181d0-b7d1-4aa5-b332-8974e53ed758","local_time":"20201209213650","is_ascension_mode":true,"campfire_choices":[{"floor":6,"key":"RECALL"},{"data":"Sneak Up","floor":11,"key":"SMITH"},{"floor":15,"key":"DIG"}],"neow_cost":"","seed_source_timestamp":904455529704600,"circlet_count":0,"master_deck":["Adrenaline+1","Flying Knee+1","StuffTheSpire:Python+1","Burst+1","ReplayTheSpireMod:Speed Training+1","Adrenaline+1","Fluid Movement+1","StuffTheSpire:Python+1","Burst+1","Dash+1","Cloak And Dagger+1","Outmaneuver+1","Fluid Movement+1","Cloak And Dagger+1","StuffTheSpire:Python+1","Replay:Bag of Tricks+1","StuffTheSpire:MirrorStance+1","Sneak Up+1","Crippling Poison"],"relics":["Ring of the Snake","Hammer of Thor","Seething Fire","Anvil of the Gods","Pear","StuffTheSpire:GrapeVine","Gremlin Food","Lee\u0027s Waffle","CCEMRelics:ShadowVeil","betterThird:SlimedRelic","Smiling Mask","Replay:Accelerometer","conspire:SlowCooker"],"potions_floor_usage":[10,10,10,14,14,14,16,23],"damage_taken":[{"damage":0,"enemies":"Cultist","floor":1,"turns":3},{"damage":0,"enemies":"infinitespire:Voidling","floor":2,"turns":2},{"damage":0,"enemies":"Jaw Worm","floor":3,"turns":3},{"damage":6,"enemies":"Large Slime","floor":4,"turns":4},{"damage":2,"enemies":"Looter","floor":5,"turns":3},{"damage":23,"enemies":"3 Sentries","floor":7,"turns":9},{"damage":0,"enemies":"2 Fungi Beasts","floor":8,"turns":3},{"damage":1,"enemies":"Exordium Thugs","floor":9,"turns":5},{"damage":0,"enemies":"Exordium Thugs","floor":10,"turns":3},{"damage":0,"enemies":"Lagavulin","floor":14,"turns":5},{"damage":37,"enemies":"Fading Forest","floor":16,"turns":12},{"damage":23,"enemies":"2 Thieves","floor":18,"turns":4},{"damage":0,"enemies":"Spheric Guardian","floor":20,"turns":4},{"damage":21,"enemies":"Nightmare","floor":23,"turns":7}],"seed_played":"5236241049740451698","potions_obtained":[{"floor":3,"key":"Milkshake"},{"floor":4,"key":"hexamod:EctoCoolerPotion"},{"floor":8,"key":"EntropicBrew"},{"floor":14,"key":"conspire:TimeTravelPotion"},{"floor":20,"key":"SteroidPotion"},{"floor":22,"key":"blueLaboratory:RememoryPotion"},{"floor":22,"key":"EssenceOfSteel"}],"is_trial":false,"path_per_floor":["M","M","M","M","M","R","E","M","MIM","M","R","$","?","E","R_BF","B",null,"M","?","M","?","?","NM"],"character_chosen":"THE_SILENT","items_purchased":["Pear","StuffTheSpire:GrapeVine","Lee\u0027s Waffle","CCEMRelics:ShadowVeil"],"campfire_rested":0,"item_purchase_floors":[0,0,12,12],"current_hp_per_floor":[63,63,63,57,55,55,32,32,31,31,31,87,76,76,76,78,87,64,64,64,16,16,0,0],"gold":1209,"neow_bonus":"","is_prod":false,"is_daily":false,"chose_seed":false,"campfire_upgraded":1,"win_rate":0,"timestamp":1607546210,"path_taken":["M","M","M","M","M","R","E","M","MIM","?","R","$","?","E","R_BF","BOSS","M","?","M","?","?","NM"],"build_version":"2020-11-30","purchased_purges":0,"victory":false,"max_hp_per_floor":[80,80,80,80,80,80,80,80,80,80,80,87,87,87,87,87,87,87,87,87,87,87,87,87],"card_choices":[{"not_picked":["Slice","StuffTheSpire:BumpUp"],"picked":"StuffTheSpire:Python","floor":1},{"not_picked":["Dagger Throw","StuffTheSpire:Python"],"picked":"Replay:Bag of Tricks","floor":2},{"not_picked":["Dodge and Roll","Poisoned Stab","StuffTheSpire:ClusterCrunch"],"picked":"SKIP","floor":3},{"not_picked":["Underhanded Strike","Reflex","Slice"],"picked":"SKIP","floor":4},{"not_picked":["conspire:DoublingDagger","Dagger Spray","Underhanded Strike"],"picked":"SKIP","floor":5},{"not_picked":["Crippling Poison","ReplayTheSpireMod:Tripwire"],"picked":"StuffTheSpire:MirrorStance","floor":7},{"not_picked":["Poisoned Stab","StuffTheSpire:Injection","Flechettes"],"picked":"SKIP","floor":8},{"not_picked":["Leg Sweep","Prepared"],"picked":"Sneak Up","floor":10},{"not_picked":["Bane","ReplayTheSpireMod:From All Sides","Blade Dance"],"picked":"SKIP","floor":14},{"not_picked":["Cloak And Dagger","Replay:Poison Smokescreen"],"picked":"Crippling Poison","floor":18},{"not_picked":["All Out Attack","StuffTheSpire:ClusterCrunch","Prepared"],"picked":"SKIP","floor":20}],"player_experience":233396,"relics_obtained":[{"floor":7,"key":"Gremlin Food"},{"floor":14,"key":"Smiling Mask"},{"floor":15,"key":"Replay:Accelerometer"}],"event_choices":[{"damage_healed":0,"gold_gain":0,"player_choice":"Slimed","damage_taken":11,"max_hp_gain":0,"max_hp_loss":0,"event_name":"betterThird:BetterGoop","floor":13,"gold_loss":23},{"damage_healed":0,"gold_gain":0,"player_choice":"Bought 2 Potions","damage_taken":0,"max_hp_gain":0,"max_hp_loss":0,"event_name":"The Woman in Blue","floor":22,"gold_loss":0}],"is_beta":false,"boss_relics":[{"not_picked":["CCEMRelics:TransientCore","Runic Dome"],"picked":"conspire:SlowCooker"}],"items_purged_floors":[],"is_endless":false,"potions_floor_spawned":[3,4,8,10,14,20],"killed_by":"Nightmare","ascension_level":3}}