{"host":"5j53u3d72gsce0fe","time":1607488188,"event":{"gold_per_floor":[16,30,30,30,43,80,106,115,155,155,180,189,189,373,373,485,485,506,530,553,78,87,72,72,81,81,100,25,43,243,283,133,246,246,272,272,301,329,355,382,407,430,539,558,858,233,233,267,267,376,376,399,418,418,418,444,444,467,467,507,507,507,519,519],"floor_reached":63,"playtime":11950,"items_purged":[],"score":1004,"play_id":"626688e8-ea57-46e5-ac23-8f29b5b2fb22","local_time":"20201208202948","is_ascension_mode":false,"campfire_choices":[{"floor":10.0,"key":"REST"},{"floor":13.0,"key":"REST"},{"floor":15.0,"key":"RECALL"},{"floor":28.0,"key":"REST"},{"floor":32.0,"key":"REST"},{"floor":47,"key":"REST"},{"floor":49,"key":"REST"},{"floor":62,"key":"DIG"}],"neow_cost":"NO_GOLD","seed_source_timestamp":0,"circlet_count":0,"master_deck":["sneckomod:Strike+1","sneckomod:Strike+1","sneckomod:Strike+1","sneckomod:Defend+1","sneckomod:Defend+1","sneckomod:Defend+1","sneckomod:TailWhip+1","sneckomod:SnekBite+1","sneckomod:Unknown+1","sneckomod:Unknown+1","ReplayTheSpireMod:Brewmster+1","sneckomod:Unknown0Cost+1","sneckomod:Unknown1Cost+1","sneckomod:UnknownClassBLESSING+1","sneckomod:UnknownDexterity+1","sneckomod:QuickBite+1","sneckomod:QuickMove+1","Eclipse+1","sneckomod:DiceCrush+1","sneckomod:DiceCrush+1","sneckomod:UnknownClassTHE_ANIMATOR+1","ReplayTheSpireMod:Brewmster+1","sneckomod:UnknownClassINFINITE_BLACK+1","sneckomod:UnknownUncommonPower+1","infinitespire:FutureSight+1","infinitespire:UltimateForm+1","sneckomod:UnknownClassBLUE+1","sneckomod:UnlimitedRolls+1","sneckomod:DiceCrush+1","sneckomod:UnknownStrength+1","sneckomod:UnknownWeak+1","sneckomod:ImprovisedGuard+1","infinitespire:Starlight+1","sneckomod:IronFang+1","sneckomod:SoulRoll+1","sneckomod:Unknown0Cost+1","sneckomod:CheapStock+1","hubris:EnhanceAbility+1","sneckomod:UnknownWeak+1","sneckomod:UnknownRarePower+1","sneckomod:SerpentIdol+1","sneckomod:UnknownClassPURPLE+1","sneckomod:SerpentMind+1","sneckomod:UnknownWeak+1","infinitespire:Starlight+1"],"special_seed":0,"relics":["m_GuardianBlood","Replay:M_StaffOfTheSnake","hermit:Momento","Pet Ghost","hubris:Teleporter","relicPack:WeightedSword","Seething Fire","infinitespire:Broken Mirror","FaceOfCleric","Toolbox","DollysMirror","Orichalcum","energizedSpire:OgreHead","hubris:RunicObelisk","hexamod:BolsterEngine","beaked:ThroatLozenge","hexamod:JarOfFuel","Guide Book","animator:WizardHat","Dota2Spire:LotusOrb","Cables","CCEMRelics:FranticForklift","aspiration:ArtOfWarUpgrade","Incense Burner","Juzu Bracelet","infinitespire:Midas Blood","hubris:Zylophone","StuffTheSpire:DarkSteelAnvil","HandDrill","m_SlimeRing","animator:HallowedScabbard","hubris:AncientText","Shovel","ReplayTheSpireMod:Shallot","Ring of the Snake","infinitespire:Lychee Nut","infinitespire:Chaos","Onion Ring"],"potions_floor_usage":[46,48,48,48,50,56,63,63,63,63,63],"damage_taken":[{"damage":11.0,"enemies":"2 Louse","floor":1.0,"turns":6.0},{"damage":7.0,"enemies":"Cultist","floor":2.0,"turns":6.0},{"damage":26.0,"enemies":"Small Slimes","floor":5.0,"turns":12.0},{"damage":0.0,"enemies":"Lagavulin","floor":6.0,"turns":3.0},{"damage":20.0,"enemies":"Replay:BlueRogue","floor":9.0,"turns":6.0},{"damage":0.0,"enemies":"3 Louse","floor":11.0,"turns":2.0},{"damage":4.0,"enemies":"downfall:Silent","floor":16.0,"turns":8.0},{"damage":17.0,"enemies":"Shell Parasite","floor":18.0,"turns":5.0},{"damage":30.0,"enemies":"Spheric Guardian","floor":19.0,"turns":4.0},{"damage":35.0,"enemies":"Snake Plant","floor":20.0,"turns":6.0},{"damage":0.0,"enemies":"downfall:FleeingMerchant","floor":21.0,"turns":4.0},{"damage":5.0,"enemies":"downfall:FleeingMerchant","floor":23.0,"turns":5.0},{"damage":12.0,"enemies":"Chosen and Byrds","floor":27.0,"turns":6.0},{"damage":86.0,"enemies":"Nightmare","floor":31.0,"turns":7.0},{"damage":37.0,"enemies":"downfall:Ironclad","floor":33.0,"turns":6.0},{"damage":7.0,"enemies":"3 Shapes","floor":35.0,"turns":6.0},{"damage":6.0,"enemies":"Orb Walker","floor":37.0,"turns":5.0},{"damage":18.0,"enemies":"Sphere and 2 Shapes","floor":38.0,"turns":5.0},{"damage":44.0,"enemies":"3 Darklings","floor":39.0,"turns":5.0},{"damage":5.0,"enemies":"Transient","floor":42.0,"turns":6.0},{"damage":0.0,"enemies":"downfall:LadyInBlue","floor":43.0,"turns":3.0},{"damage":0.0,"enemies":"Jaw Worm Horde","floor":44.0,"turns":3.0},{"damage":0,"enemies":"downfall:FleeingMerchant","floor":46,"turns":2},{"damage":84,"enemies":"Giant Head","floor":48,"turns":9},{"damage":0,"enemies":"downfall:Watcher","floor":50,"turns":9},{"damage":2,"enemies":"conspire:RoseBush","floor":52,"turns":1},{"damage":0,"enemies":"2 Louse","floor":53,"turns":1},{"damage":3,"enemies":"Small Slimes","floor":56,"turns":3},{"damage":86,"enemies":"Gremlin Nob","floor":60,"turns":4},{"damage":54,"enemies":"Nightmare","floor":63,"turns":3}],"seed_played":"-6908605292355274122","potions_obtained":[{"floor":16.0,"key":"SpeedPotion"},{"floor":19.0,"key":"SpeedPotion"},{"floor":20.0,"key":"Milkshake"},{"floor":43.0,"key":"EntropicBrew"},{"floor":43.0,"key":"DuplicationPotion"},{"floor":48,"key":"Dota2Spire:HealingSalve"},{"floor":50,"key":"Ancient Potion"},{"floor":56,"key":"SpeedPotion"},{"floor":60,"key":"ColorlessPotion"}],"is_trial":false,"path_per_floor":["M","M","?","?","M","E","T","?","E","R","M","?","R","?","R","B",null,"M","M","M","$","?","$","T","?","?","M","R","AVR","?","NM","R","B",null,"M","AVR","M","M","M","?","T","M","?","M","?","$","R","E","R","B",null,"M","M","?","?","M","?","T","?","E","AVR","R","NM"],"character_chosen":"THE_SNECKO","items_purchased":["Lee\u0027s Waffle","ReplayTheSpireMod:TigerMarble","ReplayTheSpireMod:Brewmster","hubris:BundleOfHerbs","StuffTheSpire:PointBlank","Chemical X","sneckomod:CheapStock","hubris:EnhanceAbility"],"campfire_rested":6,"item_purchase_floors":[21,21,21,46,46,46,46,46],"current_hp_per_floor":[80,74,71,71,48,49,49,49,32,60,63,63,91,91,91,96,96,82,55,24,104,105,105,105,105,105,97,106,106,106,24,69,38,117,113,113,111,97,56,56,56,64,77,81,81,84,120,41,77,122,122,122,123,123,123,123,123,123,53,40,40,40,0,0],"gold":519,"neow_bonus":"RANDOM_COLORLESS_2","is_prod":false,"is_daily":false,"chose_seed":false,"campfire_upgraded":0,"win_rate":0,"timestamp":1607488188,"path_taken":["M","M","?","?","?","E","T","?","E","R","M","?","R","?","R","BOSS","M","M","M","$","?","$","T","?","?","M","R","AVR","?","NM","R","BOSS","M","AVR","?","?","M","?","T","M","?","?","?","?","R","E","R","BOSS","M","M","?","?","M","?","T","?","E","AVR","R","NM"],"build_version":"2020-11-30","purchased_purges":0,"victory":false,"max_hp_per_floor":[91,92,92,92,95,96,96,96,96,96,96,96,96,96,96,96,96,96,96,97,104,105,105,105,105,105,106,106,106,106,107,117,117,117,117,117,118,119,119,119,119,119,119,120,120,120,120,121,121,122,122,122,123,123,123,123,123,123,123,124,93,93,93,93],"card_choices":[{"not_picked":["CBP: MannCoSupplyCrateSeries3","expansioncontent:QuickStudy"],"picked":"ReplayTheSpireMod:Brewmster","floor":0.0},{"not_picked":["sneckomod:QuickBite","sneckomod:WideSting"],"picked":"sneckomod:Unknown0Cost","floor":1.0},{"not_picked":["sneckomod:UnknownBlock","sneckomod:SoulDraw"],"picked":"sneckomod:Unknown1Cost","floor":2.0},{"not_picked":["sneckomod:DangerNoodle","sneckomod:SoulDraw"],"picked":"sneckomod:UnknownClassBLESSING","floor":5.0},{"not_picked":["sneckomod:SoulRoll","sneckomod:UnknownCommonSkill"],"picked":"sneckomod:UnknownDexterity","floor":6.0},{"not_picked":["sneckomod:UnknownCommonSkill","sneckomod:DiceCrush"],"picked":"sneckomod:QuickBite","floor":9.0},{"not_picked":["sneckomod:TrashToTreasure","Infernal Blade"],"picked":"sneckomod:QuickMove","floor":11.0},{"not_picked":["sneckomod:SoulExchange","sneckomod:DangerNoodle"],"picked":"Eclipse","floor":16.0},{"not_picked":["sneckomod:UnknownExhaust","sneckomod:UnknownWeak"],"picked":"sneckomod:DiceCrush","floor":18.0},{"not_picked":["sneckomod:SlitherStrike","sneckomod:UnknownBlock"],"picked":"sneckomod:DiceCrush","floor":19.0},{"not_picked":["sneckomod:SoulDraw","sneckomod:DefensiveFlair"],"picked":"sneckomod:UnknownClassTHE_ANIMATOR","floor":20.0},{"not_picked":["sneckomod:UnknownX","sneckomod:QuickMove"],"picked":"sneckomod:UnknownUncommonPower+1","floor":27.0},{"not_picked":["sneckomod:Unknown1Cost","sneckomod:UnknownClassTHE_ANIMATOR+1"],"picked":"sneckomod:UnknownClassBLUE+1","floor":31.0},{"not_picked":["sneckomod:Restock","sneckomod:UnknownRareAttack"],"picked":"sneckomod:UnlimitedRolls","floor":33.0},{"not_picked":["sneckomod:SoulRoll+1","sneckomod:WideSting"],"picked":"sneckomod:DiceCrush","floor":35.0},{"not_picked":["sneckomod:UnknownCommonSkill","sneckomod:WideSting"],"picked":"sneckomod:UnknownStrength","floor":37.0},{"not_picked":["sneckomod:SnekBeam","sneckomod:UnknownClassGREEN"],"picked":"sneckomod:UnknownWeak","floor":38.0},{"not_picked":["sneckomod:UnknownBlock+1","sneckomod:DiceBlock"],"picked":"sneckomod:ImprovisedGuard","floor":39.0},{"not_picked":["infinitespire:Gouge","hubris:InfiniteBlow"],"picked":"infinitespire:Starlight","floor":40.0},{"not_picked":["sneckomod:DiceBlock+1","sneckomod:UnknownCommonSkill"],"picked":"sneckomod:IronFang+1","floor":42.0},{"not_picked":["sneckomod:WideSting+1","sneckomod:IronFang"],"picked":"sneckomod:SoulRoll+1","floor":43.0},{"not_picked":["sneckomod:UnknownUncommonAttack+1","sneckomod:ImprovisedGuard"],"picked":"sneckomod:Unknown0Cost","floor":44.0},{"not_picked":["sneckomod:DiceBlock","sneckomod:Rotation"],"picked":"sneckomod:UnknownWeak+1","floor":48},{"not_picked":["sneckomod:UnknownRareSkill","sneckomod:UnknownColorless"],"picked":"sneckomod:UnknownRarePower","floor":50},{"not_picked":["sneckomod:DiceCrush","sneckomod:UnknownWeak"],"picked":"sneckomod:SerpentIdol","floor":52},{"not_picked":["sneckomod:UnknownWeak","sneckomod:UnknownCommonAttack"],"picked":"sneckomod:UnknownClassPURPLE","floor":53},{"not_picked":["sneckomod:Nope","sneckomod:RainOfDice"],"picked":"sneckomod:SerpentMind","floor":56},{"not_picked":["sneckomod:UnknownClassSHADE_COLOR","sneckomod:DiceBlock"],"picked":"sneckomod:UnknownWeak","floor":60}],"player_experience":1151422,"relics_obtained":[{"floor":6.0,"key":"CeramicFish"},{"floor":7.0,"key":"hubris:TenFootPole"},{"floor":9.0,"key":"Dota2Spire:EchoSabre"},{"floor":31.0,"key":"hubris:PeanutButter"},{"floor":41.0,"key":"Dota2Spire:MaskOfMadness"},{"floor":43.0,"key":"White Beast Statue"},{"floor":48,"key":"Ornamental Fan"},{"floor":55,"key":"Ring of Searing"},{"floor":55,"key":"Ring of Fangs"},{"floor":58,"key":"infinitespire:Beetle Shell"},{"floor":62,"key":"Onion Ring"}],"event_choices":[{"damage_healed":0.0,"max_hp_gain":0.0,"max_hp_loss":0.0,"gold_gain":0.0,"event_name":"betterThird:BetterScrap","player_choice":"Relic ","floor":3.0,"gold_loss":0.0,"damage_taken":3.0,"cards_obtained":["ReplayTheSpireMod:Shiv Toss"]},{"damage_healed":0.0,"max_hp_gain":0.0,"max_hp_loss":0.0,"gold_gain":0.0,"event_name":"Upgrade Shrine","player_choice":"Upgraded","floor":4.0,"gold_loss":0.0,"damage_taken":0.0,"cards_upgraded":["sneckomod:TailWhip"]},{"cards_removed":["ReplayTheSpireMod:Brewmster"],"damage_healed":0.0,"max_hp_gain":0.0,"max_hp_loss":0.0,"gold_gain":0.0,"event_name":"betterNote:BetterNote","player_choice":"Take \u0026 Give","floor":22.0,"gold_loss":0.0,"damage_taken":0.0,"cards_obtained":["sneckomod:UnknownClassINFINITE_BLACK"]},{"damage_healed":0.0,"max_hp_gain":0.0,"max_hp_loss":0.0,"gold_gain":300.0,"event_name":"Wheel of Change","player_choice":"Gold","floor":45.0,"gold_loss":0.0,"damage_taken":0.0},{"damage_healed":0,"gold_gain":0,"player_choice":"3","damage_taken":0,"max_hp_gain":0,"max_hp_loss":0,"event_name":"betterMatch:BetterMatch","floor":54,"gold_loss":0,"cards_obtained":[]},{"damage_healed":0,"gold_gain":0,"player_choice":"RE RE RE RE RE ","damage_taken":156,"relics_obtained":["aspiration:TomeofQuesting","hubris:OldNail","Ancient Tea Set","aspiration:HiddenCompartment","Pen Nib"],"max_hp_gain":0,"max_hp_loss":0,"event_name":"betterSkull:BetterSkull","floor":59,"gold_loss":0,"cards_upgraded":[]}],"is_beta":false,"boss_relics":[{"not_picked":["Astrolabe","energizedSpire:DeadBattery"],"picked":"SlaversCollar"},{"not_picked":["hubris:CrackedHourglass","energizedSpire:StickyHand"],"picked":"infinitespire:Cupcake"},{"not_picked":["hubris:GrandSneckoEye","Replay:Bronze Core"],"picked":"Black Star"}],"items_purged_floors":[],"is_endless":true,"potions_floor_spawned":[1,2,16,19,20,39,44,48,50,52,53,56,60],"killed_by":"Nightmare","ascension_level":0}}