{"host":"z9x5nldzhmx4jdfi","time":1607494377,"event":{"gold_per_floor":[10,10,38,57,84,117,117,155,155,80,16,16,56,77,77,175,175,189,189,213,250,250,250],"floor_reached":22,"playtime":1788,"items_purged":["animator:Strike"],"score":412,"play_id":"edc62e55-0d55-4489-8853-bb130927bef5","local_time":"20201209001257","is_ascension_mode":true,"campfire_choices":[{"data":"animator:KrulTepes","floor":7,"key":"SMITH"},{"floor":12,"key":"REST"},{"data":"animator:Laby","floor":15,"key":"SMITH"}],"neow_cost":"NO_GOLD","seed_source_timestamp":1067198991695900,"circlet_count":0,"master_deck":["AscendersBane","animator:Strike_OwariNoSeraph","animator:Defend_OwariNoSeraph","animator:Shinoa","animator:Mikaela","animator:Laby+1","animator:ElricEdward","animator:Pride","animator:CrowleyEusford","animator:KrulTepes+1","animator:Albedo","animator:Fredrika+1","animator:ElricAlphonse+1","animator:Elsword+1","animator:Raven"],"relics":["animator:LivingPicture","animator:TheMissingPiece","Golden Idol","animator:Buoy","Blood Vial","Bronze Scales","Pantograph","Akabeko","Astrolabe"],"potions_floor_usage":[4],"damage_taken":[{"damage":0,"enemies":"Small Slimes","floor":1,"turns":4},{"damage":5,"enemies":"2 Louse","floor":3,"turns":4},{"damage":1,"enemies":"Jaw Worm","floor":4,"turns":7},{"damage":8,"enemies":"Gremlin Gang","floor":5,"turns":8},{"damage":20,"enemies":"Lagavulin","floor":6,"turns":9},{"damage":15,"enemies":"Gremlin Nob","floor":8,"turns":5},{"damage":13,"enemies":"Lagavulin","floor":13,"turns":8},{"damage":1,"enemies":"Exordium Thugs","floor":14,"turns":4},{"damage":24,"enemies":"The Guardian","floor":16,"turns":11},{"damage":25,"enemies":"Shell Parasite","floor":18,"turns":7},{"damage":0,"enemies":"3 Byrds","floor":20,"turns":3},{"damage":24,"enemies":"Cultist and Chosen","floor":21,"turns":8},{"damage":0,"enemies":"Snecko","floor":22,"turns":1}],"seed_played":"-9056004492192965200","potions_obtained":[{"floor":1,"key":"DistilledChaos"},{"floor":3,"key":"Swift Potion"},{"floor":13,"key":"Dexterity Potion"},{"floor":16,"key":"animator:FalseLifePotion"}],"is_trial":false,"path_per_floor":["M","?","M","M","M","E","R","E","T","$","?","R","E","M","R","B",null,"M","?","M","M","M"],"character_chosen":"THE_ANIMATOR","items_purchased":[],"campfire_rested":1,"item_purchase_floors":[],"current_hp_per_floor":[54,54,49,48,40,21,21,6,6,6,6,22,11,12,12,15,45,22,22,24,2,4,4],"gold":250,"neow_bonus":"TRANSFORM_TWO_CARDS","is_prod":false,"is_daily":false,"chose_seed":false,"campfire_upgraded":2,"win_rate":0,"timestamp":1607494377,"path_taken":["M","?","M","M","M","E","R","E","T","$","?","R","E","M","R","BOSS","M","?","?","M","M"],"build_version":"2020-11-30","purchased_purges":1,"victory":false,"max_hp_per_floor":[60,54,54,54,54,55,55,55,55,55,55,55,55,55,55,55,55,55,55,55,55,55,55],"card_choices":[{"not_picked":["animator:Sloth","animator:Scar","animator:Ara"],"picked":"SKIP","floor":1},{"not_picked":["animator:PandorasActor","animator:Laby"],"picked":"animator:Pride","floor":3},{"not_picked":["animator:Elsword","animator:Bozes","animator:Sloth"],"picked":"SKIP","floor":4},{"not_picked":["animator:Mitsuba","animator:Shinoa"],"picked":"animator:CrowleyEusford","floor":5},{"not_picked":["animator:Tatsumaki","animator:Mikaela"],"picked":"animator:KrulTepes","floor":6},{"not_picked":["animator:RoryMercury","animator:Ainz","animator:MaesHughes"],"picked":"SKIP","floor":8},{"not_picked":["animator:PandorasActor","animator:RoyMustang","animator:Gillette"],"picked":"SKIP","floor":13},{"not_picked":["animator:Ainz","animator:Elesis"],"picked":"animator:Albedo","floor":16},{"not_picked":["animator:Viivi","animator:Kuribayashi","animator:Lu"],"picked":"SKIP","floor":18},{"not_picked":["animator:Kuribayashi+1","animator:Shalltear","animator:CrowleyEusford"],"picked":"SKIP","floor":20},{"not_picked":["animator:Genos","animator:Ciel+1"],"picked":"animator:Raven","floor":21}],"player_experience":1471078,"relics_obtained":[{"floor":6,"key":"animator:Buoy"},{"floor":8,"key":"Blood Vial"},{"floor":8,"key":"Bronze Scales"},{"floor":9,"key":"Pantograph"},{"floor":13,"key":"Akabeko"}],"event_choices":[{"damage_healed":0,"gold_gain":0,"player_choice":"Lose Max HP","damage_taken":0,"relics_obtained":["Golden Idol"],"max_hp_gain":0,"max_hp_loss":6,"event_name":"Golden Idol","floor":2,"gold_loss":0},{"damage_healed":0,"gold_gain":0,"player_choice":"Left","damage_taken":0,"max_hp_gain":0,"max_hp_loss":0,"event_name":"betterThird:BetterGoop","floor":11,"gold_loss":64},{"damage_healed":0,"gold_gain":0,"player_choice":"Ignored","damage_taken":0,"max_hp_gain":0,"max_hp_loss":0,"event_name":"betterNote:BetterNote","floor":19,"gold_loss":0,"cards_obtained":["animator:Kazuma"]}],"is_beta":false,"boss_relics":[{"not_picked":["Fusion Hammer","Empty Cage"],"picked":"Astrolabe"}],"items_purged_floors":[10],"is_endless":false,"potions_floor_spawned":[1,3,13,16,21],"killed_by":"Snecko","ascension_level":20}}