{"host":"y5gwkyp54bvo4ymw","time":1607537468,"event":{"gold_per_floor":[115,115,134,149,168,199,199,224,224,255,255,255,255,255,271,271,271,291,291,388,388,399,414,6,25,37,37,37,364,364,364,364,364,395,406,406,501,501,519,111,129,129,129,172,172,172,172,172,198,226,259,259,259,259],"floor_reached":55,"playtime":2883,"items_purged":["hermit:Grudge"],"score":1107,"play_id":"f6afe557-0fdf-4840-8c6e-5e4186df0cb6","local_time":"20201209131108","is_ascension_mode":false,"campfire_choices":[{"data":"hermit:Cheat","floor":7,"key":"SMITH"},{"floor":16,"key":"REST"},{"floor":19,"key":"REST"},{"floor":27,"key":"RECALL"},{"data":"hermit:CursedWeapon","floor":28,"key":"SMITH"},{"data":"hermit:Maintenance","floor":31,"key":"SMITH"},{"floor":36,"key":"REST"},{"data":"hermit:Showdown","floor":46,"key":"SMITH"},{"data":"hermit:Covet","floor":48,"key":"SMITH"},{"floor":53,"key":"REST"}],"neow_cost":"NONE","seed_source_timestamp":36678379708800,"circlet_count":0,"master_deck":["hermit:Strike_Hermit","hermit:Strike_Hermit","hermit:Strike_Hermit","hermit:Strike_Hermit","hermit:Defend_Hermit","hermit:Defend_Hermit","hermit:Defend_Hermit","hermit:Defend_Hermit","hermit:Snapshot","hermit:Covet+1","Pain","hermit:Maintenance+1","hermit:Showdown+1","hermit:Cheat+1","hermit:Enervate","hermit:CursedWeapon+1","Regret","hermit:GoldenBullet+1","hermit:Deadeye","infinitespire:NeuralNetwork+1","hermit:HighNoon+1","hermit:Dissolve+1","CurseOfTheBell","PlatinumSkin+1"],"relics":["hermit:Momento","WarpedTongs","WingedGreaves","StrikeDummy","Frozen Egg 2","Pear","Garlic","aspiration:PoetsPen_weak","Blue Doll","vexMod:ScavengeHelm","Old Coin","ReplayTheSpireMod:Ninjato","hubris:TinFlute","halation:EternalFortune","PreservedInsect","Calling Bell","Nunchaku","White Beast Statue","jedi:kaleidoscope","jedi:crownofsimplicity","Sling","infinitespire:EvilPickle","Dota2Spire:Satanic","Letter Opener","StuffTheSpire:Gunfinga"],"potions_floor_usage":[6,34,37,41,50],"damage_taken":[{"damage":3,"enemies":"Small Slimes","floor":1,"turns":4},{"damage":0,"enemies":"Cultist","floor":3,"turns":3},{"damage":0,"enemies":"conspire:RoseBush","floor":4,"turns":3},{"damage":1,"enemies":"2 Fungi Beasts","floor":5,"turns":3},{"damage":23,"enemies":"3 Sentries","floor":6,"turns":5},{"damage":30,"enemies":"Gremlin Nob","floor":8,"turns":4},{"damage":19,"enemies":"3 Sentries","floor":10,"turns":6},{"damage":9,"enemies":"3 Louse","floor":15,"turns":3},{"damage":6,"enemies":"Red Slaver","floor":18,"turns":3},{"damage":26,"enemies":"The Guardian","floor":20,"turns":11},{"damage":3,"enemies":"Shell Parasite","floor":22,"turns":2},{"damage":6,"enemies":"3 Byrds","floor":23,"turns":5},{"damage":5,"enemies":"Sentry and Sphere","floor":25,"turns":3},{"damage":20,"enemies":"Shelled Parasite and Fungi","floor":26,"turns":4},{"damage":8,"enemies":"conspire:Head Lice","floor":29,"turns":6},{"damage":14,"enemies":"Slavers","floor":34,"turns":5},{"damage":17,"enemies":"Centurion and Healer","floor":35,"turns":4},{"damage":10,"enemies":"Pondfish","floor":37,"turns":9},{"damage":13,"enemies":"3 Shapes","floor":39,"turns":5},{"damage":2,"enemies":"Orb Walker","floor":41,"turns":1},{"damage":3,"enemies":"Nemesis","floor":44,"turns":5},{"damage":7,"enemies":"Sphere and 2 Shapes","floor":49,"turns":3},{"damage":19,"enemies":"4 Shapes","floor":50,"turns":3},{"damage":2,"enemies":"Maw","floor":51,"turns":3},{"damage":33,"enemies":"Time Eater","floor":54,"turns":8}],"seed_played":"-6076180810726051867","potions_obtained":[{"floor":3,"key":"blueLaboratory:Moonshine"},{"floor":4,"key":"Swift Potion"},{"floor":6,"key":"blueLaboratory:ArtificerPotion"},{"floor":10,"key":"blueLaboratory:EmptyBottle"},{"floor":37,"key":"SpeedPotion"},{"floor":39,"key":"AttackPotion"},{"floor":41,"key":"ColorlessPotion"},{"floor":44,"key":"blueLaboratory:PhilterOfMotion"},{"floor":50,"key":"blueLaboratory:SavagePotion"}],"is_trial":false,"path_per_floor":["M","?","M","M","M","E","R","E","T","E","PTL","PTL","PTL","PTL","M","R","?","M","R","B",null,"M","M","$","M","M","R","R","E","T","R","AVR","?","E","M","R","B",null,"M","$","M","?","$","E","?","R","T","R","M","M","M","AVR","R","B",null],"character_chosen":"HERMIT","items_purchased":["Blue Doll","vexMod:ScavengeHelm","jedi:crownofsimplicity","Sling","PlatinumSkin+1"],"campfire_rested":4,"item_purchase_floors":[24,24,40,40,40],"current_hp_per_floor":[79,79,79,79,78,55,55,25,25,16,16,16,16,16,7,34,34,28,55,29,92,89,83,83,78,58,58,58,50,50,50,50,53,39,22,50,40,95,82,82,80,80,80,77,77,77,77,77,73,57,55,55,85,52],"gold":259,"neow_bonus":"TEN_PERCENT_HP_BONUS","is_prod":false,"is_daily":false,"chose_seed":false,"campfire_upgraded":5,"win_rate":0.0,"timestamp":1607537468,"path_taken":["M","?","M","M","?","E","R","E","T","E","PTL","PTL","PTL","PTL","M","R","?","M","R","BOSS","M","M","$","M","M","R","R","E","T","R","AVR","?","E","M","R","BOSS","M","$","M","?","$","E","?","R","T","R","?","M","M","AVR","R","BOSS"],"build_version":"2020-11-30","purchased_purges":1,"victory":true,"max_hp_per_floor":[82,82,82,82,82,82,82,82,82,92,92,92,92,92,92,92,92,92,92,92,92,92,92,92,92,92,92,92,92,92,92,92,95,95,95,95,95,95,95,95,95,95,95,95,95,95,95,95,98,101,101,101,101,101],"card_choices":[{"not_picked":["hermit:HoleUp","hermit:Coalescence","hermit:LoneWolf"],"picked":"SKIP","floor":1},{"not_picked":["hermit:Malice","hermit:Feint"],"picked":"hermit:Maintenance","floor":3},{"not_picked":["hermit:Quickdraw","hermit:Roulette"],"picked":"hermit:Showdown","floor":4},{"not_picked":["hermit:ItchyTrigger","hermit:Headshot"],"picked":"hermit:Grudge","floor":5},{"not_picked":["hermit:Magnum","hermit:PistolWhip"],"picked":"hermit:Cheat","floor":6},{"not_picked":["hermit:HighCaliber","hermit:Virtue"],"picked":"hermit:Enervate","floor":8},{"not_picked":["hermit:HoleUp","hermit:ItchyTrigger"],"picked":"hermit:CursedWeapon","floor":10},{"not_picked":["hermit:Dive","hermit:Misfire","hermit:CalledShot"],"picked":"SKIP","floor":15},{"not_picked":["hermit:Headshot","hermit:Feint","hermit:Glare"],"picked":"SKIP","floor":18},{"not_picked":["hermit:Virtue+1","hermit:DeadMansHand+1","hermit:LowProfile+1"],"picked":"SKIP","floor":22},{"not_picked":["hermit:Quickdraw","hermit:Ricochet"],"picked":"hermit:GoldenBullet+1","floor":23},{"not_picked":["hermit:Dive","hermit:Desperado","hermit:Misfire"],"picked":"SKIP","floor":25},{"not_picked":["hermit:Roulette","hermit:NoHoldsBarred","hermit:Desperado"],"picked":"SKIP","floor":26},{"not_picked":["hermit:BodyArmor+1","hermit:Gestalt+1"],"picked":"hermit:Deadeye","floor":29},{"not_picked":["hermit:Coalescence","hermit:Maintenance+1"],"picked":"hermit:HighNoon+1","floor":34},{"not_picked":["hermit:Coalescence","hermit:Malice","hermit:WideOpen+1"],"picked":"SKIP","floor":35},{"not_picked":["hermit:EternalForm+1","hermit:RoundhouseKick"],"picked":"hermit:Dissolve","floor":37},{"not_picked":["hermit:TakeAim+1","hermit:Deadeye+1","hermit:Grudge+1"],"picked":"SKIP","floor":39},{"not_picked":["hermit:LuckOfTheDraw+1","hermit:TrackingShot","hermit:Dive+1"],"picked":"SKIP","floor":41},{"not_picked":["hermit:Manifest+1","hermit:WideOpen+1","hermit:SprayPray"],"picked":"SKIP","floor":44},{"not_picked":["hermit:Snipe","hermit:LoneWolf+1","hermit:Misfire"],"picked":"SKIP","floor":49},{"not_picked":["hermit:Cheat+1","hermit:Midnight+1","hermit:Ricochet"],"picked":"SKIP","floor":50},{"not_picked":["hermit:Ricochet","hermit:Coalescence","hermit:Feint"],"picked":"SKIP","floor":51}],"player_experience":567956,"relics_obtained":[{"floor":6,"key":"WingedGreaves"},{"floor":8,"key":"StrikeDummy"},{"floor":9,"key":"Frozen Egg 2"},{"floor":10,"key":"Pear"},{"floor":29,"key":"Old Coin"},{"floor":30,"key":"ReplayTheSpireMod:Ninjato"},{"floor":34,"key":"PreservedInsect"},{"floor":38,"key":"Nunchaku"},{"floor":38,"key":"White Beast Statue"},{"floor":38,"key":"jedi:kaleidoscope"},{"floor":44,"key":"Dota2Spire:Satanic"},{"floor":47,"key":"Letter Opener"},{"floor":49,"key":"halation:EternalFortune"},{"floor":50,"key":"halation:EternalFortune"}],"event_choices":[{"damage_healed":0,"gold_gain":0,"player_choice":"Rummage","damage_taken":0,"relics_obtained":["WarpedTongs"],"max_hp_gain":0,"max_hp_loss":0,"event_name":"Accursed Blacksmith","floor":2,"gold_loss":0,"cards_obtained":["Pain"]},{"damage_healed":0,"gold_gain":0,"player_choice":"Box","damage_taken":0,"relics_obtained":["Garlic"],"max_hp_gain":0,"max_hp_loss":0,"event_name":"Big Fish","floor":17,"gold_loss":0,"cards_obtained":["Regret"]},{"damage_healed":0,"gold_gain":0,"player_choice":"0 cards matched","damage_taken":0,"max_hp_gain":0,"max_hp_loss":0,"event_name":"Match and Keep!","floor":45,"gold_loss":0,"cards_obtained":[]}],"is_beta":false,"boss_relics":[{"not_picked":["SacredBark","aspiration:WatcherSkillbook"],"picked":"aspiration:PoetsPen_weak"},{"not_picked":["ChewingGum","Pandora\u0027s Box"],"picked":"Calling Bell"}],"items_purged_floors":[40],"is_endless":false,"potions_floor_spawned":[3,4,6,10,26,29,37,39,41,44,49,50,51],"ascension_level":0}}