{"host":"fq1bpa5mgr3rtgnr","time":1607519571,"event":{"gold_per_floor":[114,41,58,71,87,87,87,116,116,149,149,149],"floor_reached":11,"playtime":387,"items_purged":[],"score":100,"play_id":"369e11b6-666c-4e7d-bb63-4f541465d563","local_time":"20201209081251","is_ascension_mode":true,"campfire_choices":[{"data":"BattleHymn","floor":6,"key":"SMITH"}],"neow_cost":"NONE","seed_source_timestamp":191509417583900,"circlet_count":0,"master_deck":["Strike_P","Strike_P","Strike_P","Defend_P","Defend_P+1","Defend_P","Defend_P","Eruption+1","Vigilance","FearNoEvil","BattleHymn+1","ThirdEye","WaveOfTheHand","Meditate","Scrawl"],"special_seed":0,"relics":["PureWater","NeowsBlessing","Blood Vial","Gremlin Horn"],"potions_floor_usage":[8],"damage_taken":[{"damage":0.0,"enemies":"Cultist","floor":1.0,"turns":1.0},{"damage":0,"enemies":"Jaw Worm","floor":3,"turns":1},{"damage":0,"enemies":"2 Louse","floor":4,"turns":1},{"damage":4,"enemies":"Exordium Wildlife","floor":5,"turns":3},{"damage":12,"enemies":"Gremlin Nob","floor":8,"turns":4},{"damage":38,"enemies":"3 Sentries","floor":10,"turns":6}],"seed_played":"-4512621736809721527","potions_obtained":[{"floor":1.0,"key":"Block Potion"},{"floor":10,"key":"Weak Potion"}],"is_trial":false,"path_per_floor":["M","$","M","M","M","R","?","E","T","E","?"],"character_chosen":"WATCHER","items_purchased":["BattleHymn"],"campfire_rested":0,"item_purchase_floors":[2],"current_hp_per_floor":[72,72,72,72,68,68,61,49,49,13,0,0],"gold":149,"neow_bonus":"THREE_ENEMY_KILL","is_prod":false,"is_daily":false,"chose_seed":false,"campfire_upgraded":1,"win_rate":0,"timestamp":1607519571,"path_taken":["M","$","M","?","?","R","?","E","T","E","?"],"build_version":"2020-11-30","purchased_purges":0,"victory":false,"max_hp_per_floor":[72,72,72,72,72,72,72,72,72,72,72,72],"relic_stats":{"Blood Vial":2,"Gremlin Horn":[0,0],"counters":[6,16],"obtain_stats":[{"Blood Vial":8,"NeowsBlessing":0,"Gremlin Horn":10,"PureWater":0},{"Blood Vial":5,"NeowsBlessing":0,"Gremlin Horn":6,"PureWater":0},{"Blood Vial":10,"NeowsBlessing":0,"Gremlin Horn":16,"PureWater":0}]},"card_choices":[{"not_picked":["SashWhip","Halt"],"picked":"FearNoEvil","floor":1.0},{"not_picked":["BowlingBash","ClearTheMind"],"picked":"ThirdEye","floor":3},{"not_picked":["Collect","FlurryOfBlows"],"picked":"WaveOfTheHand","floor":4},{"not_picked":["FlyingSleeves","CrushJoints","Pray"],"picked":"SKIP","floor":5},{"not_picked":["ThirdEye","CutThroughFate"],"picked":"Meditate","floor":8},{"not_picked":["InnerPeace","WaveOfTheHand"],"picked":"Scrawl","floor":10}],"player_experience":318379,"relics_obtained":[{"floor":8,"key":"Blood Vial"},{"floor":10,"key":"Gremlin Horn"}],"event_choices":[{"cards_removed":["Strike_P"],"damage_healed":0,"gold_gain":0,"player_choice":"Card Removal","damage_taken":7,"max_hp_gain":0,"max_hp_loss":0,"event_name":"Golden Wing","floor":7,"gold_loss":0},{"damage_healed":0,"gold_gain":0,"player_choice":"Entered Light","damage_taken":14,"max_hp_gain":0,"max_hp_loss":0,"event_name":"Shining Light","floor":11,"gold_loss":0,"cards_upgraded":["Defend_P","Eruption"]}],"is_beta":false,"boss_relics":[],"items_purged_floors":[],"is_endless":false,"potions_floor_spawned":[1,10],"ascension_level":4}}