{"host":"mvw7i28zi3kj0eu9","time":1607507177,"event":{"gold_per_floor":[119,119,133,146,162,162,179,191,191,191,202,221,96,115,115,219,219,229,229,246,257,107,107,107,125,125,125,160,160,34,34,34,134,134,161,161,161,4,23,23,23,38,38,82,132,174,174,201,201,320,320,352,411,452,454,490,490,550,550,575,240,262,286,286,319,319,436,536,577,577,626,679,736,736,794,794,794,794,870,934,1008,1099,1099,1256,1256,1342,1443,1443,1443,1551,1551,1665,1665,1689,1689,1803,1903,1435,1546,1546,1738,1738,1857,1607,1609,1725,1725,1725,1850,1850,1850,1850,1979,2116,2259,2259,2259,2217,2217],"floor_reached":118,"playtime":2146,"items_purged":["Strike_G","Strike_G","Strike_G","Defend_G","Defend_G","Defend_G","Strike_G","Strike_G+1","Entrench+1","Survivor","Defend_G+1"],"score":3207,"play_id":"b6874878-3448-42bf-8210-81bd41dc25ed","local_time":"20201209104617","is_ascension_mode":false,"campfire_choices":[{"data":"Cloak And Dagger","floor":6,"key":"SMITH"},{"data":"Cloak And Dagger","floor":10,"key":"SMITH"},{"data":"Blade Dance","floor":15,"key":"SMITH"},{"data":"Accuracy+1","floor":23,"key":"SMITH"},{"data":"Accuracy+2","floor":29,"key":"SMITH"},{"data":"Accuracy+3","floor":32,"key":"SMITH"},{"data":"Accuracy+3","floor":40,"key":"SMITH"},{"data":"Accuracy+4","floor":47,"key":"SMITH"},{"data":"Accuracy+4","floor":49,"key":"SMITH"},{"data":"Accuracy+5","floor":57,"key":"SMITH"},{"data":"Accuracy+6","floor":64,"key":"SMITH"},{"data":"Accuracy+7","floor":66,"key":"SMITH"},{"data":"Accuracy+8","floor":74,"key":"SMITH"},{"data":"Accuracy+9","floor":76,"key":"SMITH"},{"data":"Accuracy+10","floor":78,"key":"SMITH"},{"data":"Accuracy+11","floor":83,"key":"SMITH"},{"data":"Accuracy+12","floor":91,"key":"SMITH"},{"data":"Accuracy+13","floor":93,"key":"SMITH"},{"data":"Accuracy+5","floor":95,"key":"SMITH"},{"data":"Accuracy+6","floor":100,"key":"SMITH"},{"data":"Accuracy+14","floor":108,"key":"SMITH"},{"data":"Blade Dance+1","floor":110,"key":"SMITH"},{"data":"Accuracy+15","floor":112,"key":"SMITH"},{"floor":117,"key":"DIG"}],"neow_cost":"","seed_source_timestamp":1364493433231800,"circlet_count":0,"master_deck":["Neutralize","Accuracy+16","Cloak And Dagger+1","Blade Dance+2","Cloak And Dagger+1","Accuracy+7"],"relics":["Ring of the Snake","Rawhide","Gremlin Food","PreservedInsect","BrokenLever","Snake Skull","conspire:TopHat","Mirror","conspire:InfiniteJournal","infinitespire:Midas Blood","Potion Belt","HoveringKite","MerchantsRug","infinitespire:EvilPickle","WristBlade","Busted Crown","Quantum Egg","Guide Book","Blue Doll","StrikeDummy","hubris:BundleOfHerbs","Anchor","Runic Dome","halation:PromiseList","Vajra","Singing Bowl","Replay:Wanted Poster","Bag of Marbles","VirulentCrownMod:VirulentCrown","Dream Catcher","SlaversCollar","energizedSpire:PogoStick","Omamori","Centennial Puzzle","Onion Ring","Frozen Egg 2","relicPack:DSword","Tingsha"],"potions_floor_usage":[16,21,46,48,84,118,118,118],"damage_taken":[{"damage":0,"enemies":"Jaw Worm","floor":1,"turns":3},{"damage":1,"enemies":"conspire:RoseBush","floor":3,"turns":3},{"damage":0,"enemies":"2 Louse","floor":4,"turns":2},{"damage":0,"enemies":"Large Slime","floor":5,"turns":7},{"damage":0,"enemies":"Red Slaver","floor":7,"turns":3},{"damage":0,"enemies":"2 Fungi Beasts","floor":8,"turns":2},{"damage":4,"enemies":"3 Louse","floor":11,"turns":3},{"damage":0,"enemies":"Blue Slaver","floor":12,"turns":3},{"damage":0,"enemies":"Looter","floor":14,"turns":2},{"damage":0,"enemies":"Fading Forest","floor":16,"turns":11},{"damage":0,"enemies":"3 Byrds","floor":18,"turns":3},{"damage":0,"enemies":"Chosen","floor":20,"turns":3},{"damage":0,"enemies":"Shelled Parasite and Fungi","floor":21,"turns":4},{"damage":6,"enemies":"Centurion and Healer","floor":25,"turns":2},{"damage":0,"enemies":"Book of Stabbing","floor":28,"turns":4},{"damage":0,"enemies":"Pondfish","floor":33,"turns":3},{"damage":0,"enemies":"Orb Walker","floor":35,"turns":1},{"damage":6,"enemies":"3 Shapes","floor":39,"turns":1},{"damage":0,"enemies":"Sphere and 2 Shapes","floor":42,"turns":2},{"damage":3,"enemies":"Nightmare","floor":44,"turns":4},{"damage":0,"enemies":"Mind Bloom Boss Battle","floor":45,"turns":3},{"damage":0,"enemies":"R_Hoarder","floor":46,"turns":2},{"damage":0,"enemies":"Transient","floor":48,"turns":5},{"damage":8,"enemies":"Time Eater","floor":50,"turns":5},{"damage":0,"enemies":"Jaw Worm","floor":52,"turns":1},{"damage":28,"enemies":"Lagavulin Event","floor":53,"turns":3},{"damage":0,"enemies":"Small Slimes","floor":54,"turns":1},{"damage":0,"enemies":"2 Louse","floor":56,"turns":1},{"damage":0,"enemies":"Lagavulin","floor":58,"turns":3},{"damage":0,"enemies":"Gremlin Gang","floor":62,"turns":1},{"damage":0,"enemies":"Exordium Thugs","floor":63,"turns":1},{"damage":0,"enemies":"Exordium Wildlife","floor":65,"turns":1},{"damage":0,"enemies":"Slime Boss","floor":67,"turns":1},{"damage":0,"enemies":"Spheric Guardian","floor":69,"turns":1},{"damage":0,"enemies":"3 Byrds","floor":71,"turns":1},{"damage":0,"enemies":"Snake Plant","floor":72,"turns":1},{"damage":0,"enemies":"Centurion and Healer","floor":73,"turns":1},{"damage":0,"enemies":"Sentry and Sphere","floor":75,"turns":1},{"damage":0,"enemies":"Slavers","floor":79,"turns":1},{"damage":0,"enemies":"Cultist and Chosen","floor":80,"turns":1},{"damage":0,"enemies":"Centurion and Healer","floor":81,"turns":1},{"damage":0,"enemies":"Gremlin Leader","floor":82,"turns":1},{"damage":0,"enemies":"conspire:MysteriousRune","floor":84,"turns":2},{"damage":0,"enemies":"3 Darklings","floor":86,"turns":1},{"damage":0,"enemies":"3 Shapes","floor":87,"turns":1},{"damage":0,"enemies":"Sphere and 2 Shapes","floor":90,"turns":1},{"damage":0,"enemies":"Spire Growth","floor":92,"turns":1},{"damage":0,"enemies":"Writhing Mass","floor":96,"turns":1},{"damage":0,"enemies":"R_Hoarder","floor":99,"turns":1},{"damage":0,"enemies":"conspire:OrnateMirror","floor":101,"turns":1},{"damage":0,"enemies":"Cultist","floor":103,"turns":1},{"damage":0,"enemies":"Jaw Worm","floor":106,"turns":1},{"damage":0,"enemies":"Small Slimes","floor":109,"turns":1},{"damage":0,"enemies":"3 Louse","floor":113,"turns":1},{"damage":0,"enemies":"Exordium Thugs","floor":114,"turns":1},{"damage":0,"enemies":"Exordium Wildlife","floor":115,"turns":1},{"damage":243,"enemies":"infinitespire:LordOfFortification","floor":118,"turns":5}],"seed_played":"1862427672356044684","potions_obtained":[{"floor":3,"key":"Swift Potion"},{"floor":4,"key":"PowerPotion"},{"floor":8,"key":"blueLaboratory:TrueEctoplasm"},{"floor":18,"key":"blueLaboratory:FruitPunch"},{"floor":25,"key":"Reflective Coating"},{"floor":39,"key":"blueLaboratory:EmptyBottle"},{"floor":48,"key":"blueLaboratory:RememoryPotion"},{"floor":50,"key":"DistilledChaos"},{"floor":54,"key":"GhostInAJar"},{"floor":58,"key":"SteroidPotion"},{"floor":73,"key":"Venom Potion"},{"floor":81,"key":"Energy Potion"},{"floor":96,"key":"blueLaboratory:FrostheartPotion"}],"is_trial":false,"path_per_floor":["M","?","M","M","M","R","M","M","T","R","M","M","$","M","R","B",null,"M","?","M","M","$","R","?","M","T","AVR","E","R","$","?","R","B",null,"M","AVR","?","$","M","R","?","M","T","NM","?","E","R","M","R","B",null,"M","?","M","?","M","R","E","?","T","$","M","M","R","M","R","B",null,"M","?","M","M","M","R","M","R","T","R","E","M","M","E","R","B",null,"M","M","?","AVR","M","R","M","R","T","R","M","?","$","E","R","B",null,"M","$","?","M","?","R","M","R","T","R","M","M","M","?","R","B"],"character_chosen":"THE_SILENT","items_purchased":["Rawhide","Accuracy+1","Cloak And Dagger","Blade Dance","Gremlin Food","PreservedInsect","hubris:Zylophone","BrokenLever","Snake Skull","Cloak And Dagger","MerchantsRug","Guide Book","Singing Bowl","Onion Ring"],"campfire_rested":0,"item_purchase_floors":[0,0,0,0,0,0,0,0,0,0,30,38,61,98],"current_hp_per_floor":[70,63,62,62,62,62,62,62,62,62,58,58,58,58,58,68,70,70,70,70,72,72,72,56,50,50,50,50,50,50,50,50,50,72,72,72,72,72,66,66,66,66,66,63,63,63,63,63,63,55,72,72,44,44,39,39,39,39,39,39,39,41,43,43,45,45,47,80,82,82,84,86,88,88,90,90,90,90,92,94,96,98,98,102,102,104,106,106,106,108,108,110,110,110,110,112,112,112,114,114,116,116,118,118,83,85,85,85,87,87,87,87,89,91,93,93,93,0,0],"gold":2217,"neow_bonus":"","is_prod":false,"is_daily":false,"chose_seed":false,"campfire_upgraded":23,"win_rate":0,"timestamp":1607507177,"path_taken":["M","?","M","M","M","R","M","M","T","R","M","M","$","M","R","BOSS","M","?","M","M","$","R","?","M","T","AVR","E","R","?","?","R","BOSS","M","AVR","?","$","M","R","?","M","T","NM","?","E","R","M","R","BOSS","M","?","M","?","M","R","E","?","T","$","M","M","R","M","R","BOSS","M","?","?","M","M","R","M","R","T","R","E","M","M","E","R","BOSS","M","M","?","AVR","M","R","M","R","T","R","?","?","?","E","R","BOSS","M","$","?","M","?","R","M","R","T","R","M","M","M","?","R","BOSS"],"build_version":"2020-11-30","purchased_purges":11,"victory":false,"max_hp_per_floor":[70,70,70,70,70,70,70,70,70,70,70,70,70,70,70,70,70,70,70,70,72,72,72,72,72,72,72,72,72,72,72,72,72,72,72,72,72,72,72,72,72,72,72,72,72,72,72,72,72,72,72,72,72,72,72,72,72,72,72,72,72,74,76,76,78,78,80,80,82,82,84,86,88,88,90,90,90,90,92,94,96,98,98,102,102,104,106,106,106,108,108,110,110,110,110,112,112,112,114,114,116,116,118,118,118,120,120,120,122,122,122,122,124,126,128,128,128,128,128],"card_choices":[{"not_picked":["Eviscerate","Bane","Underhanded Strike"],"picked":"SKIP","floor":1},{"not_picked":["Bane","Backstab","Caltrops"],"picked":"SKIP","floor":3},{"not_picked":["Dagger Spray","Sucker Punch","Flying Knee"],"picked":"SKIP","floor":4},{"not_picked":["Slice","Hidden Blade","PiercingWail"],"picked":"SKIP","floor":5},{"not_picked":["hubris:Sniper","Underhanded Strike","Well Laid Plans"],"picked":"SKIP","floor":7},{"not_picked":["Dagger Throw","Underhanded Strike","hubris:SlightOfHand"],"picked":"SKIP","floor":8},{"not_picked":["Prepared","Sucker Punch","Dagger Throw"],"picked":"SKIP","floor":11},{"not_picked":["Leg Sweep","Dagger Spray","Crippling Poison"],"picked":"SKIP","floor":12},{"not_picked":["Acrobatics","Fluid Movement","Underhanded Strike"],"picked":"SKIP","floor":14},{"not_picked":["Setup","Slice+1","Eviscerate+1"],"picked":"SKIP","floor":18},{"not_picked":["Prepared","Acrobatics+1","Catalyst+1"],"picked":"SKIP","floor":20},{"not_picked":["Distraction","Heel Hook","Backflip"],"picked":"SKIP","floor":21},{"not_picked":["Hidden Blade+1","Endless Agony","Backstab+1"],"picked":"SKIP","floor":25},{"not_picked":["Replay:Bag of Tricks","ReplayTheSpireMod:Scrap Shanks","Heel Hook+1"],"picked":"SKIP","floor":28},{"not_picked":["Dash","Underhanded Strike","Eviscerate"],"picked":"SKIP","floor":35},{"not_picked":["Poisoned Stab"],"picked":"SKIP","floor":39},{"not_picked":["Hidden Blade"],"picked":"SKIP","floor":42},{"not_picked":["Catalyst+1"],"picked":"SKIP","floor":44},{"not_picked":["All Out Attack"],"picked":"SKIP","floor":46},{"not_picked":["Doppelganger"],"picked":"SKIP","floor":48},{"not_picked":["Prepared"],"picked":"SKIP","floor":52},{"not_picked":["Well Laid Plans"],"picked":"SKIP","floor":54},{"not_picked":["Underhanded Strike"],"picked":"SKIP","floor":56},{"not_picked":["hubris:Sniper"],"picked":"SKIP","floor":58},{"not_picked":["A Thousand Cuts"],"picked":"Singing Bowl","floor":62},{"not_picked":["Underhanded Strike"],"picked":"Singing Bowl","floor":63},{"not_picked":["Acrobatics"],"picked":"Singing Bowl","floor":65},{"not_picked":["Envenom"],"picked":"Singing Bowl","floor":67},{"not_picked":["Choke"],"picked":"Singing Bowl","floor":69},{"not_picked":["Deadly Poison"],"picked":"Singing Bowl","floor":71},{"not_picked":["Escape Plan+1"],"picked":"Singing Bowl","floor":72},{"not_picked":["Blade Dance"],"picked":"Singing Bowl","floor":73},{"not_picked":["Toxin Wave"],"picked":"Singing Bowl","floor":75},{"not_picked":["Backflip"],"picked":"Singing Bowl","floor":79},{"not_picked":["Setup"],"picked":"Singing Bowl","floor":80},{"not_picked":["Acrobatics"],"picked":"Singing Bowl","floor":81},{"not_picked":["Flying Knee"],"picked":"Singing Bowl","floor":82},{"not_picked":["infinitespire:UltimateForm","infinitespire:Gouge","ReplayTheSpireMod:Chaos Vortex"],"picked":"Singing Bowl","floor":84},{"not_picked":["A Thousand Cuts"],"picked":"Singing Bowl","floor":84},{"not_picked":["Backstab+1"],"picked":"Singing Bowl","floor":86},{"not_picked":["Deflect"],"picked":"Singing Bowl","floor":87},{"not_picked":["Flying Knee+1"],"picked":"Singing Bowl","floor":90},{"not_picked":["InfectiousVector+1"],"picked":"Singing Bowl","floor":92},{"not_picked":["Backflip"],"picked":"Singing Bowl","floor":96},{"not_picked":["Setup"],"picked":"Singing Bowl","floor":99},{"not_picked":["After Image+1"],"picked":"Singing Bowl","floor":101},{"not_picked":["hubris:TrickCloak"],"picked":"Singing Bowl","floor":103},{"not_picked":["Sneak Up"],"picked":"Singing Bowl","floor":106},{"not_picked":["Dodge and Roll"],"picked":"Singing Bowl","floor":109},{"not_picked":["InfectiousVector"],"picked":"Singing Bowl","floor":113},{"not_picked":["Dagger Throw"],"picked":"Singing Bowl","floor":114},{"not_picked":["Prepared"],"picked":"Singing Bowl","floor":115}],"player_experience":800186,"relics_obtained":[{"floor":9,"key":"Mirror"},{"floor":26,"key":"infinitespire:Midas Blood"},{"floor":28,"key":"ZombieTooth"},{"floor":43,"key":"Blue Doll"},{"floor":44,"key":"StrikeDummy"},{"floor":45,"key":"hubris:BundleOfHerbs"},{"floor":46,"key":"Anchor"},{"floor":53,"key":"halation:PromiseList"},{"floor":58,"key":"Vajra"},{"floor":60,"key":"halation:KoshaPiece"},{"floor":77,"key":"VirulentCrownMod:VirulentCrown"},{"floor":79,"key":"Dream Catcher"},{"floor":94,"key":"Centennial Puzzle"},{"floor":99,"key":"Frozen Egg 2"},{"floor":111,"key":"Tingsha"}],"event_choices":[{"damage_healed":0,"gold_gain":0,"player_choice":"Relic ","damage_taken":7,"max_hp_gain":0,"max_hp_loss":0,"event_name":"betterThird:BetterScrap","floor":2,"gold_loss":0,"cards_obtained":["Brilliance"]},{"damage_healed":0,"gold_gain":0,"player_choice":"Obtained Book","damage_taken":16,"max_hp_gain":0,"max_hp_loss":0,"event_name":"Cursed Tome","floor":24,"gold_loss":0},{"damage_healed":0,"gold_gain":0,"player_choice":"Copied","damage_taken":0,"max_hp_gain":0,"max_hp_loss":0,"event_name":"Duplicator","floor":31,"gold_loss":0,"cards_obtained":["Accuracy"]},{"damage_healed":0,"gold_gain":0,"player_choice":"Fight","damage_taken":0,"max_hp_gain":0,"max_hp_loss":0,"event_name":"MindBloom","floor":45,"gold_loss":0},{"damage_healed":0,"gold_gain":0,"player_choice":"Searched \u00271\u0027 times","damage_taken":0,"max_hp_gain":0,"max_hp_loss":0,"event_name":"Dead Adventurer","floor":53,"gold_loss":0},{"cards_removed":["Defend_G"],"damage_healed":0,"gold_gain":0,"player_choice":"Card Removal","damage_taken":7,"max_hp_gain":0,"max_hp_loss":0,"event_name":"Golden Wing","floor":55,"gold_loss":0},{"damage_healed":0,"gold_gain":0,"player_choice":"Gave Potion","damage_taken":0,"relics_obtained":["Bag of Marbles"],"max_hp_gain":0,"max_hp_loss":0,"event_name":"WeMeetAgain","floor":70,"gold_loss":0},{"damage_healed":0,"gold_gain":0,"player_choice":"Bought 0 Potions","damage_taken":0,"max_hp_gain":0,"max_hp_loss":0,"event_name":"The Woman in Blue","floor":88,"gold_loss":0},{"damage_healed":0,"gold_gain":100,"player_choice":"Pray","damage_taken":0,"max_hp_gain":0,"max_hp_loss":0,"event_name":"Golden Shrine","floor":97,"gold_loss":0}],"is_beta":false,"boss_relics":[{"not_picked":["Abe\u0027s Treasure","Calling Bell"],"picked":"hubris:Backtick"},{"not_picked":["energizedSpire:HighHeels","SacredBark"],"picked":"WristBlade"},{"not_picked":["halation:ForbiddenBikini","Coffee Dripper"],"picked":"Runic Dome"},{"not_picked":["Ring of the Serpent","relicPack:StarArrow"],"picked":"Replay:Wanted Poster"},{"not_picked":["Snecko Eye","halation:ForbiddenBikini"],"picked":"SlaversCollar"},{"not_picked":["halation:PinkAlligatorPlush","hubris:BlackHole","hubris:VirtuousBlindfold"]}],"items_purged_floors":[0,0,13,22,27,30,36,61,89,98,104],"is_endless":true,"potions_floor_spawned":[3,4,8,11,14,18,20,25,39,48,50,54,58,62,67,69,73,75,80,81,82,90,96,106,115],"killed_by":"infinitespire:LordOfFortification","ascension_level":0}}