{"host":"13of4hm0ygc9cmbc","time":1607530902,"event":{"gold_per_floor":[114,129,144,23,33,33,61,61,61,61,84,9,53,78,78,174,174,197,236,236,236,254,254,293,293,293,61,61,99,99,123,123,123,123],"floor_reached":33,"playtime":1271,"items_purged":["Defend_R"],"score":582,"play_id":"cd2c517d-e385-4397-8ca5-be8c05007e3e","local_time":"20201210012142","is_ascension_mode":true,"campfire_choices":[{"data":"Perfected Strike","floor":6.0,"key":"SMITH"},{"data":"Power Through","floor":8.0,"key":"SMITH"},{"floor":15.0,"key":"REST"},{"data":"Perfected Strike","floor":23.0,"key":"SMITH"},{"data":"Perfected Strike","floor":25.0,"key":"SMITH"},{"data":"Trip","floor":30,"key":"SMITH"},{"floor":32,"key":"REST"}],"neow_cost":"NONE","seed_source_timestamp":1009072011637000,"circlet_count":0,"master_deck":["AscendersBane","Strike_R","Strike_R","Strike_R","Strike_R","Strike_R","Defend_R","Defend_R","Defend_R","Bash+1","Fire Breathing","Power Through+1","Perfected Strike+1","Wild Strike","Wild Strike","Impervious","Exhume","Perfected Strike+1","Perfected Strike+1","Shrug It Off","Wild Strike","Trip+1","Offering","Second Wind","Wild Strike","Double Tap","Wild Strike"],"special_seed":0,"relics":["Burning Blood","Sundial","StoneCalendar","Golden Idol","Peace Pipe","Philosopher\u0027s Stone","Red Mask","Shuriken","Anchor","Orrery","Centennial Puzzle"],"potions_floor_usage":[29,29],"damage_taken":[{"damage":6.0,"enemies":"Cultist","floor":1.0,"turns":3.0},{"damage":7.0,"enemies":"Jaw Worm","floor":2.0,"turns":3.0},{"damage":7.0,"enemies":"Small Slimes","floor":3.0,"turns":3.0},{"damage":9.0,"enemies":"2 Fungi Beasts","floor":5.0,"turns":3.0},{"damage":20.0,"enemies":"Lagavulin","floor":7.0,"turns":4.0},{"damage":0.0,"enemies":"Large Slime","floor":11.0,"turns":2.0},{"damage":20.0,"enemies":"3 Sentries","floor":13.0,"turns":5.0},{"damage":18.0,"enemies":"Lots of Slimes","floor":14.0,"turns":3.0},{"damage":31.0,"enemies":"The Guardian","floor":16.0,"turns":7.0},{"damage":9.0,"enemies":"Chosen","floor":18.0,"turns":3.0},{"damage":14.0,"enemies":"Masked Bandits","floor":19.0,"turns":6.0},{"damage":9.0,"enemies":"2 Thieves","floor":22.0,"turns":2.0},{"damage":26.0,"enemies":"Gremlin Leader","floor":24.0,"turns":7.0},{"damage":0,"enemies":"Book of Stabbing","floor":29,"turns":2},{"damage":13,"enemies":"Cultist and Chosen","floor":31,"turns":5},{"damage":63,"enemies":"Collector","floor":33,"turns":5}],"seed_played":"-145564957885063601","potions_obtained":[{"floor":1.0,"key":"FearPotion"},{"floor":5.0,"key":"SteroidPotion"},{"floor":13.0,"key":"PowerPotion"},{"floor":19.0,"key":"LiquidMemories"},{"floor":22.0,"key":"Swift Potion"},{"floor":24.0,"key":"SteroidPotion"}],"is_trial":false,"path_per_floor":["M","M","M","$","M","R","E","R","T","?","M","?","E","M","R","B",null,"M","?","?","?","M","R","E","R","T","$","?","E","R","M","R","B"],"character_chosen":"IRONCLAD","items_purchased":["Wild Strike","Trip","Orrery"],"campfire_rested":2,"item_purchase_floors":[4,27,27],"current_hp_per_floor":[68,67,66,66,63,63,49,49,49,49,55,55,41,29,51,26,63,60,52,52,52,49,49,29,29,29,29,29,35,35,28,50,0,0],"gold":123,"neow_bonus":"UPGRADE_CARD","is_prod":false,"is_daily":false,"chose_seed":false,"campfire_upgraded":5,"win_rate":0,"timestamp":1607530902,"path_taken":["M","M","?","?","M","R","E","R","T","?","M","?","E","M","R","BOSS","M","?","?","?","M","R","E","R","T","$","?","E","R","M","R","BOSS"],"build_version":"2020-11-30","purchased_purges":1,"victory":false,"max_hp_per_floor":[75,75,75,75,75,75,75,75,75,75,75,75,75,75,75,75,75,75,75,75,75,75,75,75,75,75,75,75,75,75,75,75,75,75],"card_choices":[{"not_picked":["Warcry","Cleave"],"picked":"Fire Breathing","floor":1.0},{"not_picked":["True Grit","Spot Weakness"],"picked":"Power Through","floor":2.0},{"not_picked":["Rage","Flex"],"picked":"Perfected Strike","floor":3.0},{"not_picked":["True Grit","Disarm","Rupture"],"picked":"SKIP","floor":5.0},{"not_picked":["Brutality","Clash"],"picked":"Wild Strike","floor":7.0},{"not_picked":["Heavy Blade","Dropkick","Clothesline"],"picked":"SKIP","floor":11.0},{"not_picked":["Barricade","True Grit"],"picked":"Impervious","floor":13.0},{"not_picked":["Entrench","Thunderclap","Whirlwind"],"picked":"SKIP","floor":14.0},{"not_picked":["Impervious","Limit Break"],"picked":"Exhume","floor":16.0},{"not_picked":["Cleave","Sentinel"],"picked":"Perfected Strike","floor":18.0},{"not_picked":["Battle Trance","Heavy Blade"],"picked":"Shrug It Off","floor":22.0},{"not_picked":["Berserk","Hemokinesis"],"picked":"Wild Strike","floor":24.0},{"not_picked":["Anger","True Grit"],"picked":"Offering","floor":27.0},{"not_picked":["Sword Boomerang","Anger"],"picked":"Second Wind","floor":27.0},{"not_picked":["Headbutt","Pummel"],"picked":"Wild Strike","floor":27.0},{"not_picked":["Heavy Blade+1","Blood for Blood+1"],"picked":"Double Tap","floor":29},{"not_picked":["Uppercut","Headbutt"],"picked":"Wild Strike","floor":31}],"player_experience":505326,"relics_obtained":[{"floor":7.0,"key":"Sundial"},{"floor":9.0,"key":"StoneCalendar"},{"floor":13.0,"key":"Peace Pipe"},{"floor":19.0,"key":"Red Mask"},{"floor":24.0,"key":"Shuriken"},{"floor":26.0,"key":"Anchor"},{"floor":29,"key":"Centennial Puzzle"}],"event_choices":[{"damage_healed":0.0,"max_hp_gain":0.0,"max_hp_loss":0.0,"gold_gain":0.0,"event_name":"Golden Idol","player_choice":"Take Wound","floor":10.0,"gold_loss":0.0,"damage_taken":0.0,"relics_obtained":["Golden Idol"],"cards_obtained":["Injury"]},{"cards_removed":["Injury"],"damage_healed":0.0,"max_hp_gain":0.0,"max_hp_loss":0.0,"gold_gain":0.0,"event_name":"The Cleric","player_choice":"Card Removal","floor":12.0,"gold_loss":75.0,"damage_taken":0.0},{"damage_healed":0.0,"max_hp_gain":0.0,"max_hp_loss":0.0,"gold_gain":0.0,"event_name":"Masked Bandits","player_choice":"Fought Bandits","floor":19.0,"gold_loss":0.0,"damage_taken":0.0},{"damage_healed":0.0,"max_hp_gain":0.0,"max_hp_loss":0.0,"gold_gain":0.0,"event_name":"The Library","player_choice":"Read","floor":20.0,"gold_loss":0.0,"damage_taken":0.0,"cards_obtained":["Perfected Strike"]},{"damage_healed":0.0,"max_hp_gain":0.0,"max_hp_loss":0.0,"gold_gain":0.0,"event_name":"Beggar","player_choice":"Ignored","floor":21.0,"gold_loss":0.0,"damage_taken":0.0},{"damage_healed":0.0,"max_hp_gain":0.0,"max_hp_loss":0.0,"gold_gain":0.0,"event_name":"Transmorgrifier","player_choice":"Ignored","floor":28.0,"gold_loss":0.0,"damage_taken":0.0}],"is_beta":false,"boss_relics":[{"not_picked":["Calling Bell","Runic Dome"],"picked":"Philosopher\u0027s Stone"}],"items_purged_floors":[4],"is_endless":false,"potions_floor_spawned":[1,5,13,19,22,24],"killed_by":"Collector","ascension_level":15}}