{"host":"0i8dz4ityulxi1rd","time":1607516607,"event":{"gold_per_floor":[17,17,30,30,46,81,81,101,101,129,139,169,169,188,188,286,286,296,56,71,71,71,97,97,111,111,131,131,166,166,166,166,269,269,287,287,287,287,301,301,326,326,326,326,339,353,365,381,381,381,381,381,53,85,85,85,85],"floor_reached":55,"playtime":2355,"items_purged":["DTMod:Strike"],"score":819,"play_id":"a901a41d-1311-4004-8c42-85cc7d4b6f3f","local_time":"20201209212327","is_ascension_mode":true,"metric_token":671,"campfire_choices":[{"data":"DTMod:HeatWave","floor":7.0,"key":"SMITH"},{"data":"DTMod:SwitchingTactic","floor":15.0,"key":"SMITH"},{"data":"DTMod:Overwhelm","floor":28,"key":"SMITH"},{"data":"DTMod:RecklessFlurry","floor":32,"key":"SMITH"},{"data":"DTMod:Prediction","floor":40,"key":"SMITH"},{"data":"DTMod:BurningForce","floor":42,"key":"SMITH"},{"data":"DTMod:Inferno","floor":44,"key":"SMITH"},{"floor":49,"key":"RECALL"},{"data":"Secret Weapon","floor":52,"key":"SMITH"}],"neow_cost":"NO_GOLD","dtmod_dragon_data":[0,50,1,1,8,8],"seed_source_timestamp":0,"circlet_count":0,"master_deck":["DTMod:Strike","DTMod:Strike","DTMod:DoubleHit","DTMod:TargetDefense","DTMod:TargetDefense","DTMod:TargetDefense","DTMod:SwitchingTactic+1","DTMod:Inferno+1","DTMod:BreakAttack","DTMod:Training","DTMod:HeatWave+1","DTMod:Overwhelm+1","DTMod:Punisher","DTMod:LowKick","DTMod:HeatWave","DTMod:BlazingStrike","DTMod:Cover","DTMod:RecklessFlurry+1","DTMod:BurningForce+1","Necronomicurse","DTMod:Prediction+1","DTMod:BurningEnergy","Flash of Steel","Finesse","Secret Weapon+1","DTMod:Cover","DTMod:ForkedFire+1","DTMod:Hide+1","DTMod:MagicField","DTMod:Prediction","DTMod:ExcessFootwork+1"],"special_seed":0,"relics":["DTMod:MagicStone","Torii","Meat on the Bone","Pantograph","HornCleat","InkBottle","DTMod:MindBender","Pear","Darkstone Periapt","Frozen Egg 2","Necronomicon","Sozu","Singing Bowl","StrikeDummy","Membership Card","Bronze Scales","Ornamental Fan"],"potions_floor_usage":[23,27,27,27],"damage_taken":[{"damage":0.0,"enemies":"Cultist","floor":1.0,"turns":3.0},{"damage":0.0,"enemies":"Small Slimes","floor":3.0,"turns":2.0},{"damage":0.0,"enemies":"Jaw Worm","floor":5.0,"turns":2.0},{"damage":13.0,"enemies":"Lagavulin","floor":6.0,"turns":7.0},{"damage":0.0,"enemies":"Red Slaver","floor":8.0,"turns":3.0},{"damage":0.0,"enemies":"Gremlin Nob","floor":10.0,"turns":4.0},{"damage":1.0,"enemies":"2 Fungi Beasts","floor":11.0,"turns":2.0},{"damage":20.0,"enemies":"Lagavulin","floor":12.0,"turns":6.0},{"damage":0.0,"enemies":"Blue Slaver","floor":14.0,"turns":2.0},{"damage":16.0,"enemies":"Hexaghost","floor":16.0,"turns":9.0},{"damage":0.0,"enemies":"2 Thieves","floor":18.0,"turns":5.0},{"damage":0,"enemies":"Chosen","floor":20,"turns":4},{"damage":24,"enemies":"Gremlin Leader","floor":23,"turns":7},{"damage":2,"enemies":"Snake Plant","floor":25,"turns":3},{"damage":0,"enemies":"Centurion and Healer","floor":27,"turns":2},{"damage":32,"enemies":"Slavers","floor":29,"turns":4},{"damage":38,"enemies":"Champ","floor":33,"turns":11},{"damage":0,"enemies":"3 Darklings","floor":35,"turns":2},{"damage":4,"enemies":"3 Shapes","floor":39,"turns":3},{"damage":2,"enemies":"Nemesis","floor":41,"turns":3},{"damage":0,"enemies":"3 Darklings","floor":45,"turns":4},{"damage":0,"enemies":"Sphere and 2 Shapes","floor":46,"turns":1},{"damage":0,"enemies":"Transient","floor":47,"turns":5},{"damage":0,"enemies":"4 Shapes","floor":48,"turns":1},{"damage":35,"enemies":"Donu and Deca","floor":50,"turns":10},{"damage":8,"enemies":"Shield and Spear","floor":54,"turns":2},{"damage":117,"enemies":"The Heart","floor":55,"turns":9}],"seed_played":"-3315122281610492051","potions_obtained":[{"floor":8.0,"key":"Swift Potion"},{"floor":11.0,"key":"ColorlessPotion"},{"floor":12.0,"key":"BlessingOfTheForge"},{"floor":16.0,"key":"Explosive Potion"},{"floor":23,"key":"Fire Potion"},{"floor":29,"key":"Strength Potion"}],"is_trial":false,"path_per_floor":["M","$","M","?","M","E","R","M","T","E","M","E","T","M","R","B",null,"M","$","M","?","?","E","?","M","T","M","R","E","?","?","R","B",null,"M","?","?","?","M","R","E","R","T","R","M","M","M","M","R","B",null,"R","$","E","B"],"character_chosen":"THE_DT","items_purchased":["DTMod:Cover","DTMod:MindBender","DTMod:RecklessFlurry","Membership Card","Bronze Scales","DTMod:Prediction"],"campfire_rested":0,"item_purchase_floors":[19,19,19,53,53,53],"current_hp_per_floor":[45,45,45,38,38,25,25,25,25,25,24,16,16,28,28,29,45,45,45,45,45,39,44,70,68,68,70,70,38,28,28,28,34,76,76,66,66,66,69,69,76,76,76,76,78,78,78,80,80,45,80,80,80,72,0,0,0],"gold":85,"neow_bonus":"TRANSFORM_TWO_CARDS","is_prod":false,"is_daily":false,"chose_seed":false,"campfire_upgraded":8,"win_rate":0,"timestamp":1607516607,"path_taken":["M","$","?","?","M","E","R","M","T","E","M","E","?","?","R","BOSS","M","$","M","?","?","E","?","M","T","?","R","E","?","?","R","BOSS","M","?","?","?","M","R","E","R","T","R","M","M","M","M","R","BOSS","R","$","E","BOSS"],"build_version":"2020-11-30","purchased_purges":1,"victory":false,"max_hp_per_floor":[45,45,45,45,45,45,45,45,45,45,45,45,45,45,45,45,45,45,45,45,45,50,60,70,70,70,70,70,70,76,76,76,76,76,76,76,76,76,76,76,78,78,78,78,78,78,78,80,80,80,80,80,80,80,80,80,80],"card_choices":[{"not_picked":["DTMod:CleansingStrike","DTMod:MasterPlan"],"picked":"DTMod:BreakAttack","floor":1.0},{"not_picked":["DTMod:CleansingStrike","DTMod:Conduct"],"picked":"DTMod:Training","floor":3.0},{"not_picked":["DTMod:MasterPlan","DTMod:Threaten"],"picked":"DTMod:HeatWave","floor":5.0},{"not_picked":["DTMod:Threaten","DTMod:DragonDance"],"picked":"DTMod:Overwhelm","floor":6.0},{"not_picked":["DTMod:RepeatStrike","DTMod:SneakAttack"],"picked":"DTMod:Punisher","floor":8.0},{"not_picked":["DTMod:StarRain","DTMod:QuickFly"],"picked":"DTMod:LowKick","floor":10.0},{"not_picked":["DTMod:InvisibleFlame","DTMod:Conduct","DTMod:BuildUp"],"picked":"SKIP","floor":11.0},{"not_picked":["DTMod:Hide","DTMod:WarmUp"],"picked":"DTMod:HeatWave","floor":12.0},{"not_picked":["DTMod:Dissolve","DTMod:MasterPlan","DTMod:ComboAttack"],"picked":"SKIP","floor":14.0},{"not_picked":["DTMod:Harmonize","DTMod:ResonanceForm"],"picked":"DTMod:RepeatStrike","floor":16.0},{"not_picked":["DTMod:QuickFly","DTMod:Weaken"],"picked":"DTMod:BlazingStrike","floor":18},{"not_picked":["DTMod:ShieldDrain+1","DTMod:BurningEnergy","DTMod:BreakAttack"],"picked":"SKIP","floor":20},{"not_picked":["DTMod:BreakAttack+1","DTMod:FlameSlash+1","DTMod:DragonDance"],"picked":"SKIP","floor":23},{"not_picked":["DTMod:BreakAttack+1","DTMod:BlazingStrike+1","DTMod:BuildUp+1"],"picked":"SKIP","floor":25},{"not_picked":["DTMod:FlameSlash","DTMod:DarkBreath+1","DTMod:Harmonize"],"picked":"SKIP","floor":27},{"not_picked":["DTMod:FlameSlash","DTMod:DarkBreath+1","DTMod:Harmonize"],"picked":"SKIP","floor":27},{"not_picked":["DTMod:CrossStep+1","DTMod:BurningEnergy+1"],"picked":"DTMod:BurningForce","floor":29},{"not_picked":["DTMod:Inferno","DTMod:Outburst"],"picked":"DTMod:Prediction","floor":33},{"not_picked":["DTMod:BlazingStrike+1","DTMod:Weaken"],"picked":"DTMod:BurningEnergy","floor":35},{"not_picked":["Blind","Trip"],"picked":"Flash of Steel","floor":36},{"not_picked":["Flash of Steel","Madness"],"picked":"Finesse","floor":36},{"not_picked":["Good Instincts","Jack Of All Trades"],"picked":"Secret Weapon","floor":36},{"not_picked":["DTMod:BizarreTactic","DTMod:QuickFly+1"],"picked":"DTMod:Cover","floor":39},{"not_picked":["DTMod:Haste","DTMod:Cover","DTMod:HeatWave+1"],"picked":"Singing Bowl","floor":41},{"not_picked":["DTMod:Haste","DTMod:Dissolve+1"],"picked":"DTMod:ForkedFire+1","floor":45},{"not_picked":["DTMod:Astonish","DTMod:TagTeam+1"],"picked":"DTMod:Hide+1","floor":46},{"not_picked":["DTMod:Punisher","DTMod:Hide+1"],"picked":"DTMod:MagicField","floor":47},{"not_picked":["DTMod:PurifyingFlame","DTMod:DeepFocus+1","DTMod:ComboAttack"],"picked":"Singing Bowl","floor":48},{"not_picked":["DTMod:Conduct+1","DTMod:Feint+1"],"picked":"DTMod:ExcessFootwork+1","floor":54}],"player_experience":1259210,"relics_obtained":[{"floor":6.0,"key":"Meat on the Bone"},{"floor":9.0,"key":"Pantograph"},{"floor":10.0,"key":"HornCleat"},{"floor":12.0,"key":"InkBottle"},{"floor":23,"key":"Pear"},{"floor":26,"key":"Darkstone Periapt"},{"floor":29,"key":"Frozen Egg 2"},{"floor":30,"key":"Necronomicon"},{"floor":41,"key":"Singing Bowl"},{"floor":43,"key":"StrikeDummy"},{"floor":54,"key":"Ornamental Fan"}],"event_choices":[{"damage_healed":0.0,"max_hp_gain":0.0,"max_hp_loss":0.0,"gold_gain":0.0,"event_name":"Scrap Ooze","player_choice":"Success","floor":4.0,"gold_loss":0.0,"damage_taken":7.0,"relics_obtained":["Torii"]},{"damage_healed":0,"gold_gain":0,"player_choice":"Ignored","damage_taken":0,"max_hp_gain":0,"max_hp_loss":0,"event_name":"Ghosts","floor":21,"gold_loss":0},{"damage_healed":0,"gold_gain":0,"player_choice":"Shed Blood","damage_taken":11,"max_hp_gain":5,"max_hp_loss":0,"event_name":"Forgotten Altar","floor":22,"gold_loss":0},{"cards_removed":["DTMod:RepeatStrike"],"damage_healed":16,"gold_gain":0,"player_choice":"Offered Rare","damage_taken":0,"max_hp_gain":10,"max_hp_loss":0,"event_name":"Bonfire Elementals","floor":24,"gold_loss":0},{"damage_healed":0,"gold_gain":0,"player_choice":"Obtained Book","damage_taken":16,"max_hp_gain":0,"max_hp_loss":0,"event_name":"Cursed Tome","floor":30,"gold_loss":0},{"damage_healed":0,"gold_gain":0,"player_choice":"Ignored","damage_taken":0,"max_hp_gain":0,"max_hp_loss":0,"event_name":"Vampires","floor":31,"gold_loss":0},{"damage_healed":0,"gold_gain":0,"player_choice":"Memory 3","damage_taken":10,"max_hp_gain":0,"max_hp_loss":0,"event_name":"SensoryStone","floor":36,"gold_loss":0},{"cards_removed":["DTMod:CrossStep"],"damage_healed":0,"gold_gain":0,"player_choice":"Removed Power","damage_taken":0,"max_hp_gain":0,"max_hp_loss":0,"event_name":"Falling","floor":37,"gold_loss":0},{"damage_healed":0,"gold_gain":0,"player_choice":"Ignored","damage_taken":0,"max_hp_gain":0,"max_hp_loss":0,"event_name":"Tomb of Lord Red Mask","floor":38,"gold_loss":0}],"is_beta":false,"boss_relics":[{"not_picked":["Runic Pyramid","Cursed Key"],"picked":"DTMod:MagicStone"},{"not_picked":["Tiny House","SlaversCollar"],"picked":"Sozu"}],"items_purged_floors":[53],"is_endless":false,"potions_floor_spawned":[8,11,12,16,18,23,29,35,47,48,54],"killed_by":"The Heart","ascension_level":1}}