{"host":"f7mgfv1rcbv6ir5v","time":1607497716,"event":{"gold_per_floor":[162,162,162,183,199,199,243,243,296,296,639,660,699,699,699],"floor_reached":14,"playtime":718,"items_purged":[],"score":130,"play_id":"0ce818b3-f181-4494-81ae-1a6f8317550a","local_time":"20201208230836","is_ascension_mode":true,"campfire_choices":[{"data":"Streamline","floor":6,"key":"SMITH"},{"floor":10,"key":"REST"}],"neow_cost":"NONE","seed_source_timestamp":2338841612130800,"circlet_count":0,"master_deck":["Strike_B","Strike_B","Strike_B","Defend_B","Defend_B","Defend_B","Defend_B","Zap+1","Dualcast","Ball Lightning","Streamline+1","Genetic Algorithm","Skim","Steam","Tempest","Darkness","Recycle","Rainbow"],"relics":["Tiny House","Golden Idol","Potion Belt","Pear","MealTicket","Old Coin","Toy Ornithopter"],"potions_floor_usage":[7,11],"damage_taken":[{"damage":12,"enemies":"Jaw Worm","floor":1,"turns":3},{"damage":8,"enemies":"2 Louse","floor":4,"turns":3},{"damage":1,"enemies":"Cultist","floor":5,"turns":3},{"damage":34,"enemies":"Gremlin Nob","floor":7,"turns":4},{"damage":15,"enemies":"3 Sentries","floor":11,"turns":6},{"damage":0,"enemies":"Large Slime","floor":12,"turns":5},{"damage":31,"enemies":"Gremlin Nob","floor":13,"turns":4},{"damage":4,"enemies":"3 Louse","floor":14,"turns":1}],"seed_played":"-8486224130735549141","potions_obtained":[{"floor":0,"key":"PowerPotion"},{"floor":4,"key":"FocusPotion"},{"floor":11,"key":"ColorlessPotion"},{"floor":13,"key":"PotionOfCapacity"}],"is_trial":false,"path_per_floor":["M","?","?","M","M","R","E","?","T","R","E","M","E","M"],"character_chosen":"DEFECT","items_purchased":[],"campfire_rested":1,"item_purchase_floors":[],"current_hp_per_floor":[68,68,56,48,47,47,23,23,23,48,33,33,2,0,0],"gold":699,"neow_bonus":"BOSS_RELIC","is_prod":false,"is_daily":false,"chose_seed":false,"campfire_upgraded":1,"win_rate":0,"timestamp":1607497716,"path_taken":["M","?","?","M","M","R","E","?","T","R","E","M","E","?"],"build_version":"2020-11-30","purchased_purges":0,"victory":false,"max_hp_per_floor":[80,74,74,74,74,74,84,84,84,84,84,84,84,84,84],"relic_stats":{"counters":[8,29],"Golden Idol":37,"MealTicket":0,"obtain_stats":[{"Potion Belt":3,"Tiny House":0,"Pear":7,"Golden Idol":2,"MealTicket":9,"Cracked Core":0,"Toy Ornithopter":13,"Old Coin":11},{"Potion Belt":1,"Tiny House":0,"Pear":4,"Golden Idol":1,"MealTicket":4,"Cracked Core":0,"Toy Ornithopter":7,"Old Coin":5},{"Potion Belt":3,"Tiny House":0,"Pear":13,"Golden Idol":3,"MealTicket":13,"Cracked Core":0,"Toy Ornithopter":28,"Old Coin":19}],"Toy Ornithopter":0},"card_choices":[{"not_picked":["Conserve Battery","Go for the Eyes"],"picked":"Ball Lightning","floor":0},{"not_picked":["Leap","Gash"],"picked":"Streamline","floor":1},{"not_picked":["Go for the Eyes","Leap"],"picked":"Genetic Algorithm","floor":4},{"not_picked":["Scrape","Rebound"],"picked":"Skim","floor":5},{"not_picked":["Stack","Gash"],"picked":"Steam","floor":7},{"not_picked":["Hologram","BootSequence"],"picked":"Darkness","floor":11},{"not_picked":["Fusion","Darkness"],"picked":"Recycle","floor":12},{"not_picked":["Gash","Hologram"],"picked":"Rainbow","floor":13}],"player_experience":291346,"relics_obtained":[{"floor":7,"key":"Pear"},{"floor":9,"key":"MealTicket"},{"floor":11,"key":"Old Coin"},{"floor":13,"key":"Toy Ornithopter"}],"event_choices":[{"damage_healed":0,"gold_gain":0,"player_choice":"Lose Max HP","damage_taken":0,"relics_obtained":["Golden Idol"],"max_hp_gain":0,"max_hp_loss":6,"event_name":"Golden Idol","floor":2,"gold_loss":0},{"damage_healed":0,"gold_gain":0,"player_choice":"Success","damage_taken":12,"relics_obtained":["Potion Belt"],"max_hp_gain":0,"max_hp_loss":0,"event_name":"Scrap Ooze","floor":3,"gold_loss":0},{"damage_healed":0,"gold_gain":0,"cards_transformed":["Strike_B"],"player_choice":"Transformed","damage_taken":0,"max_hp_gain":0,"max_hp_loss":0,"event_name":"Transmorgrifier","floor":8,"gold_loss":0,"cards_obtained":["Tempest"]}],"is_beta":false,"boss_relics":[],"items_purged_floors":[],"is_endless":false,"potions_floor_spawned":[4,11,13],"killed_by":"3 Louse","ascension_level":4}}