{"host":"yo9wwslrag05lh37","time":1607556982,"event":{"gold_per_floor":[118,128,128,128,140,165,165,165,243,208,46,77,77,89,89,164,164,180,180,194,213,0,0,0],"floor_reached":23,"playtime":835,"items_purged":[],"score":448,"play_id":"32a84de3-3f1f-494c-a3e9-b273191ed022","local_time":"20201210003622","is_ascension_mode":true,"campfire_choices":[{"data":"Compile Driver","floor":8.0,"key":"SMITH"},{"data":"Coolheaded","floor":13.0,"key":"SMITH"},{"data":"Capacitor","floor":15.0,"key":"SMITH"}],"neow_cost":"NONE","seed_source_timestamp":2077134141507700,"circlet_count":0,"master_deck":["AscendersBane","Strike_B","Strike_B","Strike_B+1","Strike_B","Defend_B","Defend_B","Defend_B","Defend_B","Zap+1","Dualcast+1","Glacier","Coolheaded+1","Glacier","Compile Driver+1","Gash","Capacitor+1","Electrodynamics","Capacitor","Barrage","Lockon"],"special_seed":0,"relics":["Cracked Core","PreservedInsect","Shuriken","DataDisk","Tiny Chest","Black Star"],"potions_floor_usage":[],"damage_taken":[{"damage":3.0,"enemies":"Jaw Worm","floor":1.0,"turns":5.0},{"damage":0.0,"enemies":"Small Slimes","floor":2.0,"turns":4.0},{"damage":4.0,"enemies":"2 Louse","floor":5.0,"turns":4.0},{"damage":12.0,"enemies":"3 Sentries","floor":6.0,"turns":14.0},{"damage":0.0,"enemies":"Gremlin Nob","floor":12.0,"turns":3.0},{"damage":0.0,"enemies":"Looter","floor":14.0,"turns":3.0},{"damage":8.0,"enemies":"The Guardian","floor":16.0,"turns":15.0},{"damage":14.0,"enemies":"Chosen","floor":18.0,"turns":5.0},{"damage":9.0,"enemies":"Spheric Guardian","floor":20.0,"turns":7.0},{"damage":12.0,"enemies":"Snecko","floor":21.0,"turns":6.0},{"damage":24,"enemies":"Book of Stabbing","floor":23,"turns":1}],"seed_played":"-5782110085528430434","potions_obtained":[{"floor":5.0,"key":"Swift Potion"},{"floor":6.0,"key":"SpeedPotion"},{"floor":14.0,"key":"DuplicationPotion"}],"is_trial":false,"path_per_floor":["M","M","?","?","M","E","?","R","T","?","$","E","R","M","R","B",null,"M","?","M","M","?","E"],"character_chosen":"DEFECT","items_purchased":["DataDisk"],"campfire_rested":0,"item_purchase_floors":[11],"current_hp_per_floor":[61,61,61,61,57,45,24,24,24,41,41,41,41,41,41,33,62,48,28,19,7,7,0,0],"gold":0,"neow_bonus":"THREE_CARDS","is_prod":false,"is_daily":false,"chose_seed":false,"campfire_upgraded":3,"win_rate":0,"timestamp":1607556982,"path_taken":["M","M","?","?","M","E","?","R","T","?","$","E","R","M","R","BOSS","M","?","M","M","?","E"],"build_version":"2020-11-30","purchased_purges":0,"victory":false,"max_hp_per_floor":[71,71,71,71,71,71,71,71,71,71,71,71,71,71,71,71,71,71,76,76,76,76,76,76],"relic_stats":{"counters":[11,67],"Shuriken":[4],"Tiny Chest":0,"PreservedInsect":66,"Black Star":0,"obtain_stats":[{"DataDisk":11,"Shuriken":9,"Tiny Chest":12,"PreservedInsect":6,"Black Star":17,"Cracked Core":0},{"DataDisk":4,"Shuriken":4,"Tiny Chest":5,"PreservedInsect":4,"Black Star":7,"Cracked Core":0},{"DataDisk":27,"Shuriken":27,"Tiny Chest":30,"PreservedInsect":27,"Black Star":48,"Cracked Core":0}]},"card_choices":[{"not_picked":["Steam","Conserve Battery"],"picked":"Glacier","floor":0.0},{"not_picked":["Leap","Rebound"],"picked":"Coolheaded","floor":1.0},{"not_picked":["Beam Cell","Leap"],"picked":"Glacier","floor":2.0},{"not_picked":["Consume","Go for the Eyes"],"picked":"Compile Driver","floor":5.0},{"not_picked":["Steam","Redo","Beam Cell"],"picked":"SKIP","floor":6.0},{"not_picked":["Rainbow","Streamline"],"picked":"Gash","floor":12.0},{"not_picked":["Sweeping Beam","Blizzard"],"picked":"Capacitor","floor":14.0},{"not_picked":["Reboot","Core Surge"],"picked":"Electrodynamics","floor":16.0},{"not_picked":["Lockon","Leap+1"],"picked":"Capacitor","floor":18.0},{"not_picked":["Hologram+1","Ball Lightning"],"picked":"Barrage","floor":20.0},{"not_picked":["Turbo","Streamline"],"picked":"Lockon","floor":21.0}],"player_experience":1315563,"relics_obtained":[{"floor":6.0,"key":"PreservedInsect"},{"floor":9.0,"key":"Shuriken"},{"floor":12.0,"key":"Tiny Chest"}],"event_choices":[{"damage_healed":0.0,"max_hp_gain":0.0,"max_hp_loss":0.0,"gold_gain":0.0,"event_name":"Liars Game","player_choice":"Ignored","floor":3.0,"gold_loss":0.0,"damage_taken":0.0},{"damage_healed":0.0,"max_hp_gain":0.0,"max_hp_loss":0.0,"gold_gain":0.0,"event_name":"Living Wall","player_choice":"Grow","floor":4.0,"gold_loss":0.0,"damage_taken":0.0,"cards_upgraded":["Zap"]},{"damage_healed":0.0,"max_hp_gain":0.0,"max_hp_loss":0.0,"gold_gain":0.0,"event_name":"Shining Light","player_choice":"Entered Light","floor":7.0,"gold_loss":0.0,"damage_taken":21.0,"cards_upgraded":["Strike_B","Dualcast"]},{"damage_healed":17.0,"max_hp_gain":0.0,"max_hp_loss":0.0,"gold_gain":0.0,"event_name":"The Cleric","player_choice":"Healed","floor":10.0,"gold_loss":35.0,"damage_taken":0.0},{"damage_healed":0.0,"max_hp_gain":5.0,"max_hp_loss":0.0,"gold_gain":0.0,"event_name":"Forgotten Altar","player_choice":"Shed Blood","floor":19.0,"gold_loss":0.0,"damage_taken":25.0},{"damage_healed":0,"gold_gain":0,"player_choice":"Paid Fearfully","damage_taken":0,"max_hp_gain":0,"max_hp_loss":0,"event_name":"Masked Bandits","floor":22,"gold_loss":213}],"is_beta":false,"boss_relics":[{"not_picked":["Runic Dome","Fusion Hammer"],"picked":"Black Star"}],"items_purged_floors":[],"is_endless":false,"potions_floor_spawned":[5,6,14,18,20],"killed_by":"Book of Stabbing","ascension_level":20}}