{"host":"wpxe4vcm7d9hc2g8","time":1607480284,"event":{"gold_per_floor":[118,118,118,130,55,55,81,101,101,130,130,30,30,30,30,129,129,430,82,2,2,17,35,42,42,42,70,70,84,109,34,34,125,125,138,165,165,221,1037,1037,1064,1081,1162,1162,750,763,778,795,795,897,897,912,924,849,477,493,505,505,262,262,357,357,357,357],"floor_reached":63,"playtime":6611,"items_purged":["Strike_B","Defend_B","Defend_B","Defend_B","All For One","Hallownest:skillCityofTearsMap+1","Undo","Dualcast+1"],"score":2281,"play_id":"cfae5d0f-e057-44a5-8ea8-6ab4bb9b7040","local_time":"20201208201804","is_ascension_mode":true,"campfire_choices":[{"data":"Zap","floor":6.0,"key":"SMITH"},{"data":"StuffTheSpire:BrainWave","floor":11.0,"key":"SMITH"},{"data":"Dualcast","floor":13.0,"key":"SMITH"},{"data":"ReplayUltimateDefense","floor":25.0,"key":"SMITH"},{"data":"ReplayUltimateDefense","floor":32.0,"key":"SMITH"},{"data":"Hallownest:skillCityofTearsMap","floor":40.0,"key":"SMITH"},{"data":"Sunder","floor":44.0,"key":"SMITH"},{"data":"Prostrate","floor":49.0,"key":"SMITH"},{"data":"StuffTheSpire:ShieldGenerator","floor":58,"key":"SMITH"}],"neow_cost":"NONE","seed_source_timestamp":0,"circlet_count":0,"master_deck":["AscendersBane","StuffTheSpire:BrainWave+1","Zap+1","Sunder+1","Carnage+1","ReplayUltimateDefense+1","Coolheaded+1","ReplayUltimateDefense+1","Prostrate+1","StuffTheSpire:ShieldGenerator+1"],"special_seed":0,"relics":["Cracked Core","Replay:M_SmolderingBlood","Happy Flower","Gensokyo:OccultBall","conspire:SpecialSausage","Blood Vial","Lantern","aspiration:WatcherSkillbook","ReplayTheSpireMod:Lightbulb","wanderingMiniBosses:MasterThiefsPresence","Replay:Baseball","conspire:BottledYoYo","MerchantsRug","aspiration:HummingbirdHeart","StuffTheSpire:Kangaroo","paleoftheancients:Timepiece","paleoftheancients:KeyRelic","Oddly Smooth Stone","Ice Cream","Medical Kit","paleoftheancients:SoulOfTheDefect","StuffTheSpire:Rhapsscallions"],"potions_floor_usage":[],"damage_taken":[{"damage":9.0,"enemies":"Gensokyo:Gryphon","floor":1.0,"turns":3.0},{"damage":6.0,"enemies":"Gensokyo:3_Fairies","floor":4.0,"turns":4.0},{"damage":8.0,"enemies":"Gensokyo:Cirno","floor":7.0,"turns":6.0},{"damage":0.0,"enemies":"Gensokyo:2_Kodama","floor":8.0,"turns":2.0},{"damage":10.0,"enemies":"Gensokyo:Mamizou","floor":10.0,"turns":4.0},{"damage":0.0,"enemies":"Gensokyo:Kokoro","floor":16.0,"turns":8.0},{"damage":35.0,"enemies":"Hallownest:Flukemon_and_Top","floor":18.0,"turns":6.0},{"damage":0.0,"enemies":"Hallownest:Guard_and_Sentry","floor":22.0,"turns":3.0},{"damage":0.0,"enemies":"Nightmare","floor":23.0,"turns":5.0},{"damage":0.0,"enemies":"Hallownest:2_Flukemon","floor":24.0,"turns":4.0},{"damage":0.0,"enemies":"Hallownest:Nosk","floor":27.0,"turns":3.0},{"damage":0.0,"enemies":"Hallownest:monsterMisterMushroom","floor":29.0,"turns":2.0},{"damage":0.0,"enemies":"Hallownest:eliteSoulWarrior","floor":30.0,"turns":3.0},{"damage":0.0,"enemies":"Hallownest:BossMantisLord","floor":33.0,"turns":4.0},{"damage":0.0,"enemies":"3 Shapes","floor":35.0,"turns":1.0},{"damage":0.0,"enemies":"conspire:MimicChest","floor":36.0,"turns":5.0},{"damage":0.0,"enemies":"3 Darklings","floor":39.0,"turns":3.0},{"damage":22.0,"enemies":"Nightmare","floor":41.0,"turns":5.0},{"damage":0.0,"enemies":"Transient","floor":42.0,"turns":5.0},{"damage":0.0,"enemies":"Spire Growth","floor":46.0,"turns":2.0},{"damage":0.0,"enemies":"3 Darklings","floor":47.0,"turns":2.0},{"damage":0.0,"enemies":"Writhing Mass","floor":48.0,"turns":2.0},{"damage":0.0,"enemies":"Donu and Deca","floor":50.0,"turns":4.0},{"damage":0.0,"enemies":"Donu and Deca","floor":52.0,"turns":3.0},{"damage":0.0,"enemies":"Donu and Deca","floor":53.0,"turns":4.0},{"damage":0.0,"enemies":"Donu and Deca","floor":56.0,"turns":2.0},{"damage":0,"enemies":"","floor":57,"turns":3},{"damage":0,"enemies":"paleoftheancients:N","floor":61,"turns":7},{"damage":0,"enemies":"Small Slimes","floor":63,"turns":1}],"seed_played":"-4984806598961733408","potions_obtained":[{"floor":8.0,"key":"Reflective Coating"},{"floor":22.0,"key":"EssenceOfSteel"},{"floor":24.0,"key":"CultistPotion"},{"floor":46.0,"key":"Block Potion"},{"floor":47.0,"key":"Adrenaline Potion"},{"floor":48.0,"key":"Swift Potion"},{"floor":52.0,"key":"Block Potion"},{"floor":53.0,"key":"BlessingOfTheForge"}],"is_trial":false,"path_per_floor":["M","?","?","M","$","R","E","M","T","E","R","$","R","?","R","B",null,"M","$","?","?","M","NM","M","R","T","E","AVR","M","E","?","R","B",null,"M","?","AVR","?","M","R","NM","M","T","R","$","M","M","M","R","B",null,"M","M","?","$","R","M","R","$","?","B",null,"M"],"character_chosen":"DEFECT","items_purchased":["ReplayUltimateDefense","Beam Cell","MerchantsRug","aspiration:HummingbirdHeart","Medical Kit","StuffTheSpire:Rhapsscallions"],"campfire_rested":0,"item_purchase_floors":[19,19,45,45,55,59],"current_hp_per_floor":[59,66,34,28,28,28,20,20,20,10,10,10,10,10,34,34,70,35,35,35,35,35,35,37,37,37,39,39,41,43,43,43,45,73,75,77,77,57,59,59,39,41,41,41,41,43,45,47,47,49,78,83,86,86,86,86,86,86,92,92,92,92,92,92],"gold":357,"neow_bonus":"NOSTALGIA","is_prod":false,"is_daily":false,"chose_seed":false,"campfire_upgraded":9,"win_rate":0,"timestamp":1607480284,"path_taken":["M","?","?","M","$","R","E","M","T","E","R","?","R","?","R","BOSS","M","$","?","?","M","NM","M","R","T","E","AVR","M","E","?","R","BOSS","M","?","AVR","?","M","R","NM","?","T","R","?","M","?","M","R","BOSS","M","M","?","$","R","M","R","$","?","BOSS","M"],"build_version":"2020-11-30","purchased_purges":8,"victory":false,"max_hp_per_floor":[75,82,82,82,82,82,82,82,82,82,82,82,82,82,82,82,82,82,82,82,82,82,82,82,82,82,82,82,82,82,82,82,82,82,82,82,82,82,82,82,82,82,82,82,82,82,82,82,82,82,86,86,86,86,86,86,86,86,92,92,92,92,92,92],"card_choices":[{"not_picked":["Ball Lightning","Gash"],"picked":"Sunder","floor":1.0},{"not_picked":["Halt","Force Field"],"picked":"Steam Power","floor":4.0},{"not_picked":["Turbo","BasicCrystalCard","Go for the Eyes"],"picked":"SKIP","floor":7.0},{"not_picked":["BowlingBash","FollowUp"],"picked":"Carnage","floor":8.0},{"not_picked":["Stack","Auto Shields"],"picked":"Undo","floor":10.0},{"not_picked":["StuffTheSpire:Synthwave","Leap","Redo+1"],"picked":"SKIP","floor":18.0},{"not_picked":["Hologram+1","Double Energy+1","aspiration:Polymerization"],"picked":"SKIP","floor":22.0},{"not_picked":["Hologram+1","Double Energy+1","aspiration:Polymerization"],"picked":"SKIP","floor":22.0},{"not_picked":["ReplayTheSpireMod:Calculation Training","StuffTheSpire:NuclearReactor+1"],"picked":"Coolheaded+1","floor":23.0},{"not_picked":["Auto Shields","Steam Power+1","hubris:PowerSurge"],"picked":"SKIP","floor":24.0},{"not_picked":["Rebound","Leap","hubris:Ukulele+1"],"picked":"SKIP","floor":27.0},{"not_picked":["hubris:Ukulele","Redo+1","ReplayTheSpireMod:Repulse"],"picked":"SKIP","floor":29.0},{"not_picked":["Beam Cell+1","StuffTheSpire:Plugnplay+1","StuffTheSpire:Rend"],"picked":"SKIP","floor":30.0},{"not_picked":["Poisoned Strike","Chrysalis"],"picked":"ReplayUltimateDefense","floor":31.0},{"not_picked":["Creative AI","Core Surge"],"picked":"All For One","floor":33.0},{"not_picked":["StuffTheSpire:Plugnplay+1","Consecrate","Meditate","Gash+1"],"picked":"SKIP","floor":35.0},{"not_picked":["WheelKick","SashWhip+1","Heatsinks+1","Compile Driver"],"picked":"SKIP","floor":39.0},{"not_picked":["DeusExMachina","MentalFortress","ReachHeaven"],"picked":"Prostrate","floor":41.0},{"not_picked":["Sanctity+1","SashWhip","Leap","Ball Lightning"],"picked":"SKIP","floor":42.0},{"not_picked":["FlurryOfBlows","Study","EmptyFist+1","Clash+1"],"picked":"SKIP","floor":46.0},{"not_picked":["ReplayGash+1","ThirdEye+1","FlyingSleeves","Adaptation"],"picked":"SKIP","floor":47.0},{"not_picked":["Leap","FlyingSleeves","Conclude","Aggregate"],"picked":"SKIP","floor":48.0},{"not_picked":["Replay:Vibes+1","Redo+1","Gash","StuffTheSpire:SnapShoot+1"],"picked":"SKIP","floor":52.0},{"not_picked":["Pray","Turbo","Steam Power+1","EmptyBody+1"],"picked":"SKIP","floor":53.0},{"not_picked":["CarveReality","WindmillStrike","Lockon"],"picked":"StuffTheSpire:ShieldGenerator","floor":54.0},{"not_picked":["Recycle","StuffTheSpire:EventHorizon","Panic Button","Barrage+1"],"picked":"SKIP","floor":56.0},{"not_picked":["Recycle","StuffTheSpire:EventHorizon","Panic Button","Barrage+1"],"picked":"SKIP","floor":56.0},{"not_picked":["Reinforced Body","White Noise","FearNoEvil+1","Replay:BluntJabs+1"],"picked":"SKIP","floor":57}],"player_experience":2431184,"relics_obtained":[{"floor":7.0,"key":"Pet Ghost"},{"floor":9.0,"key":"hubris:CrystalStatue"},{"floor":10.0,"key":"Happy Flower"},{"floor":16.0,"key":"Gensokyo:OccultBall"},{"floor":23.0,"key":"Blood Vial"},{"floor":27.0,"key":"Gensokyo:OccultBall"},{"floor":27.0,"key":"infinitespire:Beetle Shell"},{"floor":30.0,"key":"Gensokyo:OccultBall"},{"floor":30.0,"key":"Lantern"},{"floor":33.0,"key":"Gensokyo:OccultBall"},{"floor":36.0,"key":"ReplayTheSpireMod:Lightbulb"},{"floor":38.0,"key":"HollowMod:LifeEnderRelic"},{"floor":39.0,"key":"Gensokyo:OccultBall"},{"floor":39.0,"key":"wanderingMiniBosses:MasterThiefsPresence"},{"floor":41.0,"key":"Replay:Baseball"},{"floor":43.0,"key":"conspire:BottledYoYo"},{"floor":50.0,"key":"Gensokyo:OccultBall"},{"floor":56.0,"key":"Gensokyo:OccultBall"},{"floor":57,"key":"paleoftheancients:SoulOfTheDefect"}],"event_choices":[{"damage_healed":0.0,"max_hp_gain":0.0,"max_hp_loss":0.0,"gold_gain":0.0,"event_name":"betterMatch:BetterMatch","player_choice":"1","floor":31.0,"gold_loss":0.0,"damage_taken":0.0,"cards_obtained":["betterMatch:ColorlessRareCard","betterMatch:RareCard"]},{"damage_healed":0.0,"max_hp_gain":0.0,"max_hp_loss":0.0,"gold_gain":0.0,"event_name":"betterMatch:BetterMatch","player_choice":"1","floor":54.0,"gold_loss":0.0,"damage_taken":0.0,"cards_obtained":["betterMatch:ColorlessRareCard","betterMatch:UncommonCard"]}],"is_beta":false,"boss_relics":[{"not_picked":["ReplayTheSpireMod:SealedPack","Runic Dome"],"picked":"conspire:SpecialSausage"},{"not_picked":["hubris:BlackHole","Fusion Hammer"],"picked":"aspiration:WatcherSkillbook"},{"not_picked":["Abe\u0027s Treasure","aspiration:SecretTechniqueScroll"],"picked":"StuffTheSpire:Kangaroo"},{"not_picked":["conspire:SeveredTorchhead","energizedSpire:DeadBattery","Astrolabe"]}],"items_purged_floors":[5,12,19,28,37,45,55,55],"is_endless":true,"potions_floor_spawned":[8,22,24,33,46,47,48,52,53],"killed_by":"Small Slimes","ascension_level":10}}