{"host":"i9wanet4r0ff4t9y","time":1607513552,"event":{"gold_per_floor":[118,128,142,142,142,172,185,185,209,209,227,227,256,270,270,366,366,352,352,366,23,37,37,57,57,80,5,17,29,29,63,63,165,165,180,192,192,205,219,250,250,268,341,391,309,334,344,360,360,360],"floor_reached":51,"playtime":5121,"items_purged":["sneckomod:Bewildered"],"score":983,"play_id":"5a269da2-1354-49ec-8a8a-a75c8e62e1bd","local_time":"20201209123232","is_ascension_mode":false,"campfire_choices":[{"floor":8,"key":"REST"},{"data":"Judgement","floor":12,"key":"SMITH"},{"floor":15,"key":"REST"},{"data":"ReplayTheSpireMod:Brewmster","floor":23,"key":"SMITH"},{"data":"expansioncontent:QuickStudy","floor":30,"key":"SMITH"},{"data":"Pendulum","floor":32,"key":"SMITH"},{"data":"ReapSow","floor":41,"key":"SMITH"},{"floor":49,"key":"DIG"}],"neow_cost":"","seed_source_timestamp":13316002153460,"circlet_count":0,"master_deck":["Strike_Br","Strike_Br","Strike_Br","Strike_Br","Defend_Br","Defend_Br","Defend_Br","Defend_Br","SecondHand","PatternShift","Writhe","ReplayTheSpireMod:Brewmster+1","TiringSlam","HandsUpC","Judgement+1","Allegro","WindUp","LockedAnchor","BiteCommand","LockedBlood","Lento+1","DaylightSavings","Echoward","Pendulum+1","EscortCommand","expansioncontent:QuickStudy+1","Echoward","ReapSow+7","Allegro+1","LockedAnchor","PrimeTime+1","WatchCommand","Echoward+1","Echonomics","Analog","LockedAnchor","Goo","Lento+1","ReapSow+7","EscortCommand+1","BiteCommand+1","MasterKey","LockedMedicine+1","WindUp+1"],"special_seed":0,"relics":["Chronometer","Strawberry","Dream Catcher","Sling","Ice Cream","Pet Ghost","Centennial Puzzle","Replay:Rubber Ducky","Orichalcum","WarPaint?","Odd Mushroom","Replay:Bronze Core","Lizard Tail","sneckomod:BabySnecko","Boot","Oddly Smooth Stone","Metronome","StrikeDummy","Question Card","Counterbalance","Frozen Egg 2","Art of War","Unceasing Top"],"potions_floor_usage":[6,6,7,11,11,13,16,16,16,16,16,16,16,16,16,16,20,22,22,24,24,28,28,29,29,31,31,31,31,31,33,33,33,33,36,38,39,39,40,40,44,46,46,46,47,48,50,50,50,50,50,50,50,50,50],"damage_taken":[{"damage":6.0,"enemies":"2 Louse","floor":1.0,"turns":4.0},{"damage":0.0,"enemies":"Jaw Worm","floor":2.0,"turns":6.0},{"damage":2.0,"enemies":"Small Slimes","floor":3.0,"turns":5.0},{"damage":8,"enemies":"3 Sentries","floor":6,"turns":5},{"damage":7,"enemies":"3 Louse","floor":7,"turns":3},{"damage":3,"enemies":"Blue Slaver","floor":11,"turns":4},{"damage":4,"enemies":"The Mushroom Lair","floor":13,"turns":4},{"damage":3,"enemies":"Looter","floor":14,"turns":3},{"damage":37,"enemies":"The Guardian","floor":16,"turns":12},{"damage":2,"enemies":"2 Thieves","floor":18,"turns":5},{"damage":5,"enemies":"Shell Parasite","floor":20,"turns":7},{"damage":0,"enemies":"Snake Plant","floor":22,"turns":3},{"damage":6,"enemies":"Centurion and Healer","floor":24,"turns":6},{"damage":5,"enemies":"Chosen and Byrds","floor":28,"turns":7},{"damage":13,"enemies":"Shelled Parasite and Fungi","floor":29,"turns":5},{"damage":2,"enemies":"Gremlin Leader","floor":31,"turns":10},{"damage":13,"enemies":"Collector","floor":33,"turns":11},{"damage":15,"enemies":"3 Darklings","floor":35,"turns":7},{"damage":12,"enemies":"Orb Walker","floor":36,"turns":3},{"damage":0,"enemies":"Transient","floor":38,"turns":5},{"damage":0,"enemies":"4 Shapes","floor":39,"turns":7},{"damage":15,"enemies":"Reptomancer","floor":40,"turns":6},{"damage":6,"enemies":"Jaw Worm Horde","floor":42,"turns":6},{"damage":0,"enemies":"Mind Bloom Boss Battle","floor":44,"turns":9},{"damage":0,"enemies":"R_Hoarder","floor":46,"turns":8},{"damage":54,"enemies":"Maw","floor":47,"turns":11},{"damage":2,"enemies":"Transient","floor":48,"turns":5},{"damage":19,"enemies":"Awakened One","floor":50,"turns":18}],"seed_played":"-5011148654892336737","potions_obtained":[{"floor":1.0,"key":"Elixir"},{"floor":7,"key":"Adrenaline Potion"},{"floor":18,"key":"Block Potion"},{"floor":22,"key":"Dexterity Potion"},{"floor":35,"key":"Strength Potion"},{"floor":48,"key":"sneckomod:MuddlingPotion"}],"is_trial":false,"path_per_floor":["M","M","M","?","?","E","M","R","T","?","M","R","?","M","R","B",null,"M","?","M","$","M","R","M","?","T","$","M","M","R","E","R","B",null,"M","M","?","M","M","E","R","M","T","?","?","E","M","M","R","B",null],"character_chosen":"CHRONO_CLASS","items_purchased":["Strawberry","Dream Catcher","Sling","Ice Cream","Pet Ghost","Fruit Juice","ReplayTheSpireMod:Brewmster","Lizard Tail","ReapSow"],"campfire_rested":2,"item_purchase_floors":[0,0,0,0,0,0,0,21,21],"current_hp_per_floor":[50,50,48,43,43,35,28,51,51,51,48,48,44,41,64,33,77,77,77,77,77,77,77,75,75,75,75,74,63,63,67,67,54,77,66,54,54,54,75,60,60,56,56,62,62,76,23,21,21,8],"gold":360,"neow_bonus":"","is_prod":false,"is_daily":false,"chose_seed":false,"campfire_upgraded":5,"win_rate":0,"timestamp":1607513552,"path_taken":["M","M","M","?","?","E","M","R","T","?","M","R","?","M","R","BOSS","M","?","M","$","M","R","M","?","T","?","M","M","R","E","R","BOSS","M","M","?","?","M","E","R","M","T","?","?","E","M","M","R","BOSS"],"build_version":"2020-11-30","purchased_purges":1,"victory":true,"max_hp_per_floor":[77,77,77,77,77,77,77,77,77,77,77,77,77,77,77,77,77,77,77,77,77,77,77,77,77,77,77,77,77,77,77,77,77,77,77,77,77,77,77,77,77,77,77,77,77,77,77,77,77,77],"relic_stats":{"Dream Catcher":2,"Centennial Puzzle":[60],"Lizard Tail":0,"counters":[87,549],"Art of War":[2],"Orichalcum":[102],"Boot":[50],"Question Card":8,"obtain_stats":[{"Ice Cream":34,"Metronome":34,"Sling":0,"Boot":26,"Sozu":17,"Centennial Puzzle":5,"Lizard Tail":21,"HornCleat":34,"FaceOfCleric":14,"Strawberry":0,"Replay:Bronze Core":17,"Philosopher\u0027s Stone":17,"Replay:Wax Seal":17,"Replay:Grab Bag":17,"Astrolabe":17,"Counterbalance":44,"Oddly Smooth Stone":31,"Replay:Ancient Bell":17,"Replay:Kaleidoscope":25,"War Paint":8,"Question Card":40,"WarpedTongs":7,"WarPaint?":10,"SlaversCollar":17,"Replay:Baseball":24,"Bird Faced Urn":2,"ReplayTheSpireMod:TigerMarble":7,"Grinning Jar":10,"StrikeDummy":40,"Unceasing Top":49,"Meat on the Bone":9,"Regal Pillow":34,"SacredBark":17,"StoneCalendar":0,"Painkiller Herb":17,"Pet Ghost":0,"Replay:Rubber Ducky":6,"Dream Catcher":0,"Matryoshka":32,"Ring of Fangs":3,"Chameleon Ring":30,"Pantograph":46,"Gremlin Food":26,"Potion Belt":4,"Quantum Egg":9,"PreservedInsect":0,"Omamori":3,"Orichalcum":9,"Odd Mushroom":13,"Frozen Egg 2":45,"White Beast Statue":9,"Chronograph":17,"sneckomod:BabySnecko":25,"Anchor":26,"Chronometer":0,"ChewingGum":17,"Garlic":17,"Durian":17,"Art of War":46,"ReplayTheSpireMod:Ring of Challenge":3},{"Ice Cream":50,"Metronome":76,"Sling":59,"Boot":72,"Sozu":31,"Centennial Puzzle":62,"Lizard Tail":70,"HornCleat":50,"FaceOfCleric":7,"Strawberry":59,"Replay:Bronze Core":68,"Philosopher\u0027s Stone":40,"Replay:Wax Seal":8,"Replay:Grab Bag":31,"Astrolabe":40,"Counterbalance":83,"Oddly Smooth Stone":75,"Replay:Ancient Bell":8,"Replay:Kaleidoscope":45,"War Paint":36,"Question Card":54,"WarpedTongs":18,"WarPaint?":64,"SlaversCollar":31,"Replay:Baseball":11,"Bird Faced Urn":34,"ReplayTheSpireMod:TigerMarble":26,"Grinning Jar":19,"StrikeDummy":81,"Unceasing Top":86,"Meat on the Bone":19,"Regal Pillow":50,"SacredBark":40,"StoneCalendar":0,"Painkiller Herb":40,"Pet Ghost":59,"Replay:Rubber Ducky":63,"Dream Catcher":59,"Matryoshka":14,"Ring of Fangs":17,"Chameleon Ring":48,"Pantograph":57,"Gremlin Food":11,"Potion Belt":34,"Quantum Egg":36,"PreservedInsect":15,"Omamori":34,"Orichalcum":64,"Odd Mushroom":66,"Frozen Egg 2":83,"White Beast Statue":5,"Chronograph":31,"sneckomod:BabySnecko":72,"Anchor":45,"Chronometer":0,"ChewingGum":31,"Garlic":8,"Durian":8,"Art of War":84,"ReplayTheSpireMod:Ring of Challenge":17},{"Ice Cream":290,"Metronome":464,"Sling":366,"Boot":432,"Sozu":177,"Centennial Puzzle":381,"Lizard Tail":423,"HornCleat":290,"FaceOfCleric":29,"Strawberry":366,"Replay:Bronze Core":412,"Philosopher\u0027s Stone":222,"Replay:Wax Seal":39,"Replay:Grab Bag":177,"Astrolabe":222,"Counterbalance":507,"Oddly Smooth Stone":454,"Replay:Ancient Bell":39,"Replay:Kaleidoscope":255,"War Paint":200,"Question Card":315,"WarpedTongs":101,"WarPaint?":389,"SlaversCollar":177,"Replay:Baseball":54,"Bird Faced Urn":191,"ReplayTheSpireMod:TigerMarble":154,"Grinning Jar":109,"StrikeDummy":492,"Unceasing Top":531,"Meat on the Bone":109,"Regal Pillow":290,"SacredBark":222,"StoneCalendar":0,"Painkiller Herb":222,"Pet Ghost":366,"Replay:Rubber Ducky":386,"Dream Catcher":366,"Matryoshka":74,"Ring of Fangs":94,"Chameleon Ring":274,"Pantograph":345,"Gremlin Food":54,"Potion Belt":191,"Quantum Egg":200,"PreservedInsect":83,"Omamori":191,"Orichalcum":389,"Odd Mushroom":397,"Frozen Egg 2":507,"White Beast Statue":18,"Chronograph":177,"sneckomod:BabySnecko":432,"Anchor":255,"Chronometer":0,"ChewingGum":177,"Garlic":39,"Durian":39,"Art of War":515,"ReplayTheSpireMod:Ring of Challenge":94}],"Unceasing Top":[0]},"card_choices":[{"not_picked":["LockedTornado","LockedPlans"],"picked":"TiringSlam","floor":1.0},{"not_picked":["Echoward","LockedAnchor"],"picked":"HandsUpC","floor":2.0},{"not_picked":["HandsUpC","LockedBlood"],"picked":"Tempo","floor":3.0},{"not_picked":["LockedTornado","HandsUpB"],"picked":"WindUp","floor":6},{"not_picked":["LockedBell","CrunchTime"],"picked":"LockedAnchor","floor":7},{"not_picked":["HandsUpB","WindUp"],"picked":"BiteCommand","floor":8},{"not_picked":["WatchCommand","Keepsakes"],"picked":"LockedBlood","floor":11},{"not_picked":["CrunchTime","LockedPlans"],"picked":"Tempo","floor":13},{"not_picked":["LockedWhetstone","Facsimile"],"picked":"DaylightSavings","floor":14},{"not_picked":["Engulf","LockedBlood"],"picked":"Echoward","floor":15},{"not_picked":["BackFourSeconds","OldTimer"],"picked":"Pendulum","floor":16},{"not_picked":["AlternateTimeline+1","Engulf+1"],"picked":"EscortCommand","floor":18},{"not_picked":["BlueShift","CrunchTime"],"picked":"Echoward","floor":20},{"not_picked":["Engulf+1","TickedOff"],"picked":"Tempo+1","floor":22},{"not_picked":["LockedScales","HandsUpB"],"picked":"LockedAnchor","floor":24},{"not_picked":["Keepsakes","LockedScales"],"picked":"PrimeTime+1","floor":28},{"not_picked":["HandsUpB","Facsimile"],"picked":"WatchCommand","floor":29},{"not_picked":["DaylightSavings+1","BlueShift+1"],"picked":"Echoward+1","floor":31},{"not_picked":["LockedCalendar","LockedAstrolabe"],"picked":"Echonomics","floor":33},{"not_picked":["PrimeTime+1","LockedMedicine"],"picked":"Analog","floor":35},{"not_picked":["PrimeTime","ResonantCall"],"picked":"LockedAnchor","floor":36},{"not_picked":["LockedAnchor+1","Engulf+1"],"picked":"Goo","floor":38},{"not_picked":["BlueShift","LockedMawBank"],"picked":"Tempo","floor":39},{"not_picked":["TiringSlam+1","OldTimer"],"picked":"ReapSow+1","floor":40},{"not_picked":["DaylightSavings","BlueShift"],"picked":"EscortCommand+1","floor":42},{"not_picked":["ShortSighted","WakeUpCall+1","LockedAnchor"],"picked":"BiteCommand+1","floor":44},{"not_picked":["OldTimer","LockedAstrolabe+1","ReapSow"],"picked":"MasterKey","floor":46},{"not_picked":["Goo","Engulf+1","Cuckoo"],"picked":"LockedMedicine+1","floor":47},{"not_picked":["AlternateTimeline+1","FormalWear","BiteCommand+1"],"picked":"WindUp+1","floor":48}],"player_experience":314646,"relics_obtained":[{"floor":6,"key":"Replay:Rubber Ducky"},{"floor":9,"key":"Orichalcum"},{"floor":13,"key":"Odd Mushroom"},{"floor":26,"key":"Boot"},{"floor":31,"key":"Oddly Smooth Stone"},{"floor":40,"key":"StrikeDummy"},{"floor":43,"key":"Question Card"},{"floor":44,"key":"Counterbalance"},{"floor":46,"key":"Art of War"},{"floor":49,"key":"Unceasing Top"}],"event_choices":[{"damage_healed":0,"gold_gain":0,"player_choice":"Card ","damage_taken":5,"max_hp_gain":0,"max_hp_loss":0,"event_name":"betterThird:BetterScrap","floor":4,"gold_loss":0,"cards_obtained":["Judgement"]},{"damage_healed":0,"gold_gain":0,"player_choice":"Box","damage_taken":0,"relics_obtained":["Centennial Puzzle"],"max_hp_gain":0,"max_hp_loss":0,"event_name":"Big Fish","floor":5,"gold_loss":0,"cards_obtained":["Regret"]},{"damage_healed":0,"gold_gain":0,"player_choice":"Fought Mushrooms","damage_taken":0,"max_hp_gain":0,"max_hp_loss":0,"event_name":"Mushrooms","floor":13,"gold_loss":0},{"cards_removed":["ReplayTheSpireMod:Brewmster"],"damage_healed":0,"gold_gain":0,"player_choice":"Take \u0026 Give","damage_taken":0,"max_hp_gain":0,"max_hp_loss":0,"event_name":"betterNote:BetterNote","floor":19,"gold_loss":0,"cards_obtained":["expansioncontent:QuickStudy"]},{"cards_removed":["Regret"],"damage_healed":0,"gold_gain":0,"player_choice":"Card Removal","damage_taken":0,"max_hp_gain":0,"max_hp_loss":0,"event_name":"Wheel of Change","floor":37,"gold_loss":0},{"damage_healed":0,"gold_gain":0,"player_choice":"Fight","damage_taken":0,"max_hp_gain":0,"max_hp_loss":0,"event_name":"MindBloom","floor":44,"gold_loss":0},{"damage_healed":0,"gold_gain":0,"player_choice":"Paid Gold","damage_taken":0,"relics_obtained":["Frozen Egg 2"],"max_hp_gain":0,"max_hp_loss":0,"event_name":"WeMeetAgain","floor":45,"gold_loss":82}],"is_beta":false,"boss_relics":[{"not_picked":["Pandora\u0027s Box","Empty Cage"],"picked":"Replay:Bronze Core"},{"not_picked":["HangingClock","Replay:Drink Me"],"picked":"Metronome"}],"items_purged_floors":[27],"is_endless":false,"potions_floor_spawned":[1,7,18,22,24,35,38,42,48],"ascension_level":0}}