{"host":"mrc3cf8wjlkkqes7","time":1607493169,"event":{"gold_per_floor":[109,121,296,296,42,77,77,88,115,161,173,214,240,267,279,390,452,479,508,520,532,75,75,100,100,100,125,125,174,26,26,26,162,162,222,222,222,278,29,29,97,158,231,303,303,375,375,435,435,612,612,674,736,25,45,45,109,128,128,128,128,136,176,209,258,258,324,324,365,54,54,84,84,120,144,144,168,168,223,230,247,326,326,474,474,474],"floor_reached":85,"playtime":8758,"items_purged":["Doubt","Strike_S","Strike_S","Strike_S","Defend_S"],"score":2080,"play_id":"712502fa-1da3-4d2e-91f8-39f3f4ea760b","local_time":"20201208235249","is_ascension_mode":true,"campfire_choices":[{"floor":7.0,"key":"REST"},{"floor":11.0,"key":"REST"},{"floor":15.0,"key":"REST"},{"floor":23.0,"key":"REST"},{"floor":25.0,"key":"REST"},{"floor":40.0,"key":"REST"},{"data":"infinitespire:Collect","floor":47.0,"key":"SMITH"},{"data":"Starlight","floor":49.0,"key":"SMITH"},{"floor":76.0,"key":"REST"}],"neow_cost":"NONE","seed_source_timestamp":0,"circlet_count":0,"master_deck":["Defend_S","Defend_S+1","KidneyShot+1","Exchange","FastForward+1","BottledTime","Starlight+1","Mayhem+1","TimeWarp","Misdirection","Starlight+1","ShatteredReality","Contraction","KillingDoll","Defy","Foresight","Rearm","infinitespire:Collect+1","StarChef","ReplayTheSpireMod:Private Reserves+1","BestPractice+1","Ricochet+1","infinitespire:FutureSight+1","MurderousAura+1","TimeWarp","Dark Shackles+1","Advance+1","Rearm+1","GearUp+1","Revamp+1","DualDimension+1","FloweringNight","Rearm+1","Finesse+1","GearUp+1","Acrobatics+1","SoulSculpture","BottledTime+1","Starlight","Prepared+1","infinitespire:Execution+1","Dilation+1","Contraction+1","SilverBlades","Deep Breath+1","Luminosity","FanOfKnives+1","DoubleEdge","PendulumOfEternity"],"special_seed":0,"relics":["m_SnakeCloak","Simple Rune","MawBank","Art of War","Vajra","Tiny House","Toxic Egg 2","ReplayTheSpireMod:Ninjato","ReplayFunnel","Ornamental Fan","Replay:Mystery Machine","Gremlin Food","Replay:Bandana","infinitespire:EvilPickle","Bronze Scales","ReplayTheSpireMod:TigerMarble","infinitespire:Broken Mirror","Toxic Egg 2","Chameleon Ring","Fusion Hammer","Counterbalance","ClockworkSouvenir","infinitespire:Cubic Diamond","infinitespire:Beetle Shell","Gambling Chip","Durian","Painkiller Herb","infinitespire:Bottled Soul","Orichalcum"],"potions_floor_usage":[],"damage_taken":[{"damage":0.0,"enemies":"2 Louse","floor":1.0,"turns":3.0},{"damage":0.0,"enemies":"Jaw Worm","floor":2.0,"turns":5.0},{"damage":9.0,"enemies":"Lagavulin","floor":6.0,"turns":10.0},{"damage":0.0,"enemies":"Small Slimes","floor":8.0,"turns":3.0},{"damage":29.0,"enemies":"Gremlin Nob","floor":10.0,"turns":5.0},{"damage":17.0,"enemies":"3 Sentries","floor":12.0,"turns":8.0},{"damage":0.0,"enemies":"Blue Slaver","floor":13.0,"turns":2.0},{"damage":4.0,"enemies":"3 Louse","floor":14.0,"turns":3.0},{"damage":46.0,"enemies":"Fading Forest","floor":16.0,"turns":11.0},{"damage":11.0,"enemies":"2 Thieves","floor":18.0,"turns":5.0},{"damage":41.0,"enemies":"3 Byrds","floor":19.0,"turns":8.0},{"damage":33.0,"enemies":"Gremlin Leader","floor":24.0,"turns":7.0},{"damage":6.0,"enemies":"Nightmare","floor":27.0,"turns":8.0},{"damage":0.0,"enemies":"Pondfish","floor":33.0,"turns":6.0},{"damage":0.0,"enemies":"3 Darklings","floor":35.0,"turns":3.0},{"damage":14.0,"enemies":"3 Shapes","floor":38.0,"turns":3.0},{"damage":0.0,"enemies":"Giant Head","floor":41.0,"turns":6.0},{"damage":2.0,"enemies":"Spire Growth","floor":42.0,"turns":3.0},{"damage":0.0,"enemies":"Sphere and 2 Shapes","floor":44.0,"turns":3.0},{"damage":0.0,"enemies":"Jaw Worm Horde","floor":46.0,"turns":2.0},{"damage":0.0,"enemies":"R_Hoarder","floor":48.0,"turns":9.0},{"damage":12.0,"enemies":"Donu and Deca","floor":50.0,"turns":7.0},{"damage":0.0,"enemies":"Small Slimes","floor":52.0,"turns":2.0},{"damage":0.0,"enemies":"Jaw Worm","floor":53.0,"turns":1.0},{"damage":0.0,"enemies":"2 Louse","floor":55.0,"turns":1.0},{"damage":0.0,"enemies":"Gremlin Nob","floor":57.0,"turns":2.0},{"damage":1.0,"enemies":"Blue Slaver","floor":58.0,"turns":2.0},{"damage":0.0,"enemies":"Looter","floor":62.0,"turns":3.0},{"damage":0.0,"enemies":"Lagavulin","floor":63.0,"turns":4.0},{"damage":0.0,"enemies":"3 Louse","floor":64.0,"turns":1.0},{"damage":0.0,"enemies":"Exordium Thugs","floor":65.0,"turns":2.0},{"damage":0.0,"enemies":"The Guardian","floor":67.0,"turns":7.0},{"damage":0.0,"enemies":"Chosen","floor":69.0,"turns":4.0},{"damage":0.0,"enemies":"Spheric Guardian","floor":72.0,"turns":1.0},{"damage":0.0,"enemies":"Slavers","floor":74.0,"turns":2.0},{"damage":0.0,"enemies":"Shelled Parasite and Fungi","floor":75.0,"turns":2.0},{"damage":0.0,"enemies":"3 Cultists","floor":79.0,"turns":3.0},{"damage":0.0,"enemies":"Snake Plant","floor":80.0,"turns":3.0},{"damage":0.0,"enemies":"Snecko","floor":81.0,"turns":2.0},{"damage":0.0,"enemies":"Nightmare","floor":82.0,"turns":4.0},{"damage":0.0,"enemies":"Champ","floor":84.0,"turns":3.0}],"seed_played":"81456978512794724","potions_obtained":[{"floor":1.0,"key":"SkillPotion"},{"floor":6.0,"key":"SpeedPotion"},{"floor":10.0,"key":"Block Potion"},{"floor":16.0,"key":"EssenceOfSteel"},{"floor":17.0,"key":"Doom Potion"},{"floor":33.0,"key":"SpeedPotion"},{"floor":41.0,"key":"infinitespire:BlackPotion"},{"floor":42.0,"key":"PowerPotion"},{"floor":44.0,"key":"PowerPotion"},{"floor":48.0,"key":"GamblersBrew"},{"floor":50.0,"key":"SteroidPotion"},{"floor":52.0,"key":"Adrenaline Potion"},{"floor":55.0,"key":"BlessingOfTheForge"},{"floor":58.0,"key":"LiquidBronze"},{"floor":59.0,"key":"Doom Potion"},{"floor":75.0,"key":"infinitespire:BlackPotion"},{"floor":78.0,"key":"Venom Potion"},{"floor":78.0,"key":"Languid Potion"},{"floor":79.0,"key":"BlessingOfTheForge"},{"floor":80.0,"key":"Energy Potion"},{"floor":82.0,"key":"Energy Potion"},{"floor":83.0,"key":"Adrenaline Potion"}],"is_trial":false,"path_per_floor":["M","M","?","?","$","E","R","M","T","E","R","E","M","M","R","B",null,"M","M","AVR","?","$","R","E","R","T","NM","?","T","$","?","R","B",null,"M","?","?","M","$","R","E","M","T","M","T","M","R","E","R","B",null,"M","M","$","M","?","E","M","R","T","?","M","E","M","M","R","B",null,"?","T","?","?","?","E","?","T","T","T","?","?","?","NM","T","B",null],"character_chosen":"THE_SERVANT","items_purchased":["Mayhem","StarChef","ReplayTheSpireMod:Ninjato","ReplayTheSpireMod:Private Reserves+1","Replay:Bandana","Bronze Scales","EntropicBrew","Counterbalance","AttackPotion","ClockworkSouvenir","Finesse+1","SilverBlades","Deep Breath+1"],"campfire_rested":7,"item_purchase_floors":[5,22,22,22,30,39,39,54,54,54,54,70,70],"current_hp_per_floor":[65,65,65,52,52,43,62,62,62,33,52,35,35,31,50,28,70,59,18,18,41,41,62,29,50,50,44,44,44,44,27,27,27,70,70,70,70,56,56,70,70,68,68,68,68,68,68,68,68,56,70,70,70,70,70,70,70,69,69,69,69,69,74,74,74,74,74,75,75,75,61,61,61,61,61,80,80,80,80,80,80,80,80,80,80,80],"gold":474,"neow_bonus":"THREE_CARDS","is_prod":false,"is_daily":false,"chose_seed":false,"campfire_upgraded":2,"win_rate":0,"timestamp":1607493169,"path_taken":["M","M","?","?","$","E","R","M","T","E","R","E","M","M","R","BOSS","M","M","AVR","?","$","R","E","R","T","NM","?","?","?","?","R","BOSS","M","?","?","M","$","R","E","M","T","M","?","M","R","E","R","BOSS","M","M","?","M","?","E","M","R","T","?","M","E","?","M","R","BOSS","?","T","?","?","?","E","?","T","T","T","?","?","?","NM","T","BOSS"],"build_version":"2020-11-30","purchased_purges":5,"victory":false,"max_hp_per_floor":[65,65,65,65,65,65,65,65,65,65,65,65,65,65,65,65,70,70,70,70,70,70,70,70,70,70,70,70,70,70,70,70,70,70,70,70,70,70,70,70,70,70,70,70,70,70,70,70,70,70,70,70,70,70,70,70,70,70,70,70,70,70,75,75,75,75,75,75,75,75,80,80,80,80,80,80,80,80,80,80,80,80,80,80,80,80],"card_choices":[{"not_picked":["DoubleEdge","TimeWarp"],"picked":"FastForward","floor":0.0},{"not_picked":["ShatteredReality","TimeWarp"],"picked":"BottledTime","floor":1.0},{"not_picked":["SpecialFormula","Replace"],"picked":"Starlight","floor":2.0},{"not_picked":["Starlight","Potential"],"picked":"TimeWarp","floor":6.0},{"not_picked":["Revamp","Alleviate","FastForward"],"picked":"SKIP","floor":8.0},{"not_picked":["BottledTime","Spin"],"picked":"Misdirection","floor":10.0},{"not_picked":["Shuttle","Replace"],"picked":"Starlight","floor":12.0},{"not_picked":["TimeWarp","Spin"],"picked":"ShatteredReality","floor":13.0},{"not_picked":["Replace","BottledTime"],"picked":"Contraction","floor":14.0},{"not_picked":["TheWorld","Deny"],"picked":"KillingDoll","floor":16.0},{"not_picked":["Unruled","Ricochet"],"picked":"Defy","floor":17.0},{"not_picked":["Defy","Snipe+1"],"picked":"Foresight","floor":18.0},{"not_picked":["FastForward+1","Initiator"],"picked":"Rearm","floor":19.0},{"not_picked":["Replace+1","Comet"],"picked":"BestPractice+1","floor":24.0},{"not_picked":["Alleviate+1","Read+1"],"picked":"Ricochet+1","floor":27.0},{"not_picked":["infinitespire:Oblivion","ReplayTheSpireMod:Chaos Vortex"],"picked":"infinitespire:FutureSight","floor":31.0},{"not_picked":["ForgedInTime+1","Dilation+1"],"picked":"MurderousAura","floor":33.0},{"not_picked":["Unruled","Manipulate+1"],"picked":"TimeWarp","floor":35.0},{"not_picked":["Secret Technique+1","Finesse+1"],"picked":"Dark Shackles+1","floor":36.0},{"not_picked":["Alleviate+1","Rewind+1"],"picked":"Advance+1","floor":38.0},{"not_picked":["BottledTime+1","Alleviate+1"],"picked":"Rearm+1","floor":41.0},{"not_picked":["Potential","DoubleEdge+1","Alleviate+1"],"picked":"SKIP","floor":42.0},{"not_picked":["Gouge","Spin+1"],"picked":"GearUp+1","floor":44.0},{"not_picked":["MurderousAura","TimeWarp+1"],"picked":"Revamp+1","floor":46.0},{"not_picked":["Revamp+1","Unruled"],"picked":"DualDimension+1","floor":48.0},{"not_picked":["FlawlessForm","Duplication+1"],"picked":"FloweringNight","floor":50.0},{"not_picked":["Alleviate+1","Starlight"],"picked":"Rearm+1","floor":52.0},{"not_picked":["ReturningBlade","Read+1","Revamp+1"],"picked":"SKIP","floor":53.0},{"not_picked":["BestPractice","Unruled"],"picked":"GearUp+1","floor":55.0},{"not_picked":["Manipulate+1","Alleviate+1","Moondial+1"],"picked":"SKIP","floor":57.0},{"not_picked":["Starlight","StarChef"],"picked":"Acrobatics+1","floor":58.0},{"not_picked":["TimeWarp","BottledTime+1"],"picked":"Starlight","floor":62.0},{"not_picked":["BestPractice","FastForward+1"],"picked":"Prepared+1","floor":63.0},{"not_picked":["Rearm+1","Hightail+1","Rewind+1"],"picked":"SKIP","floor":64.0},{"not_picked":["FastForward+1","DoubleEdge","BottledTime+1"],"picked":"SKIP","floor":65.0},{"not_picked":["infinitespire:SealOfDarkness+","ReplayTheSpireMod:Chaos Vortex"],"picked":"infinitespire:Execution","floor":67.0},{"not_picked":["Tools of the Trade","SoulSculpture"],"picked":"Dilation+1","floor":67.0},{"not_picked":["Revamp+1","Starlight+1"],"picked":"Contraction+1","floor":69.0},{"not_picked":["Barrier+1","Misdirection+1"],"picked":"Luminosity","floor":72.0},{"not_picked":["StarChef+1","Read+1"],"picked":"FanOfKnives+1","floor":74.0},{"not_picked":["BottledTime+1","Rewind+1","Unruled"],"picked":"SKIP","floor":75.0},{"not_picked":["Rewind+1","Unruled","Alleviate+1"],"picked":"SKIP","floor":79.0},{"not_picked":["Shuttle+1","Spin"],"picked":"DoubleEdge","floor":80.0},{"not_picked":["Gouge","ReturningBlade+1","SoulSculpture"],"picked":"SKIP","floor":81.0},{"not_picked":["BestPractice","Replace+1","Ricochet"],"picked":"SKIP","floor":82.0},{"not_picked":["Deny+1","FloweringNight"],"picked":"PendulumOfEternity","floor":84.0}],"player_experience":173466,"relics_obtained":[{"floor":6.0,"key":"Simple Rune"},{"floor":9.0,"key":"MawBank"},{"floor":10.0,"key":"Art of War"},{"floor":12.0,"key":"Vajra"},{"floor":24.0,"key":"ReplayFunnel"},{"floor":26.0,"key":"Ornamental Fan"},{"floor":27.0,"key":"Replay:Mystery Machine"},{"floor":29.0,"key":"Gremlin Food"},{"floor":41.0,"key":"ReplayTheSpireMod:TigerMarble"},{"floor":43.0,"key":"infinitespire:Broken Mirror"},{"floor":45.0,"key":"Toxic Egg 2"},{"floor":48.0,"key":"Chameleon Ring"},{"floor":57.0,"key":"infinitespire:Beetle Shell"},{"floor":60.0,"key":"Gambling Chip"},{"floor":63.0,"key":"Durian"},{"floor":74.0,"key":"infinitespire:Bottled Soul"},{"floor":77.0,"key":"Orichalcum"}],"event_choices":[{"damage_healed":0.0,"max_hp_gain":0.0,"max_hp_loss":0.0,"gold_gain":175.0,"event_name":"Liars Game","player_choice":"AGREE","floor":3.0,"gold_loss":0.0,"damage_taken":0.0,"cards_obtained":["Doubt"]},{"damage_healed":0.0,"max_hp_gain":0.0,"max_hp_loss":0.0,"gold_gain":0.0,"event_name":"Shining Light","player_choice":"Entered Light","floor":4.0,"gold_loss":0.0,"damage_taken":13.0,"cards_upgraded":["Starlight","FastForward"]},{"damage_healed":23.0,"max_hp_gain":0.0,"max_hp_loss":0.0,"gold_gain":0.0,"event_name":"The Library","player_choice":"Heal","floor":21.0,"gold_loss":0.0,"damage_taken":0.0},{"cards_removed":["Strike_S"],"damage_healed":0.0,"max_hp_gain":0.0,"max_hp_loss":0.0,"gold_gain":0.0,"event_name":"Back to Basics","player_choice":"Elegance","floor":28.0,"gold_loss":0.0,"damage_taken":0.0},{"damage_healed":0.0,"max_hp_gain":0.0,"max_hp_loss":0.0,"gold_gain":0.0,"event_name":"Beggar","player_choice":"Ignored","floor":32.0,"gold_loss":0.0,"damage_taken":0.0},{"damage_healed":0.0,"max_hp_gain":0.0,"max_hp_loss":0.0,"gold_gain":0.0,"event_name":"SensoryStone","player_choice":"Memory 1","floor":36.0,"gold_loss":0.0,"damage_taken":0.0},{"damage_healed":0.0,"max_hp_gain":0.0,"max_hp_loss":0.0,"gold_gain":0.0,"event_name":"Match and Keep!","player_choice":"2 cards matched","floor":61.0,"gold_loss":0.0,"damage_taken":0.0,"cards_obtained":["SoulSculpture","BottledTime"]},{"damage_healed":0.0,"max_hp_gain":5.0,"max_hp_loss":0.0,"gold_gain":0.0,"event_name":"Forgotten Altar","player_choice":"Shed Blood","floor":71.0,"gold_loss":0.0,"damage_taken":19.0},{"cards_removed":["Defend_S"],"damage_healed":0.0,"max_hp_gain":0.0,"max_hp_loss":0.0,"gold_gain":0.0,"event_name":"Back to Basics","player_choice":"Elegance","floor":73.0,"gold_loss":0.0,"damage_taken":0.0}],"is_beta":false,"boss_relics":[{"not_picked":["Abe\u0027s Treasure","Coffee Dripper"],"picked":"Tiny House"},{"not_picked":["ReplayTheSpireMod:DimensionalGlitch","Snecko Eye","Replay:Drink Me"]},{"not_picked":["Busted Crown","Replay:Ancient Bell"],"picked":"Fusion Hammer"},{"not_picked":["Black Star","Calling Bell"],"picked":"Painkiller Herb"}],"items_purged_floors":[5,20,22,54,70],"is_endless":true,"potions_floor_spawned":[1,6,10,16,33,41,42,44,48,50,52,55,58,62,63,75,79,80,81,82],"ascension_level":1}}