{"host":"ds28d883r3sz42zs","time":1607531429,"event":{"gold_per_floor":[701,717,736,754,769,794,794,819,819,819,833,833,833],"floor_reached":12,"playtime":338,"items_purged":[],"score":133,"play_id":"fa8b9e39-d137-41fa-81b8-ef41d3a94b1e","local_time":"20201209113029","is_ascension_mode":true,"campfire_choices":[{"data":"StuffTheSpire:RockThrow","floor":7,"key":"SMITH"},{"data":"StuffTheSpire:Slingshot","floor":10,"key":"SMITH"}],"neow_cost":"NONE","seed_source_timestamp":651374443492900,"circlet_count":0,"master_deck":["Strike_R","Strike_R","Strike_R","Strike_R","Strike_R","Defend_R","Defend_R","Defend_R","Defend_R","Bash","StuffTheSpire:Slingshot+1","StuffTheSpire:RockThrow+1","Iron Wave","Sever Soul","Offering","Offering"],"special_seed":0,"relics":["Burning Blood","infinitespire:Golems Mask","infinitespire:Lucky Rock","hubris:BottledRain"],"potions_floor_usage":[],"damage_taken":[{"damage":7,"enemies":"Small Slimes","floor":1,"turns":3},{"damage":18,"enemies":"Jaw Worm","floor":2,"turns":4},{"damage":1,"enemies":"Cultist","floor":3,"turns":3},{"damage":9,"enemies":"Blue Slaver","floor":4,"turns":6},{"damage":11,"enemies":"3 Louse","floor":5,"turns":4},{"damage":35,"enemies":"Lagavulin","floor":6,"turns":6},{"damage":16,"enemies":"Gremlin Nob","floor":8,"turns":3},{"damage":16,"enemies":"Large Slime","floor":11,"turns":5},{"damage":17,"enemies":"3 Sentries","floor":12,"turns":2}],"seed_played":"-5580981698106261162","potions_obtained":[{"floor":1,"key":"PowerPotion"},{"floor":4,"key":"Cursed Concoction"},{"floor":6,"key":"sneckomod:MuddlingPotion"}],"is_trial":false,"path_per_floor":["M","M","M","M","M","E","R","E","T","R","M","E"],"character_chosen":"IRONCLAD","items_purchased":[],"campfire_rested":0,"item_purchase_floors":[],"current_hp_per_floor":[79,67,72,69,64,35,35,25,25,25,15,0,0],"gold":833,"neow_bonus":"TEN_PERCENT_HP_BONUS","is_prod":false,"is_daily":false,"chose_seed":false,"campfire_upgraded":2,"win_rate":0,"timestamp":1607531429,"path_taken":["M","M","M","M","M","E","R","E","T","R","M","E"],"build_version":"2020-11-30","purchased_purges":0,"victory":false,"max_hp_per_floor":[88,88,88,88,88,88,88,88,88,88,88,88,88],"relic_stats":{"counters":[9,36],"obtain_stats":[{"infinitespire:Golems Mask":6,"infinitespire:Lucky Rock":8,"Burning Blood":0,"hubris:BottledRain":9},{"infinitespire:Golems Mask":6,"infinitespire:Lucky Rock":7,"Burning Blood":0,"hubris:BottledRain":7},{"infinitespire:Golems Mask":26,"infinitespire:Lucky Rock":29,"Burning Blood":0,"hubris:BottledRain":29}],"Burning Blood":48},"card_choices":[{"not_picked":["Replay:Undeath\u0027s Touch","Combust"],"picked":"StuffTheSpire:Slingshot","floor":1},{"not_picked":["Warcry","Evolve","StuffTheSpire:Pyroclast"],"picked":"SKIP","floor":2},{"not_picked":["Thunderclap","Run Through"],"picked":"StuffTheSpire:RockThrow","floor":3},{"not_picked":["Sword Boomerang","Offering"],"picked":"Iron Wave","floor":4},{"not_picked":["Abandon","Twin Strike"],"picked":"Sever Soul","floor":5},{"not_picked":["Searing Blow","conspire:ExplosiveBarrier"],"picked":"Offering","floor":6},{"not_picked":["Clothesline","Battle Trance"],"picked":"Offering","floor":8},{"not_picked":["StuffTheSpire:Resist","Sever Soul","Seeing Red"],"picked":"SKIP","floor":11}],"player_experience":718277,"relics_obtained":[{"floor":6,"key":"infinitespire:Golems Mask"},{"floor":8,"key":"infinitespire:Lucky Rock"},{"floor":9,"key":"hubris:BottledRain"}],"event_choices":[],"is_beta":false,"boss_relics":[],"items_purged_floors":[],"is_endless":false,"potions_floor_spawned":[1,4,6,11],"killed_by":"3 Sentries","ascension_level":9}}