{"host":"c3kh4y5z2xx8jyu6","time":1607537676,"event":{"gold_per_floor":[113,113,113,113,130,163,177,177,177,177,177],"floor_reached":10,"playtime":349,"items_purged":[],"score":66,"play_id":"77229388-9f07-4f3d-bcc2-95f7bc0f5076","local_time":"20201209201436","is_ascension_mode":false,"campfire_choices":[],"neow_cost":"NONE","seed_source_timestamp":156824927568500,"circlet_count":0,"master_deck":["Strike_W","Strike_W","Strike_W","Strike_W","Defend_W","Defend_W","Defend_W","Defend_W","Negative_Energy_Arrows","Bone_Wall+1","Exploit","Amnesia","Consume_Illness","Siphon_Strength","Uncharnel","Regret"],"relics":["Vampire_Amulet","hubris:Towel","Letter Opener","Replay:Wax Seal","Question Card"],"potions_floor_usage":[10],"damage_taken":[{"damage":0,"enemies":"Small Slimes","floor":1,"turns":4},{"damage":1,"enemies":"Jaw Worm","floor":5,"turns":4},{"damage":45,"enemies":"Replay:BlueRogue","floor":6,"turns":15},{"damage":3,"enemies":"2 Louse","floor":7,"turns":3},{"damage":35,"enemies":"Gremlin Nob","floor":10,"turns":4}],"seed_played":"-8440126784005533983","potions_obtained":[{"floor":1,"key":"GamblersBrew"},{"floor":6,"key":"PowerPotion"}],"is_trial":false,"path_per_floor":["M","?","?","?","M","E","M","?","T","E"],"character_chosen":"NECROMANCER","items_purchased":[],"campfire_rested":0,"item_purchase_floors":[],"current_hp_per_floor":[75,75,75,75,75,32,33,33,33,0,0],"gold":177,"neow_bonus":"UPGRADE_CARD","is_prod":false,"is_daily":false,"chose_seed":false,"campfire_upgraded":0,"win_rate":0,"timestamp":1607537676,"path_taken":["M","?","?","?","M","E","M","?","T","E"],"build_version":"2020-11-30","purchased_purges":0,"victory":false,"max_hp_per_floor":[75,75,75,75,75,75,75,75,75,75,75],"card_choices":[{"not_picked":["Blood_Shield","Bone_Bullets"],"picked":"Exploit","floor":1},{"not_picked":["Blood_Whip","Death_Knell"],"picked":"Consume_Illness","floor":5},{"not_picked":["Summon_Vampire_Lady","Chill_Blood"],"picked":"Siphon_Strength","floor":6},{"not_picked":["Plague_Bolt","Blood_Whip"],"picked":"Uncharnel","floor":7}],"player_experience":188073,"relics_obtained":[{"floor":6,"key":"Letter Opener"},{"floor":9,"key":"Question Card"}],"event_choices":[{"damage_healed":0,"gold_gain":0,"player_choice":"Ignored","damage_taken":0,"max_hp_gain":0,"max_hp_loss":0,"event_name":"Golden Wing","floor":3,"gold_loss":0},{"damage_healed":0,"gold_gain":0,"player_choice":"Box","damage_taken":0,"relics_obtained":["Replay:Wax Seal"],"max_hp_gain":0,"max_hp_loss":0,"event_name":"Big Fish","floor":8,"gold_loss":0,"cards_obtained":["Regret"]}],"is_beta":false,"boss_relics":[],"items_purged_floors":[],"is_endless":false,"potions_floor_spawned":[1,6],"killed_by":"Gremlin Nob","ascension_level":0}}