{"host":"erulnpr9qdnrfj6h","time":1607507435,"event":{"gold_per_floor":[114,126,44,55,55,87,87,112,112,127,156,156,156,156],"floor_reached":13,"playtime":444,"items_purged":[],"score":144,"play_id":"0403106a-abe8-4d1d-a56d-90c689e63775","local_time":"20201209185035","is_ascension_mode":true,"campfire_choices":[{"data":"Infinite Blades","floor":7.0,"key":"SMITH"}],"neow_cost":"NONE","seed_source_timestamp":2369478058962000,"circlet_count":0,"master_deck":["Strike_G","Strike_G","Strike_G","Strike_G","Strike_G","Defend_G","Defend_G","Defend_G","Defend_G","Defend_G","Survivor","Neutralize","Blade Dance","Corpse Explosion","Infinite Blades+1","Crippling Poison","Backflip","Envenom","Backflip","Regret"],"special_seed":0,"relics":["Ring of the Snake","NeowsBlessing","Juzu Bracelet","Kunai","Ancient Tea Set","Centennial Puzzle","Anchor"],"potions_floor_usage":[],"damage_taken":[{"damage":0.0,"enemies":"Cultist","floor":1.0,"turns":1.0},{"damage":0.0,"enemies":"Jaw Worm","floor":2.0,"turns":1.0},{"damage":0.0,"enemies":"2 Louse","floor":4.0,"turns":1.0},{"damage":32.0,"enemies":"Lagavulin","floor":6.0,"turns":6.0},{"damage":13.0,"enemies":"3 Sentries","floor":8.0,"turns":4.0},{"damage":0.0,"enemies":"2 Fungi Beasts","floor":10.0,"turns":3.0},{"damage":3.0,"enemies":"Lagavulin","floor":11.0,"turns":6.0},{"damage":12,"enemies":"3 Sentries","floor":13,"turns":4}],"seed_played":"-4407132044962690443","potions_obtained":[{"floor":2.0,"key":"LiquidMemories"},{"floor":6.0,"key":"Energy Potion"},{"floor":10.0,"key":"Poison Potion"}],"is_trial":false,"path_per_floor":["M","M","$","M","$","E","R","E","T","M","E","?","E"],"character_chosen":"THE_SILENT","items_purchased":["Infinite Blades"],"campfire_rested":0,"item_purchase_floors":[3],"current_hp_per_floor":[63,63,63,63,63,31,31,18,18,18,15,15,3,3],"gold":156,"neow_bonus":"THREE_ENEMY_KILL","is_prod":false,"is_daily":false,"chose_seed":false,"campfire_upgraded":1,"win_rate":0,"timestamp":1607507435,"path_taken":["M","?","$","?","$","E","R","E","T","M","E","?","E"],"build_version":"2020-11-30","purchased_purges":0,"victory":false,"max_hp_per_floor":[70,70,70,70,70,70,70,70,70,70,70,70,70,70],"card_choices":[{"not_picked":["Backflip","Bane"],"picked":"Blade Dance","floor":1.0},{"not_picked":["Well Laid Plans","Quick Slash"],"picked":"Corpse Explosion","floor":2.0},{"not_picked":["Dagger Throw","Terror"],"picked":"Crippling Poison","floor":4.0},{"not_picked":["Poisoned Stab","Riddle With Holes"],"picked":"Backflip","floor":6.0},{"not_picked":["Escape Plan","Skewer"],"picked":"Envenom","floor":8.0},{"not_picked":["Deadly Poison","Reflex"],"picked":"Backflip","floor":10.0},{"not_picked":["Poisoned Stab","Flying Knee","Underhanded Strike"],"picked":"SKIP","floor":11.0}],"player_experience":157937,"relics_obtained":[{"floor":6.0,"key":"Juzu Bracelet"},{"floor":8.0,"key":"Kunai"},{"floor":9.0,"key":"Ancient Tea Set"},{"floor":11.0,"key":"Centennial Puzzle"}],"event_choices":[{"damage_healed":0.0,"max_hp_gain":0.0,"max_hp_loss":0.0,"gold_gain":0.0,"event_name":"Big Fish","player_choice":"Box","floor":12.0,"gold_loss":0.0,"damage_taken":0.0,"relics_obtained":["Anchor"],"cards_obtained":["Regret"]}],"is_beta":false,"boss_relics":[],"items_purged_floors":[],"is_endless":false,"potions_floor_spawned":[2,6,10],"killed_by":"3 Sentries","ascension_level":8}}