{"host":"qt939hhvrbc28rjp","time":1607544577,"event":{"gold_per_floor":[117,117,42,42,59,84,103,136,136,136,50,81,101,119,119,191,191,209,209,1,1,1,1,30,30,30,30,43,60,60,72,72,146,146,163,179,199,23,43,43,54,54,54,86,101,51,63,63,63,63],"floor_reached":51,"playtime":1755,"items_purged":["Defend_B","Defend_B","Defend_B"],"score":1523,"play_id":"7a62967a-610e-422e-9f58-c109b283f283","local_time":"20201210050937","is_ascension_mode":true,"campfire_choices":[{"floor":15.0,"key":"REST"},{"data":"Self Repair","floor":23.0,"key":"SMITH"},{"floor":25.0,"key":"REST"},{"data":"Creative AI","floor":30.0,"key":"SMITH"},{"data":"Defragment","floor":32.0,"key":"SMITH"},{"data":"Loop","floor":40.0,"key":"SMITH"},{"floor":42.0,"key":"REST"},{"data":"Zap","floor":49,"key":"SMITH"}],"neow_cost":"NONE","seed_source_timestamp":139378375464799,"circlet_count":0,"master_deck":["AscendersBane","Strike_B","Strike_B","Zap+1","Dualcast","Leap","Self Repair+1","Force Field","Fission+1","Heatsinks","Static Discharge","Loop+1","Defragment+1","Ball Lightning","Echo Form","Conserve Battery","Biased Cognition","Creative AI+1","Glacier+1","Capacitor+1","Double Energy+1","Dramatic Entrance"],"special_seed":0,"relics":["FrozenCore","NeowsBlessing","Mercury Hourglass","Lizard Tail","InkBottle","Smiling Mask","PreservedInsect","Juzu Bracelet","The Courier","Blue Candle","Busted Crown","DataDisk","Toxic Egg 2","Bottled Lightning"],"potions_floor_usage":[50],"damage_taken":[{"damage":0.0,"enemies":"Cultist","floor":1.0,"turns":1.0},{"damage":0.0,"enemies":"Jaw Worm","floor":5.0,"turns":1.0},{"damage":0.0,"enemies":"Lagavulin","floor":6.0,"turns":2.0},{"damage":1.0,"enemies":"2 Louse","floor":7.0,"turns":2.0},{"damage":58.0,"enemies":"Gremlin Nob","floor":8.0,"turns":5.0},{"damage":17.0,"enemies":"3 Sentries","floor":12.0,"turns":7.0},{"damage":12.0,"enemies":"Lots of Slimes","floor":13.0,"turns":4.0},{"damage":6.0,"enemies":"2 Fungi Beasts","floor":14.0,"turns":2.0},{"damage":38.0,"enemies":"Slime Boss","floor":16.0,"turns":9.0},{"damage":26.0,"enemies":"Spheric Guardian","floor":18.0,"turns":6.0},{"damage":63.0,"enemies":"Slavers","floor":24.0,"turns":4.0},{"damage":19.0,"enemies":"Shell Parasite","floor":28.0,"turns":7.0},{"damage":21.0,"enemies":"Centurion and Healer","floor":29.0,"turns":6.0},{"damage":17.0,"enemies":"Snake Plant","floor":31.0,"turns":5.0},{"damage":27.0,"enemies":"Automaton","floor":33.0,"turns":12.0},{"damage":11.0,"enemies":"3 Shapes","floor":35.0,"turns":5.0},{"damage":34.0,"enemies":"3 Darklings","floor":36.0,"turns":6.0},{"damage":8.0,"enemies":"4 Shapes","floor":37.0,"turns":5.0},{"damage":24.0,"enemies":"Spire Growth","floor":39.0,"turns":8.0},{"damage":25.0,"enemies":"Writhing Mass","floor":41.0,"turns":5.0},{"damage":18.0,"enemies":"Nemesis","floor":44.0,"turns":8.0},{"damage":35,"enemies":"4 Shapes","floor":45,"turns":5},{"damage":2,"enemies":"Spire Growth","floor":47,"turns":6},{"damage":0,"enemies":"Donu and Deca","floor":50,"turns":9}],"seed_played":"-320606530767546563","potions_obtained":[{"floor":1.0,"key":"SmokeBomb"},{"floor":7.0,"key":"Energy Potion"},{"floor":8.0,"key":"Block Potion"},{"floor":16.0,"key":"LiquidBronze"},{"floor":18.0,"key":"Ancient Potion"},{"floor":24.0,"key":"PotionOfCapacity"},{"floor":45,"key":"EssenceOfDarkness"}],"is_trial":false,"path_per_floor":["M","?","$","T","M","E","M","E","T","?","$","E","M","M","R","B",null,"M","?","$","?","?","R","E","R","T","$","M","M","R","M","R","B",null,"M","M","M","$","M","R","M","R","T","E","M","$","M","?","R","B",null],"character_chosen":"DEFECT","items_purchased":["Self Repair","Static Discharge","Juzu Bracelet","DataDisk"],"campfire_rested":3,"item_purchase_floors":[3,11,20,38],"current_hp_per_floor":[64,64,64,64,64,71,71,20,20,25,25,15,10,4,26,34,66,54,54,54,76,76,76,33,55,55,55,56,45,45,48,48,31,65,74,60,72,72,68,68,53,75,75,76,51,51,69,69,69,76],"gold":63,"neow_bonus":"THREE_ENEMY_KILL","is_prod":false,"is_daily":false,"chose_seed":false,"campfire_upgraded":5,"win_rate":0,"timestamp":1607544577,"path_taken":["M","?","$","?","M","E","M","E","T","?","?","E","?","M","R","BOSS","M","?","$","?","?","R","E","R","T","?","M","M","R","M","R","BOSS","M","M","M","$","M","R","M","R","T","E","M","$","M","?","R","BOSS"],"build_version":"2020-11-30","purchased_purges":3,"victory":true,"max_hp_per_floor":[71,71,71,71,71,71,71,71,71,76,76,76,76,76,76,76,76,76,76,76,76,76,76,76,76,76,76,76,76,76,76,76,76,76,76,76,76,76,76,76,76,76,76,76,76,76,76,76,76,76],"card_choices":[{"not_picked":["Blizzard","Compile Driver"],"picked":"Leap","floor":1.0},{"not_picked":["Redo","Stack"],"picked":"Force Field","floor":5.0},{"not_picked":["Go for the Eyes","Blizzard"],"picked":"Fission","floor":6.0},{"not_picked":["Hologram","Barrage","Sweeping Beam"],"picked":"SKIP","floor":7.0},{"not_picked":["Gash","Fusion"],"picked":"Heatsinks","floor":8.0},{"not_picked":["Go for the Eyes","Sunder"],"picked":"Loop","floor":12.0},{"not_picked":["Blizzard","Capacitor"],"picked":"Defragment","floor":13.0},{"not_picked":["Reinforced Body","Recycle"],"picked":"Ball Lightning","floor":14.0},{"not_picked":["Seek","Creative AI"],"picked":"Echo Form","floor":16.0},{"not_picked":["Hologram","Heatsinks"],"picked":"Conserve Battery","floor":18.0},{"not_picked":["Storm","Blizzard"],"picked":"Glacier+1","floor":24.0},{"not_picked":["Steam Power+1","Undo","Cold Snap"],"picked":"SKIP","floor":28.0},{"not_picked":["Stack","Rebound","Self Repair"],"picked":"SKIP","floor":29.0},{"not_picked":["Consume","Compile Driver","Hologram"],"picked":"SKIP","floor":31.0},{"not_picked":["Beam Cell"],"picked":"SKIP","floor":35.0},{"not_picked":["Genetic Algorithm"],"picked":"SKIP","floor":36.0},{"not_picked":["Force Field"],"picked":"SKIP","floor":37.0},{"not_picked":[],"picked":"Capacitor+1","floor":39.0},{"not_picked":["Coolheaded"],"picked":"SKIP","floor":41.0},{"not_picked":["Double Energy+1"],"picked":"SKIP","floor":44},{"not_picked":[],"picked":"Double Energy+1","floor":44},{"not_picked":["Barrage"],"picked":"SKIP","floor":45},{"not_picked":["Leap+1"],"picked":"SKIP","floor":47},{"not_picked":[],"picked":"Dramatic Entrance","floor":48}],"player_experience":1342472,"relics_obtained":[{"floor":4.0,"key":"Mercury Hourglass"},{"floor":6.0,"key":"Lizard Tail"},{"floor":8.0,"key":"InkBottle"},{"floor":9.0,"key":"Smiling Mask"},{"floor":12.0,"key":"PreservedInsect"},{"floor":24.0,"key":"The Courier"},{"floor":26.0,"key":"Blue Candle"},{"floor":43.0,"key":"Toxic Egg 2"},{"floor":44,"key":"Bottled Lightning"}],"event_choices":[{"cards_removed":["Defend_B"],"damage_healed":0.0,"max_hp_gain":0.0,"max_hp_loss":0.0,"gold_gain":0.0,"event_name":"Purifier","player_choice":"Purged","floor":2.0,"gold_loss":0.0,"damage_taken":0.0},{"damage_healed":0.0,"max_hp_gain":5.0,"max_hp_loss":0.0,"gold_gain":0.0,"event_name":"Big Fish","player_choice":"Donut","floor":10.0,"gold_loss":0.0,"damage_taken":0.0},{"damage_healed":0.0,"max_hp_gain":0.0,"max_hp_loss":0.0,"gold_gain":0.0,"cards_transformed":["Strike_B","Strike_B"],"event_name":"Drug Dealer","player_choice":"Became Test Subject","floor":19.0,"gold_loss":0.0,"damage_taken":0.0,"cards_obtained":["Biased Cognition","Creative AI"]},{"damage_healed":22.0,"max_hp_gain":0.0,"max_hp_loss":0.0,"gold_gain":0.0,"event_name":"Wheel of Change","player_choice":"Full Heal","floor":21.0,"gold_loss":0.0,"damage_taken":0.0},{"damage_healed":0.0,"max_hp_gain":0.0,"max_hp_loss":0.0,"gold_gain":0.0,"event_name":"Upgrade Shrine","player_choice":"Upgraded","floor":22.0,"gold_loss":0.0,"damage_taken":0.0,"cards_upgraded":["Fission"]},{"damage_healed":0,"gold_gain":0,"player_choice":"Memory 1","damage_taken":0,"max_hp_gain":0,"max_hp_loss":0,"event_name":"SensoryStone","floor":48,"gold_loss":0}],"is_beta":false,"boss_relics":[{"not_picked":["Nuclear Battery","Ectoplasm"],"picked":"FrozenCore"},{"not_picked":["Empty Cage","Tiny House"],"picked":"Busted Crown"}],"items_purged_floors":[20,38,46],"is_endless":false,"potions_floor_spawned":[1,7,8,12,16,18,24,28,35,36,45,47],"ascension_level":17}}