{"host":"40ttcv3g5w633xb3","time":1607550573,"event":{"gold_per_floor":[112,136,136,149,166,166,196,213,295,295,295,313,336,354,354,474,474,492,515,815,815,815,850,850,885,950,963,995,995],"floor_reached":28,"playtime":14191,"items_purged":["hubris:SlightOfHand"],"score":75,"play_id":"568f7a6f-bf0f-4d36-9771-60af64fe6bda","local_time":"20201209214933","is_ascension_mode":true,"campfire_choices":[{"data":"Crippling Poison","floor":6,"key":"SMITH"},{"data":"Infinite Blades","floor":10,"key":"SMITH"},{"floor":15,"key":"RECALL"},{"data":"Prepared","floor":24,"key":"PURGE"}],"neow_cost":"NONE","seed_source_timestamp":15416677487100,"circlet_count":0,"master_deck":["Survivor+1","Neutralize+1","Backstab","Crippling Poison+1","Adrenaline","StuffTheSpire:Python","jedi:collectorvenom","Catalyst","Prepared","Catalyst","Phantasmal Killer","Infinite Blades+1","Finisher","Choke","Envenom","Choke","Deadly Poison","Poison Darts","Glass Knife","ReplayTheSpireMod:Necrosis","A Thousand Cuts"],"special_seed":0,"relics":["DaveBox","Pandora\u0027s Box","ChiXiaoBlade","ShadowXiaoBlade","FeatherPendant","FeatherPendant","FeatherPendant","FeatherPendant","FeatherPendant","Ring of the Serpent","Ring of the Serpent","Ring of the Serpent","Ring of the Serpent","Ring of the Serpent","Question Card","Lantern","trackpad:BottledTsunami","DemoMod:GlassGuonStoneRelic","infinitespire:Lucky Rock","infinitespire:CheckeredPen","Ginger","ImportantClient","Peace Pipe","StrikeDummy","hubris:NiceRug","Akabeko","Potion Belt","Mango","vexMod:HeadHunter","DollysMirror","Blood Vial","hubris:SlimyHat","DemoMod:ChaffGrenade","Tough Bandages","Toy Ornithopter"],"potions_floor_usage":[],"damage_taken":[{"damage":0.0,"enemies":"2 Louse","floor":1.0,"turns":1.0},{"damage":0,"enemies":"Small Slimes","floor":2,"turns":1},{"damage":0,"enemies":"Cultist","floor":4,"turns":1},{"damage":18,"enemies":"2 Fungi Beasts","floor":5,"turns":2},{"damage":6,"enemies":"3 Sentries","floor":7,"turns":1},{"damage":0,"enemies":"Large Slime","floor":8,"turns":1},{"damage":0,"enemies":"Gremlin Gang","floor":12,"turns":1},{"damage":0,"enemies":"Exordium Thugs","floor":13,"turns":1},{"damage":0,"enemies":"Blue Slaver","floor":14,"turns":1},{"damage":18,"enemies":"The Guardian","floor":16,"turns":1},{"damage":0,"enemies":"theJungle:MUSHROOMGANG","floor":18,"turns":1},{"damage":0,"enemies":"theJungle:Flameango_and_Byrd","floor":19,"turns":1},{"damage":0,"enemies":"hubris:Merchant","floor":20,"turns":2},{"damage":0,"enemies":"theJungle:Cassacara","floor":23,"turns":1},{"damage":0,"enemies":"theJungle:MamaSnecko","floor":25,"turns":1},{"damage":0,"enemies":"theJungle:SlimyTreeVines","floor":27,"turns":1},{"damage":0,"enemies":"theJungle:2_Phrogs","floor":28,"turns":1}],"seed_played":"765694512860491879","potions_obtained":[{"floor":1.0,"key":"Poison Potion"},{"floor":2,"key":"ColorlessPotion"},{"floor":4,"key":"GamblersBrew"},{"floor":20,"key":"Languid Potion"},{"floor":20,"key":"Milkshake"},{"floor":23,"key":"SpeedPotion"}],"is_trial":false,"path_per_floor":["M","M","?","M","M","R","E","M","T","R","?","M","M","M","R_BF","B",null,"M","M","$","?","?","E","R","E","T","M","E"],"character_chosen":"THE_SILENT","items_purchased":[],"campfire_rested":0,"item_purchase_floors":[],"current_hp_per_floor":[74,74,74,74,56,56,50,50,50,50,50,50,50,50,50,38,78,78,78,92,92,92,92,92,92,92,92,92,92],"gold":995,"neow_bonus":"BOSS_RELIC","is_prod":false,"is_daily":false,"chose_seed":false,"campfire_upgraded":2,"win_rate":0,"timestamp":1607550573,"path_taken":["M","M","?","M","M","R","E","M","T","R","?","M","M","M","R_BF","BOSS","M","?","$","?","?","E","R","E","T","M","E"],"build_version":"2020-11-30","purchased_purges":1,"victory":false,"max_hp_per_floor":[74,74,74,74,74,74,74,74,74,74,74,74,74,74,74,78,78,78,78,92,92,92,92,92,92,92,92,92,92],"relic_stats":{"Peace Pipe":1,"Blood Vial":0,"Tough Bandages":[0],"counters":[17,18],"Pandora\u0027s Box":["hubris:SlightOfHand","Prepared","Backstab","Crippling Poison","Adrenaline","StuffTheSpire:Python","jedi:collectorvenom","Catalyst","Prepared","Catalyst"],"Ginger":[0],"Question Card":36,"obtain_stats":[{"Lantern":3,"DaveBox":0,"BloodWine":0,"Mango":20,"DemoMod:GlassGuonStoneRelic":1,"hubris:SlimyHat":25,"Ginger":16,"Blood Vial":23,"Tough Bandages":27,"DollysMirror":20,"Ring of the Snake":0,"ImportantClient":16,"Potion Belt":20,"DemoMod:ChaffGrenade":26,"ShadowXiaoBlade":0,"infinitespire:Lucky Rock":9,"infinitespire:CheckeredPen":9,"Question Card":1,"Akabeko":20,"Peace Pipe":18,"FeatherPendant":0,"vexMod:HeadHunter":20,"ChiXiaoBlade":0,"Pandora\u0027s Box":0,"trackpad:BottledTsunami":4,"StrikeDummy":19,"Ring of the Serpent":0,"Toy Ornithopter":28,"hubris:NiceRug":20},{"Lantern":2,"DaveBox":0,"BloodWine":0,"Mango":13,"DemoMod:GlassGuonStoneRelic":1,"hubris:SlimyHat":15,"Ginger":10,"Blood Vial":14,"Tough Bandages":16,"DollysMirror":13,"Ring of the Snake":0,"ImportantClient":10,"Potion Belt":13,"DemoMod:ChaffGrenade":15,"ShadowXiaoBlade":0,"infinitespire:Lucky Rock":6,"infinitespire:CheckeredPen":6,"Question Card":1,"Akabeko":13,"Peace Pipe":11,"FeatherPendant":0,"vexMod:HeadHunter":13,"ChiXiaoBlade":0,"Pandora\u0027s Box":0,"trackpad:BottledTsunami":3,"StrikeDummy":12,"Ring of the Serpent":0,"Toy Ornithopter":17,"hubris:NiceRug":13},{"Lantern":2,"DaveBox":0,"BloodWine":0,"Mango":14,"DemoMod:GlassGuonStoneRelic":1,"hubris:SlimyHat":16,"Ginger":10,"Blood Vial":15,"Tough Bandages":17,"DollysMirror":14,"Ring of the Snake":0,"ImportantClient":10,"Potion Belt":14,"DemoMod:ChaffGrenade":16,"ShadowXiaoBlade":0,"infinitespire:Lucky Rock":6,"infinitespire:CheckeredPen":6,"Question Card":1,"Akabeko":14,"Peace Pipe":11,"FeatherPendant":0,"vexMod:HeadHunter":14,"ChiXiaoBlade":0,"Pandora\u0027s Box":0,"trackpad:BottledTsunami":3,"StrikeDummy":12,"Ring of the Serpent":0,"Toy Ornithopter":18,"hubris:NiceRug":14}],"Toy Ornithopter":0},"card_choices":[{"not_picked":["jedi:collectorvenom","Fluid Movement","Hidden Blade"],"picked":"SKIP","floor":1.0},{"not_picked":["Backflip+1","jedi:collectorvenom","Hidden Blade","MostiFishMod:ThornCasing"],"picked":"SKIP","floor":2},{"not_picked":["Acrobatics+1","MostiFishMod:GrandStart","Cloak And Dagger+1","jedi:collectorvenom"],"picked":"SKIP","floor":4},{"not_picked":["PiercingWail","Tactician","Acrobatics+1"],"picked":"Phantasmal Killer","floor":5},{"not_picked":["jedi:collectorvenom","PiercingWail","Calculated Gamble+1"],"picked":"Infinite Blades","floor":7},{"not_picked":["StuffTheSpire:ClusterCrunch","Dagger Throw","jedi:collectorvenom","Concentrate"],"picked":"SKIP","floor":7},{"not_picked":["jedi:pocketpoison+1","jedi:collectorvenom","Slice","Sneak Up+1"],"picked":"SKIP","floor":8},{"not_picked":["StuffTheSpire:Injection","jedi:collectorvenom","Outmaneuver"],"picked":"Finisher","floor":12},{"not_picked":["Wraith Form v2","MostiFishMod:PerfectParry+1","jedi:unstablefumes","Blur"],"picked":"SKIP","floor":13},{"not_picked":["Outmaneuver","Dagger Throw+1","jedi:collectorvenom"],"picked":"Choke","floor":14},{"not_picked":["infinitespire:Neurotoxin","MostiFishMod:ShivMaster","jedi:collectorvenom"],"picked":"Envenom","floor":16},{"not_picked":["Slice+1","Underhanded Strike","Deadly Poison","Flying Knee"],"picked":"SKIP","floor":18},{"not_picked":["Deflect","StuffTheSpire:Incursion","Sucker Punch","Concentrate+1"],"picked":"SKIP","floor":19},{"not_picked":[],"picked":"Deadly Poison","floor":20},{"not_picked":[],"picked":"Poison Darts","floor":20},{"not_picked":["Heel Hook"],"picked":"SKIP","floor":20},{"not_picked":["MostiFishMod:GrandStart"],"picked":"SKIP","floor":20},{"not_picked":["MostiFishMod:ThornCasing"],"picked":"SKIP","floor":20},{"not_picked":["PanicButton"],"picked":"SKIP","floor":20},{"not_picked":["expansioncontent:Corrupt"],"picked":"SKIP","floor":20},{"not_picked":["Heel Hook"],"picked":"SKIP","floor":20},{"not_picked":["MostiFishMod:GrandStart"],"picked":"SKIP","floor":20},{"not_picked":["MostiFishMod:ThornCasing"],"picked":"SKIP","floor":20},{"not_picked":["PanicButton"],"picked":"SKIP","floor":20},{"not_picked":["expansioncontent:Corrupt"],"picked":"SKIP","floor":20},{"not_picked":["aspiration:Lunge","MostiFishMod:LethalBlade","Doppelganger"],"picked":"Glass Knife","floor":23},{"not_picked":["Quick Slash","Acrobatics+1","Accuracy+1","Dagger Throw+1"],"picked":"SKIP","floor":23},{"not_picked":["Tools of the Trade","Phantasmal Killer","Doppelganger"],"picked":"ReplayTheSpireMod:Necrosis","floor":25},{"not_picked":["Finisher","ReplayTheSpireMod:Scrap Shanks","jedi:collectorvenom","StuffTheSpire:Injection"],"picked":"SKIP","floor":25},{"not_picked":["Unload","Sucker Punch","Hidden Blade","Cloak And Dagger"],"picked":"SKIP","floor":27},{"not_picked":["Burst","Wraith Form v2","Envenom"],"picked":"A Thousand Cuts","floor":28}],"player_experience":251133,"relics_obtained":[{"floor":1.0,"key":"Question Card"},{"floor":4,"key":"trackpad:BottledTsunami"},{"floor":9,"key":"infinitespire:Lucky Rock"},{"floor":9,"key":"infinitespire:CheckeredPen"},{"floor":16,"key":"Ginger"},{"floor":16,"key":"ImportantClient"},{"floor":18,"key":"Peace Pipe"},{"floor":19,"key":"StrikeDummy"},{"floor":20,"key":"Akabeko"},{"floor":20,"key":"Potion Belt"},{"floor":20,"key":"Mango"},{"floor":20,"key":"vexMod:HeadHunter"},{"floor":20,"key":"DollysMirror"},{"floor":23,"key":"Blood Vial"},{"floor":25,"key":"hubris:SlimyHat"},{"floor":26,"key":"DemoMod:ChaffGrenade"},{"floor":27,"key":"Tough Bandages"},{"floor":28,"key":"Toy Ornithopter"}],"event_choices":[{"damage_healed":0,"gold_gain":0,"player_choice":"Box","damage_taken":0,"relics_obtained":["Lantern"],"max_hp_gain":0,"max_hp_loss":0,"event_name":"Big Fish","floor":3,"gold_loss":0,"cards_obtained":["Regret"]},{"cards_removed":["Regret"],"damage_healed":0,"gold_gain":0,"player_choice":"Purged","damage_taken":0,"max_hp_gain":0,"max_hp_loss":0,"event_name":"Purifier","floor":11,"gold_loss":0},{"damage_healed":0,"gold_gain":0,"player_choice":"Got Potions","damage_taken":0,"max_hp_gain":0,"max_hp_loss":0,"event_name":"Lab","floor":22,"gold_loss":0}],"is_beta":false,"boss_relics":[{"not_picked":["energizedSpire:PogoStick","hubris:RunicObelisk","Replay:Fungal Core"]}],"items_purged_floors":[20],"is_endless":false,"potions_floor_spawned":[4,5,8,18,27],"killed_by":"theJungle:2_Phrogs","ascension_level":-20}}