{"host":"hcrpk3ks1jn59x6u","time":1607486417,"event":{"gold_per_floor":[119,92,42,42,73,73,107,160,185,86,86,134,134,151,151,252,252,272,292,23,23,23,23],"floor_reached":22,"playtime":1708,"items_purged":[],"score":192,"play_id":"14fe6c40-5611-4e65-82c2-c1e38b4670d2","local_time":"20201209120017","is_ascension_mode":false,"campfire_choices":[{"data":"hermit:Snapshot","floor":6,"key":"SMITH"},{"floor":11,"key":"REST"},{"data":"hermit:CalledShot","floor":13,"key":"SMITH"},{"floor":15,"key":"REST"}],"neow_cost":"NONE","seed_source_timestamp":76853264608300,"circlet_count":0,"master_deck":["hermit:Strike_Hermit","hermit:Strike_Hermit","hermit:Strike_Hermit","hermit:Strike_Hermit+1","hermit:Defend_Hermit","hermit:Defend_Hermit","hermit:Defend_Hermit","hermit:Defend_Hermit","hermit:Snapshot+1","hermit:Covet","hermit:Glare","conspire:SpireCoStock","StuffTheSpire:CuriosityCurse","hermit:Grudge","hermit:Brawl","hermit:Enervate","hermit:ItchyTrigger+1","hermit:Determination","hermit:CalledShot+1","hermit:TrackingShot","hermit:Reprieve","hermit:Shortfuse","hermit:Feint","hermit:PistolWhip","hermit:HighCaliber","Defend_B"],"relics":["hermit:Momento","betterThird:SlimedRelic","Potion Belt","Tiny Chest","Vajra","Whetstone","halation:HeavySnake","Boot"],"potions_floor_usage":[8,16,16],"damage_taken":[{"damage":0,"enemies":"Small Slimes","floor":1,"turns":3},{"damage":0,"enemies":"2 Louse","floor":5,"turns":3},{"damage":15,"enemies":"Jaw Worm","floor":7,"turns":4},{"damage":20,"enemies":"HollowMod:MossKnight","floor":8,"turns":10},{"damage":17,"enemies":"3 Sentries","floor":12,"turns":7},{"damage":11,"enemies":"Red Slaver","floor":14,"turns":3},{"damage":30,"enemies":"Hexaghost","floor":16,"turns":10},{"damage":36,"enemies":"3 Byrds","floor":18,"turns":7},{"damage":20,"enemies":"Chosen","floor":19,"turns":4},{"damage":45,"enemies":"Snecko","floor":22,"turns":6}],"seed_played":"1697016626053060834","potions_obtained":[{"floor":5,"key":"Strength Potion"},{"floor":7,"key":"hermit:Tonic"},{"floor":8,"key":"GamblersBrew"}],"is_trial":false,"path_per_floor":["M","?","?","?","M","R","M","E","T","$","R","E","R","M","R","B",null,"M","M","$","?","M"],"character_chosen":"HERMIT","items_purchased":["hermit:ItchyTrigger","hermit:Determination","Boot","hermit:PistolWhip","hermit:HighCaliber"],"campfire_rested":2,"item_purchase_floors":[10,10,20,20,20],"current_hp_per_floor":[82,71,71,71,71,71,56,36,36,36,60,43,43,32,56,26,82,46,38,38,38,0,0],"gold":23,"neow_bonus":"TEN_PERCENT_HP_BONUS","is_prod":false,"is_daily":false,"chose_seed":false,"campfire_upgraded":2,"win_rate":0.0,"timestamp":1607486417,"path_taken":["M","?","?","?","M","R","M","E","T","$","R","E","R","M","R","BOSS","M","M","$","?","M"],"build_version":"2020-11-30","purchased_purges":0,"victory":false,"max_hp_per_floor":[82,82,82,82,82,82,82,82,82,82,82,82,82,82,82,82,82,82,82,82,82,82,82],"card_choices":[{"not_picked":["hermit:ItchyTrigger","hermit:NoHoldsBarred"],"picked":"hermit:Glare","floor":1},{"not_picked":["hermit:HoleUp","hermit:TrackingShot"],"picked":"hermit:Grudge","floor":5},{"not_picked":["hermit:FlashPowder","hermit:SprayPray"],"picked":"hermit:Brawl","floor":7},{"not_picked":["hermit:Scavenge","hermit:SprayPray"],"picked":"hermit:Enervate","floor":8},{"not_picked":["hermit:Adapt","hermit:SprayPray"],"picked":"hermit:CalledShot","floor":12},{"not_picked":["hermit:Headshot","hermit:Midnight"],"picked":"hermit:TrackingShot","floor":14},{"not_picked":["hermit:Dissolve","hermit:Purgatory"],"picked":"hermit:Reprieve","floor":16},{"not_picked":["hermit:SprayPray","hermit:Spite"],"picked":"hermit:Shortfuse","floor":18},{"not_picked":["hermit:FlashPowder","hermit:PistolWhip"],"picked":"hermit:Feint","floor":19}],"player_experience":218282,"relics_obtained":[{"floor":8,"key":"Tiny Chest"},{"floor":9,"key":"Vajra"},{"floor":12,"key":"Whetstone"}],"event_choices":[{"damage_healed":0,"gold_gain":0,"player_choice":"Slimed","damage_taken":11,"max_hp_gain":0,"max_hp_loss":0,"event_name":"betterThird:BetterGoop","floor":2,"gold_loss":27},{"damage_healed":0,"gold_gain":0,"player_choice":"Invest 1","damage_taken":0,"max_hp_gain":0,"max_hp_loss":0,"event_name":"conspire:Investor","floor":3,"gold_loss":0},{"cards_removed":["hermit:CalledShot"],"damage_healed":0,"gold_gain":0,"player_choice":"Take \u0026 Give","damage_taken":0,"max_hp_gain":0,"max_hp_loss":0,"event_name":"betterNote:BetterNote","floor":21,"gold_loss":0,"cards_obtained":["Defend_B"]}],"is_beta":false,"boss_relics":[{"not_picked":["construct:ClawGrip","StuffTheSpire:RunicHypercube"],"picked":"halation:HeavySnake"}],"items_purged_floors":[],"is_endless":false,"potions_floor_spawned":[5,7,8],"killed_by":"Snecko","ascension_level":0}}