{"host":"d1za9dvx43o9v494","time":1607537814,"event":{"gold_per_floor":[99,99,99,130,55,85,111,125,150,75,86,106,170,170,184,288,288,213,224,224,224,59,71,119,145,163,198,208,208,48,148,164,164,164],"floor_reached":33,"playtime":1870,"items_purged":["Regret"],"score":397,"play_id":"19de79cb-4f77-4e15-9f07-a16077691dc8","local_time":"20201209211654","is_ascension_mode":true,"campfire_choices":[{"floor":1,"key":"RECALL"},{"data":"champ:EnchantCrown","floor":5,"key":"SMITH"},{"data":"champ:Duel","floor":10,"key":"SMITH"},{"data":"champ:BladeFlurry","floor":18,"key":"SMITH"},{"data":"champ:Haymaker","floor":20,"key":"SMITH"}],"neow_cost":"NONE","seed_source_timestamp":20344822113062,"circlet_count":0,"master_deck":["champ:Strike","champ:Strike+1","champ:Defend+1","champ:Defend+1","champ:Defend","champ:Execute","champ:Taunt","champ:Duel+1","champ:EnchantCrown+1","champ:Haymaker+1","champ:BladeFlurry+1","champ:EnchantShield+1","champ:HeartStrike+1","champ:PerfectForm+1","champ:GladiatorsShout","champ:PreciseThrust","champ:GladiatorStyle","champ:Aggression+1"],"relics":["champ:ChampionCrown","downfall:HeartsMalice","Du-Vu Doll","downfall:HeartBlessingRed","Toy Ornithopter","CaptainsWheel","downfall:HeartBlessingBlue","Anchor","Astrolabe","downfall:HeartBlessingGreen","Omamori","Shuriken","champ:SpectersHand","sneckomod:BlankCard","Potion Belt"],"potions_floor_usage":[9,13,33,33],"damage_taken":[{"damage":0,"enemies":"Cultist","floor":2,"turns":1},{"damage":0,"enemies":"Gremlin Nob","floor":4,"turns":1},{"damage":0,"enemies":"Lagavulin","floor":6,"turns":1},{"damage":9,"enemies":"2 Louse","floor":8,"turns":2},{"damage":41,"enemies":"Gremlin Nob","floor":9,"turns":6},{"damage":5,"enemies":"Small Slimes","floor":11,"turns":3},{"damage":20,"enemies":"Exordium Wildlife","floor":12,"turns":4},{"damage":1,"enemies":"Lagavulin Event","floor":13,"turns":5},{"damage":8,"enemies":"3 Louse","floor":15,"turns":4},{"damage":23,"enemies":"downfall:Watcher","floor":16,"turns":7},{"damage":20,"enemies":"Spheric Guardian","floor":19,"turns":4},{"damage":24,"enemies":"downfall:FleeingMerchant","floor":22,"turns":4},{"damage":2,"enemies":"Snake Plant","floor":23,"turns":3},{"damage":0,"enemies":"Book of Stabbing","floor":25,"turns":5},{"damage":27,"enemies":"3 Cultists","floor":26,"turns":5},{"damage":50,"enemies":"Slavers","floor":27,"turns":6},{"damage":18,"enemies":"Sentry and Sphere","floor":28,"turns":5},{"damage":13,"enemies":"downfall:FleeingMerchant","floor":30,"turns":4},{"damage":0,"enemies":"downfall:LadyInBlue","floor":31,"turns":5},{"damage":31,"enemies":"Cultist and Chosen","floor":32,"turns":7},{"damage":41,"enemies":"downfall:Silent","floor":33,"turns":6}],"seed_played":"-1620944979128073151","potions_obtained":[{"floor":6,"key":"SpeedPotion"},{"floor":8,"key":"hexamod:EctoCoolerPotion"},{"floor":15,"key":"FairyPotion"},{"floor":16,"key":"hexamod:EctoCoolerPotion"},{"floor":21,"key":"CultistPotion"},{"floor":26,"key":"CultistPotion"},{"floor":31,"key":"Weak Potion"},{"floor":31,"key":"Strength Potion"},{"floor":32,"key":"FearPotion"}],"is_trial":false,"path_per_floor":["R","M","?","E","R","E","T","M","E","R","M","M","?","?","M","B",null,"R","M","R","?","$","M","T","E","M","E","M","?","$","?","M","B"],"character_chosen":"THE_CHAMP","items_purchased":["champ:GladiatorStyle","sneckomod:BlankCard"],"campfire_rested":0,"item_purchase_floors":[22,30],"current_hp_per_floor":[90,90,90,90,90,90,90,86,50,60,60,45,49,49,46,28,100,100,92,92,92,88,86,86,86,71,51,41,41,31,31,30,0,0],"gold":164,"neow_bonus":"THREE_ENEMY_KILL","is_prod":false,"is_daily":false,"chose_seed":false,"campfire_upgraded":4,"win_rate":0,"timestamp":1607537814,"path_taken":["R","?","?","E","R","E","T","M","E","R","?","M","?","?","M","BOSS","R","M","R","?","$","M","T","E","M","E","M","?","$","?","M","BOSS"],"build_version":"2020-11-30","purchased_purges":1,"victory":false,"max_hp_per_floor":[90,90,90,90,90,90,90,90,90,100,100,100,100,100,100,100,100,100,100,100,100,100,100,100,100,100,100,100,100,100,100,100,100,100],"card_choices":[{"not_picked":["champ:BerserkersShout","champ:BringItOn"],"picked":"champ:Duel","floor":2},{"not_picked":["champ:StanceDance","champ:GladiatorsShout"],"picked":"champ:EnchantCrown","floor":4},{"not_picked":["champ:ArenaPreparation","champ:EndlessRage"],"picked":"champ:Haymaker","floor":6},{"not_picked":["champ:Backstep","champ:ShieldWall","champ:IronFortress"],"picked":"SKIP","floor":8},{"not_picked":["champ:AdrenalArmor","champ:Aggression"],"picked":"champ:BladeFlurry","floor":9},{"not_picked":["champ:Balance","champ:TornadoPunch","champ:Backstep"],"picked":"SKIP","floor":11},{"not_picked":["champ:AdrenalArmor","champ:HeartStrike","champ:RecklessLeap"],"picked":"SKIP","floor":12},{"not_picked":["champ:Encircle","champ:FightOn","champ:RecklessLeap"],"picked":"SKIP","floor":15},{"not_picked":["champ:RecklessLeap","champ:Encircle+1"],"picked":"champ:GladiatorsShout","floor":19},{"not_picked":["champ:CrookedStrike","champ:EnchantCrown"],"picked":"champ:PreciseThrust","floor":22},{"not_picked":["champ:BringItOn","champ:CrookedStrike","champ:DefensiveShout"],"picked":"SKIP","floor":23},{"not_picked":["champ:DeathBlow","champ:BladeFlurry","champ:AdrenalArmor"],"picked":"SKIP","floor":25},{"not_picked":["champ:GladiatorsShout","champ:PerfectedStrike","champ:CrookedStrike"],"picked":"SKIP","floor":26},{"not_picked":["champ:FlashCut","champ:Lariat","champ:SteelEdge+1"],"picked":"SKIP","floor":27},{"not_picked":["champ:TornadoPunch","champ:DefensiveShout+1"],"picked":"champ:Aggression+1","floor":28},{"not_picked":["champ:DeathBlow+1","champ:Lariat","champ:DefensiveStyle"],"picked":"SKIP","floor":30},{"not_picked":["champ:GladiatorsShout+1","champ:BladeFlurry","champ:FightOn"],"picked":"SKIP","floor":32}],"player_experience":535477,"relics_obtained":[{"floor":4,"key":"Du-Vu Doll"},{"floor":6,"key":"Toy Ornithopter"},{"floor":9,"key":"CaptainsWheel"},{"floor":13,"key":"Anchor"},{"floor":24,"key":"Omamori"},{"floor":25,"key":"Shuriken"},{"floor":27,"key":"champ:SpectersHand"},{"floor":31,"key":"Potion Belt"}],"event_choices":[{"damage_healed":0,"gold_gain":0,"player_choice":"Ignored","damage_taken":0,"max_hp_gain":0,"max_hp_loss":0,"event_name":"NoteForYourself","floor":3,"gold_loss":0}],"is_beta":false,"boss_relics":[{"not_picked":["Empty Cage","Tiny House"],"picked":"Astrolabe"}],"items_purged_floors":[22],"is_endless":false,"potions_floor_spawned":[6,8,15,16,23,26,32],"killed_by":"downfall:Silent","ascension_level":1}}