{"host":"qgpuimdto8vl2dfg","time":1607520517,"event":{"gold_per_floor":[116,116,116,116,128,163,182,211,211,211,228,238,50,50,50,147,147,161,161,161,19,29,60,87,84,96,108,188,230,257,300,312,426,438,460,472,503,527,558,600,303,303,303,336,336,336,369,369,369,369,369,369,23,58,58],"floor_reached":56,"playtime":3142,"items_purged":["Strike_MRS","Strike_MRS"],"score":1501,"play_id":"577d78f9-cf03-4a43-ba35-35406da89841","local_time":"20201209212837","is_ascension_mode":true,"campfire_choices":[{"data":"FinalSpark","floor":10.0,"key":"SMITH"},{"data":"Gensokyo:CrescentMoonSlash","floor":15.0,"key":"SMITH"},{"data":"CasketOfStar","floor":27.0,"key":"SMITH"},{"data":"OortCloud","floor":32.0,"key":"SMITH"},{"data":"CollectingQuirk","floor":45.0,"key":"SMITH"},{"floor":49,"key":"RECALL"},{"data":"RefractionSpark","floor":52,"key":"SMITH"}],"neow_cost":"NONE","seed_source_timestamp":111398951640800,"circlet_count":0,"master_deck":["Defend_MRS","Defend_MRS","Defend_MRS","Defend_MRS","Gensokyo:CrescentMoonSlash+1","FinalSpark+1","OortCloud+1","DoubleSpark+1","CasketOfStar+1","TreasureHunter","DoubleSpark+1","Parasite","Parasite","RefractionSpark","MagicAbsorber+1","CollectingQuirk+1","PowerUp+1","RefractionSpark+1","DoubleSpark+1","BlazeAway+1","GalacticHalo+1","AsteroidBelt+1","Madness+1"],"special_seed":0,"relics":["MiniHakkero","NeowsBlessing","Pear","Vajra","Du-Vu Doll","HandDrill","Gensokyo:Justice","Black Star","Lantern","BreadOfAWashokuLover","MawBank","TungstenRod","Pantograph","ShroomBag","Toxic Egg 2","WingedGreaves","Strawberry","Tiny Chest","Meat on the Bone","SlaversCollar","Bronze Scales","Turnip","HandmadeGrimoire","Sling","Regal Pillow","Juzu Bracelet","Centennial Puzzle","Anchor","Eternal Feather","Bag of Preparation","Nunchaku","Blue Candle","Ornamental Fan","Blood Vial"],"potions_floor_usage":[55,55],"damage_taken":[{"damage":0.0,"enemies":"Gensokyo:2_Kodama","floor":1.0,"turns":1.0},{"damage":0.0,"enemies":"Gensokyo:3_Fairies","floor":5.0,"turns":1.0},{"damage":0.0,"enemies":"Gensokyo:Aya","floor":6.0,"turns":1.0},{"damage":1.0,"enemies":"Gensokyo:Python","floor":7.0,"turns":3.0},{"damage":1.0,"enemies":"Gensokyo:Cirno","floor":8.0,"turns":5.0},{"damage":2.0,"enemies":"Gensokyo:2_Rabbits","floor":11.0,"turns":4.0},{"damage":0.0,"enemies":"Gensokyo:5_Fairies","floor":12.0,"turns":3.0},{"damage":11.0,"enemies":"Gensokyo:Reimu","floor":16.0,"turns":5.0},{"damage":13.0,"enemies":"Gensokyo:3_Dogs","floor":18.0,"turns":3.0},{"damage":0.0,"enemies":"Gensokyo:2_Gloops","floor":22.0,"turns":3.0},{"damage":16.0,"enemies":"Gensokyo:Koishi","floor":23.0,"turns":6.0},{"damage":21.0,"enemies":"Gensokyo:Slime_Group","floor":24.0,"turns":3.0},{"damage":12.0,"enemies":"Gensokyo:Reisen","floor":29.0,"turns":7.0},{"damage":4.0,"enemies":"Gensokyo:Chomper_and_Gloop","floor":30.0,"turns":3.0},{"damage":38.0,"enemies":"Gensokyo:Tenshi","floor":31.0,"turns":3.0},{"damage":41.0,"enemies":"Gensokyo:Eiki","floor":33.0,"turns":7.0},{"damage":1.0,"enemies":"3 Shapes","floor":35.0,"turns":5.0},{"damage":0.0,"enemies":"Orb Walker","floor":37.0,"turns":1.0},{"damage":0.0,"enemies":"3 Darklings","floor":38.0,"turns":1.0},{"damage":43.0,"enemies":"Maw","floor":39.0,"turns":6.0},{"damage":11.0,"enemies":"Giant Head","floor":40.0,"turns":6.0},{"damage":0.0,"enemies":"Reptomancer","floor":44.0,"turns":2.0},{"damage":0,"enemies":"Giant Head","floor":47,"turns":5},{"damage":1,"enemies":"Donu and Deca","floor":50,"turns":3},{"damage":9,"enemies":"Shield and Spear","floor":54,"turns":5},{"damage":59,"enemies":"The Heart","floor":55,"turns":5}],"seed_played":"4450395078393680217","potions_obtained":[{"floor":6.0,"key":"Fire Potion"},{"floor":7.0,"key":"LiquidBronze"},{"floor":16.0,"key":"ShroomBrew"},{"floor":18.0,"key":"FearPotion"},{"floor":35.0,"key":"Energy Potion"},{"floor":37.0,"key":"SkillPotion"}],"is_trial":false,"path_per_floor":["M","?","?","?","M","E","M","E","T","R","M","M","$","?","R","B",null,"M","?","?","$","M","E","M","?","T","R","T","E","M","E","R","B",null,"M","?","M","M","M","E","$","?","T","E","R","T","E","?","R","B",null,"R","$","E","B",null],"character_chosen":"MARISA","items_purchased":["BlazeAway","HandDrill","StarBarrage","Sling","Block Potion","Nunchaku","AsteroidBelt+1","Madness+1","Dexterity Potion"],"campfire_rested":0,"item_purchase_floors":[13,13,21,41,41,53,53,53,53],"current_hp_per_floor":[75,70,53,45,45,45,44,43,43,43,41,41,41,41,41,30,85,72,72,72,72,72,56,35,56,56,56,56,46,48,23,23,25,86,86,86,99,99,60,53,53,53,53,57,57,57,61,61,73,99,99,99,99,92,52],"gold":58,"neow_bonus":"THREE_ENEMY_KILL","is_prod":false,"is_daily":false,"chose_seed":false,"campfire_upgraded":6,"win_rate":0,"timestamp":1607520517,"path_taken":["M","?","?","?","M","E","M","E","T","R","?","M","?","?","R","BOSS","M","?","?","$","M","E","M","?","T","R","?","E","?","E","R","BOSS","M","?","M","M","?","E","$","?","T","E","R","?","E","?","R","BOSS","R","$","E","BOSS"],"build_version":"2020-11-30","purchased_purges":2,"victory":true,"max_hp_per_floor":[75,85,85,85,85,85,85,85,85,85,85,85,85,85,85,85,85,85,79,79,79,79,79,79,79,79,79,79,79,79,86,86,86,86,86,86,99,99,99,99,99,99,99,99,99,99,99,99,99,99,99,99,99,99,99],"relic_stats":{"Regal Pillow":0,"counters":[26,97],"Blue Candle":[2],"Eternal Feather":12,"Juzu Bracelet":1,"Bag of Preparation":[6],"MawBank":216,"Blood Vial":2,"Centennial Puzzle":[9],"Nunchaku":[2],"Ornamental Fan":[20],"Pantograph":55,"Bronze Scales":[78],"Tiny Chest":1,"Turnip":[2],"HandDrill":[22],"Black Star":7,"obtain_stats":[{"Lantern":19,"Regal Pillow":43,"Vajra":6,"Juzu Bracelet":44,"Bag of Preparation":47,"Gensokyo:Justice":14,"Sling":41,"Blood Vial":54,"Frozen Eye":23,"Centennial Puzzle":44,"Nunchaku":53,"Sundial":40,"Pantograph":28,"Strawberry":31,"Tiny Chest":31,"WingedGreaves":29,"HandDrill":13,"HandmadeGrimoire":40,"Toxic Egg 2":29,"Pear":2,"NeowsBlessing":0,"Blue Candle":54,"BreadOfAWashokuLover":23,"Eternal Feather":47,"MawBank":23,"Du-Vu Doll":8,"ShroomBag":29,"SlaversCollar":34,"Anchor":46,"Ornamental Fan":54,"Bronze Scales":40,"Turnip":40,"Black Star":17,"MiniHakkero":0,"TungstenRod":26,"Meat on the Bone":31},{"Lantern":9,"Regal Pillow":21,"Vajra":3,"Juzu Bracelet":22,"Bag of Preparation":23,"Gensokyo:Justice":7,"Sling":21,"Blood Vial":25,"Frozen Eye":10,"Centennial Puzzle":22,"Nunchaku":24,"Sundial":21,"Pantograph":12,"Strawberry":15,"Tiny Chest":15,"WingedGreaves":13,"HandDrill":7,"HandmadeGrimoire":21,"Toxic Egg 2":13,"Pear":1,"NeowsBlessing":0,"Blue Candle":25,"BreadOfAWashokuLover":11,"Eternal Feather":23,"MawBank":11,"Du-Vu Doll":5,"ShroomBag":13,"SlaversCollar":16,"Anchor":22,"Ornamental Fan":25,"Bronze Scales":21,"Turnip":21,"Black Star":8,"MiniHakkero":0,"TungstenRod":12,"Meat on the Bone":15},{"Lantern":26,"Regal Pillow":77,"Vajra":3,"Juzu Bracelet":79,"Bag of Preparation":84,"Gensokyo:Justice":18,"Sling":77,"Blood Vial":92,"Frozen Eye":29,"Centennial Puzzle":79,"Nunchaku":87,"Sundial":76,"Pantograph":38,"Strawberry":51,"Tiny Chest":51,"WingedGreaves":45,"HandDrill":18,"HandmadeGrimoire":77,"Toxic Egg 2":45,"Pear":1,"NeowsBlessing":0,"Blue Candle":92,"BreadOfAWashokuLover":35,"Eternal Feather":84,"MawBank":35,"Du-Vu Doll":11,"ShroomBag":45,"SlaversCollar":58,"Anchor":79,"Ornamental Fan":92,"Bronze Scales":77,"Turnip":77,"Black Star":23,"MiniHakkero":0,"TungstenRod":38,"Meat on the Bone":51}],"TungstenRod":31,"Meat on the Bone":24},"card_choices":[{"not_picked":["NonDirectionalLaser","Acceleration","ShootingEcho"],"picked":"SKIP","floor":1.0},{"not_picked":["6A","ChargingUp","Acceleration"],"picked":"SKIP","floor":5.0},{"not_picked":["AsteroidBelt","StarDustReverie"],"picked":"FinalSpark","floor":6.0},{"not_picked":["EnergyFlow","DarkMatter","NonDirectionalLaser"],"picked":"SKIP","floor":7.0},{"not_picked":["EnergyFlow","DarkMatter","NonDirectionalLaser"],"picked":"SKIP","floor":7.0},{"not_picked":["AsteroidBelt","GrandCross"],"picked":"OortCloud","floor":8.0},{"not_picked":["OneTimeOff","ShootingEcho"],"picked":"DoubleSpark","floor":11.0},{"not_picked":["PulseMagic","MilkyWay","FairyDestructionRay"],"picked":"SKIP","floor":12.0},{"not_picked":["AbsoluteMagnitude","UltimateShortwave"],"picked":"CasketOfStar","floor":16.0},{"not_picked":["AsteroidBelt","WitchLeyline","OpenUniverse+1"],"picked":"SKIP","floor":18.0},{"not_picked":["ChargeUpSpray","SprinkleStarSeal","ShootingEcho"],"picked":"SKIP","floor":22.0},{"not_picked":["AsteroidBelt+1","GravityBeat"],"picked":"DoubleSpark+1","floor":23.0},{"not_picked":["IllusionStar+1","EventHorizon","ChargingUp"],"picked":"SKIP","floor":24.0},{"not_picked":["BlazingStar","SporeBomb+1","DarkSpark"],"picked":"SKIP","floor":29.0},{"not_picked":["MagicAbsorber+1","DC"],"picked":"RefractionSpark","floor":30.0},{"not_picked":["AlicesGift","OpenUniverse+1"],"picked":"MagicAbsorber+1","floor":31.0},{"not_picked":["SuperNova","BlazingStar"],"picked":"CollectingQuirk","floor":33.0},{"not_picked":["LuminesStrike","6A+1"],"picked":"PowerUp+1","floor":35.0},{"not_picked":["DeepEcoloBomb","GrandCross+1"],"picked":"DoubleSpark+1","floor":37.0},{"not_picked":["MilkyWay+1","WitchOfGreed"],"picked":"BlazeAway+1","floor":38.0},{"not_picked":["GrandCross","EnergyRecoil+1","EventHorizon"],"picked":"SKIP","floor":39.0},{"not_picked":["DoubleSpark+1","6A","DragonMeteor+1"],"picked":"SKIP","floor":40.0},{"not_picked":["ChargingUp+1","DarkSpark"],"picked":"GalacticHalo+1","floor":44.0},{"not_picked":["CasketOfStar","WitchLeyline","Occultation+1"],"picked":"SKIP","floor":47},{"not_picked":["UnstableBomb","LuminesStrike","MysteriousBeam+1"],"picked":"SKIP","floor":54}],"player_experience":388894,"relics_obtained":[{"floor":6.0,"key":"Vajra"},{"floor":8.0,"key":"Du-Vu Doll"},{"floor":23.0,"key":"BreadOfAWashokuLover"},{"floor":23.0,"key":"MawBank"},{"floor":26.0,"key":"TungstenRod"},{"floor":28.0,"key":"Pantograph"},{"floor":29.0,"key":"ShroomBag"},{"floor":29.0,"key":"Toxic Egg 2"},{"floor":29.0,"key":"WingedGreaves"},{"floor":31.0,"key":"Strawberry"},{"floor":31.0,"key":"Tiny Chest"},{"floor":31.0,"key":"Meat on the Bone"},{"floor":40.0,"key":"Bronze Scales"},{"floor":40.0,"key":"Turnip"},{"floor":40.0,"key":"HandmadeGrimoire"},{"floor":43.0,"key":"Regal Pillow"},{"floor":44.0,"key":"Juzu Bracelet"},{"floor":44.0,"key":"Centennial Puzzle"},{"floor":46.0,"key":"Anchor"},{"floor":47,"key":"Eternal Feather"},{"floor":47,"key":"Bag of Preparation"},{"floor":54,"key":"Blue Candle"},{"floor":54,"key":"Ornamental Fan"},{"floor":54,"key":"Blood Vial"}],"event_choices":[{"damage_healed":0.0,"max_hp_gain":0.0,"max_hp_loss":0.0,"gold_gain":0.0,"cards_transformed":["StarBarrage"],"event_name":"Transmorgrifier","player_choice":"Transformed","floor":36.0,"gold_loss":0.0,"damage_taken":0.0,"cards_obtained":["RefractionSpark"]},{"cards_removed":["MasterSpark"],"damage_healed":0.0,"max_hp_gain":0.0,"max_hp_loss":0.0,"gold_gain":0.0,"event_name":"Purifier","player_choice":"Purged","floor":42.0,"gold_loss":0.0,"damage_taken":0.0},{"damage_healed":0,"gold_gain":0,"player_choice":"Upgraded","damage_taken":0,"max_hp_gain":0,"max_hp_loss":0,"event_name":"Upgrade Shrine","floor":48,"gold_loss":0,"cards_upgraded":["DoubleSpark"]}],"is_beta":false,"boss_relics":[{"not_picked":["Calling Bell","Pandora\u0027s Box"],"picked":"Black Star"},{"not_picked":["Snecko Eye","Philosopher\u0027s Stone"],"picked":"SlaversCollar"}],"items_purged_floors":[21,41],"is_endless":false,"potions_floor_spawned":[6,7,16,18,23,35,37,39],"ascension_level":1}}