{"host":"1tl36azeqm6yhdgj","time":1607510621,"event":{"gold_per_floor":[115,134,147,97,10,10,23,39,121,121,149,149,179,179,179,308,308,322,8,31,31,31,65,65,103,157,157,157,6,131,147,147,278,278,303,1302,1302,295,295,336,336,356,379,398,398,308,339,90,90,90,90],"floor_reached":50,"playtime":1568,"items_purged":["Strike_R","Strike_R"],"score":1081,"play_id":"60f9631a-8c9e-47c5-a04f-692ebc44c2c1","local_time":"20201209054341","is_ascension_mode":true,"campfire_choices":[{"floor":6.0,"key":"RECALL"},{"data":"Flex","floor":10.0,"key":"SMITH"},{"data":"Carnage","floor":12.0,"key":"SMITH"},{"data":"Cleave","floor":15.0,"key":"SMITH"},{"floor":27.0,"key":"REST"},{"data":"Barricade","floor":32.0,"key":"SMITH"},{"data":"Anger","floor":41.0,"key":"SMITH"},{"data":"Juggernaut","floor":45.0,"key":"SMITH"},{"data":"Twin Strike","floor":49.0,"key":"SMITH"}],"neow_cost":"NONE","seed_source_timestamp":0,"circlet_count":0,"master_deck":["AscendersBane","Strike_R","Strike_R","Defend_R","Defend_R","Defend_R","Defend_R","Bash+1","Twin Strike+1","Anger+1","Flex+1","Bandage Up","Carnage+1","Cleave+1","Injury","Barricade+1","Infernal Blade+1","Necronomicurse","Ghostly Armor+1","Feel No Pain","Evolve+1","Juggernaut+1","Metallicize+1","Finesse","Feel No Pain","Dark Embrace+1","Rage+1","Entrench+1","Panache","Discovery+1"],"special_seed":0,"relics":["Black Blood","Bag of Preparation","Singing Bowl","Du-Vu Doll","Akabeko","Golden Idol","Black Star","FossilizedHelix","Necronomicon","Sundial","Pantograph","Regal Pillow","Mummified Hand","Orichalcum","Toy Ornithopter","Omamori","StoneCalendar","Letter Opener","Thread and Needle","Strange Spoon","Art of War","Toxic Egg 2","Blood Vial","Bag of Marbles","Torii","MawBank"],"potions_floor_usage":[50],"damage_taken":[{"damage":11.0,"enemies":"Jaw Worm","floor":1.0,"turns":5.0},{"damage":6.0,"enemies":"Cultist","floor":2.0,"turns":3.0},{"damage":7.0,"enemies":"Small Slimes","floor":3.0,"turns":3.0},{"damage":14.0,"enemies":"Exordium Wildlife","floor":7.0,"turns":4.0},{"damage":11.0,"enemies":"Blue Slaver","floor":8.0,"turns":3.0},{"damage":40.0,"enemies":"Gremlin Nob","floor":11.0,"turns":4.0},{"damage":15.0,"enemies":"3 Sentries","floor":13.0,"turns":8.0},{"damage":0.0,"enemies":"Slime Boss","floor":16.0,"turns":4.0},{"damage":15.0,"enemies":"3 Byrds","floor":18.0,"turns":5.0},{"damage":6.0,"enemies":"Chosen","floor":20.0,"turns":3.0},{"damage":23.0,"enemies":"Book of Stabbing","floor":23.0,"turns":3.0},{"damage":21.0,"enemies":"Gremlin Leader","floor":25.0,"turns":3.0},{"damage":0.0,"enemies":"Colosseum Slavers","floor":30.0,"turns":3.0},{"damage":0.0,"enemies":"Colosseum Nobs","floor":30.0,"turns":4.0},{"damage":0.0,"enemies":"Centurion and Healer","floor":31.0,"turns":2.0},{"damage":47.0,"enemies":"Champ","floor":33.0,"turns":7.0},{"damage":0.0,"enemies":"Orb Walker","floor":35.0,"turns":2.0},{"damage":0.0,"enemies":"Reptomancer","floor":40.0,"turns":6.0},{"damage":0.0,"enemies":"3 Shapes","floor":42.0,"turns":3.0},{"damage":0.0,"enemies":"Spire Growth","floor":44.0,"turns":3.0},{"damage":28.0,"enemies":"Nemesis","floor":47.0,"turns":7.0},{"damage":128,"enemies":"Awakened One","floor":50,"turns":9}],"seed_played":"-7129186808690250620","potions_obtained":[{"floor":2.0,"key":"PowerPotion"},{"floor":7.0,"key":"Energy Potion"},{"floor":8.0,"key":"Regen Potion"},{"floor":13.0,"key":"GamblersBrew"},{"floor":20.0,"key":"ColorlessPotion"},{"floor":30.0,"key":"GamblersBrew"},{"floor":31.0,"key":"SneckoOil"},{"floor":33.0,"key":"Explosive Potion"},{"floor":40.0,"key":"ElixirPotion"},{"floor":44.0,"key":"AttackPotion"}],"is_trial":false,"path_per_floor":["M","M","M","?","$","R","M","M","T","R","E","R","E","?","R","B",null,"M","$","M","?","?","E","T","E","T","R","?","$","?","M","R","B",null,"M","?","?","$","T","E","R","M","T","M","R","?","E","$","R","B"],"character_chosen":"IRONCLAD","items_purchased":["Bandage Up","FossilizedHelix","Feel No Pain","Thread and Needle","Strange Spoon","Art of War","Fruit Juice","Explosive Potion","Finesse","Feel No Pain","Panache","Discovery+1"],"campfire_rested":1,"item_purchase_floors":[5,19,29,38,38,38,38,38,38,38,48,48],"current_hp_per_floor":[67,67,66,66,66,66,62,61,61,61,31,31,43,43,43,53,75,72,72,76,60,60,45,45,30,30,70,70,70,88,88,88,47,78,88,88,88,93,93,93,93,95,95,95,95,95,79,79,79,0,0],"gold":90,"neow_bonus":"RANDOM_COMMON_RELIC","is_prod":false,"is_daily":false,"chose_seed":false,"campfire_upgraded":7,"win_rate":0,"timestamp":1607510621,"path_taken":["M","M","M","?","?","R","?","M","T","R","E","R","E","?","R","BOSS","M","$","M","?","?","E","?","E","T","R","?","$","?","?","R","BOSS","M","?","?","?","?","E","R","M","T","M","R","?","E","$","R","BOSS"],"build_version":"2020-11-30","purchased_purges":2,"victory":false,"max_hp_per_floor":[80,80,80,80,80,80,80,80,80,80,80,80,82,82,82,82,82,84,84,84,84,84,86,86,86,86,86,86,86,88,88,88,88,88,88,88,88,93,93,93,93,95,95,95,95,95,95,95,95,95,95],"card_choices":[{"not_picked":["Entrench","Clothesline"],"picked":"Twin Strike","floor":1.0},{"not_picked":["True Grit","Sever Soul"],"picked":"Anger","floor":2.0},{"not_picked":["Entrench","Shrug It Off"],"picked":"Flex","floor":3.0},{"not_picked":["Pommel Strike","Armaments"],"picked":"Carnage","floor":7.0},{"not_picked":["Anger","Evolve","Heavy Blade"],"picked":"SKIP","floor":8.0},{"not_picked":["Fiend Fire","Sentinel"],"picked":"Cleave","floor":11.0},{"not_picked":["Heavy Blade","Shrug It Off","Body Slam"],"picked":"Singing Bowl","floor":13.0},{"not_picked":["Impervious","Bludgeon"],"picked":"Barricade","floor":16.0},{"not_picked":["Anger+1","Heavy Blade","Sever Soul"],"picked":"Singing Bowl","floor":18.0},{"not_picked":["Headbutt","Cleave"],"picked":"Infernal Blade+1","floor":20.0},{"not_picked":["Perfected Strike+1","Anger","Warcry"],"picked":"Singing Bowl","floor":23.0},{"not_picked":["Body Slam","Entrench"],"picked":"Ghostly Armor+1","floor":25.0},{"not_picked":["True Grit","Warcry","Infernal Blade"],"picked":"Singing Bowl","floor":30.0},{"not_picked":["Warcry","Twin Strike"],"picked":"Evolve+1","floor":31.0},{"not_picked":["Immolate","Feed"],"picked":"Juggernaut","floor":33.0},{"not_picked":["Body Slam+1","Power Through"],"picked":"Metallicize+1","floor":35.0},{"not_picked":["Warcry+1","Iron Wave"],"picked":"Dark Embrace+1","floor":40.0},{"not_picked":["Pommel Strike+1","Twin Strike+1","True Grit+1"],"picked":"Singing Bowl","floor":42.0},{"not_picked":["Barricade","Twin Strike+1"],"picked":"Rage+1","floor":44.0},{"not_picked":["Dark Embrace","Iron Wave"],"picked":"Entrench+1","floor":47.0}],"player_experience":1891276,"relics_obtained":[{"floor":9.0,"key":"Singing Bowl"},{"floor":11.0,"key":"Du-Vu Doll"},{"floor":13.0,"key":"Akabeko"},{"floor":21.0,"key":"Necronomicon"},{"floor":23.0,"key":"Pantograph"},{"floor":23.0,"key":"Regal Pillow"},{"floor":24.0,"key":"Mummified Hand"},{"floor":25.0,"key":"Orichalcum"},{"floor":25.0,"key":"Toy Ornithopter"},{"floor":26.0,"key":"Omamori"},{"floor":30.0,"key":"StoneCalendar"},{"floor":30.0,"key":"Letter Opener"},{"floor":40.0,"key":"Toxic Egg 2"},{"floor":40.0,"key":"Blood Vial"},{"floor":43.0,"key":"Bag of Marbles"},{"floor":47.0,"key":"Torii"},{"floor":47.0,"key":"MawBank"}],"event_choices":[{"cards_removed":["Strike_R"],"damage_healed":0.0,"max_hp_gain":0.0,"max_hp_loss":0.0,"gold_gain":0.0,"event_name":"The Cleric","player_choice":"Card Removal","floor":4.0,"gold_loss":50.0,"damage_taken":0.0},{"damage_healed":0.0,"max_hp_gain":0.0,"max_hp_loss":0.0,"gold_gain":0.0,"event_name":"Golden Idol","player_choice":"Take Wound","floor":14.0,"gold_loss":0.0,"damage_taken":0.0,"relics_obtained":["Golden Idol"],"cards_obtained":["Injury"]},{"damage_healed":0.0,"max_hp_gain":0.0,"max_hp_loss":0.0,"gold_gain":0.0,"event_name":"Cursed Tome","player_choice":"Obtained Book","floor":21.0,"gold_loss":0.0,"damage_taken":16.0},{"damage_healed":0.0,"max_hp_gain":0.0,"max_hp_loss":0.0,"gold_gain":0.0,"event_name":"Addict","player_choice":"Stole Relic","floor":22.0,"gold_loss":0.0,"damage_taken":0.0,"relics_obtained":["Sundial"],"cards_obtained":["Shame"]},{"damage_healed":0.0,"max_hp_gain":0.0,"max_hp_loss":0.0,"gold_gain":0.0,"event_name":"Ghosts","player_choice":"Ignored","floor":28.0,"gold_loss":0.0,"damage_taken":0.0},{"damage_healed":0.0,"max_hp_gain":0.0,"max_hp_loss":0.0,"gold_gain":0.0,"event_name":"Colosseum","player_choice":"Fight","floor":30.0,"gold_loss":0.0,"damage_taken":0.0},{"damage_healed":0.0,"max_hp_gain":0.0,"max_hp_loss":0.0,"gold_gain":0.0,"event_name":"Colosseum","player_choice":"Fought Nobs","floor":30.0,"gold_loss":0.0,"damage_taken":0.0},{"damage_healed":0.0,"max_hp_gain":0.0,"max_hp_loss":0.0,"gold_gain":999.0,"event_name":"MindBloom","player_choice":"Gold","floor":36.0,"gold_loss":0.0,"damage_taken":0.0,"cards_obtained":["Normality","Normality"]},{"damage_healed":0.0,"max_hp_gain":0.0,"max_hp_loss":0.0,"gold_gain":0.0,"event_name":"The Moai Head","player_choice":"Ignored","floor":37.0,"gold_loss":0.0,"damage_taken":0.0},{"cards_removed":["Shame"],"damage_healed":0.0,"max_hp_gain":0.0,"max_hp_loss":0.0,"gold_gain":0.0,"event_name":"Designer","player_choice":"Upgrade and Remove","floor":46.0,"gold_loss":90.0,"damage_taken":0.0,"cards_upgraded":["Bash"]}],"is_beta":false,"boss_relics":[{"not_picked":["Philosopher\u0027s Stone","Tiny House"],"picked":"Black Star"},{"not_picked":["Snecko Eye","Coffee Dripper"],"picked":"Black Blood"}],"items_purged_floors":[29,38],"is_endless":false,"potions_floor_spawned":[2,7,8,13,20,30,31,33,40,44],"killed_by":"Awakened One","ascension_level":11}}