{"host":"ko0mgl3op33mqgxv","time":1607472544,"event":{"gold_per_floor":[117,127,139,90,102,131,131,205,228,228,263,263,279,296,296,398,398,408,408,94,107,118,146,146,177,177,195,195,208,239,338,338,441,441,461,475,385,404,422,452,452,466,521,222,222,100,100,112,112,112,112,112,11,40,40,40],"floor_reached":55,"playtime":4591,"items_purged":["Blasphemy","Doubt","CutThroughFate"],"score":806,"play_id":"53182fdd-29c0-48ac-a0cd-d2cf5909d4ca","local_time":"20201208160904","is_ascension_mode":true,"campfire_choices":[{"data":"Eruption","floor":7,"key":"SMITH"},{"data":"Wallop","floor":12,"key":"SMITH"},{"floor":15,"key":"REST"},{"data":"Omniscience","floor":24,"key":"SMITH"},{"floor":28,"key":"REST"},{"floor":32,"key":"REST"},{"floor":41,"key":"REST"},{"floor":47,"key":"RECALL"},{"data":"Alpha","floor":49,"key":"SMITH"},{"data":"DeceiveReality","floor":52,"key":"SMITH"}],"neow_cost":"NONE","seed_source_timestamp":-1269570624363082520,"circlet_count":0,"master_deck":["Eruption+1","Vigilance","SashWhip+1","Alpha+1","ThirdEye","Wallop+1","Prostrate","Prostrate","ForeignInfluence","TalkToTheHand+1","Alpha+1","Prostrate","Omniscience+1","Prostrate","FollowUp+1","SpiritShield","JustLucky","Evaluate","ReachHeaven","DeceiveReality+1","Prostrate+1"],"relics":["Astrolabe","Toy Ornithopter","Gremlin Horn","Anchor","Busted Crown","Orichalcum","Bag of Preparation","Lizard Tail","Pantograph","Potion Belt","Prayer Wheel","Pandora\u0027s Box","Girya","Smiling Mask","PreservedInsect","Strawberry"],"potions_floor_usage":[11,16,16,23,25,25,30,39,40,50,54,55,55,55,55,55],"damage_taken":[{"damage":0,"enemies":"Cultist","floor":1,"turns":2},{"damage":6,"enemies":"Jaw Worm","floor":2,"turns":3},{"damage":0,"enemies":"2 Louse","floor":3,"turns":2},{"damage":4,"enemies":"Blue Slaver","floor":5,"turns":3},{"damage":15,"enemies":"3 Sentries","floor":6,"turns":4},{"damage":16,"enemies":"Lagavulin","floor":11,"turns":5},{"damage":4,"enemies":"Gremlin Gang","floor":13,"turns":4},{"damage":0,"enemies":"2 Fungi Beasts","floor":14,"turns":2},{"damage":30,"enemies":"The Guardian","floor":16,"turns":6},{"damage":0,"enemies":"Chosen","floor":18,"turns":4},{"damage":12,"enemies":"2 Thieves","floor":21,"turns":4},{"damage":20,"enemies":"3 Cultists","floor":22,"turns":4},{"damage":15,"enemies":"Gremlin Leader","floor":23,"turns":4},{"damage":28,"enemies":"Book of Stabbing","floor":25,"turns":5},{"damage":0,"enemies":"Cultist and Chosen","floor":27,"turns":3},{"damage":3,"enemies":"Centurion and Healer","floor":29,"turns":4},{"damage":6,"enemies":"Gremlin Leader","floor":30,"turns":5},{"damage":27,"enemies":"Champ","floor":33,"turns":7},{"damage":7,"enemies":"Orb Walker","floor":35,"turns":3},{"damage":7,"enemies":"3 Shapes","floor":36,"turns":4},{"damage":29,"enemies":"Spire Growth","floor":38,"turns":6},{"damage":25,"enemies":"Sphere and 2 Shapes","floor":39,"turns":5},{"damage":46,"enemies":"Nemesis","floor":40,"turns":5},{"damage":27,"enemies":"Writhing Mass","floor":42,"turns":5},{"damage":7,"enemies":"3 Darklings","floor":48,"turns":4},{"damage":42,"enemies":"Donu and Deca","floor":50,"turns":6},{"damage":62,"enemies":"Shield and Spear","floor":54,"turns":4},{"damage":85,"enemies":"The Heart","floor":55,"turns":6}],"seed_played":"6315856669362343791","potions_obtained":[{"floor":1,"key":"ColorlessPotion"},{"floor":2,"key":"ColorlessPotion"},{"floor":6,"key":"DistilledChaos"},{"floor":14,"key":"LiquidMemories"},{"floor":18,"key":"SkillPotion"},{"floor":21,"key":"SkillPotion"},{"floor":25,"key":"Block Potion"},{"floor":30,"key":"LiquidBronze"},{"floor":35,"key":"SneckoOil"},{"floor":38,"key":"Strength Potion"},{"floor":48,"key":"Ancient Potion"},{"floor":54,"key":"LiquidBronze"}],"is_trial":false,"path_per_floor":["M","M","M","$","M","E","R","?","T","T","E","R","M","M","R","B",null,"M","?","$","M","M","E","R","E","T","M","R","M","E","?","R","B",null,"M","M","?","M","M","E","R","M","T","$","?","$","R","M","R","B",null,"R","$","E","B"],"character_chosen":"WATCHER","items_purchased":["Prostrate","Orichalcum","Bag of Preparation","PreservedInsect","SpeedPotion","SkillPotion","LiquidMemories","Weak Potion"],"campfire_rested":4,"item_purchase_floors":[4,20,20,44,44,44,46,53],"current_hp_per_floor":[72,66,66,66,62,47,47,47,47,47,36,36,32,32,53,33,72,72,72,72,60,40,30,30,12,12,12,33,30,29,29,50,45,72,65,58,58,29,9,16,37,10,10,10,72,72,72,65,65,35,72,72,72,17,0,0],"gold":40,"neow_bonus":"BOSS_RELIC","is_prod":false,"is_daily":false,"chose_seed":false,"campfire_upgraded":5,"win_rate":0,"timestamp":1607472544,"path_taken":["M","?","M","?","M","E","R","?","T","?","E","R","?","M","R","BOSS","M","?","$","?","M","E","R","E","T","?","R","M","E","?","R","BOSS","M","M","?","M","?","E","R","M","T","$","?","$","R","M","R","BOSS","R","$","E","BOSS"],"build_version":"2020-11-30","purchased_purges":3,"victory":false,"max_hp_per_floor":[72,72,72,72,72,72,72,72,72,72,72,72,72,72,72,72,72,72,72,72,72,72,72,72,72,72,72,72,72,72,72,72,72,72,72,72,72,72,72,72,72,72,72,72,72,72,72,72,72,72,72,72,72,79,79,79],"card_choices":[{"not_picked":["DeceiveReality","EmptyFist"],"picked":"ThirdEye","floor":1},{"not_picked":["Protect","Study"],"picked":"Wallop","floor":2},{"not_picked":["WindmillStrike","FlyingSleeves"],"picked":"CutThroughFate","floor":3},{"not_picked":["InnerPeace","Worship"],"picked":"Crescendo","floor":5},{"not_picked":["Wish","BattleHymn"],"picked":"Prostrate","floor":6},{"not_picked":["Protect","Evaluate"],"picked":"ForeignInfluence","floor":11},{"not_picked":["LikeWater","Protect"],"picked":"TalkToTheHand","floor":13},{"not_picked":["Wireheading","WaveOfTheHand","FlurryOfBlows"],"picked":"SKIP","floor":14},{"not_picked":["Establishment","Judgement"],"picked":"Alpha","floor":16},{"not_picked":["Collect"],"picked":"SKIP","floor":18},{"not_picked":["CarveReality"],"picked":"SKIP","floor":21},{"not_picked":[],"picked":"Prostrate","floor":22},{"not_picked":[],"picked":"Omniscience","floor":23},{"not_picked":[],"picked":"Prostrate","floor":25},{"not_picked":["Crescendo"],"picked":"SKIP","floor":27},{"not_picked":["Crescendo+1"],"picked":"SKIP","floor":29},{"not_picked":[],"picked":"FollowUp+1","floor":30},{"not_picked":["Indignation+1"],"picked":"SKIP","floor":35},{"not_picked":["Evaluate+1"],"picked":"SKIP","floor":35},{"not_picked":["FlurryOfBlows"],"picked":"SKIP","floor":36},{"not_picked":["PathToVictory"],"picked":"SKIP","floor":36},{"not_picked":["MentalFortress+1"],"picked":"SKIP","floor":38},{"not_picked":["Weave+1"],"picked":"SKIP","floor":38},{"not_picked":["FollowUp+1"],"picked":"SKIP","floor":39},{"not_picked":["Collect"],"picked":"SKIP","floor":39},{"not_picked":[],"picked":"DeceiveReality","floor":40},{"not_picked":[],"picked":"Prostrate+1","floor":42},{"not_picked":["Conclude+1"],"picked":"SKIP","floor":42},{"not_picked":["Swivel+1"],"picked":"SKIP","floor":48},{"not_picked":["BowlingBash"],"picked":"SKIP","floor":48},{"not_picked":["ClearTheMind"],"picked":"SKIP","floor":54}],"player_experience":511928,"relics_obtained":[{"floor":6,"key":"Toy Ornithopter"},{"floor":10,"key":"Gremlin Horn"},{"floor":11,"key":"Anchor"},{"floor":23,"key":"Lizard Tail"},{"floor":25,"key":"Pantograph"},{"floor":26,"key":"Potion Belt"},{"floor":30,"key":"Prayer Wheel"},{"floor":40,"key":"Girya"},{"floor":43,"key":"Smiling Mask"},{"floor":54,"key":"Strawberry"}],"event_choices":[{"damage_healed":0,"gold_gain":74,"player_choice":"Gained Gold","damage_taken":0,"max_hp_gain":0,"max_hp_loss":0,"event_name":"Golden Wing","floor":8,"gold_loss":0},{"cards_removed":["WreathOfFlame"],"damage_healed":0,"gold_gain":0,"player_choice":"Offered Uncommon","damage_taken":0,"max_hp_gain":0,"max_hp_loss":0,"event_name":"Bonfire Elementals","floor":19,"gold_loss":0},{"damage_healed":0,"gold_gain":99,"player_choice":"Stole From Cult","damage_taken":0,"max_hp_gain":0,"max_hp_loss":0,"event_name":"Nest","floor":31,"gold_loss":0},{"cards_removed":["Crescendo"],"damage_healed":0,"gold_gain":0,"player_choice":"Upgrade and Remove","damage_taken":0,"max_hp_gain":0,"max_hp_loss":0,"event_name":"Designer","floor":37,"gold_loss":90,"cards_upgraded":["TalkToTheHand"]},{"damage_healed":62,"gold_gain":0,"player_choice":"Heal","damage_taken":0,"max_hp_gain":0,"max_hp_loss":0,"event_name":"MindBloom","floor":45,"gold_loss":0,"cards_obtained":["Doubt"]}],"is_beta":false,"boss_relics":[{"not_picked":["Empty Cage","SacredBark"],"picked":"Busted Crown"},{"not_picked":["Runic Dome","Calling Bell"],"picked":"Pandora\u0027s Box"}],"items_purged_floors":[44,46,53],"is_endless":false,"potions_floor_spawned":[1,2,6,14,18,21,22,25,30,35,38,48,54],"killed_by":"The Heart","ascension_level":1}}