{"host":"fbqvzfq8f1yzoo4u","time":1607490408,"event":{"gold_per_floor":[117,117,137,137,6,34,34,54,54,73,18,43,54,68,33,107,107,124,143,143,156,71,71,71,102,128,128,128,160,160,180,180,255,255,273,283,173,192,211,211,239,95,95,125,145,35,35,45,45,45,45],"floor_reached":52,"playtime":2809,"items_purged":["Defend_G"],"score":1570,"play_id":"cb28a566-b74d-43e7-bd00-d26b1bf11141","local_time":"20201209130648","is_ascension_mode":true,"campfire_choices":[{"floor":7.0,"key":"REST"},{"floor":23.0,"key":"REST"},{"data":"Malaise","floor":27.0,"key":"SMITH"},{"floor":30.0,"key":"REST"},{"floor":32.0,"key":"REST"},{"floor":40.0,"key":"REST"},{"floor":49.0,"key":"REST"}],"neow_cost":"NONE","seed_source_timestamp":0,"circlet_count":0,"master_deck":["AscendersBane","Survivor","Neutralize","Corpse Explosion+1","Skewer+1","Escape Plan+1","Deadly Poison","Caltrops+1","Backflip","Dagger Throw","Catalyst","Catalyst","Underhanded Strike","PiercingWail","Malaise+1","Prepared+1","Caltrops+1","Backflip","Acrobatics","Backflip","Burst","Die Die Die","Footwork","Bouncing Flask","Blur","Infinite Blades","Acrobatics","Tactician","Hidden Blade+1","Backflip","Backflip","ReplayTheSpireMod:The Works","Well Laid Plans+1","Deflect+1","Shame","Tactician","Good Instincts"],"special_seed":0,"relics":["Astrolabe","Mango","Basket Of Snakes","Darkstone Periapt","Philosopher\u0027s Stone","Juzu Bracelet","Bottled Lightning","Happy Flower","The Specimen","Replay:Grab Bag","Fusion Hammer","ChewingGum","SacredBark","Pandora\u0027s Box","Quantum Egg","Toy Ornithopter","Art of War","ReplayTheSpireMod:CursedCoin"],"potions_floor_usage":[51],"damage_taken":[{"damage":1.0,"enemies":"Cultist","floor":1.0,"turns":3.0},{"damage":0.0,"enemies":"Small Slimes","floor":3.0,"turns":3.0},{"damage":12.0,"enemies":"3 Sentries","floor":6.0,"turns":6.0},{"damage":4.0,"enemies":"Jaw Worm","floor":8.0,"turns":3.0},{"damage":15.0,"enemies":"Exordium Wildlife","floor":10.0,"turns":3.0},{"damage":21.0,"enemies":"Gremlin Nob","floor":12.0,"turns":4.0},{"damage":0.0,"enemies":"Gremlin Gang","floor":13.0,"turns":3.0},{"damage":1.0,"enemies":"Large Slime","floor":14.0,"turns":4.0},{"damage":14.0,"enemies":"Hexaghost","floor":16.0,"turns":7.0},{"damage":0.0,"enemies":"3 Byrds","floor":18.0,"turns":2.0},{"damage":7.0,"enemies":"Chosen","floor":19.0,"turns":5.0},{"damage":22.0,"enemies":"Snecko","floor":21.0,"turns":5.0},{"damage":10.0,"enemies":"Book of Stabbing","floor":25.0,"turns":5.0},{"damage":59.0,"enemies":"Slavers","floor":29.0,"turns":5.0},{"damage":14.0,"enemies":"Sentry and Sphere","floor":31.0,"turns":4.0},{"damage":45.0,"enemies":"Collector","floor":33.0,"turns":7.0},{"damage":0.0,"enemies":"3 Shapes","floor":35.0,"turns":3.0},{"damage":5.0,"enemies":"Orb Walker","floor":36.0,"turns":4.0},{"damage":22.0,"enemies":"Spire Growth","floor":38.0,"turns":5.0},{"damage":15.0,"enemies":"Writhing Mass","floor":39.0,"turns":5.0},{"damage":5.0,"enemies":"Nemesis","floor":41.0,"turns":7.0},{"damage":2.0,"enemies":"Giant Head","floor":44.0,"turns":4.0},{"damage":10.0,"enemies":"4 Shapes","floor":45.0,"turns":2.0},{"damage":15.0,"enemies":"Donu and Deca","floor":50.0,"turns":5.0},{"damage":47,"enemies":"Replay:Hell Engine","floor":51,"turns":7}],"seed_played":"-5466224295642724546","potions_obtained":[{"floor":6.0,"key":"LiquidBronze"},{"floor":10.0,"key":"SteroidPotion"},{"floor":13.0,"key":"Regen Potion"},{"floor":16.0,"key":"Elixir"},{"floor":19.0,"key":"Weak Potion"},{"floor":29.0,"key":"CunningPotion"},{"floor":33.0,"key":"Adrenaline Potion"},{"floor":38.0,"key":"CunningPotion"},{"floor":41.0,"key":"GamblersBrew"}],"is_trial":false,"path_per_floor":["M","?","M","?","$","E","R","M","T","M","$","E","M","M","R","B",null,"M","M","?","M","?","R","?","E","T","R","?","E","R","M","R","B",null,"M","M","?","M","M","R","E","$","T","E","M","$","?","$","R","B","B",null],"character_chosen":"THE_SILENT","items_purchased":["Fire Potion","Poisoned Stab","Well Laid Plans","Poison Potion","Poison Potion","Poison Potion","ReplayTheSpireMod:CursedCoin","Tactician","Good Instincts"],"campfire_rested":6,"item_purchase_floors":[5,11,42,42,46,46,48,48,48],"current_hp_per_floor":[58,51,51,51,51,53,77,73,73,58,58,37,37,36,56,57,74,74,67,67,45,45,69,69,59,59,59,75,16,40,26,50,5,61,61,56,56,34,19,43,38,38,38,41,31,31,31,37,62,52,10],"gold":45,"neow_bonus":"BOSS_RELIC","is_prod":false,"is_daily":false,"chose_seed":false,"campfire_upgraded":1,"win_rate":0,"timestamp":1607490408,"path_taken":["M","?","M","?","$","E","R","M","T","M","$","E","M","?","R","BOSS","M","M","?","?","?","R","?","E","T","R","?","E","R","M","R","BOSS","M","M","?","M","M","R","E","$","T","E","M","$","?","?","R","BOSS","BOSS"],"build_version":"2020-11-30","purchased_purges":1,"victory":true,"max_hp_per_floor":[66,66,66,66,66,80,80,80,80,80,80,80,80,80,80,80,80,80,80,80,80,80,80,80,80,80,80,80,80,80,80,80,80,80,80,80,80,80,80,80,80,80,80,80,80,80,80,86,86,86,86],"card_choices":[{"not_picked":["Outmaneuver","Acrobatics"],"picked":"Deadly Poison","floor":1.0},{"not_picked":["Cloak And Dagger","Expertise"],"picked":"Caltrops","floor":3.0},{"not_picked":["Acrobatics","Riddle With Holes"],"picked":"Backflip","floor":6.0},{"not_picked":["Reflex","Flying Knee"],"picked":"Dagger Throw","floor":8.0},{"not_picked":["Skewer","Setup"],"picked":"Catalyst","floor":10.0},{"not_picked":["Bane","ReplayTheSpireMod:Exploit Weakness"],"picked":"Catalyst","floor":12.0},{"not_picked":["Well Laid Plans","Poison Darts"],"picked":"Underhanded Strike","floor":13.0},{"not_picked":["Accuracy","Slice"],"picked":"PiercingWail","floor":14.0},{"not_picked":["Phantasmal Killer","Doppelganger"],"picked":"Malaise","floor":16.0},{"not_picked":["Quick Slash","Underhanded Strike"],"picked":"Prepared","floor":18.0},{"not_picked":["Sucker Punch","Setup","Slice"],"picked":"SKIP","floor":19.0},{"not_picked":["Heel Hook","Draining Mist"],"picked":"Backflip","floor":21.0},{"not_picked":["Flying Knee+1","Accuracy"],"picked":"Acrobatics","floor":25.0},{"not_picked":["Dagger Spray","Deadly Poison"],"picked":"Backflip","floor":29.0},{"not_picked":["Bane","Crippling Poison"],"picked":"Burst","floor":31.0},{"not_picked":["Unload","ReplayTheSpireMod:From All Sides"],"picked":"Die Die Die","floor":33.0},{"not_picked":["Riddle With Holes","Slice"],"picked":"Tactician","floor":35.0},{"not_picked":["Blade Dance","Dagger Spray"],"picked":"Hidden Blade+1","floor":36.0},{"not_picked":["Sucker Punch+1","Hidden Blade"],"picked":"Backflip","floor":38.0},{"not_picked":["Night Terror","ReplayTheSpireMod:Tripwire"],"picked":"Backflip","floor":39.0},{"not_picked":["Flying Knee","Acrobatics"],"picked":"ReplayTheSpireMod:The Works","floor":41.0},{"not_picked":["Underhanded Strike","Quick Slash+1","Crippling Poison"],"picked":"SKIP","floor":44.0},{"not_picked":["Eviscerate","Calculated Gamble"],"picked":"Deflect+1","floor":45.0}],"player_experience":549111,"relics_obtained":[{"floor":6.0,"key":"Mango"},{"floor":9.0,"key":"Basket Of Snakes"},{"floor":12.0,"key":"Darkstone Periapt"},{"floor":25.0,"key":"Bottled Lightning"},{"floor":26.0,"key":"Happy Flower"},{"floor":29.0,"key":"The Specimen"},{"floor":41.0,"key":"Quantum Egg"},{"floor":43.0,"key":"Toy Ornithopter"},{"floor":44.0,"key":"Art of War"}],"event_choices":[{"cards_removed":["Strike_G"],"damage_healed":0.0,"max_hp_gain":0.0,"max_hp_loss":0.0,"gold_gain":0.0,"event_name":"Golden Wing","player_choice":"Card Removal","floor":2.0,"gold_loss":0.0,"damage_taken":7.0},{"damage_healed":0.0,"max_hp_gain":0.0,"max_hp_loss":0.0,"gold_gain":0.0,"event_name":"Upgrade Shrine","player_choice":"Upgraded","floor":4.0,"gold_loss":0.0,"damage_taken":0.0,"cards_upgraded":["Caltrops"]},{"damage_healed":20.0,"max_hp_gain":0.0,"max_hp_loss":0.0,"gold_gain":0.0,"event_name":"The Cleric","player_choice":"Healed","floor":15.0,"gold_loss":35.0,"damage_taken":0.0},{"damage_healed":0.0,"max_hp_gain":0.0,"max_hp_loss":0.0,"gold_gain":0.0,"event_name":"Duplicator","player_choice":"Copied","floor":20.0,"gold_loss":0.0,"damage_taken":0.0,"cards_obtained":["Caltrops"]},{"damage_healed":0.0,"max_hp_gain":0.0,"max_hp_loss":0.0,"gold_gain":0.0,"event_name":"Addict","player_choice":"Obtained Relic","floor":22.0,"gold_loss":85.0,"damage_taken":0.0,"relics_obtained":["Juzu Bracelet"]},{"damage_healed":0.0,"max_hp_gain":0.0,"max_hp_loss":0.0,"gold_gain":0.0,"event_name":"Cursed Tome","player_choice":"Ignored","floor":24.0,"gold_loss":0.0,"damage_taken":0.0},{"damage_healed":16.0,"max_hp_gain":0.0,"max_hp_loss":0.0,"gold_gain":0.0,"event_name":"The Library","player_choice":"Heal","floor":28.0,"gold_loss":0.0,"damage_taken":0.0},{"cards_removed":["Poisoned Stab"],"damage_healed":0.0,"max_hp_gain":0.0,"max_hp_loss":0.0,"gold_gain":0.0,"event_name":"Designer","player_choice":"Upgrade and Remove","floor":37.0,"gold_loss":110.0,"damage_taken":0.0,"cards_upgraded":["Prepared"]},{"damage_healed":0.0,"max_hp_gain":0.0,"max_hp_loss":0.0,"gold_gain":0.0,"event_name":"Accursed Blacksmith","player_choice":"Forge","floor":47.0,"gold_loss":0.0,"damage_taken":0.0,"cards_upgraded":["Well Laid Plans"]}],"is_beta":false,"boss_relics":[{"not_picked":["Abe\u0027s Treasure","WristBlade"],"picked":"Philosopher\u0027s Stone"},{"not_picked":["Snecko Scales","SlaversCollar"],"picked":"Replay:Grab Bag"},{"not_picked":["Busted Crown","Coffee Dripper"],"picked":"Fusion Hammer"},{"not_picked":["Sozu","Velvet Choker"],"picked":"ChewingGum"},{"not_picked":["Honey Jar","Snecko Eye"],"picked":"SacredBark"},{"not_picked":["Black Star","Ring of Chaos"],"picked":"Pandora\u0027s Box"}],"items_purged_floors":[5],"is_endless":false,"potions_floor_spawned":[6,10,13,14,16,19,29,33,38,41],"ascension_level":20}}