{"host":"69rply1jf2d1wbmp","time":1607479579,"event":{"gold_per_floor":[113,188,202,45,65,94,94,22,22,33,64,64,239,250,250,350,350,366,386,238,248,173,223,77,77,103,116,151,161,161,161,161],"floor_reached":31,"playtime":832,"items_purged":["Strike_B"],"score":265,"play_id":"5b63dcd9-ed6c-4675-a424-bec40a976d1b","local_time":"20201208210619","is_ascension_mode":false,"campfire_choices":[{"floor":15,"key":"REST"},{"data":"Zap","floor":25,"key":"SMITH"},{"floor":30,"key":"REST"}],"neow_cost":"NONE","seed_source_timestamp":936287816845500,"circlet_count":0,"master_deck":["Strike_B","Strike_B","Strike_B","Defend_B","Defend_B","Defend_B","Defend_B","Zap+1","Dualcast","Streamline","Capacitor+1","Defragment+1","Sweeping Beam","Hello World+1","Ball Lightning","Core Surge","Static Discharge+1","Defragment+1","Leap","Echo Form+1","Gash"],"relics":["Cracked Core","Lee\u0027s Waffle","Frozen Egg 2","Cables","Bag of Preparation","Velvet Choker","Vajra"],"potions_floor_usage":[10,29,31],"damage_taken":[{"damage":1,"enemies":"2 Louse","floor":1,"turns":2},{"damage":1,"enemies":"Jaw Worm","floor":3,"turns":3},{"damage":1,"enemies":"Cultist","floor":5,"turns":3},{"damage":63,"enemies":"Gremlin Nob","floor":6,"turns":5},{"damage":16,"enemies":"Gremlin Gang","floor":10,"turns":2},{"damage":35,"enemies":"3 Sentries","floor":11,"turns":5},{"damage":0,"enemies":"2 Fungi Beasts","floor":14,"turns":3},{"damage":18,"enemies":"Hexaghost","floor":16,"turns":8},{"damage":17,"enemies":"Shell Parasite","floor":18,"turns":4},{"damage":11,"enemies":"Spheric Guardian","floor":19,"turns":4},{"damage":11,"enemies":"Snake Plant","floor":21,"turns":3},{"damage":24,"enemies":"Centurion and Healer","floor":27,"turns":3},{"damage":13,"enemies":"Gremlin Leader","floor":28,"turns":5},{"damage":9,"enemies":"Sentry and Sphere","floor":29,"turns":4},{"damage":32,"enemies":"Book of Stabbing","floor":31,"turns":4}],"seed_played":"-4993165122557022493","potions_obtained":[{"floor":3,"key":"LiquidBronze"},{"floor":6,"key":"Explosive Potion"},{"floor":14,"key":"Swift Potion"},{"floor":18,"key":"FocusPotion"}],"is_trial":false,"path_per_floor":["M","?","M","$","M","E","?","$","T","M","E","?","?","M","R","B",null,"M","M","$","M","?","?","$","R","T","M","E","M","R","E"],"character_chosen":"DEFECT","items_purchased":["Lee\u0027s Waffle","Defragment+1","Defragment+1","Echo Form+1"],"campfire_rested":2,"item_purchase_floors":[4,8,20,24],"current_hp_per_floor":[81,70,69,89,88,25,54,54,54,38,3,3,3,3,29,11,89,72,61,61,50,50,50,50,50,50,26,13,4,30,0,0],"gold":161,"neow_bonus":"TEN_PERCENT_HP_BONUS","is_prod":false,"is_daily":false,"chose_seed":false,"campfire_upgraded":1,"win_rate":0,"timestamp":1607479579,"path_taken":["M","?","M","$","M","E","?","$","T","M","E","?","?","?","R","BOSS","M","M","$","M","?","?","$","R","T","?","E","?","R","E"],"build_version":"2020-11-30","purchased_purges":1,"victory":false,"max_hp_per_floor":[82,82,82,89,89,89,89,89,89,89,89,89,89,89,89,89,89,89,89,89,89,89,89,89,89,89,89,89,89,89,89,89],"card_choices":[{"not_picked":["Coolheaded","Compile Driver","BootSequence"],"picked":"SKIP","floor":1},{"not_picked":["Hologram","Amplify"],"picked":"Streamline","floor":3},{"not_picked":["Reprogram","Hologram","Cold Snap"],"picked":"SKIP","floor":5},{"not_picked":["Amplify","Glacier"],"picked":"Capacitor+1","floor":6},{"not_picked":["Double Energy","Go for the Eyes"],"picked":"Sweeping Beam","floor":10},{"not_picked":["Coolheaded","Sweeping Beam"],"picked":"Hello World+1","floor":11},{"not_picked":["Compile Driver","Redo"],"picked":"Ball Lightning","floor":14},{"not_picked":["Reboot","Seek"],"picked":"Core Surge","floor":16},{"not_picked":["Rip and Tear","Double Energy"],"picked":"Static Discharge+1","floor":18},{"not_picked":["Steam Power","Double Energy","Compile Driver"],"picked":"SKIP","floor":19},{"not_picked":["Skim+1","Double Energy"],"picked":"Leap","floor":21},{"not_picked":["Compile Driver","Creative AI+1"],"picked":"Gash","floor":27},{"not_picked":["Streamline","Redo","Doom and Gloom"],"picked":"SKIP","floor":28},{"not_picked":["Steam+1","Static Discharge+1","Turbo"],"picked":"SKIP","floor":29}],"player_experience":309912,"relics_obtained":[{"floor":6,"key":"Frozen Egg 2"},{"floor":9,"key":"Cables"},{"floor":11,"key":"Bag of Preparation"},{"floor":28,"key":"Vajra"}],"event_choices":[{"damage_healed":0,"gold_gain":75,"player_choice":"Gather Gold","damage_taken":11,"max_hp_gain":0,"max_hp_loss":0,"event_name":"World of Goop","floor":2,"gold_loss":0},{"damage_healed":29,"gold_gain":0,"player_choice":"Banana","damage_taken":0,"max_hp_gain":0,"max_hp_loss":0,"event_name":"Big Fish","floor":7,"gold_loss":0},{"damage_healed":0,"gold_gain":0,"player_choice":"Ignored","damage_taken":0,"max_hp_gain":0,"max_hp_loss":0,"event_name":"Golden Idol","floor":12,"gold_loss":0},{"damage_healed":0,"gold_gain":175,"player_choice":"AGREE","damage_taken":0,"max_hp_gain":0,"max_hp_loss":0,"event_name":"Liars Game","floor":13,"gold_loss":0,"cards_obtained":["Doubt"]},{"cards_removed":["Doubt"],"damage_healed":0,"gold_gain":0,"player_choice":"Gave Gold","damage_taken":0,"max_hp_gain":0,"max_hp_loss":0,"event_name":"Beggar","floor":22,"gold_loss":75},{"damage_healed":0,"gold_gain":100,"player_choice":"Bet on Murderer","damage_taken":0,"max_hp_gain":0,"max_hp_loss":0,"event_name":"The Joust","floor":23,"gold_loss":50}],"is_beta":false,"boss_relics":[{"not_picked":["Pandora\u0027s Box","Inserter"],"picked":"Velvet Choker"}],"items_purged_floors":[20],"is_endless":false,"potions_floor_spawned":[3,6,14,18,21,27],"killed_by":"Book of Stabbing","ascension_level":0}}