{"host":"w67240tx264gh7zw","time":1607544242,"event":{"gold_per_floor":[117,217,119,138,138,138,154,154,154,187,206,206,134,134,134,236,236,250,250,250,44,44,44,55,55,55,55,75,93,112,112,112,212,212,227,227,142,142,166,166,178,178,231,231,231,231,231,251,251,251,251],"floor_reached":50,"playtime":2265,"items_purged":[],"score":359,"play_id":"c2e7e53f-a43f-4852-8f76-3dc067e8dba0","local_time":"20201209120402","is_ascension_mode":false,"campfire_choices":[{"floor":6.0,"key":"RECALL"},{"data":"PathToVictory","floor":8.0,"key":"SMITH"},{"floor":12.0,"key":"REST"},{"floor":15.0,"key":"REST"},{"floor":23.0,"key":"REST"},{"data":"PathToVictory","floor":27.0,"key":"SMITH"},{"floor":32.0,"key":"REST"},{"data":"Vault","floor":40.0,"key":"SMITH"},{"data":"Prostrate","floor":42.0,"key":"SMITH"},{"data":"LikeWater","floor":44.0,"key":"SMITH"},{"data":"Vigilance","floor":47.0,"key":"SMITH"},{"floor":49.0,"key":"REST"}],"neow_cost":"NONE","seed_source_timestamp":0,"circlet_count":0,"master_deck":["Strike_P","Strike_P","Strike_P","Strike_P","Defend_P","Defend_P","Defend_P+1","Eruption","Vigilance+1","Berserk","PathToVictory+1","PathToVictory+1","MarkedMod:FirstStrike","Evaluate","Swivel","Prostrate+1","Vault+1","MarkedMod:Acupuncture","Wallop","MarkedMod:NorthStar","Replay:AtTheReady+1","EmptyBody","LessonLearned","Protect","Writhe","EmptyFist+1","LikeWater+1","InnerPeace","ReachHeaven"],"special_seed":0,"relics":["PureWater","REME_ComplimentaryCards","NeowsBlessing","Yang","Potion Belt","hubris:ScarierMask","aspiration:RitualStick","Membership Card","Pantograph","Blue Doll","Mirror","conspire:SpecialSausage","ReplayFunnel","Smiling Mask","hubris:Towel"],"potions_floor_usage":[50],"damage_taken":[{"damage":0.0,"enemies":"Small Slimes","floor":1.0,"turns":1.0},{"damage":0.0,"enemies":"Jaw Worm","floor":4.0,"turns":1.0},{"damage":0.0,"enemies":"conspire:RoseBush","floor":7.0,"turns":1.0},{"damage":36.0,"enemies":"Gremlin Nob","floor":10.0,"turns":4.0},{"damage":1.0,"enemies":"3 Louse","floor":11.0,"turns":4.0},{"damage":86.0,"enemies":"Slime Boss","floor":16.0,"turns":19.0},{"damage":6.0,"enemies":"2 Thieves","floor":18.0,"turns":3.0},{"damage":0.0,"enemies":"conspire:FuzzyDice","floor":24.0,"turns":5.0},{"damage":23.0,"enemies":"Centurion and Healer","floor":28.0,"turns":7.0},{"damage":7.0,"enemies":"Shelled Parasite and Fungi","floor":29.0,"turns":3.0},{"damage":10.0,"enemies":"Snake Plant","floor":30.0,"turns":4.0},{"damage":26.0,"enemies":"conspire:MysteriousRune","floor":33.0,"turns":5.0},{"damage":2.0,"enemies":"3 Shapes","floor":35.0,"turns":5.0},{"damage":1.0,"enemies":"Orb Walker","floor":41.0,"turns":3.0},{"damage":31.0,"enemies":"Transient","floor":48.0,"turns":5.0},{"damage":98,"enemies":"conspire:OrnateMirror","floor":50,"turns":8}],"seed_played":"-8764834303338210752","potions_obtained":[{"floor":4.0,"key":"SpeedPotion"},{"floor":10.0,"key":"blueLaboratory:BubblePotion"},{"floor":16.0,"key":"BlessingOfTheForge"},{"floor":28.0,"key":"Fire Potion"},{"floor":33.0,"key":"Ancient Potion"},{"floor":35.0,"key":"blueLaboratory:EpiphanyPotion"}],"is_trial":false,"path_per_floor":["M","?","$","M","?","R","M","R","T","E","M","R","$","$","R","B",null,"M","AVR","?","$","T","R","M","?","T","R","M","M","M","T","R","B",null,"M","?","$","?","T","R","M","R","T","R","?","?","R","M","R","B"],"character_chosen":"WATCHER","items_purchased":["conspire:TimeTravelPotion","Prostrate","Membership Card","Pantograph","EmptyFist+1","LikeWater"],"campfire_rested":5,"item_purchase_floors":[3,13,21,21,37,37],"current_hp_per_floor":[72,72,72,72,72,72,72,72,72,36,35,56,56,56,72,27,72,66,66,52,52,52,72,72,72,72,72,49,42,32,32,53,27,72,70,72,72,72,72,72,71,71,71,71,71,71,71,40,61,0,0],"gold":251,"neow_bonus":"THREE_ENEMY_KILL","is_prod":false,"is_daily":false,"chose_seed":false,"campfire_upgraded":6,"win_rate":0.0,"timestamp":1607544242,"path_taken":["M","?","?","M","?","R","?","R","T","E","M","R","?","$","R","BOSS","M","AVR","?","?","?","R","M","?","T","R","M","?","M","?","R","BOSS","M","?","$","?","?","R","?","R","T","R","?","?","R","M","R","BOSS"],"build_version":"2020-11-30","purchased_purges":0,"victory":false,"max_hp_per_floor":[72,72,72,72,72,72,72,72,72,72,72,72,72,72,72,72,72,72,72,72,72,72,72,72,72,72,72,72,72,72,72,72,72,72,72,72,72,72,72,72,72,72,72,72,72,72,72,72,72,72,72],"relic_stats":{"counters":[16,78],"Pantograph":11,"Yang":[70],"Smiling Mask":0,"obtain_stats":[{"Potion Belt":10,"ReplayFunnel":39,"NeowsBlessing":0,"Yang":9,"Blue Doll":26,"conspire:SpecialSausage":34,"hubris:Towel":46,"Smiling Mask":43,"aspiration:RitualStick":20,"Pantograph":21,"hubris:ScarierMask":17,"Membership Card":21,"PureWater":0,"Mirror":31,"REME_ComplimentaryCards":0},{"Potion Belt":4,"ReplayFunnel":13,"NeowsBlessing":0,"Yang":3,"Blue Doll":8,"conspire:SpecialSausage":12,"hubris:Towel":14,"Smiling Mask":14,"aspiration:RitualStick":7,"Pantograph":7,"hubris:ScarierMask":6,"Membership Card":7,"PureWater":0,"Mirror":11,"REME_ComplimentaryCards":0},{"Potion Belt":7,"ReplayFunnel":62,"NeowsBlessing":0,"Yang":3,"Blue Doll":38,"conspire:SpecialSausage":57,"hubris:Towel":65,"Smiling Mask":65,"aspiration:RitualStick":33,"Pantograph":33,"hubris:ScarierMask":30,"Membership Card":33,"PureWater":0,"Mirror":52,"REME_ComplimentaryCards":0}],"aspiration:RitualStick":[8]},"card_choices":[{"not_picked":["Replay:BluntJabs","MarkedMod:Acupuncture"],"picked":"PathToVictory","floor":1.0},{"not_picked":["Evaluate","Replay:Cycle"],"picked":"PathToVictory","floor":4.0},{"not_picked":["Replay:Vibes","Blasphemy"],"picked":"MarkedMod:FirstStrike","floor":7.0},{"not_picked":["Meditate","Replay:BluntJabs"],"picked":"Evaluate","floor":10.0},{"not_picked":["EmptyBody","Evaluate"],"picked":"Swivel","floor":11.0},{"not_picked":["REME_WorshipGod","Wish"],"picked":"Vault","floor":16.0},{"not_picked":["ThirdEye+1","ClearTheMind"],"picked":"MarkedMod:Acupuncture","floor":18.0},{"not_picked":["Fasting2+1","SashWhip"],"picked":"Wallop","floor":24.0},{"not_picked":["Crescendo","WreathOfFlame+1"],"picked":"MarkedMod:NorthStar","floor":28.0},{"not_picked":["Halt","Crescendo"],"picked":"Replay:AtTheReady+1","floor":29.0},{"not_picked":["CrushJoints","Halt"],"picked":"EmptyBody","floor":30.0},{"not_picked":["Wish","Ragnarok"],"picked":"LessonLearned","floor":33.0},{"not_picked":["SignatureMove","Replay:AtTheReady+1"],"picked":"Protect","floor":35.0},{"not_picked":["MarkedMod:FirstStrike+1","FlyingSleeves"],"picked":"InnerPeace","floor":41.0},{"not_picked":["Replay:AtTheReady","FearNoEvil+1"],"picked":"ReachHeaven","floor":48.0}],"player_experience":460781,"relics_obtained":[{"floor":9.0,"key":"Yang"},{"floor":10.0,"key":"Potion Belt"},{"floor":26.0,"key":"Blue Doll"},{"floor":31.0,"key":"Mirror"},{"floor":39.0,"key":"ReplayFunnel"},{"floor":43.0,"key":"Smiling Mask"}],"event_choices":[{"damage_healed":0.0,"max_hp_gain":0.0,"max_hp_loss":0.0,"gold_gain":100.0,"event_name":"Golden Shrine","player_choice":"Pray","floor":2.0,"gold_loss":0.0,"damage_taken":0.0},{"cards_removed":["Defend_P"],"damage_healed":0.0,"max_hp_gain":0.0,"max_hp_loss":0.0,"gold_gain":0.0,"event_name":"Bonfire Elementals","player_choice":"Offered Basic","floor":5.0,"gold_loss":0.0,"damage_taken":0.0},{"damage_healed":0.0,"max_hp_gain":0.0,"max_hp_loss":0.0,"gold_gain":0.0,"event_name":"Vampires","player_choice":"Ignored","floor":25.0,"gold_loss":0.0,"damage_taken":0.0},{"damage_healed":18.0,"max_hp_gain":0.0,"max_hp_loss":0.0,"gold_gain":0.0,"event_name":"Winding Halls","player_choice":"Writhe","floor":36.0,"gold_loss":0.0,"damage_taken":0.0,"cards_obtained":["Writhe"]},{"damage_healed":0.0,"max_hp_gain":0.0,"max_hp_loss":0.0,"gold_gain":0.0,"event_name":"Mysterious Sphere","player_choice":"Ignored","floor":38.0,"gold_loss":0.0,"damage_taken":0.0}],"is_beta":false,"boss_relics":[{"not_picked":["hubris:RunicObelisk","Runic Pyramid"],"picked":"hubris:ScarierMask"},{"not_picked":["Black Star","hubris:GrandSneckoEye"],"picked":"conspire:SpecialSausage"}],"items_purged_floors":[],"is_endless":false,"potions_floor_spawned":[4,10,16,28,33,35],"killed_by":"conspire:OrnateMirror","ascension_level":0}}