{"host":"44og2uqm53oex657","time":1607502188,"event":{"gold_per_floor":[112,112,127,52,52,52,86,86,113,113,143,155,193,205,217,304,316,343,355,380,417,81,81,81,131,131,131,131],"floor_reached":27,"playtime":747,"items_purged":["Defend_MRS","Strike_MRS"],"score":496,"play_id":"807ea2c5-9cc7-4fd9-9642-10a8345a955d","local_time":"20201209002308","is_ascension_mode":true,"campfire_choices":[{"data":"OortCloud","floor":6,"key":"SMITH"},{"data":"6A","floor":8,"key":"SMITH"},{"data":"MagicAbsorber","floor":10,"key":"SMITH"},{"data":"6A","floor":12,"key":"SMITH"},{"data":"SprinkleStarSeal","floor":15,"key":"SMITH"},{"data":"Singularity","floor":23,"key":"SMITH"}],"neow_cost":"NONE","seed_source_timestamp":2377928871409700,"circlet_count":0,"master_deck":["AscendersBane","Strike_MRS+1","Strike_MRS+1","Defend_MRS+1","Defend_MRS","Defend_MRS+1","MasterSpark","UpSweep+1","OortCloud+1","PropBag","6A+1","MagicAbsorber+1","6A+1","SprinkleStarSeal+1","UnstableBomb+1","Singularity+1"],"relics":["MiniHakkero","Ornamental Fan","Whetstone","Potion Belt","MawBank","Art of War","ExperimentalFamiliar","Juzu Bracelet","Oddly Smooth Stone","Molten Egg 2","Gremlin Horn"],"potions_floor_usage":[16,16],"damage_taken":[{"damage":0,"enemies":"2 Louse","floor":1,"turns":3},{"damage":5,"enemies":"Cultist","floor":3,"turns":4},{"damage":6,"enemies":"Lagavulin","floor":7,"turns":8},{"damage":19,"enemies":"Gremlin Nob","floor":11,"turns":5},{"damage":0,"enemies":"Lagavulin","floor":13,"turns":6},{"damage":7,"enemies":"Hexaghost","floor":16,"turns":13},{"damage":10,"enemies":"Shell Parasite","floor":18,"turns":4},{"damage":0,"enemies":"Chosen","floor":20,"turns":4},{"damage":31,"enemies":"Slavers","floor":27,"turns":3}],"seed_played":"-8895516715174168382","potions_obtained":[{"floor":1,"key":"EssenceOfSteel"},{"floor":13,"key":"Block Potion"},{"floor":18,"key":"SneckoOil"},{"floor":20,"key":"LiquidBronze"}],"is_trial":false,"path_per_floor":["M","?","M","$","T","R","E","R","T","R","E","R","E","?","R","B",null,"M","?","M","T","$","R","$","?","T","E"],"character_chosen":"MARISA","items_purchased":["Singularity","Oddly Smooth Stone"],"campfire_rested":0,"item_purchase_floors":[22,22],"current_hp_per_floor":[63,63,58,58,58,58,52,52,52,52,33,33,33,12,12,5,54,44,24,24,24,24,24,24,24,24,0,0],"gold":131,"neow_bonus":"UPGRADE_CARD","is_prod":false,"is_daily":false,"chose_seed":false,"campfire_upgraded":6,"win_rate":0,"timestamp":1607502188,"path_taken":["M","?","M","$","?","R","E","R","T","R","E","R","E","?","R","BOSS","M","?","M","?","$","R","$","?","T","E"],"build_version":"2020-11-30","purchased_purges":2,"victory":false,"max_hp_per_floor":[70,70,70,70,70,70,70,70,70,70,70,70,70,70,70,70,70,70,75,75,75,75,75,75,75,75,75,75],"card_choices":[{"not_picked":["OrrerysSun","Acceleration"],"picked":"OortCloud","floor":1},{"not_picked":["Orbital","Acceleration"],"picked":"6A","floor":3},{"not_picked":["GasGiant","AsteroidBelt"],"picked":"MagicAbsorber","floor":7},{"not_picked":["WitchOfGreed","DarkMatter"],"picked":"6A","floor":11},{"not_picked":["Orbital","SprinkleStarSeal","IllusionStar"],"picked":"SKIP","floor":13},{"not_picked":["Orbital","IllusionStar"],"picked":"SprinkleStarSeal","floor":13},{"not_picked":["BlazeAway","LuminesStrike"],"picked":"UnstableBomb+1","floor":18},{"not_picked":["GravityBeat","DoubleSpark","DC"],"picked":"SKIP","floor":20}],"player_experience":664103,"relics_obtained":[{"floor":5,"key":"Ornamental Fan"},{"floor":7,"key":"Whetstone"},{"floor":9,"key":"Potion Belt"},{"floor":11,"key":"MawBank"},{"floor":13,"key":"Art of War"},{"floor":21,"key":"Juzu Bracelet"},{"floor":26,"key":"Molten Egg 2"}],"event_choices":[{"damage_healed":0,"gold_gain":0,"cards_transformed":["Strike_MRS"],"player_choice":"Transformed","damage_taken":0,"max_hp_gain":0,"max_hp_loss":0,"event_name":"Transmorgrifier","floor":2,"gold_loss":0,"cards_obtained":["PropBag"]},{"damage_healed":0,"gold_gain":0,"player_choice":"Entered Light","damage_taken":21,"max_hp_gain":0,"max_hp_loss":0,"event_name":"Shining Light","floor":14,"gold_loss":0,"cards_upgraded":["Defend_MRS","Defend_MRS"]},{"damage_healed":0,"gold_gain":0,"player_choice":"Shed Blood","damage_taken":25,"max_hp_gain":5,"max_hp_loss":0,"event_name":"Forgotten Altar","floor":19,"gold_loss":0},{"damage_healed":0,"gold_gain":50,"player_choice":"Stole From Cult","damage_taken":0,"max_hp_gain":0,"max_hp_loss":0,"event_name":"Nest","floor":25,"gold_loss":0}],"is_beta":false,"boss_relics":[{"not_picked":["Coffee Dripper","Black Star"],"picked":"ExperimentalFamiliar"}],"items_purged_floors":[4,22],"is_endless":false,"potions_floor_spawned":[1,13,18,20],"killed_by":"Slavers","ascension_level":20}}