{"host":"69rply1jf2d1wbmp","time":1607535443,"event":{"gold_per_floor":[211,224,224,32,48,77,90,90,90,102,117,128,161,177,177,280,280,292,217,316,40,72,89,100,100,100,100,127,146,178,191,191,292,292,302,524,538,267,287,322,340,340,340,340,17,44,44,63,63,63,63,63,17,43,43],"floor_reached":56,"playtime":2084,"items_purged":["Strike_G","Strike_G"],"score":1336,"play_id":"d3a2797d-f59f-4948-a831-05aa7d211973","local_time":"20201209123723","is_ascension_mode":false,"campfire_choices":[{"floor":8,"key":"REST"},{"data":"Envenom","floor":15,"key":"SMITH"},{"data":"Venomology","floor":25,"key":"SMITH"},{"floor":32,"key":"REST"},{"data":"Noxious Fumes","floor":42,"key":"SMITH"},{"floor":47,"key":"RECALL"},{"floor":49,"key":"REST"},{"data":"Accuracy","floor":52,"key":"SMITH"}],"neow_cost":"NONE","seed_source_timestamp":990882828709300,"circlet_count":0,"master_deck":["Defend_G","Defend_G","Defend_G","Survivor","Neutralize","Footwork","Quick Slash","Neutralize","Deep Breath","Backstab","Backflip","Envenom+1","Bane+1","Venomology+1","Backstab+1","Corpse Explosion","Slice+1","Footwork","Dagger Spray+1","Noxious Fumes+1","Backstab+1","After Image","Infinite Blades+1","Storm of Steel+1","Caltrops+1","Storm of Steel+1","Choke+1","Endless Agony+1","Terror+1","Accuracy+1","Backstab+1","Poisoned Stab+1","Slice+1","Parasite","Footwork+1","Sucker Punch+1","Accuracy+1","Poisoned Stab+1","Infinite Blades","Cloak And Dagger+1","Catalyst+1"],"relics":["Ring of the Serpent","Membership Card","Mummified Hand","Molten Egg 2","HornCleat","Toxic Egg 2","Letter Opener","Red Mask","Pantograph","Ancient Tea Set","Bronze Scales","Astrolabe","Shuriken","Meat on the Bone","Orichalcum","Mango","Sling","Du-Vu Doll"],"potions_floor_usage":[10,13,16,18,24,28,29,30,30,33,37,37,39,41,46,48,50,55,55,55],"damage_taken":[{"damage":1,"enemies":"Cultist","floor":1,"turns":4},{"damage":3,"enemies":"2 Louse","floor":2,"turns":3},{"damage":0,"enemies":"Jaw Worm","floor":5,"turns":4},{"damage":29,"enemies":"Gremlin Nob","floor":6,"turns":6},{"damage":1,"enemies":"Exordium Wildlife","floor":7,"turns":4},{"damage":0,"enemies":"2 Fungi Beasts","floor":10,"turns":2},{"damage":1,"enemies":"Large Slime","floor":11,"turns":6},{"damage":0,"enemies":"Exordium Wildlife","floor":12,"turns":6},{"damage":6,"enemies":"3 Sentries","floor":13,"turns":6},{"damage":0,"enemies":"3 Louse","floor":14,"turns":2},{"damage":3,"enemies":"Hexaghost","floor":16,"turns":8},{"damage":0,"enemies":"Chosen","floor":18,"turns":4},{"damage":0,"enemies":"Masked Bandits","floor":22,"turns":2},{"damage":0,"enemies":"Shell Parasite","floor":23,"turns":4},{"damage":4,"enemies":"Centurion and Healer","floor":24,"turns":2},{"damage":10,"enemies":"Book of Stabbing","floor":28,"turns":5},{"damage":0,"enemies":"3 Cultists","floor":29,"turns":3},{"damage":19,"enemies":"Gremlin Leader","floor":30,"turns":5},{"damage":0,"enemies":"Sentry and Sphere","floor":31,"turns":3},{"damage":4,"enemies":"Collector","floor":33,"turns":7},{"damage":3,"enemies":"Orb Walker","floor":35,"turns":3},{"damage":0,"enemies":"3 Darklings","floor":37,"turns":3},{"damage":7,"enemies":"Jaw Worm Horde","floor":39,"turns":2},{"damage":12,"enemies":"Nemesis","floor":40,"turns":5},{"damage":7,"enemies":"Writhing Mass","floor":41,"turns":4},{"damage":12,"enemies":"Reptomancer","floor":46,"turns":5},{"damage":3,"enemies":"Maw","floor":48,"turns":5},{"damage":65,"enemies":"Donu and Deca","floor":50,"turns":5},{"damage":34,"enemies":"Shield and Spear","floor":54,"turns":3},{"damage":103,"enemies":"The Heart","floor":55,"turns":8}],"seed_played":"-3762552313411676615","potions_obtained":[{"floor":6,"key":"AttackPotion"},{"floor":7,"key":"SneckoOil"},{"floor":12,"key":"SkillPotion"},{"floor":13,"key":"Strength Potion"},{"floor":16,"key":"Strength Potion"},{"floor":24,"key":"DistilledChaos"},{"floor":30,"key":"Poison Potion"},{"floor":31,"key":"FairyPotion"}],"is_trial":false,"path_per_floor":["M","M","?","$","M","E","M","R","T","M","M","M","E","M","R","B",null,"M","?","?","$","?","M","M","R","T","?","E","M","E","M","R","B",null,"M","?","M","$","M","E","M","R","T","?","$","E","R","M","R","B",null,"R","$","E","B",null],"character_chosen":"THE_SILENT","items_purchased":["Membership Card","Toxic Egg 2","Footwork","Letter Opener","Accuracy","Shuriken","Backstab+1","Poisoned Stab+1","Orichalcum","Mango","Sling","Sucker Punch+1","Infinite Blades","Cloak And Dagger+1"],"campfire_rested":3,"item_purchase_floors":[4,21,21,21,38,38,38,38,45,45,45,45,53,53],"current_hp_per_floor":[69,66,66,66,66,37,36,57,57,57,56,56,50,50,50,47,70,70,70,70,70,70,70,66,66,66,66,56,56,37,37,58,66,70,67,67,67,67,60,48,41,41,41,41,55,43,43,52,77,31,84,84,84,50,15],"gold":43,"neow_bonus":"HUNDRED_GOLD","is_prod":false,"is_daily":false,"chose_seed":false,"campfire_upgraded":4,"win_rate":0,"timestamp":1607535443,"path_taken":["M","?","?","$","M","E","M","R","T","?","M","M","E","M","R","BOSS","M","?","?","$","?","M","M","R","T","?","E","M","E","M","R","BOSS","M","?","M","$","M","E","M","R","T","?","?","E","R","M","R","BOSS","R","$","E","BOSS"],"build_version":"2020-11-30","purchased_purges":2,"victory":true,"max_hp_per_floor":[70,70,70,70,70,70,70,70,70,70,70,70,70,70,70,70,70,70,70,70,70,70,70,70,70,70,70,70,70,70,70,70,70,70,70,70,70,70,70,70,70,70,70,70,84,84,84,84,84,84,84,84,84,84,84],"card_choices":[{"not_picked":["Backflip","Expertise"],"picked":"Footwork","floor":1},{"not_picked":["Cloak And Dagger","Calculated Gamble"],"picked":"Quick Slash","floor":2},{"not_picked":["PiercingWail","Slice"],"picked":"Backstab","floor":5},{"not_picked":["Setup","Grand Finale","Dodge and Roll"],"picked":"SKIP","floor":6},{"not_picked":["Dodge and Roll","Dagger Throw","Cloak And Dagger"],"picked":"SKIP","floor":7},{"not_picked":["Outmaneuver","Heel Hook+1"],"picked":"Backflip","floor":10},{"not_picked":["Slice+1","Endless Agony+1"],"picked":"Envenom","floor":11},{"not_picked":["Well Laid Plans","Outmaneuver"],"picked":"Bane+1","floor":12},{"not_picked":["Flying Knee+1","Leg Sweep"],"picked":"Venomology","floor":13},{"not_picked":["Deflect","Acrobatics"],"picked":"Backstab+1","floor":14},{"not_picked":["A Thousand Cuts","Doppelganger"],"picked":"Corpse Explosion","floor":16},{"not_picked":["Prepared","Outmaneuver"],"picked":"Slice+1","floor":18},{"not_picked":["Caltrops","Underhanded Strike+1"],"picked":"Dagger Spray+1","floor":23},{"not_picked":["Acrobatics+1","Quick Slash+1","Choke+1"],"picked":"SKIP","floor":24},{"not_picked":["Prepared+1","Distraction+1"],"picked":"Backstab+1","floor":28},{"not_picked":["Distraction+1","Prepared+1"],"picked":"After Image","floor":29},{"not_picked":["Cloak And Dagger+1","Predator+1"],"picked":"Infinite Blades+1","floor":30},{"not_picked":["Reflex+1","Acrobatics+1","Slice+1"],"picked":"SKIP","floor":31},{"not_picked":["Wraith Form v2","Unload+1"],"picked":"Storm of Steel+1","floor":33},{"not_picked":["Dagger Throw+1","Finisher+1"],"picked":"Endless Agony+1","floor":35},{"not_picked":["Backflip+1","PiercingWail+1"],"picked":"Terror+1","floor":37},{"not_picked":["Skewer+1","Underhanded Strike+1","Backflip+1"],"picked":"SKIP","floor":39},{"not_picked":["Distraction+1","Predator+1","Slice+1"],"picked":"SKIP","floor":40},{"not_picked":["Distraction+1","Predator+1"],"picked":"Slice+1","floor":40},{"not_picked":["Unload+1","Prepared+1"],"picked":"Footwork+1","floor":41},{"not_picked":["Prepared+1","Backflip+1"],"picked":"Accuracy+1","floor":46},{"not_picked":["Prepared+1","Deflect+1"],"picked":"Poisoned Stab+1","floor":48},{"not_picked":["Reflex+1","Underhanded Strike+1"],"picked":"Catalyst+1","floor":54}],"player_experience":318026,"relics_obtained":[{"floor":6,"key":"Mummified Hand"},{"floor":9,"key":"Molten Egg 2"},{"floor":13,"key":"HornCleat"},{"floor":22,"key":"Red Mask"},{"floor":26,"key":"Pantograph"},{"floor":28,"key":"Ancient Tea Set"},{"floor":30,"key":"Bronze Scales"},{"floor":40,"key":"Meat on the Bone"},{"floor":46,"key":"Du-Vu Doll"}],"event_choices":[{"damage_healed":0,"gold_gain":0,"player_choice":"2 cards matched","damage_taken":0,"max_hp_gain":0,"max_hp_loss":0,"event_name":"Match and Keep!","floor":3,"gold_loss":0,"cards_obtained":["Neutralize","Deep Breath"]},{"damage_healed":0,"gold_gain":0,"player_choice":"2 cards matched","damage_taken":0,"max_hp_gain":0,"max_hp_loss":0,"event_name":"Match and Keep!","floor":3,"gold_loss":0,"cards_obtained":["Neutralize","Deep Breath"]},{"cards_removed":["Strike_G"],"damage_healed":0,"gold_gain":0,"player_choice":"Gave Gold","damage_taken":0,"max_hp_gain":0,"max_hp_loss":0,"event_name":"Beggar","floor":19,"gold_loss":75},{"damage_healed":0,"gold_gain":99,"player_choice":"Stole From Cult","damage_taken":0,"max_hp_gain":0,"max_hp_loss":0,"event_name":"Nest","floor":20,"gold_loss":0},{"damage_healed":0,"gold_gain":0,"player_choice":"Fought Bandits","damage_taken":0,"max_hp_gain":0,"max_hp_loss":0,"event_name":"Masked Bandits","floor":22,"gold_loss":0},{"damage_healed":0,"gold_gain":0,"player_choice":"Read","damage_taken":0,"max_hp_gain":0,"max_hp_loss":0,"event_name":"The Library","floor":27,"gold_loss":0,"cards_obtained":["Noxious Fumes"]},{"damage_healed":0,"gold_gain":222,"player_choice":"Wore Mask","damage_taken":0,"max_hp_gain":0,"max_hp_loss":0,"event_name":"Tomb of Lord Red Mask","floor":36,"gold_loss":0},{"cards_removed":["Strike_G"],"damage_healed":0,"gold_gain":0,"player_choice":"Removed Attack","damage_taken":0,"max_hp_gain":0,"max_hp_loss":0,"event_name":"Falling","floor":44,"gold_loss":0}],"is_beta":false,"boss_relics":[{"not_picked":["Ectoplasm","Busted Crown"],"picked":"Ring of the Serpent"},{"not_picked":["Runic Pyramid","Tiny House"],"picked":"Astrolabe"}],"items_purged_floors":[4,38],"is_endless":false,"potions_floor_spawned":[6,7,12,13,16,23,24,28,30,31,46,48,54],"ascension_level":0}}