{"host":"5gc11emcm5chfr5t","time":1607546572,"event":{"gold_per_floor":[112,132,151,161,173,208,208,240,240,258,258,258],"floor_reached":11,"playtime":491,"items_purged":[],"score":113,"play_id":"619b5cd7-fc74-4397-b170-96d78868c418","local_time":"20201209154252","is_ascension_mode":true,"campfire_choices":[{"floor":7,"key":"REST"}],"neow_cost":"NONE","seed_source_timestamp":237593377532400,"circlet_count":0,"master_deck":["Strike_G","Strike_G","Strike_G","Strike_G+1","Strike_G","Defend_G","Defend_G","Defend_G","Defend_G","Defend_G","Survivor","Neutralize","PiercingWail","Poisoned Stab","Footwork","Dash","Quick Slash+1","Bullet Time","A Thousand Cuts","Backstab+1"],"relics":["SlaversCollar","Ornamental Fan","Molten Egg 2","Whetstone"],"potions_floor_usage":[2,6,8,8,10,10,11],"damage_taken":[{"damage":2,"enemies":"Jaw Worm","floor":1,"turns":7},{"damage":6,"enemies":"2 Louse","floor":2,"turns":3},{"damage":4,"enemies":"Small Slimes","floor":3,"turns":4},{"damage":1,"enemies":"2 Fungi Beasts","floor":4,"turns":5},{"damage":0,"enemies":"Blue Slaver","floor":5,"turns":7},{"damage":24,"enemies":"Gremlin Nob","floor":6,"turns":4},{"damage":9,"enemies":"Lagavulin","floor":8,"turns":7},{"damage":0,"enemies":"Exordium Wildlife","floor":10,"turns":3},{"damage":43,"enemies":"Gremlin Nob","floor":11,"turns":5}],"seed_played":"8286553571863861973","potions_obtained":[{"floor":1,"key":"Poison Potion"},{"floor":5,"key":"DuplicationPotion"},{"floor":6,"key":"FearPotion"},{"floor":8,"key":"EntropicBrew"}],"is_trial":false,"path_per_floor":["M","M","M","M","M","E","R","E","T","M","E"],"character_chosen":"THE_SILENT","items_purchased":[],"campfire_rested":1,"item_purchase_floors":[],"current_hp_per_floor":[61,55,51,50,50,26,47,38,38,38,0,0],"gold":258,"neow_bonus":"BOSS_RELIC","is_prod":false,"is_daily":false,"chose_seed":false,"campfire_upgraded":0,"win_rate":0,"timestamp":1607546572,"path_taken":["M","M","M","M","M","E","R","E","T","M","E"],"build_version":"2020-11-30","purchased_purges":0,"victory":false,"max_hp_per_floor":[70,70,70,70,70,70,70,70,70,70,70,70],"card_choices":[{"not_picked":["Eviscerate","Prepared"],"picked":"PiercingWail","floor":1},{"not_picked":["Blur","Underhanded Strike"],"picked":"Poisoned Stab","floor":2},{"not_picked":["Crippling Poison","Backflip"],"picked":"Footwork","floor":3},{"not_picked":["Slice","Dodge and Roll"],"picked":"Dash","floor":4},{"not_picked":["PiercingWail","Outmaneuver"],"picked":"Quick Slash","floor":5},{"not_picked":["Predator","Infinite Blades"],"picked":"Bullet Time","floor":6},{"not_picked":["Flechettes+1","Blade Dance"],"picked":"A Thousand Cuts","floor":8},{"not_picked":["Flying Knee+1","Slice+1"],"picked":"Backstab+1","floor":10}],"player_experience":302517,"relics_obtained":[{"floor":6,"key":"Ornamental Fan"},{"floor":8,"key":"Molten Egg 2"},{"floor":9,"key":"Whetstone"}],"event_choices":[],"is_beta":false,"boss_relics":[],"items_purged_floors":[],"is_endless":false,"potions_floor_spawned":[1,5,6,8],"killed_by":"Gremlin Nob","ascension_level":6}}