{"host":"m1168lp3vv5pgdep","time":1607514917,"event":{"gold_per_floor":[513,513,531,22,42,42,85,85,85,85,108,108,131,156,156,277,277,295,316,341,341,57,57,100,100,125,125,139,139,169,217,229,372,384,417,443,275,187,214,226,113,113,185,185,220,240,400,419,419,419,419],"floor_reached":50,"playtime":4716,"items_purged":["luka_mod:Surrender","Menagerie:CrumblingSanctuary","luka_mod:UnusedPoison"],"score":612,"play_id":"744fe12c-d91f-48b9-b4e6-2830b8b04aba","local_time":"20201209115517","is_ascension_mode":false,"campfire_choices":[{"data":"luka_mod:Gnome","floor":6.0,"key":"SMITH"},{"data":"luka_mod:AngryLuka","floor":8.0,"key":"SMITH"},{"data":"luka_mod:EarthRumblingDecapitation","floor":15.0,"key":"SMITH"},{"floor":23.0,"key":"REST"},{"floor":29.0,"key":"DIG"},{"floor":32.0,"key":"DIG"},{"floor":40,"key":"DIG"},{"floor":49,"key":"RECALL"}],"neow_cost":"NONE","seed_source_timestamp":0,"circlet_count":0,"master_deck":["luka_mod:StrikeLukaOne","luka_mod:StrikeLukaTwo","luka_mod:StrikeLukaThree","luka_mod:StrikeLukaFour","luka_mod:StrikeLukaFive","luka_mod:StrikeLukaSix","luka_mod:Salt","luka_mod:Guard","luka_mod:Edging","luka_mod:FlailWildly","luka_mod:Meditation+1","luka_mod:AngryLuka+1","luka_mod:Gnome+1","luka_mod:BladeOfSolidEarth","luka_mod:HeavenlyDemonRevival","luka_mod:Struggle","luka_mod:EarthRumblingDecapitation+1","luka_mod:Erubetie","luka_mod:BladeOfSolidEarth+1","luka_mod:DeathSwordChaosStar+1","luka_mod:Optimistic","luka_mod:Gnome+1","luka_mod:Struggle","luka_mod:Struggle","luka_mod:Ilias"],"special_seed":0,"relics":["luka_mod:KeepsakeRing","Golden Idol","DemoMod:MonsterBlood","Torii","Sundial","hubris:Towel","hubris:Stopwatch","Shovel","Vajra","Boot","DemoMod:ClearGuonStone","MawBank","Bag of Marbles","hubris:Potato","hubris:ScarierMask","Hallownest:StagBellRelic1","Bag of Preparation","Smiling Mask","Hallownest:GodTamersBeastRelic"],"potions_floor_usage":[46,47,47,50],"damage_taken":[{"damage":11.0,"enemies":"Menagerie:WhisperingWraith","floor":1.0,"turns":4.0},{"damage":11.0,"enemies":"Menagerie:MonstrousExperiment","floor":3.0,"turns":2.0},{"damage":4.0,"enemies":"Menagerie:2_RABBITS","floor":5.0,"turns":3.0},{"damage":9.0,"enemies":"Menagerie:Hydra","floor":7.0,"turns":4.0},{"damage":1.0,"enemies":"Menagerie:MeltingSalamander","floor":11.0,"turns":4.0},{"damage":1.0,"enemies":"Menagerie:Hexasnake","floor":13.0,"turns":3.0},{"damage":7.0,"enemies":"Menagerie:BEAST_MAGE_AND_PROWLING_AMALGAM","floor":14.0,"turns":6.0},{"damage":25.0,"enemies":"Menagerie:AVATARS","floor":16.0,"turns":5.0},{"damage":2.0,"enemies":"theJungle:5_Spyders","floor":18.0,"turns":5.0},{"damage":0.0,"enemies":"theJungle:GiantWrat","floor":19.0,"turns":5.0},{"damage":23.0,"enemies":"theJungle:2_Snecko_Cultists","floor":20.0,"turns":4.0},{"damage":33.0,"enemies":"theJungle:Cassacara","floor":24.0,"turns":6.0},{"damage":6.0,"enemies":"theJungle:Snecko_Cultist_And_Trap","floor":28.0,"turns":8.0},{"damage":1.0,"enemies":"theJungle:JungleHuntersEncounter","floor":30.0,"turns":6.0},{"damage":9.0,"enemies":"theJungle:MamaSnecko","floor":31.0,"turns":4.0},{"damage":0.0,"enemies":"theJungle:FunGuy","floor":33.0,"turns":8.0},{"damage":26.0,"enemies":"Hallownest:Shield_Heavy","floor":35.0,"turns":6.0},{"damage":34.0,"enemies":"Hallownest:2_Littles","floor":36.0,"turns":5.0},{"damage":1.0,"enemies":"Hallownest:2_Great","floor":39.0,"turns":4.0},{"damage":1,"enemies":"Hallownest:eliteCollector","floor":45,"turns":7},{"damage":29,"enemies":"Hallownest:Xero_Hu_Marmu","floor":46,"turns":6},{"damage":3,"enemies":"Hallownest:Xero_Hu_Marmu","floor":47,"turns":4},{"damage":18,"enemies":"Hallownest:Xero_Hu_Marmu","floor":47,"turns":4},{"damage":0,"enemies":"Hallownest:Xero_Hu_Marmu","floor":47,"turns":7},{"damage":0,"enemies":"Hallownest:Xero_Hu_Marmu","floor":47,"turns":2},{"damage":13,"enemies":"Hallownest:2_Soldiers_and_1_Guardian","floor":48,"turns":6},{"damage":56,"enemies":"Hallownest:BossHollowKnight","floor":50,"turns":5}],"seed_played":"-5652792503637128305","potions_obtained":[{"floor":3.0,"key":"DemoMod:LeadSkinPotion"},{"floor":5.0,"key":"AttackPotion"},{"floor":16.0,"key":"Explosive Potion"},{"floor":18.0,"key":"Fire Potion"},{"floor":28.0,"key":"ColorlessPotion"},{"floor":30.0,"key":"ColorlessPotion"},{"floor":33.0,"key":"BlessingOfTheForge"},{"floor":36.0,"key":"Swift Potion"},{"floor":39,"key":"DuplicationPotion"},{"floor":48,"key":"Strength Potion"}],"is_trial":false,"path_per_floor":["M","?","M","$","M","R","E","R","T","?","M","?","M","M","R","B",null,"M","M","M","?","$","R","E","?","T","?","M","R","M","E","R","B",null,"M","M","?","?","M","R","$","?","T","?","E","M","?","M","R","B"],"character_chosen":"LUKA_CLASS","items_purchased":["luka_mod:Gnome","DemoMod:MonsterBlood","Energy Potion","luka_mod:Optimistic","Vajra"],"campfire_rested":1,"item_purchase_floors":[4,4,4,22,22],"current_hp_per_floor":[40,30,19,26,22,22,36,36,36,36,47,47,46,47,47,44,47,45,45,22,8,8,22,15,10,10,10,33,33,52,43,43,52,52,43,9,9,39,38,38,38,38,38,38,47,22,28,40,40,0,0],"gold":419,"neow_bonus":"UPGRADE_CARD","is_prod":false,"is_daily":false,"chose_seed":false,"campfire_upgraded":3,"win_rate":0.0,"timestamp":1607514917,"path_taken":["M","?","M","$","M","R","E","R","T","?","M","?","M","M","R","BOSS","M","M","?","?","$","R","E","?","T","?","M","R","M","E","R","BOSS","M","M","?","?","M","R","$","?","T","?","E","?","?","M","R","BOSS"],"build_version":"2020-11-30","purchased_purges":3,"victory":false,"max_hp_per_floor":[40,40,40,47,47,47,47,47,47,47,47,47,47,47,47,47,47,47,47,47,47,47,47,47,52,52,52,52,52,52,52,52,52,52,52,52,52,52,52,52,52,52,52,47,47,47,47,47,47,47,47],"card_choices":[{"not_picked":["luka_mod:WaterSlash","luka_mod:Intense"],"picked":"luka_mod:AngryLuka","floor":1.0},{"not_picked":["luka_mod:BegIlias","luka_mod:StrikeLuka"],"picked":"luka_mod:UnusedPoison","floor":3.0},{"not_picked":["luka_mod:UnusedPoison","luka_mod:IliasesJudgement"],"picked":"luka_mod:BladeOfSolidEarth","floor":5.0},{"not_picked":["luka_mod:Feel","luka_mod:Calm","luka_mod:BegIlias"],"picked":"SKIP","floor":7.0},{"not_picked":["luka_mod:HeroicStrike","luka_mod:NinefoldRakshasa"],"picked":"luka_mod:HeavenlyDemonRevival","floor":11.0},{"not_picked":["luka_mod:StressRelief","luka_mod:WindSlash"],"picked":"luka_mod:Struggle","floor":13.0},{"not_picked":["luka_mod:Erubetie","luka_mod:Struggle"],"picked":"luka_mod:EarthRumblingDecapitation","floor":14.0},{"not_picked":["luka_mod:SpoilerForm","luka_mod:AlmaElma"],"picked":"luka_mod:Erubetie","floor":16.0},{"not_picked":["luka_mod:BladeOfHowlingWind","luka_mod:BegIlias","luka_mod:FireSlash"],"picked":"SKIP","floor":18.0},{"not_picked":["luka_mod:Undine","luka_mod:Calm"],"picked":"luka_mod:BladeOfSolidEarth+1","floor":19.0},{"not_picked":["luka_mod:StrikeLuka","luka_mod:EarthSlash"],"picked":"luka_mod:DeathSwordChaosStar+1","floor":20.0},{"not_picked":["luka_mod:BladeOfStillWater","luka_mod:RestrictedStrike+1"],"picked":"luka_mod:Gnome+1","floor":24.0},{"not_picked":["luka_mod:EarthSlash+1","luka_mod:NotVerySharp"],"picked":"luka_mod:Struggle","floor":28.0},{"not_picked":["luka_mod:NotVerySharp","luka_mod:PrayToIlias","luka_mod:PerfectTiming"],"picked":"SKIP","floor":30.0},{"not_picked":["luka_mod:SereneDemonSword","luka_mod:EarthSlash"],"picked":"luka_mod:Struggle","floor":31.0},{"not_picked":["luka_mod:Daystar","luka_mod:Sensitive"],"picked":"luka_mod:Ilias","floor":33.0},{"not_picked":["luka_mod:Intense","luka_mod:Overexert+1","luka_mod:PeacePreach"],"picked":"SKIP","floor":35.0},{"not_picked":["luka_mod:Request","luka_mod:StressRelief","luka_mod:CriticalHit+1"],"picked":"SKIP","floor":36.0},{"not_picked":["luka_mod:GuardedStrike","luka_mod:SmallBody","luka_mod:TouchFluffyTail"],"picked":"SKIP","floor":39},{"not_picked":["luka_mod:HeroicStrike","luka_mod:SmallBody","luka_mod:Overexert"],"picked":"SKIP","floor":45},{"not_picked":["luka_mod:Struggle+1","luka_mod:Overexert+1","luka_mod:OiAlice"],"picked":"SKIP","floor":46},{"not_picked":["luka_mod:ThunderThrust","luka_mod:Intense+1","luka_mod:StrikeLuka+1"],"picked":"SKIP","floor":48}],"player_experience":220208,"relics_obtained":[{"floor":7.0,"key":"Torii"},{"floor":9.0,"key":"Sundial"},{"floor":24.0,"key":"Boot"},{"floor":26.0,"key":"DemoMod:ClearGuonStone"},{"floor":29.0,"key":"MawBank"},{"floor":31.0,"key":"Bag of Marbles"},{"floor":32.0,"key":"hubris:Potato"},{"floor":40,"key":"Bag of Preparation"},{"floor":45,"key":"Smiling Mask"}],"event_choices":[{"damage_healed":0.0,"max_hp_gain":0.0,"max_hp_loss":0.0,"gold_gain":0.0,"event_name":"Golden Idol","player_choice":"Take Damage","floor":2.0,"gold_loss":0.0,"damage_taken":10.0,"relics_obtained":["Golden Idol"]},{"damage_healed":0.0,"max_hp_gain":0.0,"max_hp_loss":0.0,"gold_gain":0.0,"cards_transformed":["luka_mod:Wait"],"event_name":"Menagerie:MagesHand","player_choice":"Grasp","floor":10.0,"gold_loss":0.0,"damage_taken":0.0,"cards_obtained":["Menagerie:CrumblingSanctuary"]},{"damage_healed":0.0,"max_hp_gain":0.0,"max_hp_loss":0.0,"gold_gain":2.0,"event_name":"betterStone:BetterStone","player_choice":"1","floor":27.0,"gold_loss":0.0,"damage_taken":0.0}],"is_beta":false,"boss_relics":[{"not_picked":["hubris:Backtick","Fusion Hammer"],"picked":"hubris:Stopwatch"},{"not_picked":["hubris:HollowSoul","aspiration:IroncladSkillbook"],"picked":"hubris:ScarierMask"}],"items_purged_floors":[4,22,41],"is_endless":false,"potions_floor_spawned":[3,5,16,18,20,28,30,33,36,39,45,47,47,48],"killed_by":"Hallownest:BossHollowKnight","ascension_level":0}}