{"host":"ecaj4hn004xnnrw9","time":1607543425,"event":{"gold_per_floor":[116,116,191,214,214,214,245,122,122,122,136,170,194,194,194,194,194],"floor_reached":16,"playtime":835,"items_purged":["hermit:Strike_Hermit"],"score":140,"play_id":"80c55c7f-1a31-4a8a-a575-af64abbcf096","local_time":"20201209195025","is_ascension_mode":true,"campfire_choices":[{"data":"hermit:FlashPowder","floor":6,"key":"SMITH"},{"data":"hermit:Snapshot","floor":10,"key":"SMITH"},{"data":"hermit:Enervate","floor":15,"key":"SMITH"}],"neow_cost":"NONE","seed_source_timestamp":15805855746600,"circlet_count":0,"master_deck":["hermit:Strike_Hermit","hermit:Strike_Hermit","hermit:Defend_Hermit","hermit:Defend_Hermit","hermit:Snapshot+1","hermit:Covet","hermit:FlashPowder+1","hermit:Quickdraw","hermit:Enervate+1"],"relics":["Replay:Drink Me","Golden Idol","ReplayTheSpireMod:Ring of Addiction","Toy Ornithopter","Potion Belt","Omamori","The Courier","hermit:RyeStalk","Mummified Hand"],"potions_floor_usage":[7,12,13,16,16],"damage_taken":[{"damage":0,"enemies":"2 Louse","floor":1,"turns":3},{"damage":0,"enemies":"Jaw Worm","floor":4,"turns":2},{"damage":18,"enemies":"3 Sentries","floor":7,"turns":11},{"damage":0,"enemies":"Small Slimes","floor":11,"turns":2},{"damage":20,"enemies":"Lagavulin","floor":12,"turns":5},{"damage":0,"enemies":"Exordium Wildlife","floor":13,"turns":2},{"damage":34,"enemies":"Fading Forest","floor":16,"turns":9}],"seed_played":"-4674871924194591728","potions_obtained":[{"floor":1,"key":"FearPotion"},{"floor":4,"key":"PowerPotion"},{"floor":5,"key":"Flashbang"},{"floor":5,"key":"LifebloodPotion"},{"floor":5,"key":"FairyPotion"},{"floor":13,"key":"Fire Potion"}],"is_trial":false,"path_per_floor":["M","?","?","M","?","R","E","$","T","R","M","E","M","T","R","B"],"character_chosen":"HERMIT","items_purchased":["Energy Potion"],"campfire_rested":0,"item_purchase_floors":[8],"current_hp_per_floor":[57,43,32,32,32,32,19,19,19,19,19,4,9,9,9,3,3],"gold":194,"neow_bonus":"BOSS_RELIC","is_prod":false,"is_daily":false,"chose_seed":false,"campfire_upgraded":3,"win_rate":0,"timestamp":1607543425,"path_taken":["M","?","?","M","?","R","E","$","T","R","M","E","?","?","R","BOSS"],"build_version":"2020-11-30","purchased_purges":1,"victory":false,"max_hp_per_floor":[57,57,57,57,57,57,57,57,57,57,55,55,55,55,55,55,55],"card_choices":[{"not_picked":["hermit:LuckOfTheDraw","hermit:Roulette"],"picked":"hermit:FlashPowder","floor":1},{"not_picked":["hermit:SprayPray","hermit:ItchyTrigger","hermit:GhostlyPresence"],"picked":"SKIP","floor":4},{"not_picked":["hermit:HeroicBravado","hermit:BigShot"],"picked":"hermit:Quickdraw","floor":7},{"not_picked":["hermit:GhostlyPresence","hermit:Feint","hermit:WideOpen"],"picked":"SKIP","floor":11},{"not_picked":["hermit:Maintenance","hermit:EternalForm","hermit:ItchyTrigger"],"picked":"SKIP","floor":12},{"not_picked":["hermit:DeadMansHand","hermit:Coalescence"],"picked":"hermit:Enervate","floor":13}],"player_experience":140744,"relics_obtained":[{"floor":5,"key":"ReplayTheSpireMod:Ring of Addiction"},{"floor":5,"key":"Toy Ornithopter"},{"floor":5,"key":"Potion Belt"},{"floor":7,"key":"Omamori"},{"floor":9,"key":"The Courier"},{"floor":12,"key":"hermit:RyeStalk"},{"floor":14,"key":"Mummified Hand"}],"event_choices":[{"damage_healed":0,"gold_gain":0,"player_choice":"Take Damage","damage_taken":14,"relics_obtained":["Golden Idol"],"max_hp_gain":0,"max_hp_loss":0,"event_name":"Golden Idol","floor":2,"gold_loss":0},{"damage_healed":0,"gold_gain":75,"player_choice":"Gather Gold","damage_taken":11,"max_hp_gain":0,"max_hp_loss":0,"event_name":"World of Goop","floor":3,"gold_loss":0}],"is_beta":false,"boss_relics":[],"items_purged_floors":[8],"is_endless":false,"potions_floor_spawned":[1,4,13],"killed_by":"Fading Forest","ascension_level":1}}