{"host":"7aiqfawmsh1308zl","time":1607508325,"event":{"gold_per_floor":[109,109,129,20,20,20,54,70,70,70,87,103,115,132,132,237,237,252,252,252,268,286,298,326,338,374,400,8,19,35,0,0,101,101,113,113,113,126,144,144,20,31,57,57,104,104,117,134,134,134,134],"floor_reached":50,"playtime":2938,"items_purged":["Strike_R","Strike_R"],"score":520,"play_id":"aeb36be6-4f48-4a6e-8261-d752400d9188","local_time":"20201209180525","is_ascension_mode":false,"campfire_choices":[{"data":"Flex","floor":6.0,"key":"SMITH"},{"data":"Pummel","floor":10.0,"key":"SMITH"},{"data":"Heavy Blade","floor":15.0,"key":"SMITH"},{"floor":25.0,"key":"REST"},{"floor":32.0,"key":"REST"},{"data":"Metallicize","floor":40,"key":"SMITH"},{"floor":44,"key":"REST"},{"floor":49,"key":"REST"}],"neow_cost":"NONE","seed_source_timestamp":0,"circlet_count":0,"master_deck":["Strike_R","Defend_R","Defend_R","Flex+1","Carnage","Dropkick","Iron Wave","Pummel+1","Sword Boomerang","Thunderclap","Thunderclap","Disarm","Heavy Blade+1","Double Tap","Burning Pact+1","Heavy Blade+1","Cleave","Havoc+1","Heavy Blade","Headbutt","Clash","Iron Wave","Juggernaut","Metallicize+1","Pain","Twin Strike+1","Shrug It Off","Deep Breath","Rage","Seeing Red","Madness","Madness","Parasite","Sentinel+1","Warcry+1"],"special_seed":0,"relics":["Burning Blood","Magic Flower","Champion Belt","Busted Crown","Ginger","MawBank","Centennial Puzzle","Medical Kit","Happy Flower","Empty Cage","WarpedTongs","Art of War","Shovel"],"potions_floor_usage":[35,42,42,45,50,50],"damage_taken":[{"damage":3.0,"enemies":"2 Louse","floor":1.0,"turns":3.0},{"damage":1.0,"enemies":"Cultist","floor":3.0,"turns":3.0},{"damage":20.0,"enemies":"3 Sentries","floor":7.0,"turns":7.0},{"damage":0.0,"enemies":"Jaw Worm","floor":8.0,"turns":1.0},{"damage":5.0,"enemies":"Lots of Slimes","floor":11.0,"turns":3.0},{"damage":3.0,"enemies":"Red Slaver","floor":12.0,"turns":2.0},{"damage":7.0,"enemies":"Looter","floor":13.0,"turns":2.0},{"damage":4.0,"enemies":"Blue Slaver","floor":14.0,"turns":2.0},{"damage":9.0,"enemies":"Slime Boss","floor":16.0,"turns":7.0},{"damage":9.0,"enemies":"Spheric Guardian","floor":18.0,"turns":3.0},{"damage":14.0,"enemies":"2 Thieves","floor":21.0,"turns":3.0},{"damage":35.0,"enemies":"Sentry and Sphere","floor":22.0,"turns":5.0},{"damage":10.0,"enemies":"3 Cultists","floor":23.0,"turns":3.0},{"damage":48.0,"enemies":"Gremlin Leader","floor":24.0,"turns":7.0},{"damage":4.0,"enemies":"Snake Plant","floor":27.0,"turns":3.0},{"damage":5.0,"enemies":"Cultist and Chosen","floor":29.0,"turns":3.0},{"damage":15.0,"enemies":"Snecko","floor":30.0,"turns":3.0},{"damage":46.0,"enemies":"Automaton","floor":33.0,"turns":8.0},{"damage":14,"enemies":"3 Darklings","floor":35,"turns":6},{"damage":0,"enemies":"Orb Walker","floor":38,"turns":2},{"damage":33,"enemies":"Maw","floor":39,"turns":7},{"damage":15,"enemies":"3 Darklings","floor":42,"turns":4},{"damage":36,"enemies":"2 Orb Walkers","floor":45,"turns":4},{"damage":37,"enemies":"Writhing Mass","floor":47,"turns":5},{"damage":0,"enemies":"Jaw Worm Horde","floor":48,"turns":3},{"damage":60,"enemies":"Donu and Deca","floor":50,"turns":4}],"seed_played":"-2927322014292346673","potions_obtained":[{"floor":3.0,"key":"BlessingOfTheForge"},{"floor":7.0,"key":"ColorlessPotion"},{"floor":8.0,"key":"Block Potion"},{"floor":14.0,"key":"LiquidMemories"},{"floor":16.0,"key":"SkillPotion"},{"floor":18.0,"key":"DuplicationPotion"},{"floor":30.0,"key":"Dexterity Potion"},{"floor":33.0,"key":"Block Potion"},{"floor":35,"key":"AttackPotion"},{"floor":42,"key":"Swift Potion"},{"floor":47,"key":"ColorlessPotion"},{"floor":48,"key":"Explosive Potion"}],"is_trial":false,"path_per_floor":["M","?","M","$","?","R","E","M","T","R","M","M","M","M","R","B",null,"M","?","?","M","M","M","E","R","T","M","$","M","M","?","R","B",null,"M","?","?","M","M","R","$","M","T","R","?","?","M","M","R","B"],"character_chosen":"IRONCLAD","items_purchased":["Dropkick","Medical Kit","Happy Flower","Shrug It Off","Deep Breath"],"campfire_rested":4,"item_purchase_floors":[4,28,28,41,41],"current_hp_per_floor":[88,88,88,88,88,88,74,83,83,83,87,88,88,88,88,88,88,88,88,88,83,57,56,17,43,43,48,48,52,46,46,72,35,88,83,83,83,88,64,64,64,58,58,84,57,46,18,27,53,0,0],"gold":134,"neow_bonus":"TEN_PERCENT_HP_BONUS","is_prod":false,"is_daily":false,"chose_seed":false,"campfire_upgraded":4,"win_rate":0,"timestamp":1607508325,"path_taken":["M","?","?","$","?","R","E","?","T","R","M","M","M","M","R","BOSS","M","?","?","?","M","M","E","R","T","M","?","?","M","?","R","BOSS","M","?","?","?","M","R","$","M","T","R","?","?","M","M","R","BOSS"],"build_version":"2020-11-30","purchased_purges":2,"victory":false,"max_hp_per_floor":[88,88,88,88,88,88,88,88,88,88,88,88,88,88,88,88,88,88,88,88,88,88,88,88,88,88,88,88,88,88,88,88,88,88,88,88,88,88,88,88,88,88,88,88,88,88,88,88,88,88,88],"card_choices":[{"not_picked":["Uppercut","Havoc"],"picked":"Flex","floor":1.0},{"not_picked":["Infernal Blade","Power Through"],"picked":"Carnage","floor":3.0},{"not_picked":["Perfected Strike","Rampage"],"picked":"Pummel","floor":7.0},{"not_picked":["Sever Soul","Dual Wield"],"picked":"Sword Boomerang","floor":8.0},{"not_picked":["Havoc","Cleave"],"picked":"Thunderclap","floor":11.0},{"not_picked":["Perfected Strike","Fiend Fire"],"picked":"Thunderclap","floor":12.0},{"not_picked":["Power Through","Thunderclap"],"picked":"Disarm","floor":13.0},{"not_picked":["Wild Strike","Anger"],"picked":"Heavy Blade","floor":14.0},{"not_picked":["Juggernaut","Feed"],"picked":"Double Tap","floor":16.0},{"not_picked":[],"picked":"Burning Pact+1","floor":18.0},{"not_picked":[],"picked":"Heavy Blade+1","floor":21.0},{"not_picked":[],"picked":"Cleave","floor":22.0},{"not_picked":[],"picked":"Havoc+1","floor":23.0},{"not_picked":[],"picked":"Heavy Blade","floor":24.0},{"not_picked":[],"picked":"Headbutt","floor":27.0},{"not_picked":[],"picked":"Clash","floor":29.0},{"not_picked":[],"picked":"Iron Wave","floor":30.0},{"not_picked":[],"picked":"Juggernaut","floor":33.0},{"not_picked":[],"picked":"Metallicize","floor":35},{"not_picked":[],"picked":"Twin Strike+1","floor":38},{"not_picked":["Perfected Strike"],"picked":"SKIP","floor":39},{"not_picked":[],"picked":"Rage","floor":42},{"not_picked":[],"picked":"Seeing Red","floor":45},{"not_picked":[],"picked":"Sentinel+1","floor":47},{"not_picked":[],"picked":"Warcry+1","floor":48}],"player_experience":190841,"relics_obtained":[{"floor":7.0,"key":"Magic Flower"},{"floor":9.0,"key":"Champion Belt"},{"floor":24.0,"key":"MawBank"},{"floor":26.0,"key":"Centennial Puzzle"},{"floor":43,"key":"Art of War"},{"floor":45,"key":"Shovel"}],"event_choices":[{"cards_removed":["Defend_R"],"damage_healed":0.0,"max_hp_gain":0.0,"max_hp_loss":0.0,"gold_gain":0.0,"event_name":"Purifier","player_choice":"Purged","floor":2.0,"gold_loss":0.0,"damage_taken":0.0},{"cards_removed":["Strike_R"],"damage_healed":0.0,"max_hp_gain":0.0,"max_hp_loss":0.0,"gold_gain":0.0,"event_name":"NoteForYourself","player_choice":"Took Card","floor":5.0,"gold_loss":0.0,"damage_taken":0.0,"cards_obtained":["Iron Wave"]},{"damage_healed":0.0,"max_hp_gain":0.0,"max_hp_loss":0.0,"gold_gain":0.0,"event_name":"Ghosts","player_choice":"Ignored","floor":19.0,"gold_loss":0.0,"damage_taken":0.0},{"damage_healed":0.0,"max_hp_gain":0.0,"max_hp_loss":0.0,"gold_gain":0.0,"event_name":"WeMeetAgain","player_choice":"Gave Potion","floor":20.0,"gold_loss":0.0,"damage_taken":0.0,"relics_obtained":["Ginger"]},{"damage_healed":0.0,"max_hp_gain":0.0,"max_hp_loss":0.0,"gold_gain":0.0,"event_name":"Masked Bandits","player_choice":"Paid Fearfully","floor":31.0,"gold_loss":35.0,"damage_taken":0.0},{"cards_removed":["Bash"],"damage_healed":0,"gold_gain":0,"player_choice":"Removed Attack","damage_taken":0,"max_hp_gain":0,"max_hp_loss":0,"event_name":"Falling","floor":36,"gold_loss":0},{"damage_healed":0,"gold_gain":0,"player_choice":"Rummage","damage_taken":0,"relics_obtained":["WarpedTongs"],"max_hp_gain":0,"max_hp_loss":0,"event_name":"Accursed Blacksmith","floor":37,"gold_loss":0,"cards_obtained":["Pain"]},{"damage_healed":0,"gold_gain":0,"player_choice":"Fight","damage_taken":0,"max_hp_gain":0,"max_hp_loss":0,"event_name":"Mysterious Sphere","floor":45,"gold_loss":0},{"damage_healed":0,"gold_gain":0,"player_choice":"Embrace Madness","damage_taken":11,"max_hp_gain":0,"max_hp_loss":0,"event_name":"Winding Halls","floor":46,"gold_loss":0,"cards_obtained":["Madness","Madness"]}],"is_beta":false,"boss_relics":[{"not_picked":["Astrolabe","Black Blood"],"picked":"Busted Crown"},{"not_picked":["Runic Dome","Pandora\u0027s Box"],"picked":"Empty Cage"}],"items_purged_floors":[4,28],"is_endless":false,"potions_floor_spawned":[3,7,8,14,16,18,30,33,35,42,47,48],"killed_by":"Donu and Deca","ascension_level":0}}