{"host":"87fdiiwflhrwsj8a","time":1607551599,"event":{"gold_per_floor":[114,114,114,133,133,164,179,207,262,294,294,363,363,392,392,469,469,480,480,491,491,491],"floor_reached":21,"playtime":474,"items_purged":[],"score":460,"play_id":"425f7707-95c3-41c0-9ef1-bb6a5b014304","local_time":"20201209170639","is_ascension_mode":true,"campfire_choices":[{"data":"BasicCrystalCard","floor":11,"key":"SMITH"},{"data":"ReplayRNGCard","floor":13,"key":"SMITH"},{"floor":15,"key":"REST"}],"neow_cost":"NONE","seed_source_timestamp":106132225494900,"circlet_count":0,"master_deck":["AscendersBane","Strike_B","Strike_B+1","Strike_B","Strike_B","Defend_B","Defend_B","Defend_B","Defend_B","Zap","Dualcast","BasicCrystalCard+1","Injury","Static Discharge+1","Rip and Tear+1","StuffTheSpire:Plugnplay","Gash","Pain","ReplayRNGCard+1","Melter","Echo Form+1","Coolheaded+1","White Noise"],"relics":["Cracked Core","Frozen Egg 2","CultistMask","Gremlin Horn","Question Card","Nunchaku","StuffTheSpire:RubySignet","Whetstone","ReplayTheSpireMod:Shallot","Philosopher\u0027s Stone","Nloth\u0027s Gift"],"potions_floor_usage":[8,8,14,16,18],"damage_taken":[{"damage":0,"enemies":"Cultist","floor":1,"turns":1},{"damage":0,"enemies":"Small Slimes","floor":4,"turns":1},{"damage":0,"enemies":"3 Sentries","floor":6,"turns":2},{"damage":1,"enemies":"2 Louse","floor":7,"turns":2},{"damage":8,"enemies":"Gremlin Nob","floor":8,"turns":3},{"damage":38,"enemies":"3 Sentries","floor":10,"turns":4},{"damage":31,"enemies":"Lagavulin","floor":14,"turns":5},{"damage":37,"enemies":"Hexaghost","floor":16,"turns":8},{"damage":23,"enemies":"Shell Parasite","floor":18,"turns":3},{"damage":13,"enemies":"Spheric Guardian","floor":20,"turns":4},{"damage":23,"enemies":"Snake Plant","floor":21,"turns":2}],"seed_played":"-4892118688892112632","potions_obtained":[{"floor":1,"key":"GamblersBrew"},{"floor":4,"key":"LiquidMemories"},{"floor":10,"key":"FairyPotion"},{"floor":12,"key":"Fire Potion"},{"floor":14,"key":"SpeedPotion"},{"floor":16,"key":"Weak Potion"}],"is_trial":false,"path_per_floor":["M","?","?","M","?","E","M","E","T","E","R","?","R","E","R","B",null,"M","?","M","M"],"character_chosen":"DEFECT","items_purchased":[],"campfire_rested":1,"item_purchase_floors":[],"current_hp_per_floor":[64,64,64,64,64,64,63,55,55,17,17,17,17,20,41,4,54,31,31,18,0,0],"gold":491,"neow_bonus":"THREE_ENEMY_KILL","is_prod":false,"is_daily":false,"chose_seed":false,"campfire_upgraded":2,"win_rate":0,"timestamp":1607551599,"path_taken":["M","?","?","M","?","E","?","E","T","E","R","?","R","E","R","BOSS","M","?","M","?"],"build_version":"2020-11-30","purchased_purges":0,"victory":false,"max_hp_per_floor":[71,71,71,71,71,71,71,71,71,71,71,71,71,71,71,71,71,71,71,71,71,71],"card_choices":[{"not_picked":["Rebound","Compile Driver"],"picked":"BasicCrystalCard","floor":1},{"not_picked":["Redo","BootSequence","Go for the Eyes"],"picked":"SKIP","floor":4},{"not_picked":["Hologram","Streamline"],"picked":"Static Discharge+1","floor":6},{"not_picked":["Streamline","Redo"],"picked":"Rip and Tear","floor":7},{"not_picked":["Panic Button","Beam Cell"],"picked":"StuffTheSpire:Plugnplay","floor":8},{"not_picked":["Time Bomb","Go for the Eyes","Doom and Gloom"],"picked":"Gash","floor":10},{"not_picked":["Fusion","Go for the Eyes","Compile Driver"],"picked":"ReplayRNGCard","floor":12},{"not_picked":["Coolheaded","ReplaySolidLightProjector","StuffTheSpire:Plugnplay"],"picked":"Melter","floor":14},{"not_picked":["Fission","ReplayTheSpireMod:Fabricate Wheel","Thunder Strike"],"picked":"Echo Form+1","floor":16},{"not_picked":["StuffTheSpire:LoadUp","Hologram","Conserve Battery"],"picked":"Coolheaded+1","floor":18},{"not_picked":["Sweeping Beam","ReplayTheSpireMod:Reroute Power","Panic Button"],"picked":"White Noise","floor":20}],"player_experience":2512380,"relics_obtained":[{"floor":6,"key":"Gremlin Horn"},{"floor":8,"key":"Question Card"},{"floor":9,"key":"Nunchaku"},{"floor":10,"key":"StuffTheSpire:RubySignet"},{"floor":12,"key":"Whetstone"},{"floor":14,"key":"ReplayTheSpireMod:Shallot"}],"event_choices":[{"damage_healed":0,"gold_gain":0,"player_choice":"Leave","damage_taken":0,"max_hp_gain":0,"max_hp_loss":0,"event_name":"The Cleric","floor":3,"gold_loss":0},{"damage_healed":0,"gold_gain":0,"player_choice":"Trade","damage_taken":0,"relics_obtained":["CultistMask"],"max_hp_gain":0,"max_hp_loss":0,"event_name":"FaceTrader","floor":5,"gold_loss":0},{"damage_healed":0,"gold_gain":0,"player_choice":"Traded Relic","damage_taken":0,"relics_obtained":["Nloth\u0027s Gift"],"max_hp_gain":0,"max_hp_loss":0,"event_name":"N\u0027loth","floor":19,"relics_lost":["NeowsBlessing"],"gold_loss":0}],"is_beta":false,"boss_relics":[{"not_picked":["Ectoplasm","Velvet Choker"],"picked":"Philosopher\u0027s Stone"}],"items_purged_floors":[],"is_endless":false,"potions_floor_spawned":[1,4,10,14,16],"killed_by":"Snake Plant","ascension_level":20}}