{"host":"yn17ruofed46ymbq","time":1607489583,"event":{"gold_per_floor":[19,37,37,52,52,52,52,52,99,99,24,24,42,69,69,166,166,185,185,185,40,54,54,72,97,97,115,128,139,156,171,171,274,274,290,310,323,11,11,11,11,25,25,25,25,40,67,80,80,80],"floor_reached":51,"playtime":1963,"items_purged":["Strike_R","Defend_R"],"score":851,"play_id":"a31a1475-83b0-4169-85f4-54d08dc889de","local_time":"20201209135303","is_ascension_mode":false,"campfire_choices":[{"data":"Bash","floor":6.0,"key":"SMITH"},{"data":"Dropkick","floor":10.0,"key":"SMITH"},{"floor":12.0,"key":"REST"},{"floor":15.0,"key":"REST"},{"floor":23,"key":"REST"},{"floor":32,"key":"RECALL"},{"floor":40,"key":"REST"},{"floor":49,"key":"REST"}],"neow_cost":"NO_GOLD","seed_source_timestamp":263041481560371,"circlet_count":0,"master_deck":["Strike_R+1","Strike_R+1","Bash+1","Dropkick+1","Warcry+1","Shrug It Off+1","Offering+1","Rage+1","Burning Pact+1","Flex+1","Warcry+1","Offering+1","Thunderclap"],"special_seed":0,"relics":["Burning Blood","Toxic Egg 2","Question Card","Toy Ornithopter","Smiling Mask","Empty Cage","Ornamental Fan","TheAbacus","Bird Faced Urn","Frozen Egg 2","Philosopher\u0027s Stone","Gremlin Horn","Ice Cream","Bag of Preparation"],"potions_floor_usage":[16,18,33,37,46,50,50,50],"damage_taken":[{"damage":5.0,"enemies":"Small Slimes","floor":1.0,"turns":3.0},{"damage":6.0,"enemies":"2 Louse","floor":2.0,"turns":4.0},{"damage":6.0,"enemies":"Jaw Worm","floor":4.0,"turns":3.0},{"damage":1.0,"enemies":"3 Louse","floor":13.0,"turns":4.0},{"damage":21.0,"enemies":"Lagavulin","floor":14.0,"turns":5.0},{"damage":44,"enemies":"Slime Boss","floor":16,"turns":11},{"damage":8,"enemies":"3 Byrds","floor":18,"turns":4},{"damage":7,"enemies":"Spheric Guardian","floor":22,"turns":4},{"damage":6,"enemies":"Snake Plant","floor":24,"turns":3},{"damage":6,"enemies":"Slavers","floor":25,"turns":7},{"damage":6,"enemies":"Snecko","floor":27,"turns":5},{"damage":6,"enemies":"3 Cultists","floor":28,"turns":7},{"damage":6,"enemies":"Centurion and Healer","floor":29,"turns":3},{"damage":6,"enemies":"Snake Plant","floor":30,"turns":2},{"damage":6,"enemies":"Cultist and Chosen","floor":31,"turns":4},{"damage":55,"enemies":"Automaton","floor":33,"turns":8},{"damage":12,"enemies":"3 Darklings","floor":35,"turns":2},{"damage":6,"enemies":"Orb Walker","floor":36,"turns":1},{"damage":12,"enemies":"Maw","floor":37,"turns":9},{"damage":12,"enemies":"Jaw Worm Horde","floor":42,"turns":2},{"damage":13,"enemies":"Transient","floor":46,"turns":5},{"damage":12,"enemies":"Nemesis","floor":47,"turns":3},{"damage":12,"enemies":"Writhing Mass","floor":48,"turns":1},{"damage":12,"enemies":"Donu and Deca","floor":50,"turns":6}],"seed_played":"-2485362362237983080","potions_obtained":[{"floor":4.0,"key":"SpeedPotion"},{"floor":16,"key":"SkillPotion"},{"floor":24,"key":"Block Potion"},{"floor":25,"key":"SmokeBomb"},{"floor":27,"key":"LiquidBronze"},{"floor":31,"key":"PowerPotion"},{"floor":33,"key":"DuplicationPotion"},{"floor":37,"key":"CultistPotion"},{"floor":48,"key":"Strength Potion"}],"is_trial":false,"path_per_floor":["M","M","?","M","?","R","T","?","T","R","$","R","M","E","R","B",null,"M","T","?","$","M","R","M","E","T","M","M","M","M","M","R","B",null,"M","M","M","$","?","R","$","M","T","?","?","M","E","M","R","B",null],"character_chosen":"IRONCLAD","items_purchased":["TheAbacus","Gremlin Horn"],"campfire_rested":5,"item_purchase_floors":[21,38],"current_hp_per_floor":[80,80,73,73,57,57,57,57,57,57,57,80,80,65,80,47,80,78,78,78,78,77,80,80,80,80,80,80,80,80,80,80,38,80,74,74,73,73,80,80,80,74,74,74,74,72,66,60,76,76],"gold":80,"neow_bonus":"REMOVE_TWO","is_prod":false,"is_daily":false,"chose_seed":false,"campfire_upgraded":2,"win_rate":0,"timestamp":1607489583,"path_taken":["M","M","?","M","?","R","?","?","T","R","$","R","?","E","R","BOSS","M","?","?","$","?","R","M","E","T","M","M","M","M","M","R","BOSS","M","?","?","$","?","R","$","?","T","?","?","?","E","M","R","BOSS"],"build_version":"2020-11-30","purchased_purges":2,"victory":true,"max_hp_per_floor":[80,80,80,80,80,80,80,80,80,80,80,80,80,80,80,80,80,80,80,80,80,80,80,80,80,80,80,80,80,80,80,80,80,80,80,80,80,80,80,80,80,80,80,76,76,76,76,76,76,76],"relic_stats":{"TheAbacus":[1314],"Gremlin Horn":[3,3],"counters":[24,106],"Ornamental Fan":[136],"Bird Faced Urn":[2],"Bag of Preparation":[4],"Question Card":20,"Smiling Mask":50,"obtain_stats":[{"Ice Cream":43,"Gremlin Horn":38,"Bag of Preparation":47,"Frozen Egg 2":26,"Question Card":7,"Smiling Mask":14,"Empty Cage":17,"Burning Blood":0,"TheAbacus":21,"Ornamental Fan":19,"Bird Faced Urn":25,"Philosopher\u0027s Stone":34,"Toxic Egg 2":3,"Toy Ornithopter":9},{"Ice Cream":20,"Gremlin Horn":19,"Bag of Preparation":22,"Frozen Egg 2":10,"Question Card":3,"Smiling Mask":5,"Empty Cage":6,"Burning Blood":0,"TheAbacus":7,"Ornamental Fan":7,"Bird Faced Urn":10,"Philosopher\u0027s Stone":16,"Toxic Egg 2":2,"Toy Ornithopter":3},{"Ice Cream":91,"Gremlin Horn":89,"Bag of Preparation":99,"Frozen Egg 2":48,"Question Card":10,"Smiling Mask":19,"Empty Cage":30,"Burning Blood":0,"TheAbacus":34,"Ornamental Fan":34,"Bird Faced Urn":48,"Philosopher\u0027s Stone":77,"Toxic Egg 2":7,"Toy Ornithopter":10}],"Burning Blood":132,"Toy Ornithopter":32},"card_choices":[{"not_picked":["Cleave","Clothesline"],"picked":"Dropkick","floor":1.0},{"not_picked":["Sword Boomerang","Flex","Combust"],"picked":"SKIP","floor":2.0},{"not_picked":["Thunderclap","Dark Embrace"],"picked":"Warcry+1","floor":4.0},{"not_picked":["Sword Boomerang","Twin Strike","Anger","Pommel Strike"],"picked":"SKIP","floor":13.0},{"not_picked":["Berserk","Anger","Inflame"],"picked":"Shrug It Off+1","floor":14.0},{"not_picked":["Brutality","Juggernaut","Reaper"],"picked":"Offering+1","floor":16},{"not_picked":["Dropkick","Havoc+1","Sword Boomerang"],"picked":"Rage+1","floor":18},{"not_picked":["True Grit+1","Heavy Blade","Perfected Strike+1","Twin Strike+1"],"picked":"SKIP","floor":22},{"not_picked":["Second Wind+1","Rupture+1","True Grit+1"],"picked":"Burning Pact+1","floor":24},{"not_picked":["Twin Strike","Pommel Strike","Cleave+1","Combust+1"],"picked":"SKIP","floor":25},{"not_picked":["Corruption+1","True Grit+1","Cleave+1","Carnage+1"],"picked":"SKIP","floor":27},{"not_picked":["Flame Barrier+1","Shockwave+1","Uppercut"],"picked":"Flex+1","floor":28},{"not_picked":["Iron Wave","Rampage","Demon Form+1","Shrug It Off+1"],"picked":"SKIP","floor":29},{"not_picked":["Rupture+1","Shrug It Off+1","Iron Wave+1"],"picked":"Warcry+1","floor":30},{"not_picked":["Twin Strike","Pommel Strike","Shrug It Off+1","Cleave+1"],"picked":"SKIP","floor":31},{"not_picked":["Limit Break+1","Demon Form+1","Berserk+1"],"picked":"Offering+1","floor":33},{"not_picked":["Twin Strike","Armaments+1","True Grit+1","Headbutt"],"picked":"SKIP","floor":35},{"not_picked":["Warcry+1","Headbutt+1","Entrench+1","True Grit+1"],"picked":"SKIP","floor":36},{"not_picked":["Shrug It Off+1","Shockwave+1","Sever Soul+1","Perfected Strike+1"],"picked":"SKIP","floor":37},{"not_picked":["Bludgeon","Burning Pact+1","Second Wind+1","Clash"],"picked":"SKIP","floor":42},{"not_picked":["Shrug It Off+1","Dark Embrace+1","Havoc+1","Armaments+1"],"picked":"SKIP","floor":46},{"not_picked":["Armaments+1","Sword Boomerang","Headbutt+1","Flex+1"],"picked":"SKIP","floor":47},{"not_picked":["Wild Strike","Headbutt","Perfected Strike+1"],"picked":"Thunderclap","floor":48}],"player_experience":417289,"relics_obtained":[{"floor":7.0,"key":"Question Card"},{"floor":9.0,"key":"Toy Ornithopter"},{"floor":14.0,"key":"Smiling Mask"},{"floor":19,"key":"Ornamental Fan"},{"floor":25,"key":"Bird Faced Urn"},{"floor":26,"key":"Frozen Egg 2"},{"floor":43,"key":"Ice Cream"},{"floor":47,"key":"Bag of Preparation"}],"event_choices":[{"damage_healed":0.0,"max_hp_gain":0.0,"max_hp_loss":0.0,"gold_gain":0.0,"event_name":"Scrap Ooze","player_choice":"Success","floor":3.0,"gold_loss":0.0,"damage_taken":7.0,"relics_obtained":["Toxic Egg 2"]},{"damage_healed":0.0,"max_hp_gain":0.0,"max_hp_loss":0.0,"gold_gain":0.0,"event_name":"Shining Light","player_choice":"Entered Light","floor":5.0,"gold_loss":0.0,"damage_taken":16.0,"cards_upgraded":["Strike_R","Strike_R"]},{"damage_healed":0.0,"max_hp_gain":0.0,"max_hp_loss":0.0,"gold_gain":0.0,"event_name":"The Woman in Blue","player_choice":"Bought 0 Potions","floor":8.0,"gold_loss":0.0,"damage_taken":0.0},{"cards_removed":["Defend_R"],"damage_healed":0,"gold_gain":0,"player_choice":"Purged","damage_taken":0,"max_hp_gain":0,"max_hp_loss":0,"event_name":"Purifier","floor":20,"gold_loss":0},{"damage_healed":7,"gold_gain":0,"player_choice":"Full Heal","damage_taken":0,"max_hp_gain":0,"max_hp_loss":0,"event_name":"Wheel of Change","floor":39,"gold_loss":0},{"damage_healed":0,"gold_gain":0,"player_choice":"Max HP","damage_taken":0,"max_hp_gain":0,"max_hp_loss":4,"event_name":"Winding Halls","floor":44,"gold_loss":0},{"damage_healed":0,"gold_gain":0,"player_choice":"Ignored","damage_taken":0,"max_hp_gain":0,"max_hp_loss":0,"event_name":"Upgrade Shrine","floor":45,"gold_loss":0}],"is_beta":false,"boss_relics":[{"not_picked":["Cursed Key","Runic Pyramid"],"picked":"Empty Cage"},{"not_picked":["Black Star","Tiny House"],"picked":"Philosopher\u0027s Stone"}],"items_purged_floors":[11,38],"is_endless":false,"potions_floor_spawned":[4,16,24,25,27,31,33,37,42,48],"ascension_level":0}}