{"host":"ssviq0y9yg8c9gbe","time":1607512094,"event":{"gold_per_floor":[114,114,129,129,144,174,24,54,54,93,93,132,168,221,221,338,338,370,415,445,474,512,512,565,490,490,490,525,525,573,611,611,733,733,779,856,896,929,958,958,1009,1036,1036,1036,1036,1036,811,857,857,875],"floor_reached":51,"playtime":3375,"items_purged":["Sunder"],"score":857,"play_id":"e394da58-5eba-43ac-a6f0-5bf402199d73","local_time":"20201209060814","daily_mods":["SealedDeck","Purple Cards","Elite Swarm"],"is_ascension_mode":false,"campfire_choices":[{"floor":15.0,"key":"REST"},{"data":"Buffer","floor":23.0,"key":"SMITH"},{"floor":27.0,"key":"REST"},{"data":"Zap","floor":32.0,"key":"SMITH"},{"floor":40.0,"key":"REST"},{"floor":44.0,"key":"REST"},{"floor":46.0,"key":"REST"},{"floor":49,"key":"REST"}],"neow_cost":"","seed_source_timestamp":0,"circlet_count":0,"master_deck":["CutThroughFate","Panic Button","Perseverance","BowlingBash","Hello World","Steam","Static Discharge","Beam Cell","Ball Lightning","Consecrate","Collect","Zap+1","Doom and Gloom","Buffer+1","Core Surge","Biased Cognition","Gash","Judgement","JustLucky+1","Bite","Bite","Bite","Bite","Bite","CutThroughFate","Chill","Core Surge","FollowUp","Replay:ManipulateFuture","Capacitor+1","Defragment+1","Parasite","Beam Cell+1"],"special_seed":18605,"relics":["Cracked Core","Replay:WaspNest","Meat on the Bone","Lee\u0027s Waffle","Question Card","CeramicFish","Boot","hubris:Towel","Replay:Bandana","Pantograph","hubris:ScarierMask","Juzu Bracelet","Mummified Hand","Lizard Tail","SlaversCollar","Emotion Chip","Counterbalance","Lantern","Replay:PocketPolymizer"],"potions_floor_usage":[48,50],"damage_taken":[{"damage":0.0,"enemies":"2 Louse","floor":1.0,"turns":2.0},{"damage":6.0,"enemies":"Cultist","floor":3.0,"turns":3.0},{"damage":11.0,"enemies":"Jaw Worm","floor":5.0,"turns":2.0},{"damage":25.0,"enemies":"Lagavulin","floor":6.0,"turns":4.0},{"damage":9.0,"enemies":"Replay:BlueRogue","floor":8.0,"turns":4.0},{"damage":14.0,"enemies":"Lagavulin","floor":10.0,"turns":5.0},{"damage":15.0,"enemies":"Replay:BlueRogue","floor":12.0,"turns":3.0},{"damage":13.0,"enemies":"Lots of Slimes","floor":13.0,"turns":2.0},{"damage":0.0,"enemies":"Gremlin Nob","floor":14.0,"turns":3.0},{"damage":0.0,"enemies":"Slime Boss","floor":16.0,"turns":7.0},{"damage":3.0,"enemies":"3 Byrds","floor":18.0,"turns":2.0},{"damage":0.0,"enemies":"Spheric Guardian","floor":20.0,"turns":2.0},{"damage":35.0,"enemies":"Snake Plant","floor":21.0,"turns":3.0},{"damage":12.0,"enemies":"Centurion and Healer","floor":22.0,"turns":3.0},{"damage":26.0,"enemies":"Replay:Snechameleon","floor":24.0,"turns":4.0},{"damage":19.0,"enemies":"Shelled Parasite and Fungi","floor":28.0,"turns":4.0},{"damage":7.0,"enemies":"Slavers","floor":30.0,"turns":3.0},{"damage":10.0,"enemies":"Cultist and Chosen","floor":31.0,"turns":4.0},{"damage":28.0,"enemies":"Pondfish","floor":33.0,"turns":7.0},{"damage":13.0,"enemies":"3 Darklings","floor":35.0,"turns":4.0},{"damage":0.0,"enemies":"Mind Bloom Boss Battle","floor":36.0,"turns":6.0},{"damage":25.0,"enemies":"Orb Walker","floor":37.0,"turns":3.0},{"damage":27.0,"enemies":"4 Shapes","floor":38.0,"turns":4.0},{"damage":28.0,"enemies":"Spire Growth","floor":39.0,"turns":4.0},{"damage":36.0,"enemies":"Writhing Mass","floor":41.0,"turns":4.0},{"damage":19.0,"enemies":"4 Shapes","floor":42.0,"turns":4.0},{"damage":29,"enemies":"R_Hoarder","floor":48,"turns":8},{"damage":72,"enemies":"Replay:Hell Engine","floor":50,"turns":10}],"seed_played":"4494449258677458329","potions_obtained":[{"floor":1.0,"key":"Adrenaline Potion"},{"floor":3.0,"key":"Swift Potion"},{"floor":10.0,"key":"Weak Potion"},{"floor":13.0,"key":"Milkshake"},{"floor":18.0,"key":"EssenceOfSteel"},{"floor":20.0,"key":"Fire Potion"},{"floor":31.0,"key":"Dexterity Potion"},{"floor":36.0,"key":"AttackPotion"},{"floor":39.0,"key":"Dexterity Potion"},{"floor":42.0,"key":"Regen Potion"},{"floor":48,"key":"Adrenaline Potion"}],"is_trial":false,"path_per_floor":["M","?","M","?","M","E","$","E","T","E","?","E","M","E","R","B",null,"M","?","M","M","M","R","E","?","T","R","M","?","E","M","R","B",null,"M","?","M","M","M","R","M","M","T","R","?","R","$","E","R","B",null],"character_chosen":"DEFECT","items_purchased":["Lee\u0027s Waffle","Lantern"],"campfire_rested":6,"item_purchase_floors":[7,47],"current_hp_per_floor":[75,75,69,69,58,33,82,73,73,59,59,44,43,43,67,82,82,79,57,57,36,40,40,28,28,28,45,32,51,46,40,40,42,57,50,57,32,25,19,36,22,17,17,34,34,51,51,39,56,40],"gold":875,"neow_bonus":"","is_prod":false,"is_daily":true,"chose_seed":false,"campfire_upgraded":2,"win_rate":0,"timestamp":1607512094,"path_taken":["M","?","?","?","?","E","?","E","T","E","?","E","M","E","R","BOSS","M","?","M","M","M","R","E","?","T","R","M","?","E","M","R","BOSS","M","?","M","M","M","R","M","M","T","R","?","R","$","E","R","BOSS"],"build_version":"2020-11-30","purchased_purges":1,"victory":true,"max_hp_per_floor":[75,75,75,75,75,75,82,82,82,82,82,82,82,82,82,82,82,82,57,57,57,57,57,57,57,57,57,57,57,57,57,57,57,57,57,57,57,57,57,57,57,57,57,57,57,57,57,57,57,57],"card_choices":[{"not_picked":["Rebound","Crescendo"],"picked":"Consecrate","floor":1.0},{"not_picked":["Fusion","Reinforced Body"],"picked":"Doom and Gloom","floor":3.0},{"not_picked":["Crescendo","Fasting2","Indignation"],"picked":"SKIP","floor":5.0},{"not_picked":["Fission","Multi-Cast"],"picked":"Buffer","floor":6.0},{"not_picked":["SpiritShield","Vault","ReplayTheSpireMod:Omega Cannon"],"picked":"SKIP","floor":8.0},{"not_picked":["LessonLearned","Replay:AllIn","Ragnarok"],"picked":"Core Surge","floor":10.0},{"not_picked":["hubris:DoWhile","Mirror Shield","DevaForm"],"picked":"Biased Cognition","floor":12.0},{"not_picked":["Stack","DeceiveReality","Lockon"],"picked":"Gash","floor":13.0},{"not_picked":["Mirror Shield","hubris:SpecializedCircuitry","MasterReality"],"picked":"Buffer","floor":14.0},{"not_picked":["Wish","Replay:AllIn","Machine Learning"],"picked":"Judgement","floor":16.0},{"not_picked":["Panic Button","Replay:AtTheReady","FlyingSleeves"],"picked":"JustLucky+1","floor":18.0},{"not_picked":["Coolheaded","Crystallizer","Wireheading"],"picked":"CutThroughFate","floor":20.0},{"not_picked":["Barrage","Steam","Steam Power","EmptyBody"],"picked":"SKIP","floor":21.0},{"not_picked":["Steam","Recycle+1","Glacier+1"],"picked":"Chill","floor":22.0},{"not_picked":["Mirror Shield","Meteor Strike","hubris:DoWhile"],"picked":"Core Surge","floor":24.0},{"not_picked":["Indignation","CutThroughFate","FlyingSleeves","Hologram+1"],"picked":"SKIP","floor":28.0},{"not_picked":["Machine Learning","Establishment","Replay:LoomingThreat","ReplayTheSpireMod:Omega Cannon"],"picked":"SKIP","floor":30.0},{"not_picked":["Cold Snap","Replay:ManipulateFuture","EmptyFist"],"picked":"FollowUp","floor":31.0},{"not_picked":["CrushJoints+1","FearNoEvil+1","Rebound+1"],"picked":"Replay:ManipulateFuture","floor":35.0},{"not_picked":["BasicCrystalCard","SashWhip","Fusion"],"picked":"Capacitor+1","floor":36.0},{"not_picked":["Replay:Vibes","BasicCrystalCard+1","PathToVictory+1"],"picked":"Defragment+1","floor":37.0},{"not_picked":["Hologram","Steam+1","ReplayTheSpireMod:GoodbyeWorld","DeceiveReality+1"],"picked":"SKIP","floor":38.0},{"not_picked":["BasicCrystalCard+1","Stack+1","Ball Lightning","ReplaySolidLightProjector+1"],"picked":"SKIP","floor":39.0},{"not_picked":["ForeignInfluence","Perseverance","Sweeping Beam"],"picked":"Beam Cell+1","floor":41.0},{"not_picked":["LikeWater","Panic Button","Crescendo","Doom and Gloom+1"],"picked":"SKIP","floor":42.0},{"not_picked":["hubris:Prefetch","hubris:DoWhile","Amplify","Thunder Strike"],"picked":"SKIP","floor":48}],"player_experience":64823,"relics_obtained":[{"floor":4.0,"key":"Replay:WaspNest"},{"floor":6.0,"key":"Meat on the Bone"},{"floor":8.0,"key":"Question Card"},{"floor":9.0,"key":"CeramicFish"},{"floor":10.0,"key":"Boot"},{"floor":12.0,"key":"Replay:Bandana"},{"floor":14.0,"key":"Pantograph"},{"floor":24.0,"key":"Juzu Bracelet"},{"floor":26.0,"key":"Mummified Hand"},{"floor":30.0,"key":"Lizard Tail"},{"floor":36.0,"key":"Emotion Chip"},{"floor":43.0,"key":"Counterbalance"},{"floor":48,"key":"Replay:PocketPolymizer"}],"event_choices":[{"damage_healed":0.0,"max_hp_gain":0.0,"max_hp_loss":0.0,"gold_gain":0.0,"event_name":"Match and Keep!","player_choice":"2 cards matched","floor":2.0,"gold_loss":0.0,"damage_taken":0.0,"cards_obtained":["Collect","Zap"]},{"damage_healed":0.0,"max_hp_gain":0.0,"max_hp_loss":0.0,"gold_gain":0.0,"event_name":"Wheel of Change","player_choice":"Relic","floor":4.0,"gold_loss":0.0,"damage_taken":0.0},{"damage_healed":0.0,"max_hp_gain":0.0,"max_hp_loss":25.0,"gold_gain":0.0,"event_name":"Vampires","player_choice":"Became a vampire","floor":19.0,"gold_loss":0.0,"damage_taken":0.0,"cards_obtained":["Bite","Bite","Bite","Bite","Bite"]},{"cards_removed":["Buffer"],"damage_healed":0.0,"max_hp_gain":0.0,"max_hp_loss":0.0,"gold_gain":0.0,"event_name":"Beggar","player_choice":"Gave Gold","floor":25.0,"gold_loss":75.0,"damage_taken":0.0},{"damage_healed":19.0,"max_hp_gain":0.0,"max_hp_loss":0.0,"gold_gain":0.0,"event_name":"The Library","player_choice":"Heal","floor":29.0,"gold_loss":0.0,"damage_taken":0.0},{"damage_healed":0.0,"max_hp_gain":0.0,"max_hp_loss":0.0,"gold_gain":0.0,"event_name":"MindBloom","player_choice":"Fight","floor":36.0,"gold_loss":0.0,"damage_taken":0.0}],"is_beta":false,"boss_relics":[{"not_picked":["Painkiller Herb","Busted Crown"],"picked":"hubris:ScarierMask"},{"not_picked":["Snecko Eye","Fusion Hammer"],"picked":"SlaversCollar"}],"items_purged_floors":[47],"is_endless":false,"potions_floor_spawned":[1,3,10,13,18,20,22,31,33,36,37,39,42,48],"ascension_level":0}}