{"host":"wl5kcyk3ocgwii71","time":1607534155,"event":{"gold_per_floor":[116,116,116,135,135,168,180,199,224,71,71,81,98,273,273,273,273],"floor_reached":16,"playtime":427,"items_purged":[],"score":133,"play_id":"676ccb6c-3016-410e-a48b-7dadae28ec15","local_time":"20201209091555","is_ascension_mode":true,"campfire_choices":[{"floor":11,"key":"REST"},{"data":"Atom Bomb","floor":15,"key":"SMITH"}],"neow_cost":"NONE","seed_source_timestamp":429517044155700,"circlet_count":0,"master_deck":["Strike_G","Strike_G","Strike_G","Strike_G","Strike_G","Defend_G","Defend_G","Defend_G","Defend_G","Defend_G","Survivor","Neutralize+1","Dagger Spray","Accuracy","Toxin Wave","Prepared","Corpse Explosion","Cloak And Dagger","Bane","After Image","PiercingWail","Dodge and Roll","Atom Bomb+1","Doubt"],"relics":["Ring of the Snake","Replay:Mystery Machine","Replay:Rubber Ducky","Ancient Tea Set","Orrery"],"potions_floor_usage":[7],"damage_taken":[{"damage":0,"enemies":"Cultist","floor":1,"turns":4},{"damage":3,"enemies":"Small Slimes","floor":4,"turns":3},{"damage":16,"enemies":"Gremlin Nob","floor":6,"turns":5},{"damage":7,"enemies":"Jaw Worm","floor":7,"turns":4},{"damage":16,"enemies":"Exordium Thugs","floor":8,"turns":5},{"damage":0,"enemies":"2 Fungi Beasts","floor":12,"turns":3},{"damage":0,"enemies":"Looter","floor":13,"turns":4},{"damage":58,"enemies":"Fading Forest","floor":16,"turns":8}],"seed_played":"-2157769321183282925","potions_obtained":[{"floor":1,"key":"LiquidBronze"},{"floor":7,"key":"sneckomod:MuddlingPotion"},{"floor":12,"key":"Energy Potion"}],"is_trial":false,"path_per_floor":["M","?","?","M","?","E","M","M","T","$","R","M","M","?","R","B"],"character_chosen":"THE_SILENT","items_purchased":["Orrery"],"campfire_rested":1,"item_purchase_floors":[10],"current_hp_per_floor":[63,63,63,60,60,44,37,21,21,21,42,42,42,42,42,0,0],"gold":273,"neow_bonus":"RANDOM_COMMON_RELIC","is_prod":false,"is_daily":false,"chose_seed":false,"campfire_upgraded":1,"win_rate":0,"timestamp":1607534155,"path_taken":["M","?","?","M","?","E","M","M","T","?","R","M","?","?","R","BOSS"],"build_version":"2020-11-30","purchased_purges":0,"victory":false,"max_hp_per_floor":[70,70,70,70,70,70,70,70,70,70,70,70,70,70,70,70,70],"card_choices":[{"not_picked":["Masterful Stab","Predator"],"picked":"Dagger Spray","floor":1},{"not_picked":["Caltrops","Distraction"],"picked":"Accuracy","floor":4},{"not_picked":["Poison Darts","Acrobatics"],"picked":"Toxin Wave","floor":6},{"not_picked":["Eviscerate","Predator"],"picked":"Prepared","floor":7},{"not_picked":["Sneak Up","Underhanded Strike","Sucker Punch"],"picked":"SKIP","floor":8},{"not_picked":["Blade Dance","Reflex"],"picked":"Corpse Explosion","floor":10},{"not_picked":["Slice","Concentrate"],"picked":"Cloak And Dagger","floor":10},{"not_picked":["Eviscerate","Dodge and Roll"],"picked":"Bane","floor":10},{"not_picked":["Outmaneuver","Underhanded Strike"],"picked":"After Image","floor":10},{"not_picked":["Dagger Spray","Flechettes"],"picked":"PiercingWail","floor":10},{"not_picked":["Caltrops","Deflect"],"picked":"Dodge and Roll","floor":12},{"not_picked":["Distraction","Tactician"],"picked":"Atom Bomb","floor":13}],"player_experience":342205,"relics_obtained":[{"floor":6,"key":"Replay:Rubber Ducky"},{"floor":9,"key":"Ancient Tea Set"}],"event_choices":[{"damage_healed":0,"gold_gain":0,"player_choice":"Ignored","damage_taken":0,"max_hp_gain":0,"max_hp_loss":0,"event_name":"Golden Wing","floor":2,"gold_loss":0},{"damage_healed":0,"gold_gain":0,"player_choice":"Leave","damage_taken":0,"max_hp_gain":0,"max_hp_loss":0,"event_name":"The Cleric","floor":3,"gold_loss":0},{"damage_healed":0,"gold_gain":0,"player_choice":"Grow","damage_taken":0,"max_hp_gain":0,"max_hp_loss":0,"event_name":"Living Wall","floor":5,"gold_loss":0,"cards_upgraded":["Neutralize"]},{"damage_healed":0,"gold_gain":175,"player_choice":"AGREE","damage_taken":98,"max_hp_gain":0,"max_hp_loss":0,"event_name":"betterThird:BetterSerpent","floor":14,"gold_loss":0}],"is_beta":false,"boss_relics":[],"items_purged_floors":[],"is_endless":false,"potions_floor_spawned":[1,7,12],"killed_by":"Fading Forest","ascension_level":6}}