{"host":"p7j7o00jacnw7qzt","time":1607472830,"event":{"gold_per_floor":[114,114,125,144,164,164,6,81,135,135,152,152,13,13,13],"floor_reached":14,"playtime":315,"items_purged":["Strike_G","Strike_G"],"score":160,"play_id":"8da12c70-98fc-44cd-82e1-ceac3396f5cd","local_time":"20201208191350","is_ascension_mode":true,"campfire_choices":[{"data":"Well Laid Plans","floor":6.0,"key":"SMITH"},{"data":"Catalyst","floor":10.0,"key":"SMITH"},{"data":"Bouncing Flask","floor":12.0,"key":"SMITH"}],"neow_cost":"NONE","seed_source_timestamp":2061242690160000,"circlet_count":0,"master_deck":["AscendersBane","Strike_G","Strike_G","Strike_G","Defend_G","Defend_G","Defend_G","Defend_G","Defend_G","Survivor","Neutralize","Predator","Catalyst+1","Well Laid Plans+1","Bouncing Flask+1","PiercingWail","Reflex"],"special_seed":0,"relics":["Ring of the Snake","NeowsBlessing"],"potions_floor_usage":[14,14],"damage_taken":[{"damage":0.0,"enemies":"2 Louse","floor":1.0,"turns":1.0},{"damage":0.0,"enemies":"Jaw Worm","floor":3.0,"turns":1.0},{"damage":0.0,"enemies":"Small Slimes","floor":4.0,"turns":1.0},{"damage":10.0,"enemies":"2 Fungi Beasts","floor":5.0,"turns":5.0},{"damage":2.0,"enemies":"Red Slaver","floor":11.0,"turns":4.0},{"damage":9,"enemies":"Gremlin Nob","floor":14,"turns":4}],"seed_played":"4455254483315528410","potions_obtained":[{"floor":4.0,"key":"SpeedPotion"},{"floor":5.0,"key":"FearPotion"}],"is_trial":false,"path_per_floor":["M","?","M","M","M","R","$","?","T","R","M","R","$","E"],"character_chosen":"THE_SILENT","items_purchased":["Bouncing Flask","Reflex"],"campfire_rested":0,"item_purchase_floors":[7,13],"current_hp_per_floor":[59,59,59,59,49,49,49,38,38,38,36,36,36,27,27],"gold":13,"neow_bonus":"THREE_ENEMY_KILL","is_prod":false,"is_daily":false,"chose_seed":false,"campfire_upgraded":3,"win_rate":0,"timestamp":1607472830,"path_taken":["M","?","M","M","M","R","?","?","T","R","M","R","?","E"],"build_version":"2020-11-30","purchased_purges":2,"victory":false,"max_hp_per_floor":[66,66,66,66,66,66,66,66,66,66,66,66,66,66,66],"relic_stats":{"counters":[6,16],"obtain_stats":[{"NeowsBlessing":0,"Ring of the Snake":0},{"NeowsBlessing":0,"Ring of the Snake":0},{"NeowsBlessing":0,"Ring of the Snake":0}],"Ring of the Snake":[12]},"card_choices":[{"not_picked":["Underhanded Strike","Deadly Poison"],"picked":"Predator","floor":1.0},{"not_picked":["Outmaneuver","Slice"],"picked":"Catalyst","floor":3.0},{"not_picked":["Cloak And Dagger","Dagger Throw"],"picked":"Well Laid Plans","floor":4.0},{"not_picked":["Sucker Punch","Accuracy","Cloak And Dagger"],"picked":"SKIP","floor":5.0},{"not_picked":["Dagger Throw","Dagger Spray"],"picked":"PiercingWail","floor":11.0}],"player_experience":682200,"relics_obtained":[],"event_choices":[{"damage_healed":0.0,"max_hp_gain":0.0,"max_hp_loss":0.0,"gold_gain":0.0,"event_name":"Shining Light","player_choice":"Ignored","floor":2.0,"gold_loss":0.0,"damage_taken":0.0},{"damage_healed":0.0,"max_hp_gain":0.0,"max_hp_loss":0.0,"gold_gain":75.0,"event_name":"World of Goop","player_choice":"Gather Gold","floor":8.0,"gold_loss":0.0,"damage_taken":11.0}],"is_beta":false,"boss_relics":[],"items_purged_floors":[7,13],"is_endless":false,"potions_floor_spawned":[4,5],"killed_by":"Gremlin Nob","ascension_level":20}}