{"host":"st1kg310ms6sytc5","time":1607516592,"event":{"gold_per_floor":[117,117,134,146,71,71,71],"floor_reached":6,"playtime":107,"items_purged":["Koishi:BasicStrike"],"score":40,"play_id":"2e9183c8-9148-46f5-a98f-361f244e5d59","local_time":"20201209202312","is_ascension_mode":true,"campfire_choices":[],"neow_cost":"NONE","seed_source_timestamp":1911934575198900,"circlet_count":0,"master_deck":["Koishi:BasicStrike","Koishi:BasicStrike","Koishi:BasicDefend","Koishi:BasicDefend","Koishi:BasicDefend","Koishi:BasicDefend","Koishi:Provoke","Koishi:HauntingSlash","Eviscerate","Koishi:HeartAttack"],"relics":["Koishi:ImaginaryFriend","REME_ComplimentaryCards","NeowsBlessing"],"potions_floor_usage":[6],"damage_taken":[{"damage":0,"enemies":"Jaw Worm","floor":1,"turns":1},{"damage":0,"enemies":"Cultist","floor":3,"turns":1},{"damage":0,"enemies":"2 Louse","floor":4,"turns":1},{"damage":0,"enemies":"3 Sentries","floor":6,"turns":3}],"seed_played":"-910219524597562419","potions_obtained":[{"floor":3,"key":"Weak Potion"},{"floor":4,"key":"PowerPotion"}],"is_trial":false,"path_per_floor":["M","?","M","M","$","E"],"character_chosen":"KOISHI","items_purchased":[],"campfire_rested":0,"item_purchase_floors":[],"current_hp_per_floor":[60,60,60,60,60,60,60],"gold":71,"neow_bonus":"THREE_ENEMY_KILL","is_prod":false,"is_daily":false,"chose_seed":false,"campfire_upgraded":0,"win_rate":0,"timestamp":1607516592,"path_taken":["M","?","M","M","$","E"],"build_version":"2020-11-30","purchased_purges":1,"victory":false,"max_hp_per_floor":[60,60,60,60,60,60,60],"relic_stats":{"counters":[4,6],"obtain_stats":[{"NeowsBlessing":0,"Koishi:ImaginaryFriend":0,"REME_ComplimentaryCards":0},{"NeowsBlessing":0,"Koishi:ImaginaryFriend":0,"REME_ComplimentaryCards":0},{"NeowsBlessing":0,"Koishi:ImaginaryFriend":0,"REME_ComplimentaryCards":0}]},"card_choices":[{"not_picked":["Koishi:FleetingPhantom","Koishi:ReflexRadar"],"picked":"Koishi:HeartAttack","floor":1},{"not_picked":["Koishi:PhantomStrike","Koishi:StingingMind","Koishi:CatchAndRose"],"picked":"SKIP","floor":3},{"not_picked":["Koishi:HeartfeltFancy","Koishi:UnconsciousUprising","Koishi:RacingHeart"],"picked":"SKIP","floor":4}],"player_experience":1343242,"relics_obtained":[],"event_choices":[{"cards_removed":["Koishi:BasicStrike"],"damage_healed":0,"gold_gain":0,"player_choice":"Offered Basic","damage_taken":0,"max_hp_gain":0,"max_hp_loss":0,"event_name":"Bonfire Elementals","floor":2,"gold_loss":0}],"is_beta":false,"boss_relics":[],"items_purged_floors":[5],"is_endless":false,"potions_floor_spawned":[3,4],"killed_by":"3 Sentries","ascension_level":2}}