{"host":"3c27c697js19kaoo","time":1607503827,"event":{"gold_per_floor":[117,128,128,142,142,142,89,168,168,168,204,224,244,244,244,244,244],"floor_reached":16,"playtime":649,"items_purged":[],"score":90,"play_id":"c5d15fe5-3382-45a4-93df-a59f8381a69a","local_time":"20201209165027","is_ascension_mode":false,"campfire_choices":[{"data":"Offering","floor":6,"key":"SMITH"},{"floor":10,"key":"REST"},{"floor":15,"key":"REST"}],"neow_cost":"NONE","seed_source_timestamp":1822175549766200,"circlet_count":0,"master_deck":["TheCursedMod:Strike_TheCursed+1","TheCursedMod:Strike_TheCursed","TheCursedMod:Strike_TheCursed","TheCursedMod:Strike_TheCursed","TheCursedMod:Defend_TheCursed","TheCursedMod:Defend_TheCursed","TheCursedMod:Defend_TheCursed","TheCursedMod:Defend_TheCursed","TheCursedMod:CursedWand","TheCursedMod:CleanUpWorkshop","TheCursedMod:Dregs","Offering+1","TheCursedMod:CursedBlade","TheCursedMod:WearCloak","TheCursedMod:CircleOfCorruption","TheCursedMod:Wield+1"],"special_seed":0,"relics":["TheCursedMod:BlackMagic101","REME_ComplimentaryCards","NeowsBlessing","Golden Idol","MealTicket","Dota2Spire:PhaseBoots","Odd Mushroom"],"potions_floor_usage":[8,8,11,16],"damage_taken":[{"damage":0,"enemies":"Cultist","floor":1,"turns":1},{"damage":0,"enemies":"Small Slimes","floor":2,"turns":1},{"damage":0,"enemies":"Jaw Worm","floor":4,"turns":1},{"damage":35,"enemies":"Lagavulin Event","floor":8,"turns":9},{"damage":11,"enemies":"The Mushroom Lair","floor":11,"turns":4},{"damage":6,"enemies":"2 Fungi Beasts","floor":12,"turns":2},{"damage":6,"enemies":"Exordium Wildlife","floor":13,"turns":2},{"damage":29,"enemies":"Hexaghost","floor":16,"turns":9}],"seed_played":"9085293444092032468","potions_obtained":[{"floor":1,"key":"SteroidPotion"},{"floor":4,"key":"EssenceOfSteel"},{"floor":8,"key":"DistilledChaos"},{"floor":12,"key":"Dexterity Potion"}],"is_trial":false,"path_per_floor":["M","M","?","M","?","R","$","?","T","R","?","M","M","?","R","B"],"character_chosen":"THE_CURSED","items_purchased":["TheCursedMod:WearCloak"],"campfire_rested":2,"item_purchase_floors":[7],"current_hp_per_floor":[75,75,75,75,69,69,69,34,34,54,43,37,31,17,37,8,8],"gold":244,"neow_bonus":"THREE_ENEMY_KILL","is_prod":false,"is_daily":false,"chose_seed":false,"campfire_upgraded":1,"win_rate":0,"timestamp":1607503827,"path_taken":["M","?","?","M","?","R","$","?","T","R","?","?","?","?","R","BOSS"],"build_version":"2020-11-30","purchased_purges":0,"victory":false,"max_hp_per_floor":[75,75,75,75,69,69,69,69,69,69,69,69,69,69,69,69,69],"card_choices":[{"not_picked":["TheCursedMod:TacticalStrike","TheCursedMod:Torture"],"picked":"TheCursedMod:CursedBlade","floor":1},{"not_picked":["TheCursedMod:HellfireBreathing","TheCursedMod:CursedArmor","TheCursedMod:ManaBullet"],"picked":"SKIP","floor":2},{"not_picked":["TheCursedMod:Stigma","TheCursedMod:SaltUponWound","TheCursedMod:CursedStaff"],"picked":"SKIP","floor":4},{"not_picked":["TheCursedMod:AntiAging","TheCursedMod:FleshFromBone"],"picked":"TheCursedMod:CircleOfCorruption","floor":11},{"not_picked":["TheCursedMod:SpitefulStrike","TheCursedMod:PrepareRite","TheCursedMod:RavingStaff"],"picked":"SKIP","floor":12},{"not_picked":["TheCursedMod:DoubleShield","TheCursedMod:Stigma"],"picked":"TheCursedMod:Wield","floor":13}],"player_experience":85047,"relics_obtained":[{"floor":9,"key":"Dota2Spire:PhaseBoots"},{"floor":11,"key":"Odd Mushroom"}],"event_choices":[{"damage_healed":0,"gold_gain":0,"player_choice":"Leave","damage_taken":0,"max_hp_gain":0,"max_hp_loss":0,"event_name":"The Cleric","floor":3,"gold_loss":0},{"damage_healed":0,"gold_gain":0,"player_choice":"Lose Max HP","damage_taken":0,"relics_obtained":["Golden Idol"],"max_hp_gain":0,"max_hp_loss":6,"event_name":"Golden Idol","floor":5,"gold_loss":0},{"damage_healed":0,"gold_gain":0,"player_choice":"Searched \u00272\u0027 times","damage_taken":0,"relics_obtained":["MealTicket"],"max_hp_gain":0,"max_hp_loss":0,"event_name":"Dead Adventurer","floor":8,"gold_loss":0},{"damage_healed":0,"gold_gain":0,"player_choice":"Fought Mushrooms","damage_taken":0,"max_hp_gain":0,"max_hp_loss":0,"event_name":"Mushrooms","floor":11,"gold_loss":0},{"damage_healed":0,"gold_gain":0,"player_choice":"Entered Light","damage_taken":14,"max_hp_gain":0,"max_hp_loss":0,"event_name":"Shining Light","floor":14,"gold_loss":0,"cards_upgraded":["TheCursedMod:Wield","TheCursedMod:Strike_TheCursed"]}],"is_beta":false,"boss_relics":[],"items_purged_floors":[],"is_endless":false,"potions_floor_spawned":[1,4,8,12],"killed_by":"Hexaghost","ascension_level":0}}