{"host":"2nhpogk5xa0u9xre","time":1607478086,"event":{"gold_per_floor":[118,137,212,225,240,270,270,283,283,283,297,297,14,14,14,110,110,130,142,160,160,160],"floor_reached":21,"playtime":1353,"items_purged":[],"score":183,"play_id":"500f5fc0-c406-4530-be79-82c1336b20f9","local_time":"20201208204126","is_ascension_mode":false,"campfire_choices":[{"floor":7,"key":"REST"},{"data":"TheSimpletonMod:Swelter","floor":12,"key":"SMITH"},{"floor":15,"key":"DIG"}],"neow_cost":"NONE","seed_source_timestamp":216048790459300,"circlet_count":0,"master_deck":["TheSimpletonMod:Strike_TheSimpleton","TheSimpletonMod:Defend_TheSimpleton","TheSimpletonMod:Defend_TheSimpleton","TheSimpletonMod:Defend_TheSimpleton","TheSimpletonMod:Haymaker","TheSimpletonMod:ReapAndSow","TheSimpletonMod:Corn","TheSimpletonMod:Sunchoke","TheSimpletonMod:CloseScrape","TheSimpletonMod:Pruning","TheSimpletonMod:DoubleBarrel","TheSimpletonMod:OnionBloom","Parasite","TheSimpletonMod:Swelter+1","TheSimpletonMod:Rake","Decay","TheSimpletonMod:FanTheFlames","TheSimpletonMod:VolatileFumes+1","TheSimpletonMod:GoToMarket+1","TheSimpletonMod:CropRotation+1","TheSimpletonMod:BumperCrop","TheSimpletonMod:CropRotation+1","TheSimpletonMod:SlashAndBurn"],"relics":["TheSimpletonMod:SpudOfTheInnocent","TheSimpletonMod:NightSoil","TheSimpletonMod:TheHarvester","infinitespire:Bottled Soul","Replay:Bottled Eggs","hubris:Reverence","Astrolabe"],"potions_floor_usage":[20],"damage_taken":[{"damage":8,"enemies":"Small Slimes","floor":1,"turns":3},{"damage":7,"enemies":"Cultist","floor":2,"turns":6},{"damage":6,"enemies":"Jaw Worm","floor":4,"turns":5},{"damage":4,"enemies":"2 Fungi Beasts","floor":5,"turns":4},{"damage":30,"enemies":"3 Sentries","floor":6,"turns":8},{"damage":13,"enemies":"Red Slaver","floor":8,"turns":2},{"damage":10,"enemies":"Looter","floor":11,"turns":4},{"damage":34,"enemies":"Fading Forest","floor":16,"turns":11},{"damage":0,"enemies":"Chosen","floor":18,"turns":3},{"damage":25,"enemies":"3 Byrds","floor":19,"turns":5},{"damage":42,"enemies":"Centurion and Healer","floor":20,"turns":4},{"damage":25,"enemies":"Sentry and Sphere","floor":21,"turns":5}],"seed_played":"9151940061319349634","potions_obtained":[{"floor":1,"key":"Adrenaline Potion"},{"floor":5,"key":"Dexterity Potion"},{"floor":8,"key":"Milkshake"},{"floor":16,"key":"Death Potion"},{"floor":19,"key":"Swift Potion"},{"floor":20,"key":"SpeedPotion"}],"is_trial":false,"path_per_floor":["M","M","?","M","M","E","R","M","T","?","M","R","$","?","R","B",null,"M","M","M","M"],"character_chosen":"THE_SIMPLETON","items_purchased":["Replay:Bottled Eggs","TheSimpletonMod:Rake"],"campfire_rested":1,"item_purchase_floors":[13,13],"current_hp_per_floor":[67,64,57,55,55,29,51,42,42,60,54,54,54,54,54,38,75,75,54,16,0,0],"gold":160,"neow_bonus":"REMOVE_CARD","is_prod":false,"is_daily":false,"chose_seed":false,"campfire_upgraded":1,"win_rate":0,"timestamp":1607478086,"path_taken":["M","M","?","M","?","E","R","M","T","?","M","R","$","?","R","BOSS","M","M","M","M"],"build_version":"2020-11-30","purchased_purges":0,"victory":false,"max_hp_per_floor":[75,75,75,75,75,75,75,75,75,75,75,75,75,75,75,75,75,75,75,75,75,75],"card_choices":[{"not_picked":["TheSimpletonMod:CropRotation","TheSimpletonMod:SeedCoat"],"picked":"TheSimpletonMod:Corn","floor":1},{"not_picked":["TheSimpletonMod:PestManagement","TheSimpletonMod:Corn"],"picked":"TheSimpletonMod:Sunchoke","floor":2},{"not_picked":["TheSimpletonMod:BumperCrop","TheSimpletonMod:Aerate"],"picked":"TheSimpletonMod:CloseScrape","floor":4},{"not_picked":["TheSimpletonMod:Sunchoke","TheSimpletonMod:ToughenUp"],"picked":"TheSimpletonMod:Pruning","floor":5},{"not_picked":["TheSimpletonMod:SeedCoat","TheSimpletonMod:Corn"],"picked":"TheSimpletonMod:DoubleBarrel","floor":6},{"not_picked":["TheSimpletonMod:SoilSample","TheSimpletonMod:Potatoes"],"picked":"TheSimpletonMod:OnionBloom","floor":8},{"not_picked":["TheSimpletonMod:Fertilaser","TheSimpletonMod:Innovate"],"picked":"TheSimpletonMod:Swelter","floor":11},{"not_picked":["TheSimpletonMod:Barnstorm","TheSimpletonMod:CrackOfDawn"],"picked":"TheSimpletonMod:FanTheFlames","floor":16},{"not_picked":["TheSimpletonMod:SaladShooter+1","TheSimpletonMod:Rototilling"],"picked":"TheSimpletonMod:BumperCrop","floor":18},{"not_picked":["TheSimpletonMod:SaladShooter","TheSimpletonMod:GoToMarket"],"picked":"TheSimpletonMod:CropRotation+1","floor":19},{"not_picked":["TheSimpletonMod:Sunseed","TheSimpletonMod:Innovate"],"picked":"TheSimpletonMod:SlashAndBurn","floor":20}],"player_experience":178883,"relics_obtained":[{"floor":9,"key":"infinitespire:Bottled Soul"},{"floor":15,"key":"hubris:Reverence"}],"event_choices":[{"damage_healed":0,"gold_gain":75,"player_choice":"Touch","damage_taken":7,"max_hp_gain":0,"max_hp_loss":0,"event_name":"FaceTrader","floor":3,"gold_loss":0},{"damage_healed":18,"gold_gain":0,"player_choice":"Healed and dodged fight","damage_taken":0,"max_hp_gain":0,"max_hp_loss":0,"event_name":"Mushrooms","floor":10,"gold_loss":0,"cards_obtained":["Parasite"]},{"damage_healed":0,"gold_gain":0,"player_choice":"Cursed","damage_taken":0,"max_hp_gain":0,"max_hp_loss":0,"event_name":"Wheel of Change","floor":14,"gold_loss":0,"cards_obtained":["Decay"]}],"is_beta":false,"boss_relics":[{"not_picked":["ReplayTheSpireMod:SealedPack","hubris:RunicObelisk"],"picked":"Astrolabe"}],"items_purged_floors":[],"is_endless":false,"potions_floor_spawned":[1,5,8,16,19,20],"killed_by":"Sentry and Sphere","ascension_level":0}}