{"host":"y6ogtdgt8z4md30g","time":1607547856,"event":{"gold_per_floor":[110,123,142,142,158,191,191,191,191,191,209,60,71,24,24,123,123,135,135,57,57,71,71,96,108,108,58,76,76,90,106,106,204,204,218,287,287,303,12,12,47,47,47,47,47,47,61,22,22,123,123,129,131,131,131,131,107,107],"floor_reached":57,"playtime":3570,"items_purged":[],"score":754,"play_id":"a727bf09-0021-41d0-8d4b-48aa7a697ead","local_time":"20201209160416","is_ascension_mode":false,"campfire_choices":[{"data":"Uppercut","floor":8,"key":"SMITH"},{"data":"Bash","floor":10,"key":"SMITH"},{"floor":15,"key":"DIG"},{"floor":23,"key":"REST"},{"floor":29,"key":"REST"},{"floor":32,"key":"REST"},{"floor":40,"key":"REST"},{"floor":42,"key":"REST"},{"floor":45,"key":"REST"},{"data":"infinitespire:NeuralNetwork","floor":49,"key":"SMITH"}],"neow_cost":"NONE","seed_source_timestamp":497082562704000,"circlet_count":0,"master_deck":["Strike_R","Strike_R","Strike_R","Strike_R","Strike_R","Defend_R","Defend_R","Defend_R","Defend_R","Bash+1","Anger","Armaments+1","Uppercut+1","Combust","Power Through","Armaments","Shrug It Off","Glass Knife","CurseOfTheBell","Pot Of Greed","Pot Of Greed","Flying Knee","Inflame","Ghostly Armor","Perfected Strike+1","infinitespire:NeuralNetwork+1","Pot Of Greed","Clothesline","Backstab","Body Slam+1","Dagger Throw","Armaments","Fiend Fire","Deadly Poison","Cleave","Voices","Blade Dance","Dark Shackles","Body Slam","Pot Of Greed","Calculated Gamble","Burning Pact","Iron Wave","Iron Wave","Hemogenesis","Warcry","ReplayTheSpireMod:Limb From Limb","Burn","ReplayTheSpireMod:Faulty Equipment","Enlightenment","Warcry"],"relics":["hexamod:SpiritBrand","NeowsBlessing","hubris:Zylophone","Lizard Tail","Vajra","hubris:DisguiseKit","Calling Bell","Grinning Jar","hubris:Metronome","infinitespire:CursedDice","Self Forming Clay","ReplayTheSpireMod:Spearhead","infinitespire:Satchel","Busted Crown","ReplayTheSpireMod:Ring of Addiction","Ring of Peace","Toy Ornithopter","White Beast Statue","MerchantsRug","Happy Flower","hubris:Reverence","hubris:Towel","Painkiller Herb","infinitespire:Cubic Diamond"],"potions_floor_usage":[16,16,16,24,30,38,41,41,41,50,50,57,57,57],"damage_taken":[{"damage":0,"enemies":"infinitespire:Voidling","floor":1,"turns":1},{"damage":0,"enemies":"Cultist","floor":2,"turns":1},{"damage":0,"enemies":"2 Louse","floor":3,"turns":1},{"damage":9,"enemies":"Red Slaver","floor":5,"turns":3},{"damage":20,"enemies":"Replay:BlueRogue","floor":6,"turns":5},{"damage":6,"enemies":"Exordium Wildlife","floor":11,"turns":3},{"damage":22,"enemies":"Exordium Thugs","floor":13,"turns":4},{"damage":42,"enemies":"The Guardian","floor":16,"turns":9},{"damage":38,"enemies":"Shell Parasite","floor":18,"turns":6},{"damage":25,"enemies":"2 Thieves","floor":22,"turns":4},{"damage":18,"enemies":"Nightmare","floor":24,"turns":7},{"damage":2,"enemies":"Snecko","floor":25,"turns":4},{"damage":34,"enemies":"3 Cultists","floor":28,"turns":5},{"damage":12,"enemies":"Centurion and Healer","floor":30,"turns":3},{"damage":8,"enemies":"Sentry and Sphere","floor":31,"turns":5},{"damage":127,"enemies":"Automaton","floor":33,"turns":9},{"damage":35,"enemies":"3 Darklings","floor":35,"turns":4},{"damage":26,"enemies":"3 Shapes","floor":38,"turns":4},{"damage":59,"enemies":"Giant Head","floor":41,"turns":8},{"damage":7,"enemies":"Maw","floor":47,"turns":7},{"damage":128,"enemies":"Donu and Deca","floor":50,"turns":11},{"damage":0,"enemies":"Cultist","floor":52,"turns":2},{"damage":0,"enemies":"2 Louse","floor":53,"turns":2},{"damage":86,"enemies":"Nightmare","floor":57,"turns":4}],"seed_played":"-3264757767352231090","potions_obtained":[{"floor":3,"key":"DistilledChaos"},{"floor":11,"key":"Block Potion"},{"floor":13,"key":"SneckoOil"},{"floor":22,"key":"DuplicationPotion"},{"floor":25,"key":"Elixir"},{"floor":28,"key":"Block Potion"},{"floor":30,"key":"FearPotion"},{"floor":35,"key":"LiquidMemories"},{"floor":36,"key":"HeartOfIron"},{"floor":37,"key":"hexamod:EctoCoolerPotion"},{"floor":38,"key":"Block Potion"},{"floor":41,"key":"Elixir"},{"floor":47,"key":"BloodPotion"},{"floor":50,"key":"PowerPotion"},{"floor":52,"key":"Dexterity Potion"},{"floor":53,"key":"Strength Potion"}],"is_trial":false,"path_per_floor":["M","M","M","?","M","E","?","R","T","R","M","$","M","$","R","B",null,"M","?","$","?","M","R","NM","M","T","?","M","R","M","M","R","B",null,"M","?","?","M","$","R","E","R","T","$","R","?","M","$","R","B",null,"?","?","?","?","?","NM"],"character_chosen":"IRONCLAD","items_purchased":["Vajra","Shrug It Off","Ghostly Armor","MerchantsRug","Dark Shackles","Body Slam","Iron Wave"],"campfire_rested":6,"item_purchase_floors":[12,14,20,39,39,39,48],"current_hp_per_floor":[80,80,80,80,77,63,90,90,90,90,90,90,74,74,74,38,90,58,58,58,58,39,66,54,58,58,58,30,57,51,49,76,22,90,61,61,61,46,46,73,35,62,62,62,88,88,87,86,86,37,86,86,86,84,84,84,0,0],"gold":107,"neow_bonus":"THREE_ENEMY_KILL","is_prod":false,"is_daily":false,"chose_seed":false,"campfire_upgraded":3,"win_rate":0,"timestamp":1607547856,"path_taken":["M","M","?","?","M","E","?","R","T","R","M","$","?","$","R","BOSS","M","?","$","?","M","R","NM","M","T","?","M","R","M","M","R","BOSS","M","?","?","M","?","R","E","R","T","$","R","?","M","$","R","BOSS","?","?","?","?","?","NM"],"build_version":"2020-11-30","purchased_purges":0,"victory":false,"max_hp_per_floor":[80,80,80,80,80,80,90,90,90,90,90,90,90,90,90,90,90,90,90,90,90,90,90,90,90,90,90,90,90,90,90,90,90,90,90,90,90,90,90,90,90,90,90,90,88,88,88,86,86,86,86,86,86,84,84,84,82,82],"card_choices":[{"not_picked":["Uppercut","Searing Blow"],"picked":"Anger","floor":1},{"not_picked":["Anger","Heavy Blade"],"picked":"Armaments","floor":2},{"not_picked":["Flex","Replay:Undeath\u0027s Touch"],"picked":"Uppercut","floor":3},{"not_picked":["Iron Wave","Clash"],"picked":"Combust","floor":5},{"not_picked":["Rampage","Sword Boomerang"],"picked":"Bludgeon","floor":6},{"not_picked":["Pommel Strike","Second Wind"],"picked":"Power Through","floor":11},{"not_picked":["Dropkick","Anger"],"picked":"Armaments","floor":13},{"not_picked":["Corruption","Hemogenesis","Eclipse"],"picked":"Glass Knife","floor":16},{"not_picked":["ReplayTheSpireMod:Strike From Hell+1","Sword Boomerang","Heavy Blade"],"picked":"Flying Knee","floor":18},{"not_picked":["Armaments","Twin Strike","Well Laid Plans"],"picked":"Perfected Strike+1","floor":22},{"not_picked":["infinitespire:FutureSight","infinitespire:Gouge"],"picked":"infinitespire:NeuralNetwork","floor":24},{"not_picked":["ReplayTheSpireMod:Strike From Hell","Entrench","Eviscerate"],"picked":"Clothesline","floor":24},{"not_picked":["Armaments","ReplayTheSpireMod:Corrosion Curse","Headbutt"],"picked":"Backstab","floor":25},{"not_picked":["Hemokinesis+1","Feel No Pain","Outmaneuver"],"picked":"Body Slam+1","floor":28},{"not_picked":["Body Slam","Replay:Undeath\u0027s Touch","Feel No Pain"],"picked":"Dagger Throw","floor":30},{"not_picked":["Replay:Undeath\u0027s Touch","Body Slam","Heel Hook"],"picked":"Armaments","floor":31},{"not_picked":["Replay:Many Hands","Corruption","Wraith Form v2"],"picked":"Fiend Fire","floor":33},{"not_picked":["Headbutt"],"picked":"Deadly Poison","floor":35},{"not_picked":["Skewer"],"picked":"Cleave","floor":36},{"not_picked":["Clash"],"picked":"Blade Dance","floor":38},{"not_picked":["Body Slam+1"],"picked":"Calculated Gamble","floor":41},{"not_picked":["Dagger Spray"],"picked":"Burning Pact","floor":47},{"not_picked":["ReplayTheSpireMod:From All Sides"],"picked":"Hemogenesis","floor":50},{"not_picked":["Deadly Poison"],"picked":"Warcry","floor":52},{"not_picked":["Hidden Blade"],"picked":"ReplayTheSpireMod:Limb From Limb","floor":53}],"player_experience":35337,"relics_obtained":[{"floor":6,"key":"hubris:Zylophone"},{"floor":9,"key":"Lizard Tail"},{"floor":15,"key":"hubris:DisguiseKit"},{"floor":17,"key":"Grinning Jar"},{"floor":17,"key":"hubris:Metronome"},{"floor":17,"key":"infinitespire:CursedDice"},{"floor":24,"key":"ReplayTheSpireMod:Spearhead"},{"floor":26,"key":"infinitespire:Satchel"},{"floor":37,"key":"ReplayTheSpireMod:Ring of Addiction"},{"floor":37,"key":"Ring of Peace"},{"floor":37,"key":"Toy Ornithopter"},{"floor":37,"key":"White Beast Statue"},{"floor":41,"key":"Happy Flower"},{"floor":43,"key":"hubris:Reverence"}],"event_choices":[{"damage_healed":0,"gold_gain":0,"player_choice":"Grow","damage_taken":0,"max_hp_gain":0,"max_hp_loss":0,"event_name":"Living Wall","floor":4,"gold_loss":0,"cards_upgraded":["Armaments"]},{"cards_removed":["Bludgeon"],"damage_healed":17,"gold_gain":0,"player_choice":"Offered Rare","damage_taken":0,"max_hp_gain":10,"max_hp_loss":0,"event_name":"Bonfire Elementals","floor":7,"gold_loss":0},{"damage_healed":0,"gold_gain":0,"player_choice":"Bet on Murderer","damage_taken":0,"max_hp_gain":0,"max_hp_loss":0,"event_name":"The Joust","floor":27,"gold_loss":50},{"damage_healed":84,"gold_gain":0,"player_choice":"Embrace Burn","damage_taken":0,"max_hp_gain":0,"max_hp_loss":84,"event_name":"betterThird:BetterShining","floor":54,"gold_loss":0},{"damage_healed":0,"gold_gain":0,"player_choice":"3 cards matched","damage_taken":0,"max_hp_gain":0,"max_hp_loss":0,"event_name":"Match and Keep!","floor":56,"gold_loss":0,"cards_obtained":["ReplayTheSpireMod:Faulty Equipment","Enlightenment","Warcry"]}],"is_beta":false,"boss_relics":[{"not_picked":["Replay:Bronze Core","SlaversCollar"],"picked":"Calling Bell"},{"not_picked":["SacredBark","infinitespire:Burning Sword"],"picked":"Busted Crown"},{"not_picked":["Ring of Chaos","hubris:BlackHole"],"picked":"Painkiller Herb"}],"items_purged_floors":[],"is_endless":true,"potions_floor_spawned":[3,11,13,22,25,28,30,35,38,41,47,50,52,53],"killed_by":"Nightmare","ascension_level":0}}