{"host":"sqkk9o2m8hbeeiah","time":1607512786,"event":{"gold_per_floor":[115,126,126,144,319,173,189,189,189,189,205,229,229,244,244,367,367,391,391,252,252,252],"floor_reached":21,"playtime":1294,"items_purged":[],"score":271,"play_id":"64bd670a-f53c-423b-a43a-84542d02f2fa","local_time":"20201209221946","is_ascension_mode":false,"campfire_choices":[{"floor":8,"key":"REST"},{"floor":13,"key":"REST"},{"data":"astrologer:Radiance","floor":15,"key":"SMITH"}],"neow_cost":"BASIC_CARDS","seed_source_timestamp":101970643378400,"circlet_count":0,"master_deck":["astrologer:Strike","astrologer:Strike","astrologer:Strike","astrologer:Strike+1","astrologer:Defend","astrologer:Defend+1","astrologer:Defend","astrologer:Defend","astrologer:NorthStar","astrologer:TheFool","construct:AttackMode","Eruption","astrologer:Nova","astrologer:ShootingStar","astrologer:MeteorShower","Injury","astrologer:Eclipse","Doubt","astrologer:SolarFlare","astrologer:SpaceDust","astrologer:Quincunx","astrologer:Radiance+1","astrologer:Fate","Hallucinations","CurseOfTheBell","Clumsy","astrologer:MeteorShower","somnambulantmod: Cower+1","Doubt","astrologer:RejectReality","astrologer:RejectReality","The Bomb"],"relics":["astrologer:SkyMirror","Golden Idol","trackpad:IceCube","Matryoshka","Replay:Ancient Bell","Simple Rune","Shuriken","Replay:Arrowhead","ReplayTheSpireMod:CursedCoin"],"potions_floor_usage":[16,16,16],"damage_taken":[{"damage":4,"enemies":"Jaw Worm","floor":1,"turns":4},{"damage":5,"enemies":"Small Slimes","floor":2,"turns":4},{"damage":10,"enemies":"Cultist","floor":4,"turns":4},{"damage":0,"enemies":"Lots of Slimes","floor":7,"turns":5},{"damage":0,"enemies":"Blue Slaver","floor":11,"turns":3},{"damage":19,"enemies":"Large Slime","floor":12,"turns":7},{"damage":3,"enemies":"Looter","floor":14,"turns":3},{"damage":23,"enemies":"Hexaghost","floor":16,"turns":10},{"damage":51,"enemies":"3 Byrds","floor":18,"turns":9},{"damage":20,"enemies":"Spheric Guardian","floor":21,"turns":3}],"seed_played":"-886336785547433476","potions_obtained":[{"floor":1,"key":"LiquidBronze"},{"floor":7,"key":"Strength Potion"},{"floor":11,"key":"Reflective Coating"},{"floor":18,"key":"LifebloodPotion"}],"is_trial":false,"path_per_floor":["M","M","?","M","?","$","M","R","T","?","M","M","R","M","R","B",null,"M","?","$","M"],"character_chosen":"ASTROLOGER","items_purchased":["trackpad:IceCube","ReplayTheSpireMod:CursedCoin","astrologer:RejectReality","The Bomb"],"campfire_rested":2,"item_purchase_floors":[6,20,20,20],"current_hp_per_floor":[66,61,61,51,51,51,51,70,70,70,70,51,70,67,67,44,70,19,19,19,0,0],"gold":252,"neow_bonus":"THREE_RARE_CARDS","is_prod":false,"is_daily":false,"chose_seed":false,"campfire_upgraded":1,"win_rate":0,"timestamp":1607512786,"path_taken":["M","M","?","M","?","$","M","R","T","?","M","M","R","M","R","BOSS","M","?","$","?"],"build_version":"2020-11-30","purchased_purges":0,"victory":false,"max_hp_per_floor":[70,70,70,70,70,70,70,70,70,70,70,70,70,70,70,70,70,70,70,70,70,70],"card_choices":[{"not_picked":["astrologer:DarkMatter","astrologer:Alignment"],"picked":"astrologer:Nova","floor":0},{"not_picked":["astrologer:Stardust","astrologer:CometStrike"],"picked":"astrologer:ShootingStar","floor":1},{"not_picked":["astrologer:SpaceDust","astrologer:Opposition"],"picked":"astrologer:MeteorShower","floor":2},{"not_picked":["astrologer:Premeditation","astrologer:Prismatic"],"picked":"astrologer:Eclipse","floor":4},{"not_picked":["astrologer:Eclipse","astrologer:FrozenStar"],"picked":"astrologer:SolarFlare","floor":7},{"not_picked":["astrologer:CometStrike","astrologer:Conjunction"],"picked":"astrologer:SpaceDust","floor":11},{"not_picked":["astrologer:Still","astrologer:SolarFlare"],"picked":"astrologer:Quincunx","floor":12},{"not_picked":["astrologer:TheTower","astrologer:Conjunction"],"picked":"astrologer:Radiance","floor":14},{"not_picked":["astrologer:TheWorld","astrologer:Death"],"picked":"astrologer:Fate","floor":16},{"not_picked":["Amnesia","Overencumbered"],"picked":"Hallucinations","floor":17},{"not_picked":["Replay:Hysterical Blindness","Delirium"],"picked":"CurseOfTheBell","floor":17},{"not_picked":["CurseOfTheBell","Hallucinations"],"picked":"Clumsy","floor":17},{"not_picked":["astrologer:ReadTheStars+1","astrologer:Opposition"],"picked":"astrologer:MeteorShower","floor":18}],"player_experience":777273,"relics_obtained":[{"floor":9,"key":"Matryoshka"}],"event_choices":[{"damage_healed":0,"gold_gain":0,"player_choice":"Take Wound","damage_taken":0,"relics_obtained":["Golden Idol"],"max_hp_gain":0,"max_hp_loss":0,"event_name":"Golden Idol","floor":3,"gold_loss":0,"cards_obtained":["Injury"]},{"damage_healed":0,"gold_gain":175,"player_choice":"AGREE","damage_taken":0,"max_hp_gain":0,"max_hp_loss":0,"event_name":"Liars Game","floor":5,"gold_loss":0,"cards_obtained":["Doubt"]},{"damage_healed":0,"gold_gain":0,"player_choice":"Ignored","damage_taken":0,"max_hp_gain":0,"max_hp_loss":0,"event_name":"Golden Wing","floor":10,"gold_loss":0},{"cards_removed":["astrologer:Radiance"],"damage_healed":0,"gold_gain":0,"player_choice":"Take \u0026 Give","damage_taken":0,"max_hp_gain":0,"max_hp_loss":0,"event_name":"betterNote:BetterNote","floor":19,"gold_loss":0,"cards_obtained":["somnambulantmod: Cower"]}],"is_beta":false,"boss_relics":[{"not_picked":["Kintsugi","Busted Crown"],"picked":"Replay:Ancient Bell"},{"not_picked":["ReplayTheSpireMod:TigerMarble","trackpad:CultistFigurine"],"picked":"Simple Rune"},{"not_picked":["trackpad:BottledShadow","Replay:Bottled Flurry"],"picked":"Shuriken"},{"not_picked":["trackpad:WindUpAutoDealer","Gambling Chip"],"picked":"Replay:Arrowhead"}],"items_purged_floors":[],"is_endless":false,"potions_floor_spawned":[1,7,11,14,18],"killed_by":"Spheric Guardian","ascension_level":0}}