{"host":"3y2rtlgteqp2nuo3","time":1607490242,"event":{"gold_per_floor":[110,120,136,155,155,155,155,130,130,145,145,179,144,162,162,162,162],"floor_reached":16,"playtime":364,"items_purged":[],"score":158,"play_id":"7dd525a7-d13d-4718-8986-156c35059566","local_time":"20201209140402","is_ascension_mode":true,"campfire_choices":[{"data":"Sunder","floor":6.0,"key":"SMITH"},{"floor":11,"key":"REST"},{"data":"Consume","floor":15,"key":"SMITH"}],"neow_cost":"NONE","seed_source_timestamp":1314085795788100,"circlet_count":0,"master_deck":["AscendersBane","Strike_B","Strike_B","Strike_B","Defend_B","Defend_B","Defend_B","Defend_B","Zap+1","Dualcast","Lockon","Sunder+1","Consume+1","Conserve Battery","Injury","Sweeping Beam","Amplify"],"special_seed":0,"relics":["Cracked Core","Golden Idol","Ice Cream","Bird Faced Urn"],"potions_floor_usage":[14],"damage_taken":[{"damage":4.0,"enemies":"Jaw Worm","floor":1.0,"turns":4.0},{"damage":7.0,"enemies":"2 Louse","floor":2.0,"turns":3.0},{"damage":10.0,"enemies":"Small Slimes","floor":3.0,"turns":3.0},{"damage":12.0,"enemies":"3 Louse","floor":4.0,"turns":3.0},{"damage":9,"enemies":"Blue Slaver","floor":10,"turns":4},{"damage":18,"enemies":"Lagavulin","floor":12,"turns":6},{"damage":10,"enemies":"Large Slime","floor":14,"turns":6},{"damage":39,"enemies":"The Guardian","floor":16,"turns":9}],"seed_played":"-651424758433012137","potions_obtained":[{"floor":1.0,"key":"SpeedPotion"},{"floor":10,"key":"SteroidPotion"},{"floor":12,"key":"Explosive Potion"}],"is_trial":false,"path_per_floor":["M","M","M","M","?","R","?","?","T","M","R","E","?","M","R","B"],"character_chosen":"DEFECT","items_purchased":[],"campfire_rested":1,"item_purchase_floors":[],"current_hp_per_floor":[64,57,47,35,35,35,35,35,35,26,48,30,48,38,38,0,0],"gold":162,"neow_bonus":"REMOVE_CARD","is_prod":false,"is_daily":false,"chose_seed":false,"campfire_upgraded":2,"win_rate":0,"timestamp":1607490242,"path_taken":["M","M","M","M","?","R","?","?","T","M","R","E","?","M","R","BOSS"],"build_version":"2020-11-30","purchased_purges":0,"victory":false,"max_hp_per_floor":[75,75,75,75,75,75,75,75,75,75,75,75,75,75,75,75,75],"card_choices":[{"not_picked":["Turbo","Steam"],"picked":"Lockon","floor":1.0},{"not_picked":["Barrage","Double Energy"],"picked":"Sunder","floor":2.0},{"not_picked":["Streamline","Cold Snap"],"picked":"Consume","floor":3.0},{"not_picked":["Undo","Rip and Tear"],"picked":"Conserve Battery","floor":4.0},{"not_picked":["Force Field","Cold Snap"],"picked":"Sweeping Beam","floor":10},{"not_picked":["Darkness","Buffer"],"picked":"Amplify","floor":12},{"not_picked":["Go for the Eyes","Darkness","Barrage"],"picked":"SKIP","floor":14}],"player_experience":844019,"relics_obtained":[{"floor":9.0,"key":"Ice Cream"},{"floor":12,"key":"Bird Faced Urn"}],"event_choices":[{"damage_healed":0.0,"max_hp_gain":0.0,"max_hp_loss":0.0,"gold_gain":0.0,"event_name":"Golden Idol","player_choice":"Take Wound","floor":5.0,"gold_loss":0.0,"damage_taken":0.0,"relics_obtained":["Golden Idol"],"cards_obtained":["Injury"]},{"damage_healed":0.0,"max_hp_gain":0.0,"max_hp_loss":0.0,"gold_gain":0.0,"event_name":"Living Wall","player_choice":"Grow","floor":7.0,"gold_loss":0.0,"damage_taken":0.0,"cards_upgraded":["Zap"]},{"damage_healed":0.0,"max_hp_gain":0.0,"max_hp_loss":0.0,"gold_gain":0.0,"event_name":"World of Goop","player_choice":"Left Gold","floor":8.0,"gold_loss":25.0,"damage_taken":0.0},{"damage_healed":18,"gold_gain":0,"player_choice":"Healed","damage_taken":0,"max_hp_gain":0,"max_hp_loss":0,"event_name":"The Cleric","floor":13,"gold_loss":35}],"is_beta":false,"boss_relics":[],"items_purged_floors":[],"is_endless":false,"potions_floor_spawned":[1,10,12],"killed_by":"The Guardian","ascension_level":11}}