{"host":"sz8c8ni79nvzjmmg","time":1607488386,"event":{"gold_per_floor":[112,122,47,122,272,272,299,299,299,312,312,182,197,215,215,287,287,297,297,172,172,188,215,225,260,260,260,110,110,123,156,156,229,229,242,242,35,82,0,0,14,14,14],"floor_reached":42,"playtime":1742,"items_purged":["Strike_G","Doubt","Strike_G","Strike_G"],"score":1129,"play_id":"0a014f38-0c33-476b-a898-8bb8fa047a84","local_time":"20201209133306","is_ascension_mode":true,"campfire_choices":[{"data":"Dash","floor":6,"key":"SMITH"},{"floor":8,"key":"REST"},{"data":"Bouncing Flask","floor":11,"key":"SMITH"},{"data":"Predator","floor":15,"key":"SMITH"},{"data":"Wraith Form v2","floor":27,"key":"SMITH"},{"data":"Acrobatics","floor":32,"key":"SMITH"},{"data":"Acrobatics","floor":40,"key":"SMITH"}],"neow_cost":"NONE","seed_source_timestamp":744133355425900,"circlet_count":0,"master_deck":["AscendersBane","Defend_G","Defend_G","Defend_G","Defend_G","Survivor","Neutralize","Dash+1","Riddle With Holes","Bouncing Flask+1","Dash","Acrobatics+1","Predator+1","Wraith Form v2+1","Crippling Poison+1","Eviscerate","Dash+1","Acrobatics+1","Calculated Gamble","Corpse Explosion","Dash+1"],"special_seed":0,"relics":["Snecko Eye","HornCleat","Mango","SlaversCollar","Ice Cream","Molten Egg 2","Turnip","Blue Candle","Ancient Tea Set","Empty Cage","Medical Kit","CaptainsWheel","Red Mask"],"potions_floor_usage":[16,16,23,33,33,42],"damage_taken":[{"damage":17.0,"enemies":"Small Slimes","floor":1.0,"turns":7.0},{"damage":4,"enemies":"Jaw Worm","floor":2,"turns":5},{"damage":14,"enemies":"3 Sentries","floor":7,"turns":9},{"damage":0,"enemies":"2 Louse","floor":10,"turns":2},{"damage":5,"enemies":"Exordium Thugs","floor":13,"turns":3},{"damage":1,"enemies":"3 Louse","floor":14,"turns":3},{"damage":5,"enemies":"Slime Boss","floor":16,"turns":9},{"damage":9,"enemies":"Shell Parasite","floor":18,"turns":4},{"damage":0,"enemies":"3 Byrds","floor":22,"turns":4},{"damage":0,"enemies":"Gremlin Leader","floor":23,"turns":5},{"damage":7,"enemies":"Centurion and Healer","floor":24,"turns":6},{"damage":1,"enemies":"Slavers","floor":25,"turns":3},{"damage":0,"enemies":"3 Cultists","floor":30,"turns":4},{"damage":0,"enemies":"Book of Stabbing","floor":31,"turns":4},{"damage":0,"enemies":"Collector","floor":33,"turns":8},{"damage":0,"enemies":"3 Shapes","floor":35,"turns":3},{"damage":32,"enemies":"2 Orb Walkers","floor":38,"turns":5},{"damage":0,"enemies":"Orb Walker","floor":41,"turns":3},{"damage":47,"enemies":"Giant Head","floor":42,"turns":8}],"seed_played":"4041380810288090613","potions_obtained":[{"floor":1,"key":"SkillPotion"},{"floor":13,"key":"SneckoOil"},{"floor":16,"key":"DistilledChaos"},{"floor":18,"key":"Block Potion"},{"floor":23,"key":"Block Potion"},{"floor":31,"key":"SpeedPotion"},{"floor":41,"key":"SpeedPotion"}],"is_trial":false,"path_per_floor":["M","M","$","?","?","R","E","R","T","M","R","$","M","M","R","B",null,"M","?","$","?","M","E","M","E","T","R","$","?","M","E","R","B",null,"M","?","$","?","?","R","M","E"],"character_chosen":"THE_SILENT","items_purchased":["Acrobatics","Medical Kit","Dash+1"],"campfire_rested":1,"item_purchase_floors":[12,37,37],"current_hp_per_floor":[42,38,38,27,27,27,13,32,46,46,46,46,41,40,40,35,69,60,60,60,60,60,60,53,52,52,52,52,52,52,52,52,52,73,73,73,73,41,41,41,41,0,0],"gold":14,"neow_bonus":"BOSS_RELIC","is_prod":false,"is_daily":false,"chose_seed":false,"campfire_upgraded":6,"win_rate":0,"timestamp":1607488386,"path_taken":["M","M","$","?","?","R","E","R","T","M","R","$","M","M","R","BOSS","M","?","?","?","?","E","M","E","T","R","$","?","M","E","R","BOSS","M","?","$","?","?","R","M","E"],"build_version":"2020-11-30","purchased_purges":4,"victory":false,"max_hp_per_floor":[66,66,66,66,66,66,66,66,80,80,80,80,80,80,80,80,80,80,80,80,80,80,80,80,80,80,80,80,80,80,80,80,80,80,80,76,76,76,76,76,76,76,76],"card_choices":[{"not_picked":["Tactician","Sucker Punch"],"picked":"Dash","floor":1},{"not_picked":["Catalyst","Underhanded Strike"],"picked":"Riddle With Holes","floor":2},{"not_picked":["Expertise","Deflect"],"picked":"Bouncing Flask","floor":7},{"not_picked":["Cloak And Dagger","Setup"],"picked":"Dash","floor":10},{"not_picked":["Cloak And Dagger","Dagger Spray"],"picked":"Predator","floor":13},{"not_picked":["Sucker Punch","Outmaneuver","Dodge and Roll"],"picked":"SKIP","floor":14},{"not_picked":["Adrenaline","Die Die Die"],"picked":"Wraith Form v2","floor":16},{"not_picked":["Poisoned Stab","Choke"],"picked":"Crippling Poison+1","floor":18},{"not_picked":["Deadly Poison","Flechettes","Choke"],"picked":"SKIP","floor":22},{"not_picked":["Deadly Poison","Flechettes","Choke"],"picked":"SKIP","floor":22},{"not_picked":["Crippling Poison","Masterful Stab","Expertise"],"picked":"SKIP","floor":23},{"not_picked":["Crippling Poison","Masterful Stab","Expertise"],"picked":"SKIP","floor":23},{"not_picked":["Quick Slash","Slice+1","Dagger Throw"],"picked":"SKIP","floor":24},{"not_picked":["Deadly Poison","Calculated Gamble"],"picked":"Dash+1","floor":25},{"not_picked":["Prepared+1","Underhanded Strike+1"],"picked":"Acrobatics","floor":30},{"not_picked":["Sucker Punch+1","Tactician"],"picked":"Calculated Gamble","floor":31},{"not_picked":["Glass Knife+1","Die Die Die+1"],"picked":"Corpse Explosion","floor":33},{"not_picked":["Slice+1","Cloak And Dagger","Quick Slash+1"],"picked":"SKIP","floor":35},{"not_picked":["Underhanded Strike+1","Dagger Spray+1","Finisher+1"],"picked":"SKIP","floor":41}],"player_experience":1184356,"relics_obtained":[{"floor":7,"key":"HornCleat"},{"floor":9,"key":"Mango"},{"floor":23,"key":"Ice Cream"},{"floor":25,"key":"Molten Egg 2"},{"floor":26,"key":"Turnip"},{"floor":31,"key":"Ancient Tea Set"},{"floor":38,"key":"CaptainsWheel"}],"event_choices":[{"damage_healed":0,"gold_gain":75,"player_choice":"Gather Gold","damage_taken":11,"max_hp_gain":0,"max_hp_loss":0,"event_name":"World of Goop","floor":4,"gold_loss":0},{"damage_healed":0,"gold_gain":150,"player_choice":"AGREE","damage_taken":0,"max_hp_gain":0,"max_hp_loss":0,"event_name":"Liars Game","floor":5,"gold_loss":0,"cards_obtained":["Doubt"]},{"damage_healed":0,"gold_gain":0,"player_choice":"Read","damage_taken":0,"max_hp_gain":0,"max_hp_loss":0,"event_name":"The Library","floor":19,"gold_loss":0,"cards_obtained":["Eviscerate"]},{"cards_removed":["Strike_G"],"damage_healed":0,"gold_gain":0,"player_choice":"Purged","damage_taken":0,"max_hp_gain":0,"max_hp_loss":0,"event_name":"Purifier","floor":21,"gold_loss":0},{"damage_healed":0,"gold_gain":0,"player_choice":"Gave Potion","damage_taken":0,"relics_obtained":["Blue Candle"],"max_hp_gain":0,"max_hp_loss":0,"event_name":"WeMeetAgain","floor":29,"gold_loss":0},{"damage_healed":0,"gold_gain":0,"player_choice":"Max HP","damage_taken":0,"max_hp_gain":0,"max_hp_loss":4,"event_name":"Winding Halls","floor":36,"gold_loss":0},{"damage_healed":0,"gold_gain":0,"player_choice":"Fight","damage_taken":0,"max_hp_gain":0,"max_hp_loss":0,"event_name":"Mysterious Sphere","floor":38,"gold_loss":0},{"damage_healed":0,"gold_gain":0,"player_choice":"Paid","damage_taken":0,"relics_obtained":["Red Mask"],"max_hp_gain":0,"max_hp_loss":0,"event_name":"Tomb of Lord Red Mask","floor":39,"gold_loss":82}],"is_beta":false,"boss_relics":[{"not_picked":["Busted Crown","WristBlade"],"picked":"SlaversCollar"},{"not_picked":["Fusion Hammer","Runic Pyramid"],"picked":"Empty Cage"}],"items_purged_floors":[3,12,20,28],"is_endless":false,"potions_floor_spawned":[1,13,14,16,18,23,25,31,41],"killed_by":"Giant Head","ascension_level":20}}