{"host":"n3cy3kvidykvt4jk","time":1607476549,"event":{"gold_per_floor":[211,226,226,240,2,2,17,17,42,70,70,88,0,20,20,121,121,141,160,176,176,187,187,187],"floor_reached":23,"playtime":2266,"items_purged":[],"score":215,"play_id":"f26f1417-2d3b-4b1b-8b93-05f82fb8b2fb","local_time":"20201209041549","is_ascension_mode":true,"campfire_choices":[{"data":"Dramatic Entrance","floor":6,"key":"SMITH"},{"floor":15,"key":"REST"}],"neow_cost":"NONE","seed_source_timestamp":8968173481700,"circlet_count":0,"master_deck":["Strike_R","Strike_R","Strike_R","Strike_R","Strike_R","Defend_R","Defend_R","Defend_R","Defend_R","Bash","Shockwave","Sword Boomerang","Bash","Dramatic Entrance+1","Rampage","Panacea+1","Thunderclap","Feed","Fire Breathing","Dramatic Entrance","Double Tap","Rupture","Dropkick","Seeing Red","Decay","Perfected Strike"],"relics":["Burning Blood","Strawberry","Boot","Tiny Chest","Philosopher\u0027s Stone"],"potions_floor_usage":[16,16,16,22,23],"damage_taken":[{"damage":7,"enemies":"Small Slimes","floor":1,"turns":3},{"damage":2,"enemies":"Cultist","floor":2,"turns":4},{"damage":12,"enemies":"Jaw Worm","floor":4,"turns":2},{"damage":0,"enemies":"2 Fungi Beasts","floor":7,"turns":2},{"damage":20,"enemies":"Gremlin Nob","floor":10,"turns":4},{"damage":23,"enemies":"Blue Slaver","floor":12,"turns":6},{"damage":0,"enemies":"3 Louse","floor":14,"turns":1},{"damage":82,"enemies":"Hexaghost","floor":16,"turns":10},{"damage":60,"enemies":"Spheric Guardian","floor":18,"turns":6},{"damage":9,"enemies":"Chosen","floor":19,"turns":4},{"damage":19,"enemies":"Snecko","floor":20,"turns":4},{"damage":0,"enemies":"3 Cultists","floor":22,"turns":1},{"damage":31,"enemies":"Book of Stabbing","floor":23,"turns":2}],"seed_played":"8885290340680616642","potions_obtained":[{"floor":2,"key":"SteroidPotion"},{"floor":7,"key":"Energy Potion"},{"floor":10,"key":"GamblersBrew"},{"floor":14,"key":"AttackPotion"},{"floor":18,"key":"SteroidPotion"},{"floor":20,"key":"SteroidPotion"}],"is_trial":false,"path_per_floor":["M","M","?","M","$","R","M","?","T","E","?","M","$","M","R","B",null,"M","M","M","?","M","E"],"character_chosen":"IRONCLAD","items_purchased":["Panacea","Strawberry","Dramatic Entrance"],"campfire_rested":1,"item_purchase_floors":[5,5,13],"current_hp_per_floor":[79,80,80,74,81,81,87,87,87,73,73,59,59,65,90,17,93,39,36,23,23,29,0,0],"gold":187,"neow_bonus":"HUNDRED_GOLD","is_prod":false,"is_daily":false,"chose_seed":false,"campfire_upgraded":1,"win_rate":0,"timestamp":1607476549,"path_taken":["M","M","?","?","$","R","M","?","T","E","?","M","?","M","R","BOSS","M","M","M","?","M","E"],"build_version":"2020-11-30","purchased_purges":0,"victory":false,"max_hp_per_floor":[80,80,80,80,87,87,87,87,87,87,87,90,90,90,90,93,93,93,93,93,93,93,93,93],"card_choices":[{"not_picked":["Iron Wave","Dark Embrace"],"picked":"Shockwave","floor":1},{"not_picked":["Searing Blow","Power Through"],"picked":"Sword Boomerang","floor":2},{"not_picked":["Clash","Headbutt"],"picked":"Rampage","floor":4},{"not_picked":["Iron Wave","Shockwave"],"picked":"Thunderclap","floor":7},{"not_picked":["Cleave","Burning Pact"],"picked":"Feed","floor":10},{"not_picked":["Pummel","True Grit"],"picked":"Fire Breathing","floor":12},{"not_picked":["Bloodletting","Second Wind","Clash"],"picked":"SKIP","floor":14},{"not_picked":["Exhume","Berserk"],"picked":"Double Tap","floor":16},{"not_picked":["True Grit","Havoc"],"picked":"Rupture","floor":18},{"not_picked":["Reckless Charge+1","Dark Embrace"],"picked":"Dropkick","floor":19},{"not_picked":["Evolve","Pommel Strike"],"picked":"Seeing Red","floor":20},{"not_picked":["Twin Strike","Whirlwind+1"],"picked":"Perfected Strike","floor":22}],"player_experience":464543,"relics_obtained":[{"floor":9,"key":"Boot"},{"floor":10,"key":"Tiny Chest"}],"event_choices":[{"damage_healed":0,"gold_gain":0,"player_choice":"2 cards matched","damage_taken":0,"max_hp_gain":0,"max_hp_loss":0,"event_name":"Match and Keep!","floor":3,"gold_loss":0,"cards_obtained":["Bash","Dramatic Entrance"]},{"damage_healed":0,"gold_gain":0,"player_choice":"2 cards matched","damage_taken":0,"max_hp_gain":0,"max_hp_loss":0,"event_name":"Match and Keep!","floor":3,"gold_loss":0,"cards_obtained":["Bash","Dramatic Entrance"]},{"damage_healed":0,"gold_gain":0,"player_choice":"Grow","damage_taken":0,"max_hp_gain":0,"max_hp_loss":0,"event_name":"Living Wall","floor":8,"gold_loss":0,"cards_upgraded":["Panacea"]},{"damage_healed":0,"gold_gain":0,"player_choice":"Ignored","damage_taken":0,"max_hp_gain":0,"max_hp_loss":0,"event_name":"Shining Light","floor":11,"gold_loss":0},{"damage_healed":0,"gold_gain":0,"player_choice":"Smashed Altar","damage_taken":0,"max_hp_gain":0,"max_hp_loss":0,"event_name":"Forgotten Altar","floor":21,"gold_loss":0,"cards_obtained":["Decay"]}],"is_beta":false,"boss_relics":[{"not_picked":["Snecko Eye","Calling Bell"],"picked":"Philosopher\u0027s Stone"}],"items_purged_floors":[],"is_endless":false,"potions_floor_spawned":[2,7,10,14,18,20],"killed_by":"Book of Stabbing","ascension_level":2}}