{"host":"htpechobqgpaugnv","time":1607489862,"event":{"gold_per_floor":[369,519,67,81,1,1,1,1,1,31,31,58,16,46,46,46,46],"floor_reached":16,"playtime":417,"items_purged":["Normality"],"score":262,"play_id":"c70fc7dc-97a1-457b-98ab-656f1622a8ff","local_time":"20201208225742","is_ascension_mode":true,"campfire_choices":[{"data":"Eruption","floor":7.0,"key":"SMITH"},{"data":"Omniscience","floor":15,"key":"SMITH"}],"neow_cost":"CURSE","seed_source_timestamp":69726144834800,"circlet_count":0,"master_deck":["AscendersBane","Strike_P","Strike_P","Strike_P","Strike_P","Defend_P","Defend_P","Defend_P","Defend_P","Eruption+1","Vigilance","Weave","Omniscience+1","CarveReality","ThirdEye","FlurryOfBlows","LessonLearned"],"special_seed":0,"relics":["PureWater","Kunai","Anchor","Akabeko","Toy Ornithopter","MawBank","Ginger"],"potions_floor_usage":[14],"damage_taken":[{"damage":2.0,"enemies":"Cultist","floor":1.0,"turns":3.0},{"damage":0.0,"enemies":"Small Slimes","floor":4.0,"turns":4.0},{"damage":0.0,"enemies":"Gremlin Nob","floor":10.0,"turns":2.0},{"damage":0,"enemies":"2 Louse","floor":12,"turns":2},{"damage":18,"enemies":"3 Sentries","floor":14,"turns":11},{"damage":28,"enemies":"Hexaghost","floor":16,"turns":8}],"seed_played":"3155730303763307642","potions_obtained":[{"floor":1.0,"key":"GamblersBrew"},{"floor":4.0,"key":"SteroidPotion"}],"is_trial":false,"path_per_floor":["M","?","$","M","$","?","R","?","T","E","?","M","$","E","R","B"],"character_chosen":"WATCHER","items_purchased":["Kunai","Weave","Omniscience","FlurryOfBlows"],"campfire_rested":0,"item_purchase_floors":[3,3,5,13],"current_hp_per_floor":[59,59,59,59,59,41,41,41,41,41,41,41,41,28,28,0,0],"gold":46,"neow_bonus":"TWO_FIFTY_GOLD","is_prod":false,"is_daily":false,"chose_seed":false,"campfire_upgraded":2,"win_rate":0,"timestamp":1607489862,"path_taken":["M","?","$","M","$","?","R","?","T","E","?","M","?","E","R","BOSS"],"build_version":"2020-11-30","purchased_purges":1,"victory":false,"max_hp_per_floor":[68,68,68,68,68,68,68,68,68,68,68,68,68,68,68,68,68],"relic_stats":{"counters":[6,30],"Kunai":[13],"Ginger":[0],"MawBank":24,"obtain_stats":[{"Anchor":6,"Kunai":3,"Ginger":14,"PureWater":0,"MawBank":11,"Akabeko":9,"Toy Ornithopter":10},{"Anchor":2,"Kunai":1,"Ginger":5,"PureWater":0,"MawBank":3,"Akabeko":2,"Toy Ornithopter":3},{"Anchor":7,"Kunai":3,"Ginger":22,"PureWater":0,"MawBank":9,"Akabeko":7,"Toy Ornithopter":9}],"Toy Ornithopter":5},"card_choices":[{"not_picked":["SashWhip","Evaluate","ForeignInfluence"],"picked":"SKIP","floor":1.0},{"not_picked":["WreathOfFlame","BattleHymn","LikeWater"],"picked":"SKIP","floor":4.0},{"not_picked":["PathToVictory","BowlingBash"],"picked":"CarveReality","floor":10.0},{"not_picked":["CarveReality","EmptyMind"],"picked":"ThirdEye","floor":12},{"not_picked":["Meditate","Worship"],"picked":"LessonLearned","floor":14}],"player_experience":1251596,"relics_obtained":[{"floor":9.0,"key":"Akabeko"},{"floor":10.0,"key":"Toy Ornithopter"},{"floor":14,"key":"Ginger"}],"event_choices":[{"damage_healed":0.0,"max_hp_gain":0.0,"max_hp_loss":0.0,"gold_gain":150.0,"event_name":"Liars Game","player_choice":"AGREE","floor":2.0,"gold_loss":0.0,"damage_taken":0.0,"cards_obtained":["Doubt"]},{"damage_healed":0.0,"max_hp_gain":0.0,"max_hp_loss":0.0,"gold_gain":0.0,"event_name":"Scrap Ooze","player_choice":"Success","floor":6.0,"gold_loss":0.0,"damage_taken":18.0,"relics_obtained":["Anchor"]},{"cards_removed":["Doubt"],"damage_healed":0.0,"max_hp_gain":0.0,"max_hp_loss":0.0,"gold_gain":0.0,"event_name":"Living Wall","player_choice":"Forget","floor":8.0,"gold_loss":0.0,"damage_taken":0.0},{"damage_healed":0,"gold_gain":0,"player_choice":"Searched \u00271\u0027 times","damage_taken":0,"relics_obtained":["MawBank"],"max_hp_gain":0,"max_hp_loss":0,"event_name":"Dead Adventurer","floor":11,"gold_loss":0}],"is_beta":false,"boss_relics":[],"items_purged_floors":[3],"is_endless":false,"potions_floor_spawned":[1,4],"killed_by":"Hexaghost","ascension_level":20}}