{"host":"j4g6ia6asvpyu2b0","time":1607548787,"event":{"gold_per_floor":[110,110,210,222,232,232,265,265,292,324,339,351,376,388,400,511,523,549,572,600,612,635,681,693,734,746,786,798,828,840,885,897,909,909],"floor_reached":33,"playtime":1097,"items_purged":[],"score":504,"play_id":"57df9821-b3c8-4e24-94de-b5a626372a73","local_time":"20201209141947","is_ascension_mode":true,"campfire_choices":[{"data":"Bouncing Flask","floor":6,"key":"SMITH"},{"data":"Dagger Spray","floor":8,"key":"SMITH"},{"data":"Well Laid Plans","floor":15,"key":"SMITH"},{"data":"Noxious Fumes","floor":24,"key":"SMITH"},{"data":"Wraith Form v2","floor":28,"key":"SMITH"},{"data":"Footwork","floor":32,"key":"SMITH"}],"neow_cost":"NONE","seed_source_timestamp":76506935221000,"circlet_count":0,"master_deck":["Strike_G","Strike_G","Strike_G","Strike_G","Defend_G","Defend_G","Defend_G","Defend_G","Defend_G","Survivor","Neutralize","Malaise+1","Bouncing Flask+1","Backstab","Dagger Spray+1","All Out Attack","Quick Slash","Sucker Punch","Well Laid Plans+1","Dash","Wraith Form v2+1","Footwork+1","Flying Knee+1","Blur+1","Flash of Steel","Dagger Spray","Noxious Fumes+1","Tools of the Trade","Pain","Bouncing Flask+1","Backflip","Dodge and Roll+1"],"relics":["Ring of the Snake","Lantern","Blood Vial","Bag of Marbles","MawBank","Cursed Key","Strawberry","Anchor","Potion Belt","MutagenicStrength","Pen Nib"],"potions_floor_usage":[16,20,22,33,33],"damage_taken":[{"damage":7,"enemies":"Small Slimes","floor":1,"turns":6},{"damage":0,"enemies":"Cultist","floor":4,"turns":4},{"damage":0,"enemies":"Jaw Worm","floor":5,"turns":4},{"damage":4,"enemies":"Lagavulin","floor":7,"turns":6},{"damage":4,"enemies":"3 Sentries","floor":10,"turns":5},{"damage":0,"enemies":"2 Fungi Beasts","floor":11,"turns":1},{"damage":1,"enemies":"Lots of Slimes","floor":12,"turns":2},{"damage":13,"enemies":"Gremlin Nob","floor":13,"turns":3},{"damage":0,"enemies":"Slime Boss","floor":16,"turns":6},{"damage":5,"enemies":"Shell Parasite","floor":18,"turns":4},{"damage":0,"enemies":"Chosen","floor":19,"turns":3},{"damage":15,"enemies":"Snake Plant","floor":20,"turns":3},{"damage":3,"enemies":"Chosen and Byrds","floor":22,"turns":4},{"damage":3,"enemies":"Slavers","floor":23,"turns":4},{"damage":2,"enemies":"Gremlin Leader","floor":25,"turns":7},{"damage":11,"enemies":"Slavers","floor":27,"turns":5},{"damage":5,"enemies":"3 Cultists","floor":29,"turns":5},{"damage":5,"enemies":"Gremlin Leader","floor":31,"turns":4},{"damage":48,"enemies":"Collector","floor":33,"turns":4}],"seed_played":"-723201840272938071","potions_obtained":[{"floor":1,"key":"Poison Potion"},{"floor":5,"key":"ColorlessPotion"},{"floor":7,"key":"FearPotion"},{"floor":12,"key":"PowerPotion"},{"floor":19,"key":"CultistPotion"},{"floor":20,"key":"Explosive Potion"},{"floor":29,"key":"Explosive Potion"},{"floor":31,"key":"EntropicBrew"}],"is_trial":false,"path_per_floor":["M","?","?","M","M","R","E","R","T","E","M","M","E","?","R","B",null,"M","M","M","?","M","E","R","E","T","E","R","M","?","E","R","B"],"character_chosen":"THE_SILENT","items_purchased":[],"campfire_rested":0,"item_purchase_floors":[],"current_hp_per_floor":[63,63,63,63,63,63,59,59,59,57,59,60,49,42,42,44,70,65,67,54,54,53,59,59,59,59,50,50,47,47,44,44,0,0],"gold":909,"neow_bonus":"ONE_RANDOM_RARE_CARD","is_prod":false,"is_daily":false,"chose_seed":false,"campfire_upgraded":6,"win_rate":0,"timestamp":1607548787,"path_taken":["M","?","?","M","M","R","E","R","T","E","?","M","E","?","R","BOSS","M","M","M","?","M","E","R","E","T","E","R","?","?","E","R","BOSS"],"build_version":"2020-11-30","purchased_purges":0,"victory":false,"max_hp_per_floor":[70,70,70,70,70,70,70,70,70,70,70,70,70,70,70,70,70,70,70,70,70,70,77,77,77,77,77,77,77,77,77,77,77,77],"relic_stats":{"Blood Vial":28,"counters":[19,80],"Pen Nib":[0],"MawBank":240,"Cursed Key":1,"obtain_stats":[{"Blood Vial":9,"Potion Belt":27,"Lantern":7,"Anchor":25,"Strawberry":23,"MutagenicStrength":30,"Pen Nib":31,"Bag of Marbles":10,"MawBank":13,"Cursed Key":17,"Ring of the Snake":0},{"Blood Vial":4,"Potion Belt":16,"Lantern":4,"Anchor":15,"Strawberry":14,"MutagenicStrength":17,"Pen Nib":18,"Bag of Marbles":5,"MawBank":8,"Cursed Key":9,"Ring of the Snake":0},{"Blood Vial":20,"Potion Belt":67,"Lantern":20,"Anchor":62,"Strawberry":55,"MutagenicStrength":72,"Pen Nib":76,"Bag of Marbles":25,"MawBank":31,"Cursed Key":37,"Ring of the Snake":0}],"Ring of the Snake":[38]},"card_choices":[{"not_picked":["Distraction","Terror"],"picked":"Bouncing Flask","floor":1},{"not_picked":["Skewer","Backflip"],"picked":"Backstab","floor":4},{"not_picked":["Outmaneuver","Bane"],"picked":"Dagger Spray","floor":5},{"not_picked":["Prepared","Acrobatics"],"picked":"All Out Attack","floor":7},{"not_picked":["Night Terror","Outmaneuver"],"picked":"Quick Slash","floor":10},{"not_picked":["Deflect","Accuracy"],"picked":"Sucker Punch","floor":11},{"not_picked":["Deflect","Backflip"],"picked":"Well Laid Plans","floor":12},{"not_picked":["Calculated Gamble","Sucker Punch"],"picked":"Dash","floor":13},{"not_picked":["Malaise","Venomology"],"picked":"Wraith Form v2","floor":16},{"not_picked":["Deflect","Dash"],"picked":"Footwork","floor":18},{"not_picked":["Dagger Throw","Dodge and Roll"],"picked":"Flying Knee+1","floor":19},{"not_picked":["Quick Slash","Setup"],"picked":"Blur+1","floor":20},{"not_picked":["Accuracy","Flechettes"],"picked":"Dagger Spray","floor":22},{"not_picked":["Slice","Deflect"],"picked":"Noxious Fumes","floor":23},{"not_picked":["Deflect","Bane"],"picked":"Tools of the Trade","floor":25},{"not_picked":["Deadly Poison","Dagger Spray"],"picked":"Bouncing Flask+1","floor":27},{"not_picked":["Reflex","Well Laid Plans"],"picked":"Backflip","floor":29},{"not_picked":["Cloak And Dagger","Acrobatics+1"],"picked":"Dodge and Roll+1","floor":31}],"player_experience":596957,"relics_obtained":[{"floor":7,"key":"Lantern"},{"floor":9,"key":"Blood Vial"},{"floor":10,"key":"Bag of Marbles"},{"floor":13,"key":"MawBank"},{"floor":23,"key":"Strawberry"},{"floor":25,"key":"Anchor"},{"floor":27,"key":"Potion Belt"},{"floor":31,"key":"Pen Nib"}],"event_choices":[{"damage_healed":0,"gold_gain":0,"player_choice":"Grow","damage_taken":0,"max_hp_gain":0,"max_hp_loss":0,"event_name":"Living Wall","floor":2,"gold_loss":0,"cards_upgraded":["Malaise"]},{"damage_healed":0,"gold_gain":100,"player_choice":"Gold","damage_taken":0,"max_hp_gain":0,"max_hp_loss":0,"event_name":"Wheel of Change","floor":3,"gold_loss":0},{"cards_removed":["Strike_G"],"damage_healed":0,"gold_gain":0,"player_choice":"Card Removal","damage_taken":7,"max_hp_gain":0,"max_hp_loss":0,"event_name":"Golden Wing","floor":14,"gold_loss":0},{"damage_healed":0,"gold_gain":0,"player_choice":"1 cards matched","damage_taken":0,"max_hp_gain":0,"max_hp_loss":0,"event_name":"Match and Keep!","floor":21,"gold_loss":0,"cards_obtained":["Flash of Steel"]},{"damage_healed":0,"gold_gain":0,"player_choice":"Inject Mutagens","damage_taken":0,"relics_obtained":["MutagenicStrength"],"max_hp_gain":0,"max_hp_loss":0,"event_name":"Drug Dealer","floor":30,"gold_loss":0}],"is_beta":false,"boss_relics":[{"not_picked":["Velvet Choker","Ectoplasm"],"picked":"Cursed Key"}],"items_purged_floors":[],"is_endless":false,"potions_floor_spawned":[1,5,7,10,12,19,20,29,31],"killed_by":"Collector","ascension_level":4}}