{"host":"y6ogtdgt8z4md30g","time":1607534040,"event":{"gold_per_floor":[113,113,126,126,138,26,26,46,46,61,90,101,276,289,289,388,388,371,371,389,389,389,404,423,423,447,467,486,486,503,529,529,634,634,647,647,647,658,673,673,692,711,711,711,821,837,860,292,292,292],"floor_reached":51,"playtime":4076,"items_purged":["Languid"],"score":600,"play_id":"9826e2bd-f375-4848-82e8-44b3aa88e38f","local_time":"20201209121400","is_ascension_mode":false,"campfire_choices":[{"floor":7,"key":"REST"},{"floor":15,"key":"REST"},{"floor":25,"key":"REST"},{"floor":29,"key":"REST"},{"floor":40,"key":"REST"},{"floor":49,"key":"REST"}],"neow_cost":"NONE","seed_source_timestamp":482758111871300,"circlet_count":0,"master_deck":["Strike_P","Strike_P","Strike_P","Strike_P","Defend_P","Defend_P","Defend_P","Defend_P","Eruption","Vigilance","Conclude","hubris:Fate","FlurryOfBlows","Perseverance","Replay:DivineShield+1","PathToVictory","EmptyFist","Collect","EmptyFist","FearNoEvil","Doubt","Indignation","DeusExMachina","Replay:Anticipation+1","Vengeance","EmptyBody","EmptyFist","WindmillStrike","Establishment","Crescendo","PathToVictory","Omniscience","CutThroughFate+1","ClearTheMind","Study+1","ClearTheMind","EmptyFist+1","ThirdEye","Doubt","Replay:AtTheReady+1","EmptyMind","Crescendo+1","Replay:Vibes","expansioncontent:Sear","Protect"],"relics":["HolyWater","NeowsBlessing","Ice Cream","ReplayFunnel","hubris:Towel","hubris:SlimyHat","ReplayTheSpireMod:EnergyBall","ReplayTheSpireMod:TigerMarble","ReplayTheSpireMod:Ninjato","Ring of Chaos","Replay:Ringing Soul","Damaru","Ancient Tea Set","ReplayTheSpireMod:CursedCoin","infinitespire:Beetle Shell","Dream Catcher","Strange Spoon"],"potions_floor_usage":[33,33,41,41,41],"damage_taken":[{"damage":0,"enemies":"2 Louse","floor":1,"turns":1},{"damage":0,"enemies":"Jaw Worm","floor":3,"turns":1},{"damage":0,"enemies":"Cultist","floor":5,"turns":1},{"damage":3,"enemies":"3 Louse","floor":8,"turns":3},{"damage":0,"enemies":"Large Slime","floor":10,"turns":1},{"damage":24,"enemies":"Replay:BlueRogue","floor":11,"turns":4},{"damage":5,"enemies":"Looter","floor":12,"turns":3},{"damage":19,"enemies":"Gremlin Gang","floor":14,"turns":4},{"damage":23,"enemies":"Hexaghost","floor":16,"turns":8},{"damage":3,"enemies":"2 Thieves","floor":18,"turns":4},{"damage":15,"enemies":"3 Byrds","floor":20,"turns":4},{"damage":24,"enemies":"Centurion and Healer","floor":23,"turns":6},{"damage":27,"enemies":"Snake Plant","floor":24,"turns":4},{"damage":0,"enemies":"Snecko","floor":27,"turns":2},{"damage":0,"enemies":"Centurion and Healer","floor":28,"turns":4},{"damage":0,"enemies":"Snake Plant","floor":30,"turns":5},{"damage":34,"enemies":"Gremlin Leader","floor":31,"turns":7},{"damage":11,"enemies":"Automaton","floor":33,"turns":7},{"damage":0,"enemies":"3 Darklings","floor":35,"turns":4},{"damage":32,"enemies":"3 Shapes","floor":38,"turns":5},{"damage":6,"enemies":"Sphere and 2 Shapes","floor":39,"turns":4},{"damage":21,"enemies":"Transient","floor":41,"turns":5},{"damage":18,"enemies":"Writhing Mass","floor":42,"turns":8},{"damage":13,"enemies":"Maw","floor":46,"turns":4},{"damage":18,"enemies":"hubris:GrandSnecko","floor":50,"turns":4}],"seed_played":"-1882145036137336922","potions_obtained":[{"floor":3,"key":"LiquidBronze"},{"floor":8,"key":"Ambrosia"},{"floor":11,"key":"Energy Potion"},{"floor":16,"key":"DistilledChaos"},{"floor":33,"key":"SneckoOil"},{"floor":38,"key":"Adrenaline Potion"},{"floor":46,"key":"PowerPotion"}],"is_trial":false,"path_per_floor":["M","?","M","?","M","$","R","M","T","M","E","M","?","M","R","B",null,"M","?","M","?","AVR","M","M","R","T","M","M","R","M","E","R","B",null,"M","?","?","M","M","R","M","M","T","?","?","M","T","$","R","B",null],"character_chosen":"WATCHER","items_purchased":["Replay:DivineShield+1","PathToVictory","ReplayTheSpireMod:CursedCoin","infinitespire:Beetle Shell","Replay:Vibes","expansioncontent:Sear","Dream Catcher","Strange Spoon"],"campfire_rested":6,"item_purchase_floors":[6,6,48,48,48,48,48,48],"current_hp_per_floor":[72,55,55,48,48,48,69,66,66,66,42,37,37,33,54,31,72,69,69,54,54,54,30,18,39,39,39,39,60,60,26,26,15,72,72,72,72,40,34,55,34,16,16,75,60,50,50,53,81,63],"gold":292,"neow_bonus":"THREE_ENEMY_KILL","is_prod":false,"is_daily":false,"chose_seed":false,"campfire_upgraded":0,"win_rate":0.0,"timestamp":1607534040,"path_taken":["M","?","M","?","M","$","R","M","T","M","E","?","?","M","R","BOSS","M","?","M","?","AVR","M","M","R","T","?","M","R","M","E","R","BOSS","M","?","?","M","M","R","M","M","T","?","?","?","?","?","R","BOSS"],"build_version":"2020-11-30","purchased_purges":1,"victory":true,"max_hp_per_floor":[72,72,72,72,72,72,72,72,72,72,72,72,72,72,72,72,72,72,72,72,72,72,72,72,72,72,72,72,72,72,72,72,72,72,72,72,72,72,72,72,72,72,72,75,78,81,81,84,87,87],"card_choices":[{"not_picked":["EmptyBody","FollowUp"],"picked":"Conclude","floor":1},{"not_picked":["infinitespire:NeuralNetwork","infinitespire:Oblivion"],"picked":"hubris:Fate","floor":2},{"not_picked":["BowlingBash","JustLucky"],"picked":"FlurryOfBlows","floor":3},{"not_picked":["CrushJoints","SandsOfTime"],"picked":"Perseverance","floor":5},{"not_picked":["SandsOfTime","EmptyBody"],"picked":"EmptyFist","floor":8},{"not_picked":["Conclude","JustLucky"],"picked":"Collect","floor":10},{"not_picked":["Replay:BluntJabs","Brilliance"],"picked":"EmptyFist","floor":11},{"not_picked":["FlyingSleeves","FollowUp"],"picked":"FearNoEvil","floor":12},{"not_picked":["BowlingBash","FlurryOfBlows"],"picked":"Indignation","floor":14},{"not_picked":["MasterReality","Replay:LoomingThreat"],"picked":"DeusExMachina","floor":16},{"not_picked":["CutThroughFate+1","JustLucky+1"],"picked":"Replay:Anticipation+1","floor":18},{"not_picked":["Tantrum","Protect"],"picked":"Vengeance","floor":20},{"not_picked":["InnerPeace","Swivel"],"picked":"EmptyBody","floor":23},{"not_picked":["CutThroughFate+1","Replay:ManipulateFuture+1"],"picked":"EmptyFist","floor":24},{"not_picked":["BowlingBash+1","Consecrate+1"],"picked":"WindmillStrike","floor":27},{"not_picked":["Replay:Battleflow","SandsOfTime"],"picked":"Establishment","floor":28},{"not_picked":["SashWhip","Indignation"],"picked":"Crescendo","floor":30},{"not_picked":["DeusExMachina","Consecrate"],"picked":"PathToVictory","floor":31},{"not_picked":["Replay:LoomingThreat","Brilliance"],"picked":"Omniscience","floor":33},{"not_picked":["BowlingBash+1","Replay:Hum"],"picked":"CutThroughFate+1","floor":35},{"not_picked":["ThirdEye+1","JustLucky+1"],"picked":"Study+1","floor":38},{"not_picked":["Replay:ManipulateFuture+1","ThirdEye+1"],"picked":"ClearTheMind","floor":39},{"not_picked":["TalkToTheHand","Replay:ManipulateFuture"],"picked":"EmptyFist+1","floor":41},{"not_picked":["FollowUp","Fasting2"],"picked":"ThirdEye","floor":42},{"not_picked":["SashWhip+1","CutThroughFate"],"picked":"Replay:AtTheReady+1","floor":45},{"not_picked":["Replay:Battleflow+1","Replay:Cycle+1"],"picked":"EmptyMind","floor":45},{"not_picked":["Consecrate","CutThroughFate+1"],"picked":"Crescendo+1","floor":46},{"not_picked":["WaveOfTheHand+1","CrushJoints"],"picked":"Protect","floor":49}],"player_experience":29927,"relics_obtained":[{"floor":9,"key":"Ice Cream"},{"floor":11,"key":"ReplayFunnel"},{"floor":26,"key":"ReplayTheSpireMod:TigerMarble"},{"floor":31,"key":"ReplayTheSpireMod:Ninjato"},{"floor":43,"key":"Replay:Ringing Soul"},{"floor":45,"key":"Damaru"},{"floor":47,"key":"Ancient Tea Set"}],"event_choices":[{"damage_healed":0,"gold_gain":0,"player_choice":"Damaged","damage_taken":7,"max_hp_gain":0,"max_hp_loss":0,"event_name":"Wheel of Change","floor":4,"gold_loss":0},{"damage_healed":0,"gold_gain":175,"player_choice":"AGREE","damage_taken":101,"max_hp_gain":0,"max_hp_loss":0,"event_name":"betterThird:BetterSerpent","floor":13,"gold_loss":0},{"damage_healed":0,"gold_gain":0,"player_choice":"Ignored","damage_taken":0,"max_hp_gain":0,"max_hp_loss":0,"event_name":"Ghosts","floor":32,"gold_loss":0},{"damage_healed":0,"gold_gain":0,"player_choice":"Ignored","damage_taken":0,"max_hp_gain":0,"max_hp_loss":0,"event_name":"Mysterious Sphere","floor":37,"gold_loss":0},{"damage_healed":56,"gold_gain":0,"player_choice":"Heal","damage_taken":0,"max_hp_gain":0,"max_hp_loss":0,"event_name":"MindBloom","floor":44,"gold_loss":0,"cards_obtained":["Doubt"]}],"is_beta":false,"boss_relics":[{"not_picked":["Ectoplasm","Runic Dome"],"picked":"HolyWater"},{"not_picked":["Snecko Eye","Philosopher\u0027s Stone"],"picked":"Ring of Chaos"}],"items_purged_floors":[48],"is_endless":false,"potions_floor_spawned":[3,8,11,16,20,27,30,33,38,39,46],"ascension_level":0}}