{"host":"2pgz2fctomabfk86","time":1607488973,"event":{"gold_per_floor":[118,137,154,154,154,154,166,166,166,166,166,176,194,42,42,115,115,127,52,52,69,69,100,100,112,112,127,52,52,52,71,71,147,147,163,217,217,242,262,262,281,281,281,297,297,312,41,41,41,41],"floor_reached":51,"playtime":1996,"items_purged":["Strike_B"],"score":1256,"play_id":"826797c7-fcc5-401d-9a9a-64b6ed80d361","local_time":"20201209134253","is_ascension_mode":true,"campfire_choices":[{"data":"Biased Cognition","floor":6.0,"key":"SMITH"},{"data":"Coolheaded","floor":8.0,"key":"SMITH"},{"data":"Conserve Battery","floor":10.0,"key":"SMITH"},{"data":"Ball Lightning","floor":15.0,"key":"SMITH"},{"data":"Defragment","floor":24.0,"key":"SMITH"},{"data":"Go for the Eyes","floor":32.0,"key":"SMITH"},{"data":"Hologram","floor":40.0,"key":"SMITH"},{"floor":42,"key":"REST"},{"floor":49,"key":"REST"}],"neow_cost":"NONE","seed_source_timestamp":448070682652700,"circlet_count":0,"master_deck":["AscendersBane","Defend_B","Defend_B","Defend_B","Zap","Dualcast","Biased Cognition+1","Hologram+1","Undo+1","Conserve Battery+1","Coolheaded+1","Ball Lightning+1","Electrodynamics","Go for the Eyes+1","Defragment+1","Machine Learning","Barrage+1","Heatsinks+1","Force Field","Self Repair","Double Energy","Discovery","Turbo+1","Consume"],"special_seed":0,"relics":["Cracked Core","Gremlin Horn","Runic Capacitor","Snecko Eye","Molten Egg 2","HornCleat","Oddly Smooth Stone","Inserter","Girya","Incense Burner","Ice Cream","OrangePellets"],"potions_floor_usage":[50],"damage_taken":[{"damage":4.0,"enemies":"Small Slimes","floor":1.0,"turns":3.0},{"damage":3.0,"enemies":"2 Louse","floor":2.0,"turns":3.0},{"damage":3.0,"enemies":"Jaw Worm","floor":3.0,"turns":4.0},{"damage":0.0,"enemies":"2 Fungi Beasts","floor":7.0,"turns":4.0},{"damage":9.0,"enemies":"Large Slime","floor":12.0,"turns":6.0},{"damage":0.0,"enemies":"Blue Slaver","floor":13.0,"turns":3.0},{"damage":24.0,"enemies":"The Guardian","floor":16.0,"turns":11.0},{"damage":0.0,"enemies":"3 Byrds","floor":18.0,"turns":2.0},{"damage":0.0,"enemies":"Shell Parasite","floor":21.0,"turns":2.0},{"damage":0.0,"enemies":"Book of Stabbing","floor":23.0,"turns":6.0},{"damage":1.0,"enemies":"Centurion and Healer","floor":25.0,"turns":4.0},{"damage":0.0,"enemies":"Snake Plant","floor":27.0,"turns":4.0},{"damage":0.0,"enemies":"3 Cultists","floor":31.0,"turns":2.0},{"damage":28.0,"enemies":"Automaton","floor":33.0,"turns":8.0},{"damage":0.0,"enemies":"3 Shapes","floor":35.0,"turns":4.0},{"damage":21.0,"enemies":"2 Orb Walkers","floor":36.0,"turns":3.0},{"damage":0.0,"enemies":"Mind Bloom Boss Battle","floor":38.0,"turns":6.0},{"damage":7.0,"enemies":"3 Darklings","floor":39.0,"turns":2.0},{"damage":29,"enemies":"Writhing Mass","floor":41,"turns":8},{"damage":18,"enemies":"Sphere and 2 Shapes","floor":44,"turns":4},{"damage":0,"enemies":"Maw","floor":46,"turns":6},{"damage":17,"enemies":"Time Eater","floor":50,"turns":15}],"seed_played":"-7091044711863427575","potions_obtained":[{"floor":3.0,"key":"SneckoOil"},{"floor":7.0,"key":"Fire Potion"},{"floor":12.0,"key":"FocusPotion"},{"floor":18.0,"key":"Fire Potion"},{"floor":21.0,"key":"EssenceOfSteel"},{"floor":27.0,"key":"BlessingOfTheForge"},{"floor":33.0,"key":"PotionOfCapacity"},{"floor":35.0,"key":"SkillPotion"},{"floor":41,"key":"DuplicationPotion"}],"is_trial":false,"path_per_floor":["M","M","M","?","?","R","M","R","T","R","?","M","M","$","R","B",null,"M","?","?","M","?","E","R","M","T","M","$","T","?","M","R","B",null,"M","?","?","?","M","R","M","R","T","M","?","M","$","?","R","B",null],"character_chosen":"DEFECT","items_purchased":["Runic Capacitor","OrangePellets","Consume","PowerPotion"],"campfire_rested":2,"item_purchase_floors":[14,47,47,47],"current_hp_per_floor":[60,57,54,47,47,47,47,47,47,47,47,38,38,38,38,14,57,57,57,57,57,57,57,57,56,56,56,56,56,56,56,56,28,60,60,39,39,39,32,32,3,24,24,13,13,20,20,20,41,31],"gold":41,"neow_bonus":"ONE_RANDOM_RARE_CARD","is_prod":false,"is_daily":false,"chose_seed":false,"campfire_upgraded":7,"win_rate":0,"timestamp":1607488973,"path_taken":["M","M","M","?","?","R","M","R","T","R","?","M","M","$","R","BOSS","BOSS","M","?","?","M","?","E","R","M","T","M","$","?","?","?","R","BOSS","M","?","?","?","M","R","M","R","T","M","?","M","$","?","R","BOSS"],"build_version":"2020-11-30","purchased_purges":1,"victory":true,"max_hp_per_floor":[71,71,71,71,71,71,71,71,71,71,71,71,71,71,71,71,71,71,71,71,71,71,71,71,71,71,71,71,71,71,71,71,71,71,71,71,71,71,71,71,71,71,71,71,71,71,71,71,71,71],"card_choices":[{"not_picked":["Stack","Beam Cell"],"picked":"Hologram","floor":1.0},{"not_picked":["Genetic Algorithm","Beam Cell"],"picked":"Undo","floor":2.0},{"not_picked":["Redo","Compile Driver"],"picked":"Conserve Battery","floor":3.0},{"not_picked":["Reinforced Body","Sweeping Beam"],"picked":"Coolheaded","floor":7.0},{"not_picked":["Conserve Battery","Fusion"],"picked":"Ball Lightning","floor":12.0},{"not_picked":["Undo","Sweeping Beam","Redo"],"picked":"SKIP","floor":13.0},{"not_picked":["Machine Learning","All For One"],"picked":"Electrodynamics","floor":16.0},{"not_picked":["Stack","Loop","Rebound+1"],"picked":"SKIP","floor":18.0},{"not_picked":["Steam Power","Hologram"],"picked":"Go for the Eyes","floor":21.0},{"not_picked":["Rip and Tear+1","Barrage+1"],"picked":"Defragment","floor":23.0},{"not_picked":["Gash+1","Hologram","Redo+1"],"picked":"SKIP","floor":25.0},{"not_picked":["Undo","Compile Driver+1","Rebound+1"],"picked":"SKIP","floor":27.0},{"not_picked":["Coolheaded","Leap","Conserve Battery"],"picked":"SKIP","floor":31.0},{"not_picked":["Fission","All For One+1"],"picked":"Machine Learning","floor":33.0},{"not_picked":["Steam Power","Skim"],"picked":"Barrage+1","floor":35.0},{"not_picked":["Hologram","Auto Shields"],"picked":"Heatsinks+1","floor":36.0},{"not_picked":["Compile Driver+1","Rebound+1"],"picked":"Force Field","floor":38.0},{"not_picked":["Cold Snap+1","Streamline+1","Reprogram"],"picked":"SKIP","floor":39.0},{"not_picked":["Cold Snap+1","Steam Power"],"picked":"Self Repair","floor":41},{"not_picked":["Reprogram","Force Field"],"picked":"Double Energy","floor":44},{"not_picked":["Finesse","Blind"],"picked":"Discovery","floor":45},{"not_picked":["FTL+1","Fission"],"picked":"Turbo+1","floor":46}],"player_experience":849770,"relics_obtained":[{"floor":9.0,"key":"Gremlin Horn"},{"floor":23.0,"key":"Molten Egg 2"},{"floor":26.0,"key":"HornCleat"},{"floor":29.0,"key":"Oddly Smooth Stone"},{"floor":36.0,"key":"Girya"},{"floor":38.0,"key":"Incense Burner"},{"floor":43,"key":"Ice Cream"}],"event_choices":[{"cards_removed":["Strike_B"],"damage_healed":0.0,"max_hp_gain":0.0,"max_hp_loss":0.0,"gold_gain":0.0,"event_name":"Golden Wing","player_choice":"Card Removal","floor":4.0,"gold_loss":0.0,"damage_taken":7.0},{"damage_healed":0.0,"max_hp_gain":0.0,"max_hp_loss":0.0,"gold_gain":0.0,"event_name":"Liars Game","player_choice":"Ignored","floor":5.0,"gold_loss":0.0,"damage_taken":0.0},{"damage_healed":0.0,"max_hp_gain":0.0,"max_hp_loss":0.0,"gold_gain":0.0,"event_name":"Shining Light","player_choice":"Ignored","floor":11.0,"gold_loss":0.0,"damage_taken":0.0},{"cards_removed":["Strike_B"],"damage_healed":0.0,"max_hp_gain":0.0,"max_hp_loss":0.0,"gold_gain":0.0,"event_name":"Beggar","player_choice":"Gave Gold","floor":19.0,"gold_loss":75.0,"damage_taken":0.0},{"cards_removed":["Strike_B"],"damage_healed":0.0,"max_hp_gain":0.0,"max_hp_loss":0.0,"gold_gain":0.0,"event_name":"Back to Basics","player_choice":"Elegance","floor":22.0,"gold_loss":0.0,"damage_taken":0.0},{"damage_healed":0.0,"max_hp_gain":0.0,"max_hp_loss":0.0,"gold_gain":0.0,"event_name":"Upgrade Shrine","player_choice":"Upgraded","floor":30.0,"gold_loss":0.0,"damage_taken":0.0,"cards_upgraded":["Undo"]},{"damage_healed":0.0,"max_hp_gain":0.0,"max_hp_loss":0.0,"gold_gain":0.0,"event_name":"Mysterious Sphere","player_choice":"Fight","floor":36.0,"gold_loss":0.0,"damage_taken":0.0},{"damage_healed":0.0,"max_hp_gain":0.0,"max_hp_loss":0.0,"gold_gain":0.0,"event_name":"Tomb of Lord Red Mask","player_choice":"Ignored","floor":37.0,"gold_loss":0.0,"damage_taken":0.0},{"damage_healed":0.0,"max_hp_gain":0.0,"max_hp_loss":0.0,"gold_gain":0.0,"event_name":"MindBloom","player_choice":"Fight","floor":38.0,"gold_loss":0.0,"damage_taken":0.0},{"damage_healed":0,"gold_gain":0,"player_choice":"Memory 1","damage_taken":0,"max_hp_gain":0,"max_hp_loss":0,"event_name":"SensoryStone","floor":45,"gold_loss":0},{"cards_removed":["Defend_B"],"damage_healed":0,"gold_gain":0,"player_choice":"Offered Basic","damage_taken":0,"max_hp_gain":0,"max_hp_loss":0,"event_name":"Bonfire Elementals","floor":48,"gold_loss":0}],"is_beta":false,"boss_relics":[{"not_picked":["Ectoplasm","Coffee Dripper"],"picked":"Snecko Eye"},{"not_picked":["Calling Bell","Black Star"],"picked":"Inserter"}],"items_purged_floors":[28],"is_endless":false,"potions_floor_spawned":[3,7,12,18,21,27,33,35,41,44],"ascension_level":15}}