{"host":"v0kr0xkqfgnh389p","time":1607553272,"event":{"gold_per_floor":[114,114,125,50,65,65,94,94,94,127,302,315,315,315],"floor_reached":13,"playtime":280,"items_purged":["Strike_P"],"score":98,"play_id":"7b7e6d74-20bb-426e-babd-9a2fa1844e43","local_time":"20201209173432","is_ascension_mode":true,"campfire_choices":[{"floor":6,"key":"RECALL"}],"neow_cost":"NONE","seed_source_timestamp":29187336691800,"circlet_count":0,"master_deck":["Strike_P","Strike_P","Strike_P","Defend_P","Defend_P","Defend_P","Defend_P","Eruption","Vigilance","Vengeance","BattleHymn","Regret","Doubt","Tantrum"],"relics":["Cursed Key","hubris:Towel","Replay:Wax Seal","Art of War"],"potions_floor_usage":[],"damage_taken":[{"damage":0,"enemies":"2 Louse","floor":1,"turns":1},{"damage":0,"enemies":"Jaw Worm","floor":3,"turns":2},{"damage":2,"enemies":"Small Slimes","floor":5,"turns":2},{"damage":10,"enemies":"Lagavulin","floor":7,"turns":4},{"damage":31,"enemies":"Gremlin Nob","floor":10,"turns":3},{"damage":2,"enemies":"2 Fungi Beasts","floor":12,"turns":2},{"damage":40,"enemies":"3 Sentries","floor":13,"turns":3}],"seed_played":"2037209336606994809","potions_obtained":[{"floor":1,"key":"FearPotion"},{"floor":3,"key":"Weak Potion"}],"is_trial":false,"path_per_floor":["M","?","M","$","M","R","E","$","T","E","?","M","E"],"character_chosen":"WATCHER","items_purchased":[],"campfire_rested":0,"item_purchase_floors":[],"current_hp_per_floor":[72,72,72,72,70,70,60,60,60,29,29,27,0,0],"gold":315,"neow_bonus":"BOSS_RELIC","is_prod":false,"is_daily":false,"chose_seed":false,"campfire_upgraded":0,"win_rate":0,"timestamp":1607553272,"path_taken":["M","?","M","$","M","R","E","$","T","E","?","M","E"],"build_version":"2020-11-30","purchased_purges":1,"victory":false,"max_hp_per_floor":[72,72,72,72,72,72,72,72,72,72,72,72,72,72],"card_choices":[{"not_picked":["FearNoEvil","DeceiveReality"],"picked":"Vengeance","floor":1},{"not_picked":["FlyingSleeves","FollowUp","CarveReality"],"picked":"SKIP","floor":3},{"not_picked":["Wallop","Replay:BluntJabs"],"picked":"BattleHymn","floor":5},{"not_picked":["EmptyBody","Meditate","EmptyMind"],"picked":"SKIP","floor":7},{"not_picked":["Replay:ManipulateFuture","ClearTheMind","FollowUp"],"picked":"SKIP","floor":10},{"not_picked":["EmptyFist","FlyingSleeves"],"picked":"Tantrum","floor":12}],"player_experience":676142,"relics_obtained":[{"floor":7,"key":"Replay:Wax Seal"},{"floor":10,"key":"Art of War"}],"event_choices":[{"damage_healed":0,"gold_gain":175,"player_choice":"AGREE","damage_taken":0,"max_hp_gain":0,"max_hp_loss":0,"event_name":"Liars Game","floor":11,"gold_loss":0,"cards_obtained":["Doubt"]}],"is_beta":false,"boss_relics":[],"items_purged_floors":[4],"is_endless":false,"potions_floor_spawned":[1,3],"killed_by":"3 Sentries","ascension_level":1}}