{"host":"07ljfmttuzqopd7f","time":1607481690,"event":{"gold_per_floor":[115,115,65,78,3,33,51,51,51,66,66,66,20,45,45,150,150,170,170,170,186,199,199,214,60,60,60,86,104,104,104],"floor_reached":30,"playtime":921,"items_purged":["hermit:Strike_Hermit"],"score":325,"play_id":"c5a5ea86-97d5-4879-aab7-7af864e50a1d","local_time":"20201208214130","is_ascension_mode":true,"campfire_choices":[{"data":"hermit:Enervate","floor":8,"key":"SMITH"},{"data":"hermit:CursedWeapon","floor":12,"key":"SMITH"},{"data":"hermit:Determination","floor":15,"key":"SMITH"},{"data":"hermit:Roughhouse","floor":23,"key":"SMITH"}],"neow_cost":"NONE","seed_source_timestamp":9376625001400,"circlet_count":0,"master_deck":["hermit:Strike_Hermit","hermit:Strike_Hermit","hermit:Defend_Hermit","hermit:Defend_Hermit","hermit:Defend_Hermit","hermit:Snapshot","hermit:Covet","hermit:Enervate+1","hermit:TakeAim","hermit:BigShot","hermit:CursedWeapon+1","hermit:CalledShot","hermit:Determination+1","hermit:Roughhouse+1","hermit:Cheat+1","RitualDagger","hermit:Malice+1","hermit:EyeOfTheStorm","hermit:Combo","hermit:Gestalt","hermit:BlackWind","hermit:Glare"],"relics":["hermit:Momento","NeowsBlessing","Mercury Hourglass","MealTicket","TungstenRod","Regal Pillow","Cursed Key","hermit:RyeStalk"],"potions_floor_usage":[16,16,16,18,24],"damage_taken":[{"damage":0,"enemies":"Cultist","floor":1,"turns":1},{"damage":0,"enemies":"Small Slimes","floor":4,"turns":1},{"damage":0,"enemies":"Gremlin Nob","floor":6,"turns":1},{"damage":0,"enemies":"2 Louse","floor":7,"turns":2},{"damage":11,"enemies":"Looter","floor":10,"turns":3},{"damage":11,"enemies":"3 Sentries","floor":14,"turns":6},{"damage":35,"enemies":"The Guardian","floor":16,"turns":9},{"damage":4,"enemies":"Spheric Guardian","floor":18,"turns":4},{"damage":6,"enemies":"2 Thieves","floor":21,"turns":3},{"damage":1,"enemies":"Centurion and Healer","floor":22,"turns":6},{"damage":14,"enemies":"Snake Plant","floor":24,"turns":2},{"damage":58,"enemies":"Gremlin Leader","floor":28,"turns":7},{"damage":24,"enemies":"Snecko","floor":29,"turns":4},{"damage":13,"enemies":"Book of Stabbing","floor":30,"turns":2}],"seed_played":"-9046172652070439399","potions_obtained":[{"floor":4,"key":"SkillPotion"},{"floor":10,"key":"SkillPotion"},{"floor":14,"key":"FearPotion"},{"floor":16,"key":"SpeedPotion"},{"floor":21,"key":"DistilledChaos"},{"floor":28,"key":"FairyPotion"}],"is_trial":false,"path_per_floor":["M","?","?","M","$","E","M","R","T","M","?","R","$","E","R","B",null,"M","?","?","M","M","R","M","$","T","?","E","M","E"],"character_chosen":"HERMIT","items_purchased":["hermit:CalledShot","hermit:Combo","hermit:Gestalt"],"campfire_rested":0,"item_purchase_floors":[13,25,25],"current_hp_per_floor":[75,68,68,68,68,68,68,68,68,57,54,54,69,58,58,23,75,71,66,66,60,59,59,45,60,60,60,2,10,0,0],"gold":104,"neow_bonus":"THREE_ENEMY_KILL","is_prod":false,"is_daily":false,"chose_seed":false,"campfire_upgraded":4,"win_rate":0,"timestamp":1607481690,"path_taken":["M","?","?","M","$","E","M","R","T","M","?","R","$","E","R","BOSS","M","?","?","M","?","R","M","$","T","?","E","M","E"],"build_version":"2020-11-30","purchased_purges":1,"victory":false,"max_hp_per_floor":[75,75,75,75,75,75,75,75,75,75,75,75,75,75,75,75,75,75,75,75,75,75,75,75,75,75,75,75,75,75,75],"relic_stats":{"Regal Pillow":0,"counters":[14,50],"MealTicket":30,"Cursed Key":0,"obtain_stats":[{"hermit:RyeStalk":28,"Regal Pillow":14,"NeowsBlessing":0,"MealTicket":9,"Cursed Key":17,"hermit:Momento":0,"TungstenRod":11,"Mercury Hourglass":6},{"hermit:RyeStalk":12,"Regal Pillow":6,"NeowsBlessing":0,"MealTicket":4,"Cursed Key":7,"hermit:Momento":0,"TungstenRod":5,"Mercury Hourglass":3},{"hermit:RyeStalk":44,"Regal Pillow":14,"NeowsBlessing":0,"MealTicket":5,"Cursed Key":23,"hermit:Momento":0,"TungstenRod":8,"Mercury Hourglass":3}],"TungstenRod":37,"Mercury Hourglass":[186]},"card_choices":[{"not_picked":["hermit:Headshot","hermit:Desperado"],"picked":"hermit:Enervate","floor":1},{"not_picked":["hermit:LoneWolf","hermit:Roulette"],"picked":"hermit:TakeAim","floor":4},{"not_picked":["hermit:Determination","hermit:Scavenge"],"picked":"hermit:BigShot","floor":6},{"not_picked":["hermit:HighCaliber","hermit:HoleUp"],"picked":"hermit:Feint","floor":7},{"not_picked":["hermit:GhostlyPresence","hermit:HeroicBravado"],"picked":"hermit:CursedWeapon","floor":10},{"not_picked":["hermit:DeadMansHand","hermit:HighCaliber"],"picked":"hermit:Determination","floor":14},{"not_picked":["hermit:Purgatory","hermit:Reprieve"],"picked":"hermit:Roughhouse","floor":16},{"not_picked":["hermit:CalledShot","hermit:LowProfile+1"],"picked":"hermit:Cheat+1","floor":18},{"not_picked":["hermit:Brawl","hermit:Misfire"],"picked":"hermit:Malice+1","floor":21},{"not_picked":["hermit:HighCaliber+1","hermit:Misfire+1"],"picked":"hermit:EyeOfTheStorm","floor":22},{"not_picked":["hermit:TakeCover","hermit:CalledShot","hermit:LowProfile+1"],"picked":"SKIP","floor":24},{"not_picked":["hermit:Ricochet","hermit:WideOpen"],"picked":"hermit:BlackWind","floor":28},{"not_picked":["hermit:WideOpen","hermit:Malice"],"picked":"hermit:Glare","floor":29}],"player_experience":360127,"relics_obtained":[{"floor":6,"key":"Mercury Hourglass"},{"floor":9,"key":"MealTicket"},{"floor":14,"key":"Regal Pillow"},{"floor":28,"key":"hermit:RyeStalk"}],"event_choices":[{"cards_removed":["hermit:Strike_Hermit"],"damage_healed":0,"gold_gain":0,"player_choice":"Card Removal","damage_taken":7,"max_hp_gain":0,"max_hp_loss":0,"event_name":"Golden Wing","floor":2,"gold_loss":0},{"cards_removed":["hermit:Defend_Hermit"],"damage_healed":0,"gold_gain":0,"player_choice":"Card Removal","damage_taken":0,"max_hp_gain":0,"max_hp_loss":0,"event_name":"The Cleric","floor":3,"gold_loss":50},{"damage_healed":0,"gold_gain":0,"player_choice":"Success","damage_taken":3,"relics_obtained":["TungstenRod"],"max_hp_gain":0,"max_hp_loss":0,"event_name":"Scrap Ooze","floor":11,"gold_loss":0},{"damage_healed":0,"gold_gain":0,"player_choice":"Joined the Cult","damage_taken":6,"max_hp_gain":0,"max_hp_loss":0,"event_name":"Nest","floor":19,"gold_loss":0,"cards_obtained":["RitualDagger"]},{"damage_healed":0,"gold_gain":0,"player_choice":"0 cards matched","damage_taken":0,"max_hp_gain":0,"max_hp_loss":0,"event_name":"Match and Keep!","floor":20,"gold_loss":0,"cards_obtained":[]},{"cards_removed":["hermit:Feint"],"damage_healed":0,"gold_gain":0,"player_choice":"Purged","damage_taken":0,"max_hp_gain":0,"max_hp_loss":0,"event_name":"Purifier","floor":27,"gold_loss":0}],"is_beta":false,"boss_relics":[{"not_picked":["Black Star","hermit:BartenderGlass"],"picked":"Cursed Key"}],"items_purged_floors":[5],"is_endless":false,"potions_floor_spawned":[4,10,14,16,21,28],"killed_by":"Book of Stabbing","ascension_level":3}}