{"host":"nptej036rrbiurf5","time":1607491620,"event":{"gold_per_floor":[109,109,109,124,124,124,134,169,194,209,209,240,76,93,93,170,170,184,184,184,215,231,231,81,114,137,137,160,172,172,188,188,265,265,281,503,503,517,542,575,575,450,496,524,77,77,93,93,93,93,93],"floor_reached":52,"playtime":2224,"items_purged":["Strike_P","Ragnarok","Defend_P","Defend_P+1"],"score":2018,"play_id":"f7f220db-a646-4616-93a7-4898e163c360","local_time":"20201209142700","is_ascension_mode":true,"campfire_choices":[{"data":"Eruption","floor":6.0,"key":"SMITH"},{"data":"CutThroughFate","floor":11.0,"key":"SMITH"},{"floor":15.0,"key":"REST"},{"data":"ThirdEye","floor":23.0,"key":"SMITH"},{"floor":30.0,"key":"REST"},{"data":"Scrawl","floor":32.0,"key":"SMITH"},{"data":"SpiritShield","floor":41.0,"key":"SMITH"},{"data":"Nirvana","floor":46.0,"key":"SMITH"},{"data":"PathToVictory","floor":49.0,"key":"SMITH"}],"neow_cost":"NONE","seed_source_timestamp":1211712483271500,"circlet_count":0,"master_deck":["AscendersBane","Eruption+1","Vigilance","PathToVictory+1","CutThroughFate+1","WheelKick","Sanctity","InnerPeace","FearNoEvil","DeusExMachina","InnerPeace+1","ClearTheMind+1","ThirdEye+1","PathToVictory+1","EmptyBody","Scrawl+1","PathToVictory+1","Purity","SpiritShield+1","Nirvana+1"],"special_seed":0,"relics":["PureWater","NeowsBlessing","Centennial Puzzle","Blood Vial","Shuriken","Astrolabe","Red Mask","Anchor","Enchiridion","Nunchaku","Runic Pyramid","Gambling Chip","Kunai","Bronze Scales","Letter Opener","Cauldron","Pantograph"],"potions_floor_usage":[50,51],"damage_taken":[{"damage":0.0,"enemies":"Small Slimes","floor":1.0,"turns":1.0},{"damage":0.0,"enemies":"2 Louse","floor":4.0,"turns":1.0},{"damage":0.0,"enemies":"Jaw Worm","floor":7.0,"turns":1.0},{"damage":16.0,"enemies":"Gremlin Nob","floor":8.0,"turns":3.0},{"damage":1.0,"enemies":"Looter","floor":10.0,"turns":2.0},{"damage":18.0,"enemies":"Lagavulin","floor":12.0,"turns":4.0},{"damage":16.0,"enemies":"3 Louse","floor":14.0,"turns":3.0},{"damage":0.0,"enemies":"Slime Boss","floor":16.0,"turns":4.0},{"damage":18.0,"enemies":"Shell Parasite","floor":18.0,"turns":4.0},{"damage":0.0,"enemies":"Masked Bandits","floor":21.0,"turns":2.0},{"damage":0.0,"enemies":"Spheric Guardian","floor":22.0,"turns":3.0},{"damage":6.0,"enemies":"Book of Stabbing","floor":25.0,"turns":4.0},{"damage":4.0,"enemies":"Centurion and Healer","floor":29.0,"turns":4.0},{"damage":6.0,"enemies":"Cultist and Chosen","floor":31.0,"turns":4.0},{"damage":21.0,"enemies":"Champ","floor":33.0,"turns":6.0},{"damage":0.0,"enemies":"3 Shapes","floor":35.0,"turns":4.0},{"damage":8.0,"enemies":"3 Darklings","floor":38.0,"turns":4.0},{"damage":0.0,"enemies":"Mind Bloom Boss Battle","floor":39.0,"turns":3.0},{"damage":7.0,"enemies":"Giant Head","floor":40.0,"turns":4.0},{"damage":0.0,"enemies":"Nemesis","floor":44.0,"turns":3.0},{"damage":0.0,"enemies":"Spire Growth","floor":47.0,"turns":2.0},{"damage":22,"enemies":"Donu and Deca","floor":50,"turns":5},{"damage":46,"enemies":"Time Eater","floor":51,"turns":8}],"seed_played":"-2057706590303518302","potions_obtained":[{"floor":8.0,"key":"Explosive Potion"},{"floor":12.0,"key":"LiquidMemories"},{"floor":22.0,"key":"GamblersBrew"},{"floor":25.0,"key":"CultistPotion"},{"floor":29.0,"key":"Strength Potion"},{"floor":39.0,"key":"LiquidMemories"},{"floor":40.0,"key":"GamblersBrew"},{"floor":44.0,"key":"Energy Potion"},{"floor":45.0,"key":"Swift Potion"}],"is_trial":false,"path_per_floor":["M","?","?","M","?","R","M","E","T","M","R","E","$","M","R","B",null,"M","?","?","?","M","R","$","E","T","?","T","M","R","M","R","B",null,"M","?","?","M","?","E","R","$","T","E","$","R","M","T","R","B","B",null],"character_chosen":"WATCHER","items_purchased":["FearNoEvil","EmptyBody","Nirvana","Cauldron","PowerPotion"],"campfire_rested":2,"item_purchase_floors":[13,24,45,45,45],"current_hp_per_floor":[61,41,34,34,56,56,56,40,40,41,41,25,25,11,31,33,59,43,43,43,45,47,47,47,43,43,22,22,20,40,36,36,17,55,57,57,47,41,43,38,38,38,38,40,40,40,42,42,42,46,22],"gold":93,"neow_bonus":"THREE_ENEMY_KILL","is_prod":false,"is_daily":false,"chose_seed":false,"campfire_upgraded":7,"win_rate":0,"timestamp":1607491620,"path_taken":["M","?","?","M","?","R","M","E","T","M","R","E","?","M","R","BOSS","M","?","?","?","M","R","$","E","T","?","?","M","R","M","R","BOSS","M","?","?","M","?","E","R","$","T","E","$","R","M","?","R","BOSS","BOSS"],"build_version":"2020-11-30","purchased_purges":4,"victory":true,"max_hp_per_floor":[68,68,68,68,68,68,68,68,68,68,68,68,68,68,68,68,68,68,68,68,68,68,68,68,68,68,68,68,68,68,68,68,68,68,68,68,68,68,68,68,68,68,68,68,68,68,68,68,68,68,68],"card_choices":[{"not_picked":["FlurryOfBlows","Conclude"],"picked":"PathToVictory","floor":1.0},{"not_picked":["SashWhip","Indignation"],"picked":"CutThroughFate","floor":4.0},{"not_picked":["DeceiveReality","ThirdEye"],"picked":"WheelKick","floor":7.0},{"not_picked":["ThirdEye","Consecrate"],"picked":"Sanctity","floor":8.0},{"not_picked":["CarveReality","Perseverance","BowlingBash"],"picked":"SKIP","floor":10.0},{"not_picked":["EmptyBody","BattleHymn"],"picked":"InnerPeace","floor":12.0},{"not_picked":["TalkToTheHand","Brilliance","Protect"],"picked":"SKIP","floor":14.0},{"not_picked":["DevaForm","MasterReality"],"picked":"DeusExMachina","floor":16.0},{"not_picked":["Crescendo","Conclude+1","SignatureMove"],"picked":"SKIP","floor":18.0},{"not_picked":["InnerPeace","Study"],"picked":"PathToVictory+1","floor":21.0},{"not_picked":["Halt","FlyingSleeves","BowlingBash"],"picked":"SKIP","floor":22.0},{"not_picked":["ReachHeaven","WreathOfFlame"],"picked":"Scrawl","floor":25.0},{"not_picked":["Consecrate","WheelKick","Protect"],"picked":"SKIP","floor":29.0},{"not_picked":["SignatureMove","Prostrate+1","Consecrate"],"picked":"SKIP","floor":31.0},{"not_picked":["FollowUp+1","Consecrate"],"picked":"PathToVictory","floor":35.0},{"not_picked":["Blind","Metamorphosis"],"picked":"Purity","floor":37.0},{"not_picked":["CarveReality","Consecrate","ClearTheMind"],"picked":"SKIP","floor":38.0},{"not_picked":["CrushJoints","BowlingBash+1"],"picked":"SpiritShield","floor":39.0},{"not_picked":["Consecrate","JustLucky","Weave"],"picked":"SKIP","floor":40.0},{"not_picked":["InnerPeace","WheelKick","Blasphemy"],"picked":"SKIP","floor":44.0},{"not_picked":["ThirdEye+1","DeceiveReality","FlurryOfBlows"],"picked":"SKIP","floor":47.0}],"player_experience":812412,"relics_obtained":[{"floor":8.0,"key":"Centennial Puzzle"},{"floor":9.0,"key":"Blood Vial"},{"floor":12.0,"key":"Shuriken"},{"floor":21.0,"key":"Red Mask"},{"floor":25.0,"key":"Anchor"},{"floor":27.0,"key":"Enchiridion"},{"floor":28.0,"key":"Nunchaku"},{"floor":39.0,"key":"Gambling Chip"},{"floor":40.0,"key":"Kunai"},{"floor":43.0,"key":"Bronze Scales"},{"floor":44.0,"key":"Letter Opener"},{"floor":48.0,"key":"Pantograph"}],"event_choices":[{"damage_healed":0.0,"max_hp_gain":0.0,"max_hp_loss":0.0,"gold_gain":0.0,"event_name":"Shining Light","player_choice":"Entered Light","floor":2.0,"gold_loss":0.0,"damage_taken":20.0,"cards_upgraded":["Defend_P","PathToVictory"]},{"cards_removed":["Strike_P"],"damage_healed":0.0,"max_hp_gain":0.0,"max_hp_loss":0.0,"gold_gain":0.0,"event_name":"Golden Wing","player_choice":"Card Removal","floor":3.0,"gold_loss":0.0,"damage_taken":7.0},{"damage_healed":22.0,"max_hp_gain":0.0,"max_hp_loss":0.0,"gold_gain":0.0,"event_name":"Big Fish","player_choice":"Banana","floor":5.0,"gold_loss":0.0,"damage_taken":0.0},{"damage_healed":0.0,"max_hp_gain":0.0,"max_hp_loss":0.0,"gold_gain":0.0,"cards_transformed":["Devotion","Defend_P"],"event_name":"Drug Dealer","player_choice":"Became Test Subject","floor":19.0,"gold_loss":0.0,"damage_taken":0.0,"cards_obtained":["ThirdEye","Ragnarok"]},{"damage_healed":0.0,"max_hp_gain":0.0,"max_hp_loss":0.0,"gold_gain":0.0,"event_name":"Ghosts","player_choice":"Ignored","floor":20.0,"gold_loss":0.0,"damage_taken":0.0},{"damage_healed":0.0,"max_hp_gain":0.0,"max_hp_loss":0.0,"gold_gain":0.0,"event_name":"Masked Bandits","player_choice":"Fought Bandits","floor":21.0,"gold_loss":0.0,"damage_taken":0.0},{"damage_healed":0.0,"max_hp_gain":0.0,"max_hp_loss":0.0,"gold_gain":0.0,"event_name":"Cursed Tome","player_choice":"Obtained Book","floor":27.0,"gold_loss":0.0,"damage_taken":21.0},{"damage_healed":0.0,"max_hp_gain":0.0,"max_hp_loss":0.0,"gold_gain":222.0,"event_name":"Tomb of Lord Red Mask","player_choice":"Wore Mask","floor":36.0,"gold_loss":0.0,"damage_taken":0.0},{"damage_healed":0.0,"max_hp_gain":0.0,"max_hp_loss":0.0,"gold_gain":0.0,"event_name":"SensoryStone","player_choice":"Memory 3","floor":37.0,"gold_loss":0.0,"damage_taken":10.0},{"damage_healed":0.0,"max_hp_gain":0.0,"max_hp_loss":0.0,"gold_gain":0.0,"event_name":"MindBloom","player_choice":"Fight","floor":39.0,"gold_loss":0.0,"damage_taken":0.0}],"is_beta":false,"boss_relics":[{"not_picked":["Snecko Eye","Philosopher\u0027s Stone"],"picked":"Astrolabe"},{"not_picked":["Black Star","Velvet Choker"],"picked":"Runic Pyramid"}],"items_purged_floors":[13,24,42,45],"is_endless":false,"potions_floor_spawned":[8,12,14,22,25,29,39,40,44],"ascension_level":20}}