{"host":"og6lam4kt3nibbw0","time":1607537731,"event":{"gold_per_floor":[118,134,38,38,38,38,72,72,147,158,158,170,170,186,186,285,285,299,299,64,88,108,108,108,108],"floor_reached":24,"playtime":1015,"items_purged":["Strike_G"],"score":392,"play_id":"841e0bef-b4c5-45c6-be56-c71657d81b19","local_time":"20201210031531","is_ascension_mode":true,"campfire_choices":[{"data":"Catalyst","floor":6.0,"key":"SMITH"},{"data":"Noxious Fumes","floor":8.0,"key":"SMITH"},{"data":"Deadly Poison","floor":11.0,"key":"SMITH"},{"floor":15.0,"key":"REST"},{"floor":23,"key":"REST"}],"neow_cost":"TEN_PERCENT_HP_LOSS","seed_source_timestamp":532752465419500,"circlet_count":0,"master_deck":["AscendersBane","Strike_G","Strike_G","Defend_G","Defend_G","Defend_G","Defend_G","Survivor","Neutralize","Flechettes","Die Die Die","Prepared","Catalyst+1","Deadly Poison+1","Noxious Fumes+1","Acrobatics","Bane","Deadly Poison","Backstab","Corpse Explosion"],"special_seed":0,"relics":["Ring of the Snake","Potion Belt","Lizard Tail","Gremlin Horn","Golden Idol","Runic Pyramid","MutagenicStrength","Medical Kit"],"potions_floor_usage":[],"damage_taken":[{"damage":8.0,"enemies":"Small Slimes","floor":1.0,"turns":4.0},{"damage":0.0,"enemies":"2 Louse","floor":2.0,"turns":2.0},{"damage":32.0,"enemies":"3 Sentries","floor":7.0,"turns":8.0},{"damage":17.0,"enemies":"Cultist","floor":10.0,"turns":4.0},{"damage":12.0,"enemies":"Blue Slaver","floor":12.0,"turns":4.0},{"damage":11.0,"enemies":"Large Slime","floor":14.0,"turns":5.0},{"damage":9.0,"enemies":"Hexaghost","floor":16.0,"turns":6.0},{"damage":25.0,"enemies":"3 Byrds","floor":18.0,"turns":3.0},{"damage":15.0,"enemies":"Shell Parasite","floor":21.0,"turns":2.0},{"damage":0,"enemies":"3 Cultists","floor":22,"turns":2},{"damage":21,"enemies":"Book of Stabbing","floor":24,"turns":2}],"seed_played":"-8871492711347111101","potions_obtained":[{"floor":1.0,"key":"LiquidMemories"},{"floor":7.0,"key":"Explosive Potion"},{"floor":14.0,"key":"SneckoOil"},{"floor":16.0,"key":"DistilledChaos"},{"floor":18.0,"key":"LiquidBronze"}],"is_trial":false,"path_per_floor":["M","M","$","?","?","R","E","R","T","M","R","M","?","M","R","B",null,"M","?","$","M","M","R","E"],"character_chosen":"THE_SILENT","items_purchased":["Deadly Poison","Noxious Fumes","Medical Kit"],"campfire_rested":2,"item_purchase_floors":[3,3,20],"current_hp_per_floor":[51,51,51,40,40,40,8,8,8,30,30,18,18,7,23,14,44,19,19,19,4,4,20,0,0],"gold":108,"neow_bonus":"TRANSFORM_TWO_CARDS","is_prod":false,"is_daily":false,"chose_seed":false,"campfire_upgraded":3,"win_rate":0,"timestamp":1607537731,"path_taken":["M","M","$","?","?","R","E","R","T","M","R","?","?","M","R","BOSS","M","?","$","M","M","R","E"],"build_version":"2020-11-30","purchased_purges":1,"victory":false,"max_hp_per_floor":[60,60,60,60,60,60,60,60,60,60,60,60,54,54,54,54,54,54,54,54,54,54,54,54,54],"card_choices":[{"not_picked":["Accuracy","Flechettes"],"picked":"Prepared","floor":1.0},{"not_picked":["All Out Attack","Well Laid Plans"],"picked":"Catalyst","floor":2.0},{"not_picked":["Quick Slash","Flying Knee"],"picked":"Acrobatics","floor":7.0},{"not_picked":["Backflip","Sucker Punch"],"picked":"Bane","floor":10.0},{"not_picked":["Choke","Deflect"],"picked":"Deadly Poison","floor":12.0},{"not_picked":["Flying Knee","Accuracy"],"picked":"Backstab","floor":14.0},{"not_picked":["After Image","Wraith Form v2"],"picked":"Corpse Explosion","floor":16.0},{"not_picked":["Reflex","Poisoned Stab","Flying Knee"],"picked":"SKIP","floor":18.0},{"not_picked":["Leg Sweep","Cloak And Dagger+1","Quick Slash"],"picked":"SKIP","floor":21.0},{"not_picked":["Expertise","Setup","Blade Dance"],"picked":"SKIP","floor":22}],"player_experience":756652,"relics_obtained":[{"floor":7.0,"key":"Lizard Tail"},{"floor":9.0,"key":"Gremlin Horn"}],"event_choices":[{"damage_healed":0.0,"max_hp_gain":0.0,"max_hp_loss":0.0,"gold_gain":0.0,"event_name":"Scrap Ooze","player_choice":"Success","floor":4.0,"gold_loss":0.0,"damage_taken":11.0,"relics_obtained":["Potion Belt"]},{"cards_removed":["Strike_G"],"damage_healed":0.0,"max_hp_gain":0.0,"max_hp_loss":0.0,"gold_gain":0.0,"event_name":"Wheel of Change","player_choice":"Card Removal","floor":5.0,"gold_loss":0.0,"damage_taken":0.0},{"damage_healed":0.0,"max_hp_gain":0.0,"max_hp_loss":6.0,"gold_gain":0.0,"event_name":"Golden Idol","player_choice":"Lose Max HP","floor":13.0,"gold_loss":0.0,"damage_taken":0.0,"relics_obtained":["Golden Idol"]},{"damage_healed":0.0,"max_hp_gain":0.0,"max_hp_loss":0.0,"gold_gain":0.0,"event_name":"Drug Dealer","player_choice":"Inject Mutagens","floor":19.0,"gold_loss":0.0,"damage_taken":0.0,"relics_obtained":["MutagenicStrength"]}],"is_beta":false,"boss_relics":[{"not_picked":["Busted Crown","Pandora\u0027s Box"],"picked":"Runic Pyramid"}],"items_purged_floors":[20],"is_endless":false,"potions_floor_spawned":[1,7,14,16,18],"killed_by":"Book of Stabbing","ascension_level":20}}