{"host":"Berg","time":1607556212,"event":{"gold_per_floor":[110,110,121,121,121,121,155,14,14,40,40,5,5,21,21,94,94,112,112,112,27,41,70,70,70,147,147,147],"floor_reached":27,"playtime":777,"items_purged":[],"score":470,"play_id":"92eeebd6-f226-46f7-840a-70f54cb5804b","local_time":"20201209182332","is_ascension_mode":true,"campfire_choices":[{"data":"Streamline","floor":6.0,"key":"SMITH"},{"floor":11.0,"key":"REST"},{"data":"Defragment","floor":13.0,"key":"SMITH"},{"data":"Defragment","floor":15.0,"key":"SMITH"},{"floor":24,"key":"REST"}],"neow_cost":"NONE","seed_source_timestamp":92557814020300,"circlet_count":0,"master_deck":["AscendersBane","Strike_B","Defend_B","Defend_B","Defend_B","Defend_B","Zap","Dualcast","Leap","Streamline+1","Defragment+1","Defragment+1","Barrage","Rebound+1","Barrage+1","Echo Form","Auto Shields","Turbo","Storm","Glacier","Genetic Algorithm","Doom and Gloom+1","Decay"],"special_seed":0,"relics":["Cracked Core","Nunchaku","The Courier","Molten Egg 2","Fusion Hammer","Symbiotic Virus","Darkstone Periapt","InkBottle"],"potions_floor_usage":[23,27,27],"damage_taken":[{"damage":11.0,"enemies":"2 Louse","floor":1.0,"turns":3.0},{"damage":0.0,"enemies":"Small Slimes","floor":3.0,"turns":3.0},{"damage":11.0,"enemies":"3 Sentries","floor":7.0,"turns":8.0},{"damage":23.0,"enemies":"Lagavulin","floor":10.0,"turns":6.0},{"damage":1.0,"enemies":"Cultist","floor":14.0,"turns":3.0},{"damage":29.0,"enemies":"The Guardian","floor":16.0,"turns":11.0},{"damage":24.0,"enemies":"Spheric Guardian","floor":18.0,"turns":5.0},{"damage":0.0,"enemies":"3 Byrds","floor":22.0,"turns":6.0},{"damage":20,"enemies":"Book of Stabbing","floor":23,"turns":6},{"damage":49,"enemies":"Slavers","floor":27,"turns":3}],"seed_played":"5756184382179451886","potions_obtained":[{"floor":0.0,"key":"EssenceOfSteel"},{"floor":0.0,"key":"Swift Potion"},{"floor":7.0,"key":"DistilledChaos"},{"floor":10.0,"key":"FocusPotion"},{"floor":22.0,"key":"BlessingOfTheForge"},{"floor":23,"key":"Block Potion"}],"is_trial":false,"path_per_floor":["M","?","M","?","?","R","E","$","T","E","R","?","R","M","R","B",null,"M","?","?","?","M","E","R","?","T","E"],"character_chosen":"DEFECT","items_purchased":["Defragment","Barrage"],"campfire_rested":2,"item_purchase_floors":[8,8],"current_hp_per_floor":[53,46,46,46,51,51,40,40,40,17,39,58,58,57,57,28,64,40,40,40,40,40,20,42,48,48,0,0],"gold":147,"neow_bonus":"THREE_SMALL_POTIONS","is_prod":false,"is_daily":false,"chose_seed":false,"campfire_upgraded":3,"win_rate":0,"timestamp":1607556212,"path_taken":["M","?","M","?","?","R","E","$","T","E","R","?","R","M","R","BOSS","M","?","?","?","M","E","R","?","T","E"],"build_version":"2020-12-07","purchased_purges":0,"victory":false,"max_hp_per_floor":[71,71,71,71,76,76,76,76,76,76,76,76,76,76,76,76,76,76,76,76,76,76,76,76,82,82,82,82],"relic_stats":{"Darkstone Periapt":6,"Nunchaku":[4],"counters":[10,54],"obtain_stats":[{"Darkstone Periapt":23,"Nunchaku":7,"Molten Egg 2":10,"The Courier":9,"Fusion Hammer":17,"Cracked Core":0,"Symbiotic Virus":21,"InkBottle":26},{"Darkstone Periapt":9,"Nunchaku":3,"Molten Egg 2":4,"The Courier":3,"Fusion Hammer":6,"Cracked Core":0,"Symbiotic Virus":7,"InkBottle":9},{"Darkstone Periapt":51,"Nunchaku":14,"Molten Egg 2":20,"The Courier":14,"Fusion Hammer":34,"Cracked Core":0,"Symbiotic Virus":39,"InkBottle":51}],"InkBottle":[1]},"card_choices":[{"not_picked":["Skim","Steam Power"],"picked":"Leap","floor":1.0},{"not_picked":["Sweeping Beam","Rip and Tear"],"picked":"Streamline","floor":3.0},{"not_picked":["Multi-Cast","Coolheaded"],"picked":"Defragment","floor":7.0},{"not_picked":["BootSequence","Leap"],"picked":"Rebound+1","floor":10.0},{"not_picked":["Coolheaded","Self Repair"],"picked":"Barrage+1","floor":14.0},{"not_picked":["Thunder Strike+1","Multi-Cast"],"picked":"Echo Form","floor":16.0},{"not_picked":["Scrape+1","Go for the Eyes+1"],"picked":"Auto Shields","floor":18.0},{"not_picked":["Barrage+1","Steam"],"picked":"Genetic Algorithm","floor":22.0},{"not_picked":["Skim","Coolheaded"],"picked":"Doom and Gloom+1","floor":23}],"player_experience":1317864,"relics_obtained":[{"floor":7.0,"key":"Nunchaku"},{"floor":9.0,"key":"The Courier"},{"floor":10.0,"key":"Molten Egg 2"},{"floor":23,"key":"Darkstone Periapt"},{"floor":26,"key":"InkBottle"}],"event_choices":[{"cards_removed":["Strike_B"],"damage_healed":0.0,"max_hp_gain":0.0,"max_hp_loss":0.0,"gold_gain":0.0,"event_name":"Golden Wing","player_choice":"Card Removal","floor":2.0,"gold_loss":0.0,"damage_taken":7.0},{"damage_healed":0.0,"max_hp_gain":0.0,"max_hp_loss":0.0,"gold_gain":0.0,"event_name":"Liars Game","player_choice":"Ignored","floor":4.0,"gold_loss":0.0,"damage_taken":0.0},{"damage_healed":0.0,"max_hp_gain":5.0,"max_hp_loss":0.0,"gold_gain":0.0,"event_name":"Big Fish","player_choice":"Donut","floor":5.0,"gold_loss":0.0,"damage_taken":0.0},{"damage_healed":19.0,"max_hp_gain":0.0,"max_hp_loss":0.0,"gold_gain":0.0,"event_name":"The Cleric","player_choice":"Healed","floor":12.0,"gold_loss":35.0,"damage_taken":0.0},{"damage_healed":0.0,"max_hp_gain":0.0,"max_hp_loss":0.0,"gold_gain":0.0,"cards_transformed":["Strike_B","Strike_B"],"event_name":"Drug Dealer","player_choice":"Became Test Subject","floor":19.0,"gold_loss":0.0,"damage_taken":0.0,"cards_obtained":["Turbo","Storm"]},{"damage_healed":0.0,"max_hp_gain":0.0,"max_hp_loss":0.0,"gold_gain":0.0,"event_name":"The Library","player_choice":"Read","floor":20.0,"gold_loss":0.0,"damage_taken":0.0,"cards_obtained":["Glacier"]},{"damage_healed":0.0,"max_hp_gain":0.0,"max_hp_loss":0.0,"gold_gain":0.0,"event_name":"Addict","player_choice":"Obtained Relic","floor":21.0,"gold_loss":85.0,"damage_taken":0.0,"relics_obtained":["Symbiotic Virus"]},{"damage_healed":0,"gold_gain":0,"player_choice":"Cursed","damage_taken":0,"max_hp_gain":0,"max_hp_loss":0,"event_name":"Wheel of Change","floor":25,"gold_loss":0,"cards_obtained":["Decay"]}],"is_beta":true,"boss_relics":[{"not_picked":["FrozenCore","Calling Bell"],"picked":"Fusion Hammer"}],"items_purged_floors":[],"is_endless":false,"potions_floor_spawned":[7,10,22,23],"killed_by":"Slavers","ascension_level":20}}