{"host":"1tl36azeqm6yhdgj","time":1607513019,"event":{"gold_per_floor":[119,119,119,130,130,162,162,173,173,173,173,205,219,254,254,351,351,371,296,311,21,68,68,68,68],"floor_reached":24,"playtime":695,"items_purged":[],"score":329,"play_id":"36c3e368-0d0c-4db8-8411-78a901d157e3","local_time":"20201209062339","is_ascension_mode":true,"campfire_choices":[{"floor":7.0,"key":"RECALL"},{"floor":15,"key":"REST"},{"floor":23,"key":"REST"}],"neow_cost":"NONE","seed_source_timestamp":39374485379100,"circlet_count":0,"master_deck":["AscendersBane","Strike_R","Strike_R","Strike_R","Defend_R","Defend_R","Defend_R","Defend_R","Bash+1","Spot Weakness","Anger","Impervious","Metallicize","Limit Break","Shockwave"],"special_seed":0,"relics":["Burning Blood","Vajra","Shuriken","Tiny Chest","Blood Vial","Bottled Flame","WingedGreaves","Black Star","CaptainsWheel"],"potions_floor_usage":[16,20],"damage_taken":[{"damage":15.0,"enemies":"Small Slimes","floor":1.0,"turns":4.0},{"damage":14.0,"enemies":"Jaw Worm","floor":4.0,"turns":3.0},{"damage":25.0,"enemies":"Lagavulin","floor":6.0,"turns":5.0},{"damage":1.0,"enemies":"2 Louse","floor":8.0,"turns":3.0},{"damage":35.0,"enemies":"3 Sentries","floor":12.0,"turns":8.0},{"damage":12,"enemies":"2 Fungi Beasts","floor":13,"turns":5},{"damage":17,"enemies":"Lagavulin","floor":14,"turns":7},{"damage":23,"enemies":"Slime Boss","floor":16,"turns":11},{"damage":41,"enemies":"Shell Parasite","floor":18,"turns":8},{"damage":19,"enemies":"2 Thieves","floor":20,"turns":4},{"damage":61,"enemies":"Slavers","floor":24,"turns":5}],"seed_played":"-8698697985185302809","potions_obtained":[{"floor":1.0,"key":"Fire Potion"},{"floor":4.0,"key":"Strength Potion"},{"floor":14,"key":"Energy Potion"},{"floor":18,"key":"Strength Potion"}],"is_trial":false,"path_per_floor":["M","?","T","M","?","E","R","M","T","?","?","E","M","E","R","B",null,"M","?","M","$","T","R","E"],"character_chosen":"IRONCLAD","items_purchased":["CaptainsWheel"],"campfire_rested":2,"item_purchase_floors":[21],"current_hp_per_floor":[63,45,45,37,63,44,44,49,49,49,49,22,18,9,33,18,65,32,32,21,21,21,45,0,0],"gold":68,"neow_bonus":"UPGRADE_CARD","is_prod":false,"is_daily":false,"chose_seed":false,"campfire_upgraded":0,"win_rate":0,"timestamp":1607513019,"path_taken":["M","?","?","M","?","E","R","M","T","?","?","E","M","E","R","BOSS","M","?","M","$","?","R","E"],"build_version":"2020-11-30","purchased_purges":0,"victory":false,"max_hp_per_floor":[80,80,80,80,80,80,80,80,80,80,80,80,80,80,80,80,80,80,80,80,80,80,80,80,80],"card_choices":[{"not_picked":["Armaments","Flex"],"picked":"Spot Weakness","floor":1.0},{"not_picked":["Heavy Blade","Iron Wave","Armaments"],"picked":"SKIP","floor":4.0},{"not_picked":["Flex","Reckless Charge"],"picked":"Anger","floor":6.0},{"not_picked":["Wild Strike","True Grit","Sword Boomerang"],"picked":"SKIP","floor":8.0},{"not_picked":["Corruption","Thunderclap"],"picked":"Metallicize","floor":12.0},{"not_picked":["Second Wind","Hemokinesis","Havoc"],"picked":"SKIP","floor":13},{"not_picked":["Warcry","Perfected Strike","Bloodletting"],"picked":"SKIP","floor":14},{"not_picked":["Bludgeon","Barricade"],"picked":"Limit Break","floor":16},{"not_picked":["Heavy Blade","Headbutt+1","Iron Wave"],"picked":"SKIP","floor":18},{"not_picked":["True Grit","Flex"],"picked":"Shockwave","floor":20}],"player_experience":1893925,"relics_obtained":[{"floor":3.0,"key":"Shuriken"},{"floor":6.0,"key":"Tiny Chest"},{"floor":9.0,"key":"Blood Vial"},{"floor":12.0,"key":"Bottled Flame"},{"floor":14,"key":"WingedGreaves"}],"event_choices":[{"damage_healed":0.0,"max_hp_gain":0.0,"max_hp_loss":0.0,"gold_gain":0.0,"event_name":"Scrap Ooze","player_choice":"Success","floor":2.0,"gold_loss":0.0,"damage_taken":18.0,"relics_obtained":["Vajra"]},{"damage_healed":26.0,"max_hp_gain":0.0,"max_hp_loss":0.0,"gold_gain":0.0,"event_name":"Big Fish","player_choice":"Banana","floor":5.0,"gold_loss":0.0,"damage_taken":0.0},{"damage_healed":0.0,"max_hp_gain":0.0,"max_hp_loss":0.0,"gold_gain":0.0,"cards_transformed":["Strike_R"],"event_name":"Living Wall","player_choice":"Change","floor":10.0,"gold_loss":0.0,"damage_taken":0.0,"cards_obtained":["Impervious"]},{"damage_healed":0.0,"max_hp_gain":0.0,"max_hp_loss":0.0,"gold_gain":0.0,"event_name":"Shining Light","player_choice":"Ignored","floor":11.0,"gold_loss":0.0,"damage_taken":0.0},{"cards_removed":["Strike_R"],"damage_healed":0,"gold_gain":0,"player_choice":"Gave Gold","damage_taken":0,"max_hp_gain":0,"max_hp_loss":0,"event_name":"Beggar","floor":19,"gold_loss":75}],"is_beta":false,"boss_relics":[{"not_picked":["Fusion Hammer","Busted Crown"],"picked":"Black Star"}],"items_purged_floors":[],"is_endless":false,"potions_floor_spawned":[1,4,14,18],"killed_by":"Slavers","ascension_level":11}}