{"host":"hfvpa4llnnjpeawn","time":1607555440,"event":{"gold_per_floor":[109,109,124,143,143,143,175,175,198,198,226,241,319,332,332,332,332],"floor_reached":16,"playtime":1040,"items_purged":[],"score":110,"play_id":"d9fafb7a-2711-4e0b-b831-04dc889efba3","local_time":"20201209181040","is_ascension_mode":false,"campfire_choices":[{"data":"hermit:Snapshot","floor":6,"key":"SMITH"},{"data":"hermit:Reprieve","floor":10,"key":"SMITH"},{"floor":15,"key":"REST"}],"neow_cost":"NONE","seed_source_timestamp":372791146732300,"circlet_count":0,"master_deck":["hermit:Strike_Hermit","hermit:Strike_Hermit","hermit:Strike_Hermit","hermit:Strike_Hermit","hermit:Defend_Hermit","hermit:Defend_Hermit","hermit:Defend_Hermit","hermit:Defend_Hermit","hermit:Snapshot+1","hermit:Covet","hermit:Misfire","hermit:Malice","hermit:WideOpen","hermit:Reprieve+1","hermit:SprayPray","hubris:Gluttony","hermit:Brawl","hermit:GoldenBullet"],"relics":["hermit:Momento","Orichalcum","Blood Vial","hermit:RyeStalk","infinitespire:BottledMercury","ReplayTheSpireMod:CursedCoin"],"potions_floor_usage":[7,7,16,16,16],"damage_taken":[{"damage":0,"enemies":"2 Louse","floor":1,"turns":3},{"damage":0,"enemies":"Cultist","floor":3,"turns":3},{"damage":0,"enemies":"Small Slimes","floor":4,"turns":2},{"damage":19,"enemies":"Lagavulin","floor":7,"turns":5},{"damage":28,"enemies":"3 Sentries","floor":11,"turns":8},{"damage":9,"enemies":"Red Slaver","floor":12,"turns":3},{"damage":8,"enemies":"Blue Slaver","floor":14,"turns":3},{"damage":68,"enemies":"Hexaghost","floor":16,"turns":10}],"seed_played":"-5618335565669667850","potions_obtained":[{"floor":2,"key":"Energy Potion"},{"floor":2,"key":"Reflective Coating"},{"floor":2,"key":"SpeedPotion"},{"floor":7,"key":"hermit:BlackBile"},{"floor":12,"key":"DuplicationPotion"},{"floor":14,"key":"conspire:TimeTravelPotion"}],"is_trial":false,"path_per_floor":["M","?","M","M","$","R","E","?","T","R","E","M","$","M","R","B"],"character_chosen":"HERMIT","items_purchased":["ReplayTheSpireMod:CursedCoin","hermit:Brawl"],"campfire_rested":1,"item_purchase_floors":[13,13],"current_hp_per_floor":[75,75,75,75,75,75,56,56,56,56,38,31,31,25,47,13,13],"gold":332,"neow_bonus":"RANDOM_COMMON_RELIC","is_prod":false,"is_daily":false,"chose_seed":false,"campfire_upgraded":2,"win_rate":0.0,"timestamp":1607555440,"path_taken":["M","?","M","?","?","R","E","?","T","R","E","M","$","?","R","BOSS"],"build_version":"2020-11-30","purchased_purges":0,"victory":false,"max_hp_per_floor":[75,75,75,75,75,75,75,75,75,75,75,75,75,75,75,75,75],"card_choices":[{"not_picked":["hermit:Coalescence","hermit:CalledShot"],"picked":"hermit:Misfire","floor":1},{"not_picked":["hermit:Roulette","hermit:DeadMansHand"],"picked":"hermit:Malice","floor":3},{"not_picked":["hermit:BodyArmor","hermit:Misfire"],"picked":"hermit:WideOpen","floor":4},{"not_picked":["hermit:Shortfuse","hermit:Snipe"],"picked":"hermit:Reprieve","floor":7},{"not_picked":["hermit:Roulette","hermit:LuckOfTheDraw"],"picked":"hermit:SprayPray","floor":11},{"not_picked":["hermit:LowProfile","hermit:CalledShot","hermit:ItchyTrigger"],"picked":"SKIP","floor":12},{"not_picked":["hermit:Combo","hermit:TrackingShot"],"picked":"hermit:GoldenBullet","floor":14}],"player_experience":154263,"relics_obtained":[{"floor":7,"key":"Blood Vial"},{"floor":9,"key":"hermit:RyeStalk"},{"floor":11,"key":"infinitespire:BottledMercury"}],"event_choices":[{"damage_healed":0,"gold_gain":0,"player_choice":"Got Potions","damage_taken":0,"max_hp_gain":0,"max_hp_loss":0,"event_name":"Lab","floor":2,"gold_loss":0},{"damage_healed":0,"gold_gain":0,"player_choice":"Ignored","damage_taken":0,"max_hp_gain":0,"max_hp_loss":0,"event_name":"NoteForYourself","floor":8,"gold_loss":0}],"is_beta":false,"boss_relics":[],"items_purged_floors":[],"is_endless":false,"potions_floor_spawned":[3,7,12,14],"killed_by":"Hexaghost","ascension_level":0}}