{"host":"knkiqlnt7kg6m7j2","time":1607526679,"event":{"gold_per_floor":[119,119,119,131,33,67,67,100,100,119,19,38,38,56,56,160,160,178,453,471,486,194,194,29,44,69,87,87,99,128,139,139,239,239,257,73,93,93,93,93,127,177,177,194,245,265,91,117,117,117],"floor_reached":51,"playtime":2104,"items_purged":["Koishi:BasicStrike","Koishi:BasicDefend","Regret","Koishi:BasicStrike","MostiFishMod:Neptune"],"score":1235,"play_id":"df0a981f-5cd9-44ab-b3a5-8fbef488470e","local_time":"20201209231119","is_ascension_mode":true,"campfire_choices":[{"data":"Koishi:Untouchable","floor":7,"key":"SMITH"},{"data":"Koishi:SubconsciousSweep","floor":13,"key":"SMITH"},{"data":"Koishi:PredatoryInstincts","floor":15,"key":"SMITH"},{"data":"Koishi:RuptureMind","floor":23,"key":"SMITH"},{"data":"Koishi:RacingHeart","floor":28,"key":"SMITH"},{"data":"MostiFishMod:Confrontation","floor":32,"key":"SMITH"},{"data":"Koishi:HauntingSlash","floor":40,"key":"SMITH"},{"data":"MostiFishMod:SparklingWater","floor":49,"key":"SMITH"}],"neow_cost":"NONE","seed_source_timestamp":433159821561600,"circlet_count":0,"master_deck":["Koishi:Provoke","Koishi:HauntingSlash+1","MostiFishMod:TheEndOfMoonlight","MostiFishMod:SparklingWater+1","MostiFishMod:FantasySummer","MostiFishMod:NightSea","Koishi:Untouchable+1","Koishi:RuptureMind+1","Koishi:SubconsciousSweep+1","Koishi:PredatoryInstincts+1","Koishi:RacingHeart+1","MostiFishMod:Confrontation+1","Koishi:BloodcurdlingScream+1","MostiFishMod:OrdinaryWorld+1","Koishi:VengefulSpirit+1","Koishi:EmbryosDream+1","Koishi:DanmakuParanoia+1","Koishi:SubconsciousSweep+1","MostiFishMod:InvigoratingSolution"],"relics":["Koishi:ImaginaryFriend","DaveBox","NeowsBlessing","MoonlightInvasionPlan","Question Card","PrismaticShard","Koishi:TeethAndClaws","Strawberry","Pear","ImportantClient","ExusiaiGun","Molten Egg 2","PreservedInsect","Bag of Preparation","Smiling Mask","Astrolabe","ClockworkSouvenir","Mummified Hand","Thread and Needle","Koishi:LettersToReimu","Ice Cream","OrangePellets","Toxic Egg 2"],"potions_floor_usage":[50,50,50],"damage_taken":[{"damage":0,"enemies":"Cultist","floor":1,"turns":1},{"damage":0,"enemies":"2 Louse","floor":4,"turns":1},{"damage":0,"enemies":"3 Sentries","floor":6,"turns":2},{"damage":7,"enemies":"Lagavulin","floor":8,"turns":3},{"damage":0,"enemies":"Jaw Worm","floor":10,"turns":1},{"damage":0,"enemies":"Large Slime","floor":12,"turns":2},{"damage":0,"enemies":"Looter","floor":14,"turns":2},{"damage":0,"enemies":"Hexaghost","floor":16,"turns":9},{"damage":1,"enemies":"Chosen","floor":18,"turns":2},{"damage":0,"enemies":"3 Byrds","floor":20,"turns":3},{"damage":0,"enemies":"3 Cultists","floor":21,"turns":3},{"damage":0,"enemies":"Snecko","floor":25,"turns":1},{"damage":0,"enemies":"Shelled Parasite and Fungi","floor":27,"turns":4},{"damage":0,"enemies":"Centurion and Healer","floor":29,"turns":1},{"damage":0,"enemies":"Gremlin Leader","floor":30,"turns":1},{"damage":0,"enemies":"Snake Plant","floor":31,"turns":3},{"damage":0,"enemies":"Champ","floor":33,"turns":3},{"damage":22,"enemies":"3 Shapes","floor":35,"turns":1},{"damage":0,"enemies":"Orb Walker","floor":37,"turns":1},{"damage":0,"enemies":"Nemesis","floor":41,"turns":3},{"damage":0,"enemies":"Mind Bloom Boss Battle","floor":42,"turns":3},{"damage":0,"enemies":"Transient","floor":44,"turns":5},{"damage":0,"enemies":"2 Orb Walkers","floor":45,"turns":1},{"damage":0,"enemies":"3 Darklings","floor":46,"turns":1},{"damage":0,"enemies":"Reptomancer","floor":48,"turns":2},{"damage":0,"enemies":"Awakened One","floor":50,"turns":7}],"seed_played":"2947799790545973177","potions_obtained":[{"floor":1,"key":"PowerPotion"},{"floor":10,"key":"Block Potion"},{"floor":16,"key":"AttackPotion"},{"floor":45,"key":"DistilledChaos"}],"is_trial":false,"path_per_floor":["M","?","?","M","$","E","R","E","T","M","$","M","R","M","R","B",null,"M","?","M","M","$","R","$","M","T","M","R","M","E","M","R","B",null,"M","$","M","?","?","R","E","?","T","M","?","M","$","E","R","B",null],"character_chosen":"KOISHI","items_purchased":["Koishi:SubconsciousSweep","Molten Egg 2","Koishi:BloodcurdlingScream+1","PreservedInsect","Koishi:SubconsciousSweep+1","ClockworkSouvenir","OrangePellets"],"campfire_rested":0,"item_purchase_floors":[5,22,24,24,36,36,47],"current_hp_per_floor":[60,65,65,65,65,65,65,66,76,76,76,76,76,76,76,82,82,81,81,82,82,82,82,82,82,82,82,82,82,82,82,82,82,82,60,60,60,60,60,60,60,82,82,82,82,82,82,82,82,82],"gold":117,"neow_bonus":"THREE_ENEMY_KILL","is_prod":false,"is_daily":false,"chose_seed":false,"campfire_upgraded":8,"win_rate":0,"timestamp":1607526679,"path_taken":["M","?","?","M","$","E","R","E","T","M","$","M","R","?","R","BOSS","M","?","M","?","$","R","$","M","T","M","R","M","E","M","R","BOSS","M","$","M","?","?","R","E","?","T","M","?","M","?","E","R","BOSS"],"build_version":"2020-11-30","purchased_purges":5,"victory":true,"max_hp_per_floor":[60,65,65,65,65,65,65,72,82,82,82,82,82,82,82,82,82,82,82,82,82,82,82,82,82,82,82,82,82,82,82,82,82,82,82,82,82,82,82,82,82,82,82,82,82,82,82,82,82,82],"card_choices":[{"not_picked":["Koishi:StingingMind","Koishi:EmbryosDream"],"picked":"Koishi:Untouchable","floor":1},{"not_picked":["Headbutt","Shrug It Off","Collect","EmptyBody"],"picked":"SKIP","floor":4},{"not_picked":["Slimebound:RollThrough","Slimebound:ComboTackle","Guardian:PrimingBeam","Slimebound:FirmFortitude"],"picked":"SKIP","floor":6},{"not_picked":["expansioncontent:FaceSlap","MostiFishMod:ThornCasing","Prepared"],"picked":"Koishi:PredatoryInstincts","floor":8},{"not_picked":["Guardian:Gem_Cyan","Streamline","Headbutt","hexamod:FastForward"],"picked":"SKIP","floor":10},{"not_picked":["expansioncontent:DefensiveStance","Guardian:Gem_Green","JustLucky","MostiFishMod:MemoryFragments"],"picked":"SKIP","floor":12},{"not_picked":["sneckomod:QuickBite","Guardian:RollAttack","Indignation"],"picked":"Koishi:RacingHeart","floor":14},{"not_picked":["MostiFishMod:IntelligentEquipment","Thunder Strike","Panache"],"picked":"MostiFishMod:Confrontation","floor":16},{"not_picked":["Rip and Tear","Slimebound:GrowthPunch","Ricochet","Power Through"],"picked":"SKIP","floor":18},{"not_picked":["FastForward+1","sneckomod:SoulDraw","Cleave","hexamod:NecessarySacrifice"],"picked":"SKIP","floor":20},{"not_picked":["Koishi:PhilosophyOfTheDespised","Koishi:ParalyzingFear","BottledTime","Guardian:GuardianWhirl"],"picked":"SKIP","floor":21},{"not_picked":["Shrug It Off","Guardian:ChargeCore+1","Force Field","Slimebound:SplitLeeching+1"],"picked":"SKIP","floor":25},{"not_picked":["Guardian:ChargeCore+1","FastForward+1","hexamod:ShieldOfDarkness+1","Heavy Blade+1"],"picked":"SKIP","floor":27},{"not_picked":["Guardian:PrimingBeam+1","Koishi:SubterraneanRose","Guardian:PiercingHide","Guardian:CrystalBeam+1"],"picked":"SKIP","floor":29},{"not_picked":["KillingDoll+1","Choke+1","Consecrate+1","sneckomod:RainOfDice+1"],"picked":"SKIP","floor":30},{"not_picked":["RealityMarble","Blur","ClearTheMind+1","Dropkick+1"],"picked":"SKIP","floor":31},{"not_picked":["Slimebound:LeechLife+1","Reboot","MostiFishMod:FluxCapactior"],"picked":"MostiFishMod:OrdinaryWorld+1","floor":33},{"not_picked":["Thunderclap+1","Stack+1","Meditate","expansioncontent:Sear+1"],"picked":"SKIP","floor":35},{"not_picked":["Koishi:RacingHeart+1","Guardian:BronzeArmor","Guardian:TemporalStrike+1","Shockwave"],"picked":"SKIP","floor":37},{"not_picked":["Slimebound:SlimeSpikes+1","Koishi:MassHysteria+1","Heavy Blade+1","expansioncontent:Corrupt"],"picked":"SKIP","floor":41},{"not_picked":["ShatteredReality+1","hexamod:Rewind+1","Guardian:SentryBeam+1","Guardian:ShieldCharger"],"picked":"SKIP","floor":44},{"not_picked":["RealityMarble+1","Slimebound:ViciousTackle+1","Eviscerate+1"],"picked":"MostiFishMod:InvigoratingSolution","floor":45},{"not_picked":["Bane+1","BottledTime+1","EmptyBody","True Grit"],"picked":"SKIP","floor":46},{"not_picked":["Pummel+1","Cold Snap+1","Deadly Poison+1","Slimebound:ProtectTheBoss+1"],"picked":"SKIP","floor":48}],"player_experience":77565,"relics_obtained":[{"floor":1,"key":"Question Card"},{"floor":1,"key":"PrismaticShard"},{"floor":6,"key":"Koishi:TeethAndClaws"},{"floor":8,"key":"Strawberry"},{"floor":9,"key":"Pear"},{"floor":16,"key":"ImportantClient"},{"floor":26,"key":"Bag of Preparation"},{"floor":30,"key":"Smiling Mask"},{"floor":41,"key":"Mummified Hand"},{"floor":42,"key":"Thread and Needle"},{"floor":43,"key":"Koishi:LettersToReimu"},{"floor":45,"key":"Ice Cream"},{"floor":48,"key":"Toxic Egg 2"}],"event_choices":[{"damage_healed":0,"gold_gain":0,"player_choice":"Donut","damage_taken":0,"max_hp_gain":5,"max_hp_loss":0,"event_name":"Big Fish","floor":2,"gold_loss":0},{"damage_healed":0,"gold_gain":0,"cards_transformed":["Koishi:BasicStrike"],"player_choice":"Transformed","damage_taken":0,"max_hp_gain":0,"max_hp_loss":0,"event_name":"Transmorgrifier","floor":3,"gold_loss":0,"cards_obtained":["Koishi:RuptureMind"]},{"damage_healed":0,"gold_gain":275,"player_choice":"Desecrate","damage_taken":0,"max_hp_gain":0,"max_hp_loss":0,"event_name":"Golden Shrine","floor":19,"gold_loss":0,"cards_obtained":["Regret"]},{"damage_healed":0,"gold_gain":0,"player_choice":"Ignored","damage_taken":0,"max_hp_gain":0,"max_hp_loss":0,"event_name":"Tomb of Lord Red Mask","floor":38,"gold_loss":0},{"cards_removed":["Koishi:BasicStrike"],"damage_healed":0,"gold_gain":0,"player_choice":"Removed Attack","damage_taken":0,"max_hp_gain":0,"max_hp_loss":0,"event_name":"Falling","floor":39,"gold_loss":0},{"damage_healed":0,"gold_gain":0,"player_choice":"Fight","damage_taken":0,"max_hp_gain":0,"max_hp_loss":0,"event_name":"MindBloom","floor":42,"gold_loss":0},{"damage_healed":0,"gold_gain":0,"player_choice":"Fight","damage_taken":0,"max_hp_gain":0,"max_hp_loss":0,"event_name":"Mysterious Sphere","floor":45,"gold_loss":0}],"is_beta":false,"boss_relics":[{"not_picked":["Busted Crown","xbg"],"picked":"ExusiaiGun"},{"not_picked":["RhineFirstAidKit","TakeMeEscape"],"picked":"Astrolabe"}],"items_purged_floors":[5,11,22,36,47],"is_endless":false,"potions_floor_spawned":[1,10,16,18,25,27,31,37,41,45,46,48],"ascension_level":3}}