{"host":"j0a1jfichhxu8b8p","time":1607515225,"event":{"gold_per_floor":[111,111,125,135,147,172,187,205,231,257,257,287,298,316,316,393,393,382,400,400,400,416,445,455,455,455,487,487,514,614,489,489,567,617,633,633,224,134,9,41,51,51,77,89,89,120,136,169,169,169],"floor_reached":51,"playtime":3039,"items_purged":["Strike_R","Strike_R","Headbutt"],"score":1896,"play_id":"f0d495d9-27af-4b23-be7f-33a8e5d7fe22","local_time":"20201209210025","is_ascension_mode":true,"campfire_choices":[{"data":"Armaments","floor":11.0,"key":"SMITH"},{"floor":15.0,"key":"REST"},{"data":"Shrug It Off","floor":25.0,"key":"SMITH"},{"floor":28.0,"key":"REST"},{"data":"Body Slam","floor":32,"key":"SMITH"},{"data":"Havoc","floor":42,"key":"SMITH"},{"data":"Body Slam","floor":45,"key":"SMITH"},{"data":"Sentinel","floor":49,"key":"SMITH"}],"neow_cost":"NONE","seed_source_timestamp":1501706702929600,"circlet_count":0,"master_deck":["AscendersBane","Defend_R","Defend_R+1","Defend_R","Defend_R+1","Bash","CurseOfTheBell","Body Slam+1","Havoc+1","Havoc+1","Offering","Shrug It Off","Corruption+1","Burning Pact","Havoc+1","Shrug It Off+1","Second Wind","Shockwave","Second Wind","Warcry+1","Body Slam+1","Offering","Sentinel+1"],"special_seed":0,"relics":["Calling Bell","PreservedInsect","Matryoshka","Dead Branch","Regal Pillow","Darkstone Periapt","Ancient Tea Set","Bag of Marbles","Anchor","Black Star","Omamori","Singing Bowl","Nunchaku","Vajra","InkBottle","Paper Frog","Mango","Dream Catcher","Bird Faced Urn","Sundial","Tiny House","White Beast Statue","Blue Candle","Centennial Puzzle","CaptainsWheel","War Paint","Question Card","Oddly Smooth Stone"],"potions_floor_usage":[50],"damage_taken":[{"damage":3.0,"enemies":"2 Louse","floor":1.0,"turns":4.0},{"damage":0.0,"enemies":"Small Slimes","floor":3.0,"turns":4.0},{"damage":1.0,"enemies":"Cultist","floor":4.0,"turns":3.0},{"damage":2.0,"enemies":"Looter","floor":5.0,"turns":4.0},{"damage":30.0,"enemies":"3 Sentries","floor":6.0,"turns":5.0},{"damage":3.0,"enemies":"Blue Slaver","floor":7.0,"turns":7.0},{"damage":2.0,"enemies":"2 Fungi Beasts","floor":8.0,"turns":4.0},{"damage":8.0,"enemies":"Gremlin Nob","floor":10.0,"turns":3.0},{"damage":6.0,"enemies":"Lagavulin","floor":12.0,"turns":4.0},{"damage":5.0,"enemies":"Lots of Slimes","floor":13.0,"turns":5.0},{"damage":6.0,"enemies":"Red Slaver","floor":14.0,"turns":5.0},{"damage":34.0,"enemies":"The Guardian","floor":16.0,"turns":13.0},{"damage":17.0,"enemies":"2 Thieves","floor":18.0,"turns":5.0},{"damage":6.0,"enemies":"3 Byrds","floor":19.0,"turns":4.0},{"damage":0.0,"enemies":"Snake Plant","floor":22.0,"turns":1.0},{"damage":17.0,"enemies":"Gremlin Leader","floor":23.0,"turns":3.0},{"damage":6.0,"enemies":"Snecko","floor":24.0,"turns":3.0},{"damage":8.0,"enemies":"Slavers","floor":27.0,"turns":4.0},{"damage":0.0,"enemies":"Gremlin Leader","floor":29.0,"turns":2.0},{"damage":6,"enemies":"Colosseum Slavers","floor":30,"turns":2},{"damage":0,"enemies":"Colosseum Nobs","floor":30,"turns":4},{"damage":8,"enemies":"Collector","floor":33,"turns":5},{"damage":6,"enemies":"3 Darklings","floor":35,"turns":3},{"damage":10,"enemies":"Nemesis","floor":40,"turns":3},{"damage":6,"enemies":"Orb Walker","floor":41,"turns":1},{"damage":6,"enemies":"3 Darklings","floor":44,"turns":2},{"damage":6,"enemies":"Giant Head","floor":46,"turns":1},{"damage":0,"enemies":"4 Shapes","floor":47,"turns":3},{"damage":6,"enemies":"Nemesis","floor":48,"turns":1},{"damage":10,"enemies":"Awakened One","floor":50,"turns":3}],"seed_played":"-6989165017662868397","potions_obtained":[{"floor":4.0,"key":"SteroidPotion"},{"floor":5.0,"key":"ColorlessPotion"},{"floor":8.0,"key":"Strength Potion"},{"floor":12.0,"key":"SneckoOil"},{"floor":23.0,"key":"Fruit Juice"},{"floor":33,"key":"LiquidMemories"}],"is_trial":false,"path_per_floor":["M","?","M","M","M","E","M","M","T","E","R","E","M","M","R","B",null,"M","M","?","?","M","E","M","R","T","E","R","E","?","$","R","B",null,"M","?","$","?","$","E","M","R","T","M","R","E","M","E","R","B",null],"character_chosen":"IRONCLAD","items_purchased":["ColorlessPotion","Body Slam","White Beast Statue"],"campfire_rested":2,"item_purchase_floors":[31,37,37],"current_hp_per_floor":[65,70,70,69,67,37,34,32,32,24,24,18,13,7,46,12,63,46,40,40,40,40,28,22,22,22,14,54,70,66,66,66,68,101,105,105,105,105,105,99,93,93,93,91,91,85,93,91,91,93],"gold":169,"neow_bonus":"BOSS_RELIC","is_prod":false,"is_daily":false,"chose_seed":false,"campfire_upgraded":6,"win_rate":0,"timestamp":1607515225,"path_taken":["M","?","M","M","M","E","M","M","T","E","R","E","M","M","R","BOSS","M","M","?","?","?","E","M","R","T","E","R","E","?","$","R","BOSS","M","?","$","?","$","E","?","R","T","M","R","E","M","E","R","BOSS"],"build_version":"2020-11-30","purchased_purges":3,"victory":true,"max_hp_per_floor":[75,80,80,80,80,80,80,80,80,80,80,80,80,80,80,80,80,80,80,80,80,80,85,85,85,85,85,85,101,103,103,103,105,110,112,112,112,112,112,114,114,114,114,116,116,116,118,120,120,120],"card_choices":[{"not_picked":["Sever Soul","Twin Strike"],"picked":"Body Slam","floor":1.0},{"not_picked":["Heavy Blade","Warcry"],"picked":"Armaments","floor":3.0},{"not_picked":["Body Slam","Searing Blow","Intimidate"],"picked":"SKIP","floor":4.0},{"not_picked":["Impervious","Anger"],"picked":"Havoc","floor":5.0},{"not_picked":["Thunderclap","Entrench"],"picked":"Havoc","floor":6.0},{"not_picked":["Iron Wave","Rupture","Headbutt"],"picked":"SKIP","floor":7.0},{"not_picked":["Havoc","Body Slam"],"picked":"Offering","floor":8.0},{"not_picked":["Spot Weakness","Headbutt","Heavy Blade"],"picked":"SKIP","floor":10.0},{"not_picked":["Anger","Pommel Strike"],"picked":"Shrug It Off","floor":12.0},{"not_picked":["Fire Breathing","Blood for Blood","Wild Strike"],"picked":"SKIP","floor":13.0},{"not_picked":["Sword Boomerang","Armaments","Rupture"],"picked":"SKIP","floor":14.0},{"not_picked":["Immolate","Reaper"],"picked":"Corruption","floor":16.0},{"not_picked":["Wild Strike","Heavy Blade"],"picked":"Burning Pact","floor":18.0},{"not_picked":["Heavy Blade","Thunderclap","Clothesline"],"picked":"SKIP","floor":19.0},{"not_picked":["Power Through","Anger"],"picked":"Shrug It Off","floor":22.0},{"not_picked":["Perfected Strike+1","Fiend Fire"],"picked":"Second Wind","floor":23.0},{"not_picked":["Clash","Headbutt"],"picked":"Shockwave","floor":24.0},{"not_picked":["Flame Barrier","Sever Soul"],"picked":"Second Wind","floor":27.0},{"not_picked":["Twin Strike","Hemokinesis","Reckless Charge"],"picked":"Singing Bowl","floor":29.0},{"not_picked":["Burning Pact","Seeing Red","Wild Strike"],"picked":"Singing Bowl","floor":30},{"not_picked":["Limit Break","Immolate","Bludgeon"],"picked":"Singing Bowl","floor":33},{"not_picked":["Blood for Blood","Rage"],"picked":"Warcry+1","floor":34},{"not_picked":["Warcry","Clothesline+1","Pommel Strike"],"picked":"Singing Bowl","floor":35},{"not_picked":["Rampage+1","Seeing Red","Shockwave"],"picked":"Singing Bowl","floor":40},{"not_picked":["Evolve","Twin Strike"],"picked":"Offering","floor":41},{"not_picked":["Clothesline+1","Armaments+1","Body Slam"],"picked":"Singing Bowl","floor":44},{"not_picked":["Perfected Strike+1","Rage+1"],"picked":"Sentinel","floor":46},{"not_picked":["Armaments","Havoc","Warcry"],"picked":"Singing Bowl","floor":47},{"not_picked":["Clothesline","Headbutt","Bloodletting"],"picked":"Singing Bowl","floor":48}],"player_experience":262575,"relics_obtained":[{"floor":0.0,"key":"PreservedInsect"},{"floor":0.0,"key":"Matryoshka"},{"floor":0.0,"key":"Dead Branch"},{"floor":6.0,"key":"Regal Pillow"},{"floor":9.0,"key":"Darkstone Periapt"},{"floor":9.0,"key":"Ancient Tea Set"},{"floor":10.0,"key":"Bag of Marbles"},{"floor":12.0,"key":"Anchor"},{"floor":23.0,"key":"Omamori"},{"floor":23.0,"key":"Singing Bowl"},{"floor":26.0,"key":"Nunchaku"},{"floor":26.0,"key":"Vajra"},{"floor":27.0,"key":"InkBottle"},{"floor":27.0,"key":"Paper Frog"},{"floor":29.0,"key":"Mango"},{"floor":29.0,"key":"Dream Catcher"},{"floor":30,"key":"Bird Faced Urn"},{"floor":30,"key":"Sundial"},{"floor":40,"key":"Blue Candle"},{"floor":40,"key":"Centennial Puzzle"},{"floor":46,"key":"CaptainsWheel"},{"floor":46,"key":"War Paint"},{"floor":48,"key":"Question Card"},{"floor":48,"key":"Oddly Smooth Stone"}],"event_choices":[{"damage_healed":0.0,"max_hp_gain":5.0,"max_hp_loss":0.0,"gold_gain":0.0,"event_name":"Big Fish","player_choice":"Donut","floor":2.0,"gold_loss":0.0,"damage_taken":0.0},{"damage_healed":0.0,"max_hp_gain":0.0,"max_hp_loss":0.0,"gold_gain":0.0,"cards_transformed":["Strike_R","Strike_R"],"event_name":"Drug Dealer","player_choice":"Became Test Subject","floor":20.0,"gold_loss":0.0,"damage_taken":0.0,"cards_obtained":["Havoc","Headbutt"]},{"damage_healed":0.0,"max_hp_gain":0.0,"max_hp_loss":0.0,"gold_gain":0.0,"event_name":"Accursed Blacksmith","player_choice":"Forge","floor":21.0,"gold_loss":0.0,"damage_taken":0.0,"cards_upgraded":["Corruption"]},{"damage_healed":0,"gold_gain":0,"player_choice":"Fight","damage_taken":0,"max_hp_gain":0,"max_hp_loss":0,"event_name":"Colosseum","floor":30,"gold_loss":0},{"damage_healed":0,"gold_gain":0,"player_choice":"Fought Nobs","damage_taken":0,"max_hp_gain":0,"max_hp_loss":0,"event_name":"Colosseum","floor":30,"gold_loss":0},{"cards_removed":["Armaments"],"damage_healed":0,"gold_gain":0,"player_choice":"Removed Skill","damage_taken":0,"max_hp_gain":0,"max_hp_loss":0,"event_name":"Falling","floor":36,"gold_loss":0},{"cards_removed":["Strike_R"],"damage_healed":0,"gold_gain":0,"player_choice":"Upgrade and Remove","damage_taken":0,"max_hp_gain":0,"max_hp_loss":0,"event_name":"Designer","floor":38,"gold_loss":90,"cards_upgraded":["Defend_R"]}],"is_beta":false,"boss_relics":[{"not_picked":["Sozu","Runic Cube"],"picked":"Black Star"},{"not_picked":["Runic Dome","Fusion Hammer"],"picked":"Tiny House"}],"items_purged_floors":[31,37,39],"is_endless":false,"potions_floor_spawned":[4,5,8,12,14,16,22,23,30,33,35,40,41,44,46,47,48],"ascension_level":14}}