{"host":"87fdiiwflhrwsj8a","time":1607539921,"event":{"gold_per_floor":[112,112,122,217,230,230,260,260,260,260,260,294,219,219,219,219,219],"floor_reached":16,"playtime":475,"items_purged":["Pain"],"score":312,"play_id":"9f42c66c-29bb-4fef-9637-af80e8a06b64","local_time":"20201209135201","is_ascension_mode":true,"campfire_choices":[{"data":"Dualcast","floor":6.0,"key":"SMITH"},{"data":"Zap","floor":8.0,"key":"SMITH"},{"data":"Reboot","floor":15,"key":"SMITH"}],"neow_cost":"","seed_source_timestamp":94390985748400,"circlet_count":0,"master_deck":["AscendersBane","Strike_B","Strike_B","Strike_B","Strike_B","Defend_B","Defend_B","Defend_B","Defend_B","Zap+1","Dualcast+1","Ball Lightning","Barrage","Leap","Reboot+1","Panic Button","Injury","BasicCrystalCard+1"],"special_seed":0,"relics":["Cracked Core","Symbiotic Virus","StuffTheSpire:Nightcore","Chameleon Ring","aspiration:HatOfInfinitePower","Replay:Baseball","Toxic Egg 2","infinitespire:Bottled Soul"],"potions_floor_usage":[16],"damage_taken":[{"damage":0.0,"enemies":"Small Slimes","floor":1.0,"turns":2.0},{"damage":0.0,"enemies":"2 Louse","floor":3.0,"turns":2.0},{"damage":0.0,"enemies":"Cultist","floor":5.0,"turns":2.0},{"damage":4.0,"enemies":"Gremlin Nob","floor":7.0,"turns":3.0},{"damage":20,"enemies":"Replay:BlueRogue","floor":12,"turns":4},{"damage":35,"enemies":"Fading Forest","floor":16,"turns":7}],"seed_played":"5009930109115972532","potions_obtained":[{"floor":7.0,"key":"PotionOfCapacity"},{"floor":12,"key":"Reflective Coating"}],"is_trial":false,"path_per_floor":["M","?","M","?","M","R","E","R","T","?","?","E","$","?","R","B"],"character_chosen":"DEFECT","items_purchased":["Symbiotic Virus","Chameleon Ring"],"campfire_rested":0,"item_purchase_floors":[0,0],"current_hp_per_floor":[32,32,32,32,32,32,28,28,28,28,28,8,8,31,31,4,4],"gold":219,"neow_bonus":"","is_prod":false,"is_daily":false,"chose_seed":false,"campfire_upgraded":3,"win_rate":0,"timestamp":1607539921,"path_taken":["M","?","M","?","?","R","E","R","T","?","?","E","$","?","R","BOSS"],"build_version":"2020-11-30","purchased_purges":1,"victory":false,"max_hp_per_floor":[71,71,71,71,71,71,71,71,71,71,71,71,71,71,71,71,71],"card_choices":[{"not_picked":["Cold Snap","FTL"],"picked":"Ball Lightning","floor":1.0},{"not_picked":["Steam","Time Bomb","Hello World"],"picked":"SKIP","floor":3.0},{"not_picked":["Defragment","Hologram"],"picked":"Barrage","floor":4.0},{"not_picked":["Gash","Reinforced Body"],"picked":"Leap","floor":4.0},{"not_picked":["Stack","Go for the Eyes"],"picked":"Reboot","floor":4.0},{"not_picked":["aspiration:Polymerization","Conserve Battery","ReplayTheSpireMod:Reroute Power"],"picked":"SKIP","floor":5.0},{"not_picked":["Storm","Gash"],"picked":"Panic Button","floor":7.0},{"not_picked":["Compile Driver","Barrage"],"picked":"BasicCrystalCard+1","floor":12}],"player_experience":2505604,"relics_obtained":[{"floor":7.0,"key":"aspiration:HatOfInfinitePower"},{"floor":9.0,"key":"Replay:Baseball"},{"floor":12,"key":"infinitespire:Bottled Soul"}],"event_choices":[{"damage_healed":23,"gold_gain":0,"player_choice":"Banana","damage_taken":0,"max_hp_gain":0,"max_hp_loss":0,"event_name":"Big Fish","floor":14,"gold_loss":0}],"is_beta":false,"boss_relics":[],"items_purged_floors":[13],"is_endless":false,"potions_floor_spawned":[7,12],"killed_by":"Fading Forest","ascension_level":20}}