{"host":"3q9keoo8j4hzgybw","time":1607552864,"event":{"gold_per_floor":[109,123,123,123,140,154,188,188,188,188,220,239,239,267,267,366,366,381,381,12,25,25,25,59,59,133,143,172,72,86,114,114,209,209,229,229,104,120,170,200,200,230,254,289,289,139,139,156,156,156],"floor_reached":51,"playtime":1928,"items_purged":["Strike_RM","Defend_RM","StarOfDavid","Strike_RM"],"score":861,"play_id":"4c129d54-7077-4ed0-9ef2-f2be03bcebed","local_time":"20201209232744","is_ascension_mode":true,"campfire_choices":[{"data":"EternalNight","floor":8,"key":"SMITH"},{"data":"Stigmanizer","floor":10,"key":"SMITH"},{"data":"TricksterDevil","floor":13,"key":"SMITH"},{"data":"NightLord","floor":15,"key":"SMITH"},{"data":"Stigmanizer","floor":23,"key":"SMITH"},{"data":"HunterOfTheNight","floor":25,"key":"SMITH"},{"floor":32,"key":"REST"},{"floor":41,"key":"REST"},{"floor":47,"key":"REST"},{"floor":49,"key":"REST"}],"neow_cost":"NONE","seed_source_timestamp":28143308024000,"circlet_count":0,"master_deck":["Strike_RM","Strike_RM","Defend_RM","Defend_RM","RedMoon","ScarletShoot","MastersStateliness+1","HunterOfTheNight+1","Stigmanizer+1","EternalNight+1","TricksterDevil+1","NightLord+1","NightLord+1","DemonKingCradle+1"],"relics":["ScarletHat","NeowsBlessing","StoneCalendar","Matryoshka","AntiCross","Odd Mushroom","Busted Crown","FairyMaid","Potion Belt","Blood Vial","Molten Egg 2","Darkstone Periapt","RedBat","Runic Dome","Calipers","Dream Catcher","Gungnir","Lantern","Toy Ornithopter","Strawberry"],"potions_floor_usage":[7,50,50,50,50],"damage_taken":[{"damage":0,"enemies":"Jaw Worm","floor":1,"turns":1},{"damage":0,"enemies":"Small Slimes","floor":2,"turns":1},{"damage":0,"enemies":"Cultist","floor":5,"turns":1},{"damage":0,"enemies":"Looter","floor":6,"turns":3},{"damage":8,"enemies":"3 Sentries","floor":7,"turns":7},{"damage":19,"enemies":"Lagavulin","floor":11,"turns":7},{"damage":6,"enemies":"Blue Slaver","floor":12,"turns":2},{"damage":6,"enemies":"The Mushroom Lair","floor":14,"turns":3},{"damage":27,"enemies":"Hexaghost","floor":16,"turns":4},{"damage":11,"enemies":"2 Thieves","floor":18,"turns":2},{"damage":13,"enemies":"Shell Parasite","floor":21,"turns":2},{"damage":14,"enemies":"Gremlin Leader","floor":24,"turns":3},{"damage":15,"enemies":"Centurion and Healer","floor":27,"turns":3},{"damage":5,"enemies":"Book of Stabbing","floor":28,"turns":2},{"damage":13,"enemies":"Shelled Parasite and Fungi","floor":30,"turns":2},{"damage":14,"enemies":"Gremlin Leader","floor":31,"turns":2},{"damage":24,"enemies":"Champ","floor":33,"turns":4},{"damage":8,"enemies":"3 Darklings","floor":35,"turns":2},{"damage":0,"enemies":"Orb Walker","floor":38,"turns":2},{"damage":0,"enemies":"Mind Bloom Boss Battle","floor":39,"turns":2},{"damage":45,"enemies":"Nemesis","floor":40,"turns":5},{"damage":3,"enemies":"Giant Head","floor":42,"turns":3},{"damage":3,"enemies":"Nemesis","floor":44,"turns":3},{"damage":22,"enemies":"4 Shapes","floor":48,"turns":3},{"damage":21,"enemies":"Time Eater","floor":50,"turns":4}],"seed_played":"-1209268291347313494","potions_obtained":[{"floor":2,"key":"DuplicationPotion"},{"floor":7,"key":"Fruit Juice"},{"floor":11,"key":"Block Potion"},{"floor":12,"key":"Strength Potion"},{"floor":30,"key":"ColorlessPotion"},{"floor":33,"key":"Strength Potion"}],"is_trial":false,"path_per_floor":["M","M","?","?","M","M","E","R","T","R","E","M","R","?","R","B",null,"M","?","$","M","?","R","E","R","T","M","E","$","M","E","R","B",null,"M","?","$","M","?","E","R","E","T","E","?","$","R","M","R","B",null],"character_chosen":"REMILIA","items_purchased":["FairyMaid"],"campfire_rested":4,"item_purchase_floors":[20],"current_hp_per_floor":[75,75,75,75,75,75,75,75,75,75,63,60,60,54,54,41,80,71,71,71,58,90,90,80,80,80,69,66,66,55,44,71,59,90,82,82,82,87,89,58,85,85,85,91,91,91,97,75,97,90],"gold":156,"neow_bonus":"THREE_ENEMY_KILL","is_prod":false,"is_daily":false,"chose_seed":false,"campfire_upgraded":6,"win_rate":0,"timestamp":1607552864,"path_taken":["M","M","?","?","M","?","E","R","T","R","E","M","R","?","R","BOSS","M","?","$","?","?","R","E","R","T","M","E","$","M","E","R","BOSS","M","?","$","?","?","E","R","E","T","E","?","?","R","?","R","BOSS"],"build_version":"2020-11-30","purchased_purges":4,"victory":true,"max_hp_per_floor":[75,75,75,75,75,75,80,80,80,80,80,80,80,80,80,80,80,80,80,80,80,90,90,90,90,90,90,90,90,90,90,90,90,90,90,90,90,90,90,90,90,90,90,97,97,97,97,97,97,97],"card_choices":[{"not_picked":["RedRainbow","VampireKiss"],"picked":"MastersStateliness","floor":1},{"not_picked":["EndlessAdversity","ScarletNetherworld"],"picked":"HunterOfTheNight","floor":2},{"not_picked":["RedRainbow","BombardNight"],"picked":"StarOfDavid","floor":5},{"not_picked":["FavorOfDestiny","BombardNight"],"picked":"Stigmanizer","floor":6},{"not_picked":["HellCatastrophe","BloodHunter"],"picked":"EternalNight","floor":7},{"not_picked":["RedRainbow","FavorOfDestiny"],"picked":"TricksterDevil","floor":11},{"not_picked":["BombardNight","CharismaGuard"],"picked":"Stigmanizer","floor":12},{"not_picked":["CeilingFear","MastersStateliness"],"picked":"NightLord","floor":14},{"not_picked":["AfternoonTea+1"],"picked":"SKIP","floor":18},{"not_picked":["BloodHunter+1"],"picked":"SKIP","floor":21},{"not_picked":["HunterOfTheNight"],"picked":"SKIP","floor":24},{"not_picked":["ScarletDevil+1"],"picked":"SKIP","floor":27},{"not_picked":["UnderTheZenith"],"picked":"SKIP","floor":28},{"not_picked":["ScarletImprint+1"],"picked":"SKIP","floor":30},{"not_picked":["ScarletDream"],"picked":"SKIP","floor":31},{"not_picked":[],"picked":"DemonKingCradle","floor":33},{"not_picked":["SuperhumanBloodyKnife+1"],"picked":"SKIP","floor":35},{"not_picked":["VampireKiss+1"],"picked":"SKIP","floor":38},{"not_picked":["BlasphemousPunishment+1"],"picked":"SKIP","floor":40},{"not_picked":["StarOfDavid+1"],"picked":"SKIP","floor":42},{"not_picked":["BloodHunter+1"],"picked":"SKIP","floor":44},{"not_picked":["ScarletDevil+1"],"picked":"SKIP","floor":48}],"player_experience":55729,"relics_obtained":[{"floor":7,"key":"StoneCalendar"},{"floor":9,"key":"Matryoshka"},{"floor":11,"key":"AntiCross"},{"floor":14,"key":"Odd Mushroom"},{"floor":24,"key":"Potion Belt"},{"floor":26,"key":"Blood Vial"},{"floor":26,"key":"Molten Egg 2"},{"floor":28,"key":"Darkstone Periapt"},{"floor":31,"key":"RedBat"},{"floor":39,"key":"Calipers"},{"floor":40,"key":"Dream Catcher"},{"floor":42,"key":"Gungnir"},{"floor":43,"key":"Lantern"},{"floor":43,"key":"Toy Ornithopter"},{"floor":44,"key":"Strawberry"}],"event_choices":[{"damage_healed":0,"gold_gain":0,"player_choice":"Grow","damage_taken":0,"max_hp_gain":0,"max_hp_loss":0,"event_name":"Living Wall","floor":3,"gold_loss":0,"cards_upgraded":["MastersStateliness"]},{"cards_removed":["Defend_RM"],"damage_healed":0,"gold_gain":0,"player_choice":"Offered Basic","damage_taken":0,"max_hp_gain":0,"max_hp_loss":0,"event_name":"Bonfire Elementals","floor":4,"gold_loss":0},{"damage_healed":0,"gold_gain":0,"player_choice":"Fought Mushrooms","damage_taken":0,"max_hp_gain":0,"max_hp_loss":0,"event_name":"Mushrooms","floor":14,"gold_loss":0},{"damage_healed":0,"gold_gain":0,"player_choice":"Copied","damage_taken":0,"max_hp_gain":0,"max_hp_loss":0,"event_name":"Duplicator","floor":19,"gold_loss":0,"cards_obtained":["NightLord"]},{"damage_healed":0,"gold_gain":0,"player_choice":"Forge","damage_taken":0,"max_hp_gain":0,"max_hp_loss":0,"event_name":"Accursed Blacksmith","floor":36,"gold_loss":0,"cards_upgraded":["DemonKingCradle"]},{"damage_healed":0,"gold_gain":0,"player_choice":"Fight","damage_taken":0,"max_hp_gain":0,"max_hp_loss":0,"event_name":"MindBloom","floor":39,"gold_loss":0},{"cards_removed":["Stigmanizer"],"damage_healed":0,"gold_gain":0,"player_choice":"Removed Attack","damage_taken":0,"max_hp_gain":0,"max_hp_loss":0,"event_name":"Falling","floor":45,"gold_loss":0}],"is_beta":false,"boss_relics":[{"not_picked":["Snecko Eye","Fusion Hammer"],"picked":"Busted Crown"},{"not_picked":["Coffee Dripper","SlaversCollar"],"picked":"Runic Dome"}],"items_purged_floors":[20,29,37,46],"is_endless":false,"potions_floor_spawned":[2,7,11,12,16,21,30,33,35,38,39,48],"ascension_level":1}}