{"host":"x6p78d0jjxip90i1","time":1607456279,"event":{"gold_per_floor":[132,110299,110309,110309,109999,109999],"floor_reached":5,"playtime":168,"items_purged":["Defend_purpleEX","AT_purpleEX","AT_purpleEX","Defend_purpleEX","AT_purpleEX"],"score":29,"play_id":"5749c477-792d-4990-84cb-ab87bc74c856","local_time":"20201209033759","daily_mods":["Heirloom","Flight","Elite Swarm"],"is_ascension_mode":false,"campfire_choices":[],"neow_cost":"","seed_source_timestamp":0,"circlet_count":0,"master_deck":["AT_purpleEX","Defend_purpleEX","Defend_purpleEX","Observe_purple_1","Observe_purple_2","yuri:BookBlue"],"relics":["Boundary_crack","Memoryfragments_purpleEX","qcfpunch:Army_Boots","qcfpunch:Chain_With_Nametags","qcfpunch:Combat_Fatigues","replay:Trail_Library","LagranYue:RandomDrawCardRelic","TungstenRod","MerchantsRug","ClockworkSouvenir","Replay:Multitool","Bag of Marbles","Golden Idol","Gremlin Food","Omamori"],"potions_floor_usage":[],"damage_taken":[{"damage":0,"enemies":"2 Louse","floor":1,"turns":3},{"damage":0,"enemies":"Jaw Worm","floor":3,"turns":4}],"seed_played":"-8333920839505384534","potions_obtained":[{"floor":3,"key":"AttackPotion"}],"is_trial":true,"path_per_floor":["M","$","M","?","$"],"character_chosen":"Youkari","items_purchased":["MerchantsRug","yuri:BookBlue","ClockworkSouvenir","Replay:Multitool","Bag of Marbles","Gremlin Food","Omamori"],"campfire_rested":0,"item_purchase_floors":[2,2,2,2,2,5,5],"current_hp_per_floor":[35,35,35,28,28,28],"gold":109999,"neow_bonus":"","is_prod":false,"is_daily":false,"chose_seed":false,"campfire_upgraded":0,"win_rate":0,"timestamp":1607456279,"path_taken":["M","$","M","?","$"],"build_version":"2020-11-30","purchased_purges":5,"victory":false,"max_hp_per_floor":[35,35,35,35,35,35],"relic_stats":{"counters":[2,7],"Golden Idol":0,"obtain_stats":[{"Gremlin Food":5,"qcfpunch:Army_Boots":0,"MerchantsRug":2,"LagranYue:RandomDrawCardRelic":0,"Golden Idol":4,"Replay:Multitool":2,"Omamori":5,"Boundary_crack":0,"ClockworkSouvenir":2,"qcfpunch:Combat_Fatigues":0,"Bag of Marbles":2,"qcfpunch:Chain_With_Nametags":0,"TungstenRod":0,"Memoryfragments_purpleEX":0,"replay:Trail_Library":0},{"Gremlin Food":2,"qcfpunch:Army_Boots":0,"MerchantsRug":1,"LagranYue:RandomDrawCardRelic":0,"Golden Idol":2,"Replay:Multitool":1,"Omamori":2,"Boundary_crack":0,"ClockworkSouvenir":1,"qcfpunch:Combat_Fatigues":0,"Bag of Marbles":1,"qcfpunch:Chain_With_Nametags":0,"TungstenRod":0,"Memoryfragments_purpleEX":0,"replay:Trail_Library":0},{"Gremlin Food":7,"qcfpunch:Army_Boots":0,"MerchantsRug":3,"LagranYue:RandomDrawCardRelic":0,"Golden Idol":7,"Replay:Multitool":3,"Omamori":7,"Boundary_crack":0,"ClockworkSouvenir":3,"qcfpunch:Combat_Fatigues":0,"Bag of Marbles":3,"qcfpunch:Chain_With_Nametags":0,"TungstenRod":0,"Memoryfragments_purpleEX":0,"replay:Trail_Library":0}],"TungstenRod":2},"card_choices":[{"not_picked":["LagranYue:AttackIceCard","yuri:Stare","StateErode_purple"],"picked":"SKIP","floor":1},{"not_picked":["FragmentationRealm_purple","yuri:Stalk","LagranYue:AttackKingCard"],"picked":"SKIP","floor":3}],"player_experience":86626,"relics_obtained":[],"event_choices":[{"damage_healed":0,"gold_gain":0,"player_choice":"Take Damage","damage_taken":8,"relics_obtained":["Golden Idol"],"max_hp_gain":0,"max_hp_loss":0,"event_name":"Golden Idol","floor":4,"gold_loss":0}],"is_beta":false,"boss_relics":[],"items_purged_floors":[2,2,2,2,2],"is_endless":true,"potions_floor_spawned":[3],"ascension_level":0}}