{"host":"87fdiiwflhrwsj8a","time":1607557306,"event":{"gold_per_floor":[116,116,266,278,278,308,308,342,342,368,379,406,22,40,40,117,117,127,127,127,21,21,34,59,59,59,75,75,117,117,129,129,215,215,230,248,321,340,177,177,197,222,222,249,258,269,278,278,278,358,358,358],"floor_reached":51,"playtime":1456,"items_purged":[],"score":1532,"play_id":"824be7bb-8268-42dc-bfe4-9d3d06377117","local_time":"20201209184146","is_ascension_mode":true,"campfire_choices":[{"data":"StuffTheSpire:LaunchingStrike","floor":7.0,"key":"SMITH"},{"floor":15.0,"key":"REST"},{"floor":28.0,"key":"REST"},{"floor":30.0,"key":"REST"},{"floor":32,"key":"REST"},{"floor":40,"key":"REST"},{"floor":49,"key":"REST"}],"neow_cost":"NONE","seed_source_timestamp":110800094504700,"circlet_count":0,"master_deck":["AscendersBane","Strike_B","Strike_B","Strike_B","Strike_B","Defend_B","Defend_B","Defend_B","Defend_B","Zap","Dualcast","Ball Lightning","StuffTheSpire:LaunchingStrike+1","Pot Of Greed","Pot Of Greed","Barrage","ReplayGash","StuffTheSpire:PlasmaPunch","Ball Lightning","Apotheosis","Double Energy","Gash","ReplayGash","All For One","Madness","Madness","Pot Of Greed","ReplayTheSpireMod:Haul","infinitespire:Oblivion","Seek"],"special_seed":0,"relics":["Cracked Core","aspiration:BabyByrd","NeowsBlessing","StuffTheSpire:MayFlowers","Bag of Marbles","Grinning Jar","StuffTheSpire:Gunfinga","Onion Ring","Membership Card","aspiration:SeaSaltIceCream","Omamori","Busted Crown","aspiration:HummingbirdHeart","StuffTheSpire:Tea","aspiration:Stabinomicon","Replay:Bottled Flurry","CeramicFish","Replay:Bronze Core","ReplayTheSpireMod:TigerMarble","Replay:Antivirus Software","Frozen Eye","Potion Belt","infinitespire:BottledMercury","aspiration:HatOfInfinitePower"],"potions_floor_usage":[33,38,50],"damage_taken":[{"damage":0.0,"enemies":"Jaw Worm","floor":1.0,"turns":1.0},{"damage":0.0,"enemies":"2 Louse","floor":4.0,"turns":1.0},{"damage":0.0,"enemies":"Lagavulin","floor":6.0,"turns":1.0},{"damage":32.0,"enemies":"Gremlin Nob","floor":8.0,"turns":5.0},{"damage":20.0,"enemies":"Lagavulin","floor":10.0,"turns":6.0},{"damage":0.0,"enemies":"Cultist","floor":11.0,"turns":2.0},{"damage":5.0,"enemies":"3 Sentries","floor":12.0,"turns":4.0},{"damage":0.0,"enemies":"Exordium Thugs","floor":14.0,"turns":2.0},{"damage":22.0,"enemies":"Hexaghost","floor":16.0,"turns":6.0},{"damage":0.0,"enemies":"Chosen","floor":18.0,"turns":2.0},{"damage":2.0,"enemies":"Shell Parasite","floor":23.0,"turns":2.0},{"damage":27.0,"enemies":"Nightmare","floor":24.0,"turns":5.0},{"damage":0.0,"enemies":"Cultist and Chosen","floor":27.0,"turns":3.0},{"damage":12.0,"enemies":"Book of Stabbing","floor":29.0,"turns":2.0},{"damage":0,"enemies":"Snecko","floor":31,"turns":2},{"damage":39,"enemies":"Automaton","floor":33,"turns":6},{"damage":0,"enemies":"Orb Walker","floor":35,"turns":1},{"damage":6,"enemies":"3 Shapes","floor":36,"turns":5},{"damage":1,"enemies":"Sphere and 2 Shapes","floor":38,"turns":4},{"damage":0,"enemies":"3 Darklings","floor":41,"turns":2},{"damage":8,"enemies":"Reptomancer","floor":42,"turns":2},{"damage":0,"enemies":"Transient","floor":46,"turns":2},{"damage":20,"enemies":"Donu and Deca","floor":50,"turns":5},{"damage":55,"enemies":"Time Eater","floor":51,"turns":3}],"seed_played":"6153702744059210143","potions_obtained":[{"floor":1.0,"key":"Energy Potion"},{"floor":6.0,"key":"Flashbang"},{"floor":8.0,"key":"Toxic Potion"},{"floor":10.0,"key":"LiquidBronze"},{"floor":14.0,"key":"LiquidMemories"},{"floor":18.0,"key":"Dexterity Potion"},{"floor":27.0,"key":"Fire Potion"},{"floor":31,"key":"FocusPotion"},{"floor":36,"key":"ColorlessPotion"},{"floor":38,"key":"Strength Potion"},{"floor":50,"key":"Elixir"}],"is_trial":false,"path_per_floor":["M","?","?","M","?","E","R","E","T","E","M","E","$","M","R","B",null,"M","T","$","$","?","M","NM","?","T","M","R","E","R","M","R","B",null,"M","M","?","M","$","R","M","E","T","?","AVR","M","?","$","R","B","B"],"character_chosen":"DEFECT","items_purchased":["Membership Card","aspiration:SeaSaltIceCream","ReplayGash","StuffTheSpire:PlasmaPunch","Apotheosis","Replay:Antivirus Software","Frozen Eye"],"campfire_rested":6,"item_purchase_floors":[13,13,13,13,21,39,39],"current_hp_per_floor":[64,64,64,64,57,57,57,25,25,8,8,3,3,3,24,5,55,55,55,55,55,55,53,26,5,5,5,26,14,35,35,56,20,58,58,52,29,28,28,49,49,41,41,28,28,28,11,11,32,16,0,0],"gold":358,"neow_bonus":"THREE_ENEMY_KILL","is_prod":false,"is_daily":false,"chose_seed":false,"campfire_upgraded":1,"win_rate":0,"timestamp":1607557306,"path_taken":["M","?","?","M","?","E","R","E","T","E","M","E","?","?","R","BOSS","M","?","?","$","?","M","NM","?","T","M","R","E","R","M","R","BOSS","M","M","?","?","$","R","M","E","T","?","AVR","M","?","?","R","BOSS","BOSS"],"build_version":"2020-11-30","purchased_purges":0,"victory":false,"max_hp_per_floor":[71,71,71,71,71,71,71,71,71,71,71,71,71,71,71,71,71,71,71,71,71,71,71,71,71,71,71,71,71,71,71,71,71,71,71,71,71,71,71,71,71,71,71,71,71,71,71,71,71,71,71,71],"card_choices":[{"not_picked":["Gash","StuffTheSpire:Rend"],"picked":"Ball Lightning","floor":1.0},{"not_picked":["Fusion","ReplayTheSpireMod:Repulse","Go for the Eyes"],"picked":"SKIP","floor":4.0},{"not_picked":["Steam","Hello World"],"picked":"StuffTheSpire:LaunchingStrike","floor":6.0},{"not_picked":["Doom and Gloom","Barrage","Force Field"],"picked":"SKIP","floor":8.0},{"not_picked":["White Noise","ReplayGash","Turbo"],"picked":"SKIP","floor":10.0},{"not_picked":["Blizzard","Rebound","ReplayTheSpireMod:System Scan"],"picked":"SKIP","floor":11.0},{"not_picked":["Sweeping Beam","Chaos"],"picked":"Barrage","floor":12.0},{"not_picked":["Loop","White Noise"],"picked":"Ball Lightning","floor":14.0},{"not_picked":["StuffTheSpire:CleanHardDrive"],"picked":"SKIP","floor":18.0},{"not_picked":[],"picked":"Double Energy","floor":23.0},{"not_picked":[],"picked":"Gash","floor":24.0},{"not_picked":["Blizzard"],"picked":"SKIP","floor":27.0},{"not_picked":[],"picked":"ReplayGash","floor":29.0},{"not_picked":["StuffTheSpire:LoadUp"],"picked":"SKIP","floor":31},{"not_picked":[],"picked":"All For One","floor":33},{"not_picked":["Go for the Eyes"],"picked":"SKIP","floor":35},{"not_picked":["Redo"],"picked":"SKIP","floor":36},{"not_picked":["Compile Driver+1"],"picked":"SKIP","floor":38},{"not_picked":["Redo"],"picked":"SKIP","floor":41},{"not_picked":["Stack"],"picked":"SKIP","floor":42},{"not_picked":["Stack"],"picked":"SKIP","floor":46},{"not_picked":["infinitespire:Gouge","infinitespire:SealOfDarkness+"],"picked":"infinitespire:Oblivion","floor":47},{"not_picked":[],"picked":"Seek","floor":50}],"player_experience":2514030,"relics_obtained":[{"floor":6.0,"key":"StuffTheSpire:MayFlowers"},{"floor":8.0,"key":"Bag of Marbles"},{"floor":9.0,"key":"Grinning Jar"},{"floor":10.0,"key":"StuffTheSpire:Gunfinga"},{"floor":12.0,"key":"Onion Ring"},{"floor":19.0,"key":"aspiration:HummingbirdHeart"},{"floor":24.0,"key":"StuffTheSpire:Tea"},{"floor":25.0,"key":"aspiration:Stabinomicon"},{"floor":26.0,"key":"Replay:Bottled Flurry"},{"floor":29.0,"key":"CeramicFish"},{"floor":37,"key":"ReplayTheSpireMod:TigerMarble"},{"floor":42,"key":"Potion Belt"},{"floor":43,"key":"infinitespire:BottledMercury"}],"event_choices":[{"damage_healed":0.0,"max_hp_gain":0.0,"max_hp_loss":0.0,"gold_gain":150.0,"event_name":"betterThird:BetterSerpent","player_choice":"AGREE","floor":3.0,"gold_loss":0.0,"damage_taken":116.0},{"cards_removed":["Doubt"],"damage_healed":0.0,"max_hp_gain":0.0,"max_hp_loss":0.0,"gold_gain":0.0,"event_name":"Golden Wing","player_choice":"Card Removal","floor":5.0,"gold_loss":0.0,"damage_taken":7.0},{"cards_removed":["Defend_B"],"damage_healed":0.0,"max_hp_gain":0.0,"max_hp_loss":0.0,"gold_gain":0.0,"event_name":"betterNote:BetterNote","player_choice":"Give","floor":22.0,"gold_loss":0.0,"damage_taken":0.0,"cards_obtained":["Defend_B"]},{"damage_healed":0.0,"max_hp_gain":0.0,"max_hp_loss":0.0,"gold_gain":0.0,"event_name":"Cursed Tome","player_choice":"Obtained Book","floor":25.0,"gold_loss":0.0,"damage_taken":21.0},{"damage_healed":0,"gold_gain":0,"player_choice":"Embrace Madness","damage_taken":13,"max_hp_gain":0,"max_hp_loss":0,"event_name":"Winding Halls","floor":44,"gold_loss":0,"cards_obtained":["Madness","Madness"]}],"is_beta":false,"boss_relics":[{"not_picked":["SacredBark","Snecko Heart"],"picked":"Busted Crown"},{"not_picked":["Runic Dome","aspiration:FutureDiary"],"picked":"Replay:Bronze Core"}],"items_purged_floors":[],"is_endless":true,"potions_floor_spawned":[1,6,8,10,14,18,27,31,36,38,50],"killed_by":"Time Eater","ascension_level":20}}