{"host":"zxgdr4fkkh57nqy4","time":1607516933,"event":{"gold_per_floor":[119,69,69,45,56,56,66,66,78,68,86,98,112,112,142,142,142],"floor_reached":16,"playtime":745,"items_purged":[],"score":104,"play_id":"f262f53d-cbaa-46c8-b2f0-66189b4db377","local_time":"20201209202853","is_ascension_mode":false,"campfire_choices":[{"data":"rmod:seals","floor":6.0,"key":"SMITH"}],"neow_cost":"","seed_source_timestamp":0,"circlet_count":0,"master_deck":["rmod:strick","rmod:strick","rmod:strick","rmod:defend","rmod:defend","rmod:defend","rmod:basicallowance","rmod:maingunfire","VoidDream","rmod:aviationdawn","rmod:diamondstrike","OSAHOGD","rmod:seals+1","Bloodbath","CherryBlossoms","rmod:wasp","rmod:expedition","DreamingCurrent","rmod:circuitoustactics","MHz","rmod:wife"],"special_seed":0,"relics":["rmod:firstchargereward","CogitoBucket","Gaze_r","MagicBullet_r","LetterFromLob","Theresia","Ice Cream","Tiny Chest"],"potions_floor_usage":[15],"damage_taken":[{"damage":0.0,"enemies":"Jaw Worm","floor":1.0,"turns":3.0},{"damage":7.0,"enemies":"Small Slimes","floor":5.0,"turns":2.0},{"damage":0.0,"enemies":"Cultist","floor":7.0,"turns":3.0},{"damage":19.0,"enemies":"3 Louse","floor":8.0,"turns":6.0},{"damage":0,"enemies":"Jaw Worm","floor":9,"turns":1},{"damage":0,"enemies":"2 Louse","floor":11,"turns":2},{"damage":8,"enemies":"Cultist","floor":12,"turns":6},{"damage":13,"enemies":"Large Slime","floor":13,"turns":5},{"damage":51,"enemies":"Gremlin Nob","floor":15,"turns":4},{"damage":23,"enemies":"2 Fungi Beasts","floor":16,"turns":1}],"seed_played":"94077902521782738","potions_obtained":[{"floor":1.0,"key":"Block Potion"},{"floor":12,"key":"SkillPotion"}],"is_trial":false,"path_per_floor":["M","?","?","$","M","R","M","M","M","?","M","M","M","?","E","M"],"character_chosen":"PRAEFECT","items_purchased":["rmod:diamondstrike"],"campfire_rested":0,"item_purchase_floors":[4],"current_hp_per_floor":[75,75,68,68,61,61,61,75,75,75,75,68,75,68,37,14,14],"gold":142,"neow_bonus":"","is_prod":false,"is_daily":false,"chose_seed":false,"campfire_upgraded":1,"win_rate":0,"timestamp":1607516933,"path_taken":["M","?","?","$","M","R","M","M","M","?","M","M","M","?","E","M"],"build_version":"2020-11-30","purchased_purges":0,"victory":false,"max_hp_per_floor":[75,75,75,75,75,75,75,75,75,75,75,75,75,75,75,75,75],"card_choices":[{"not_picked":["PunishingBird","Yin"],"picked":"VoidDream","floor":1.0},{"not_picked":["rmod:slowdown","rmod:combined"],"picked":"rmod:aviationdawn","floor":1.0},{"not_picked":["GalaxyChild","Laetitia"],"picked":"OSAHOGD","floor":5.0},{"not_picked":["rmod:circuitoustactics","rmod:openingtorpedo"],"picked":"rmod:seals","floor":5.0},{"not_picked":["LaLuna","PunishingBird"],"picked":"Bloodbath","floor":7.0},{"not_picked":["rmod:diaomin","rmod:smokecover","rmod:unsinkable"],"picked":"SKIP","floor":7.0},{"not_picked":["FairyFestival","Woodsman"],"picked":"CherryBlossoms","floor":9},{"not_picked":["rmod:maintain","rmod:overbreakdown"],"picked":"rmod:wasp","floor":9},{"not_picked":[],"picked":"rmod:expedition","floor":10},{"not_picked":["LaLuna","OldLady"],"picked":"DreamingCurrent","floor":11},{"not_picked":["rmod:overbreakdown","rmod:wolves"],"picked":"rmod:circuitoustactics","floor":11},{"not_picked":["BigBadWolf","UniverseFragment"],"picked":"MHz","floor":12},{"not_picked":["rmod:fletcherpendant","rmod:highspeedshooting"],"picked":"rmod:wife","floor":12},{"not_picked":["rmod:overbreakdown","rmod:supportescort","rmod:circuitoustactics"],"picked":"SKIP","floor":13},{"not_picked":["rmod:goodfighter","rmod:royalracing","rmod:concentratefire"],"picked":"SKIP","floor":15}],"player_experience":425589,"relics_obtained":[{"floor":1.0,"key":"LetterFromLob"},{"floor":9,"key":"LetterFromLob"},{"floor":15,"key":"Tiny Chest"}],"event_choices":[{"cards_removed":["rmod:strick"],"damage_healed":0.0,"max_hp_gain":0.0,"max_hp_loss":0.0,"gold_gain":0.0,"event_name":"The Cleric","player_choice":"Card Removal","floor":2.0,"gold_loss":50.0,"damage_taken":0.0},{"cards_removed":["rmod:defend"],"damage_healed":0.0,"max_hp_gain":0.0,"max_hp_loss":0.0,"gold_gain":0.0,"event_name":"Golden Wing","player_choice":"Card Removal","floor":3.0,"gold_loss":0.0,"damage_taken":7.0},{"damage_healed":0,"gold_gain":0,"player_choice":"Success","damage_taken":7,"relics_obtained":["Ice Cream"],"max_hp_gain":0,"max_hp_loss":0,"event_name":"Scrap Ooze","floor":14,"gold_loss":0}],"is_beta":false,"boss_relics":[],"items_purged_floors":[],"is_endless":false,"potions_floor_spawned":[1,8,12],"killed_by":"2 Fungi Beasts","ascension_level":0}}