{"host":"jgyoyy5iuhtvyvtg","time":1607500885,"event":{"gold_per_floor":[114,133,143,143,143,143,154,154,154,154,179,190,190,190,190,294,294,311,311,321,335,354,354,134,166,166,76,107,120,120,135,135,234,234,246,266,114,125,144,144,156,181,205,205,15,15,29,57,57,57,57],"floor_reached":50,"playtime":1842,"items_purged":[],"score":644,"play_id":"e967acb8-c6af-414e-b1cc-a56cf6d1b16b","local_time":"20201209000125","is_ascension_mode":false,"campfire_choices":[{"data":"Perfected Strike","floor":6,"key":"SMITH"},{"data":"Eruption","floor":8,"key":"SMITH"},{"data":"Fire Breathing","floor":10,"key":"SMITH"},{"data":"BarbarianYell","floor":15,"key":"SMITH"},{"data":"Perfected Strike","floor":23,"key":"SMITH"},{"data":"Double Tap","floor":30,"key":"SMITH"},{"data":"Metallicize","floor":32,"key":"SMITH"},{"data":"Brutality","floor":40,"key":"SMITH"},{"data":"Rage","floor":44,"key":"SMITH"},{"data":"ReplayTheSpireMod:Brewmster","floor":49,"key":"SMITH"}],"neow_cost":"","seed_source_timestamp":459480468367600,"circlet_count":0,"master_deck":["Strike_R+1","Strike_R+1","Strike_R+1","Strike_R+1","Strike_R+1","Defend_R+1","Defend_R+1","Defend_R+1","Defend_R+1","Bash+1","Perfected Strike+1","Woodsman","Eruption+1","UniverseFragment","Fire Breathing+1","BarbarianYell+1","Double Tap+1","ReplayTheSpireMod:Private Reserves","Perfected Strike+1","Metallicize+1","Life Link+1","Uppercut+1","Brutality+1","Rage+1","Cleave+1","CENSORED","ReplayTheSpireMod:Brewmster+1","Decay","Pommel Strike"],"relics":["Burning Blood","CogitoBucket","RabbitCall","LetterFromLob","ZombieTooth","Turnip","LuminousBracelet","Incense Burner","expansioncontent:StudyCardRelic","SkinProphecy","ClockworkSouvenir","Art of War","Centennial Puzzle","theJungle:ParSnip","Magic Flower","Philosopher\u0027s Stone","BackwardClock","AtMidnight","Replay:Baseball","Durian","SpikesRelics:DaevaFist","conspire:TopHat"],"potions_floor_usage":[22,50],"damage_taken":[{"damage":5,"enemies":"Jaw Worm","floor":1,"turns":4},{"damage":1,"enemies":"Cultist","floor":2,"turns":3},{"damage":2,"enemies":"Small Slimes","floor":3,"turns":3},{"damage":27,"enemies":"2 Fungi Beasts","floor":7,"turns":3},{"damage":23,"enemies":"Lagavulin","floor":11,"turns":7},{"damage":33,"enemies":"Looter","floor":12,"turns":4},{"damage":26,"enemies":"Slime Boss","floor":16,"turns":5},{"damage":2,"enemies":"theJungle:MUSHROOMGANG","floor":18,"turns":4},{"damage":32,"enemies":"theJungle:GiantWrat","floor":20,"turns":3},{"damage":12,"enemies":"theJungle:Snecko_Cultist_And_Trap","floor":21,"turns":3},{"damage":34,"enemies":"theJungle:SlimyTreeVines","floor":22,"turns":3},{"damage":0,"enemies":"theJungle:MamaSnecko","floor":25,"turns":3},{"damage":4,"enemies":"theJungle:2_Phrogs","floor":28,"turns":4},{"damage":7,"enemies":"theJungle:2_Snecko_Cultists","floor":29,"turns":4},{"damage":19,"enemies":"theJungle:JungleHuntersEncounter","floor":31,"turns":4},{"damage":16,"enemies":"theJungle:FunGuy","floor":33,"turns":7},{"damage":50,"enemies":"3 Darklings","floor":35,"turns":5},{"damage":2,"enemies":"3 Shapes","floor":36,"turns":2},{"damage":16,"enemies":"Writhing Mass","floor":38,"turns":4},{"damage":2,"enemies":"Spire Growth","floor":39,"turns":2},{"damage":1,"enemies":"Jaw Worm Horde","floor":41,"turns":2},{"damage":54,"enemies":"R_Hoarder","floor":42,"turns":5},{"damage":15,"enemies":"Sphere and 2 Shapes","floor":47,"turns":4},{"damage":41,"enemies":"Reptomancer","floor":48,"turns":3},{"damage":532,"enemies":"Time Eater","floor":50,"turns":8}],"seed_played":"-9082771685672896290","potions_obtained":[{"floor":2,"key":"Strength Potion"},{"floor":12,"key":"LiquidBronze"},{"floor":16,"key":"Ancient Potion"},{"floor":25,"key":"EssenceOfSteel"},{"floor":47,"key":"Energy Potion"},{"floor":48,"key":"Flashbang"}],"is_trial":false,"path_per_floor":["M","M","M","?","?","R","M","R","T","R","E","M","T","$","R","B",null,"M","?","M","M","M","R","$","E","T","?","E","M","R","M","R","B",null,"M","M","$","M","M","R","M","E","T","R","$","?","M","E","R","B"],"character_chosen":"IRONCLAD","items_purchased":["Metallicize","ClockworkSouvenir","Replay:Baseball","ReplayTheSpireMod:Brewmster"],"campfire_rested":0,"item_purchase_floors":[24,24,37,45],"current_hp_per_floor":[80,80,80,80,80,80,65,65,65,65,54,60,60,60,60,59,95,95,95,75,82,63,63,63,89,89,89,95,101,101,103,103,105,105,109,111,111,111,115,115,117,90,90,90,90,90,126,128,128,0,0],"gold":57,"neow_bonus":"","is_prod":false,"is_daily":false,"chose_seed":false,"campfire_upgraded":10,"win_rate":0,"timestamp":1607500885,"path_taken":["M","M","M","?","?","R","M","R","T","R","E","M","?","$","R","BOSS","M","?","?","M","M","R","$","E","T","?","E","M","R","M","R","BOSS","M","M","$","?","M","R","M","E","T","R","$","?","?","E","R","BOSS"],"build_version":"2020-11-30","purchased_purges":0,"victory":false,"max_hp_per_floor":[80,80,80,80,80,80,80,80,80,80,80,95,95,95,95,95,95,95,95,95,95,95,95,95,97,97,97,99,101,101,103,103,105,105,109,111,111,113,115,115,117,124,124,124,124,124,126,128,128,132,132],"card_choices":[{"not_picked":["SpiderBud","MHz","WallGazer"],"picked":"Singing Bowl","floor":1},{"not_picked":["Wild Strike","Twin Strike"],"picked":"Perfected Strike","floor":1},{"not_picked":["FairyFestival","GreedKing","OSAHOGD"],"picked":"Singing Bowl","floor":2},{"not_picked":["Flex","True Grit"],"picked":"Inflame","floor":2},{"not_picked":["ShyLook","Scorched"],"picked":"Woodsman","floor":3},{"not_picked":["ReplayTheSpireMod:Limb From Limb","Flex","ReplayTheSpireMod:Strike From Hell"],"picked":"SKIP","floor":3},{"not_picked":["GreedKing","MeatLantern"],"picked":"UniverseFragment","floor":7},{"not_picked":["True Grit","ReplayTheSpireMod:Strike From Hell"],"picked":"Fire Breathing","floor":7},{"not_picked":["MeatLantern","Rudolta","SpiderBud"],"picked":"Singing Bowl","floor":11},{"not_picked":["True Grit","Sentinel"],"picked":"BarbarianYell","floor":11},{"not_picked":["FairyFestival","Scorched","QueenBee"],"picked":"Singing Bowl","floor":12},{"not_picked":["Sword Boomerang","conspire:HitWhereItHurts","Intimidate"],"picked":"SKIP","floor":12},{"not_picked":["OldLady","FairyFestival","Rudolta"],"picked":"Singing Bowl","floor":16},{"not_picked":["Corruption","Demonic Infusion"],"picked":"Double Tap","floor":16},{"not_picked":["Scorched","SpiderBud","FairyFestival"],"picked":"Singing Bowl","floor":18},{"not_picked":["Defy Death","Body Slam","True Grit+1"],"picked":"SKIP","floor":18},{"not_picked":["BeautyBeast","NothingThere","Variant"],"picked":"Singing Bowl","floor":20},{"not_picked":["Inflame+1","Limit Break"],"picked":"Perfected Strike","floor":20},{"not_picked":["Scorched","Freischutz","BodiesMountain"],"picked":"Singing Bowl","floor":21},{"not_picked":["Run Through","True Grit+1","Sentinel+1"],"picked":"SKIP","floor":21},{"not_picked":["FairyFestival","BigBadWolf","Bloodbath"],"picked":"Singing Bowl","floor":22},{"not_picked":["Second Wind","Demon Form","ReplayTheSpireMod:Strike From Hell+1"],"picked":"SKIP","floor":22},{"not_picked":["CherryBlossoms","Bloodbath","SpiderBud"],"picked":"Singing Bowl","floor":25},{"not_picked":["Flex","Carnage"],"picked":"Life Link+1","floor":25},{"not_picked":["NothingThere","BeautyBeast","Yin"],"picked":"Singing Bowl","floor":28},{"not_picked":["Sever Soul","Seeing Red","Hemogenesis"],"picked":"SKIP","floor":28},{"not_picked":["MeltingLove","BodiesMountain","WallGazer"],"picked":"Singing Bowl","floor":29},{"not_picked":["Cleave+1","Evolve"],"picked":"Uppercut+1","floor":29},{"not_picked":["Murderer","DespairKnight","HeroicMonk"],"picked":"Singing Bowl","floor":31},{"not_picked":["Defy Death","Intimidate","Havoc"],"picked":"SKIP","floor":31},{"not_picked":["DespairKnight","BigBird","LongBird"],"picked":"Singing Bowl","floor":33},{"not_picked":["Replay:Many Hands","Demonic Infusion"],"picked":"Brutality","floor":33},{"not_picked":["SingingMachine","NakedNest","BlackSwan"],"picked":"Singing Bowl","floor":35},{"not_picked":["Clothesline","Sever Soul","Havoc"],"picked":"SKIP","floor":35},{"not_picked":["VoidDream","BlueStar","Mercenary"],"picked":"Singing Bowl","floor":36},{"not_picked":["Dark Embrace+1","Iron Wave+1"],"picked":"Rage","floor":36},{"not_picked":["QueenBee","CherryBlossoms","Murderer"],"picked":"Singing Bowl","floor":38},{"not_picked":["Dark Embrace+1","Spot Weakness"],"picked":"Cleave+1","floor":38},{"not_picked":["HappyTeddy","QueenOfHatred","WhitesApple"],"picked":"Singing Bowl","floor":39},{"not_picked":["Heavy Blade+1","Feel No Pain+1","Clash"],"picked":"SKIP","floor":39},{"not_picked":["Wellcheers","VoidDream","Alriune"],"picked":"Singing Bowl","floor":41},{"not_picked":["Havoc+1","Armaments+1","ReplayTheSpireMod:Corrosion Curse"],"picked":"SKIP","floor":41},{"not_picked":["WhiteNight","DespairKnight"],"picked":"CENSORED","floor":42},{"not_picked":["Run Through+1","Dark Embrace+1","Limit Break"],"picked":"SKIP","floor":42},{"not_picked":["OSAHOGD","Scarecrow","BigBird"],"picked":"Singing Bowl","floor":47},{"not_picked":["Heavy Blade","Warcry","Iron Wave"],"picked":"SKIP","floor":47},{"not_picked":["BodiesMountain","NothingThere","Variant"],"picked":"Singing Bowl","floor":48},{"not_picked":["conspire:ExplosiveBarrier+1","Rage"],"picked":"Pommel Strike","floor":48}],"player_experience":3042032,"relics_obtained":[{"floor":1,"key":"LetterFromLob"},{"floor":9,"key":"ZombieTooth"},{"floor":11,"key":"Turnip"},{"floor":13,"key":"Incense Burner"},{"floor":25,"key":"Art of War"},{"floor":26,"key":"Centennial Puzzle"},{"floor":28,"key":"Magic Flower"},{"floor":35,"key":"AtMidnight"},{"floor":42,"key":"Durian"},{"floor":43,"key":"SpikesRelics:DaevaFist"},{"floor":48,"key":"conspire:TopHat"}],"event_choices":[{"cards_removed":["Inflame"],"damage_healed":0,"gold_gain":0,"player_choice":"Took Card","damage_taken":0,"max_hp_gain":0,"max_hp_loss":0,"event_name":"NoteForYourself","floor":5,"gold_loss":0,"cards_obtained":["Eruption"]},{"damage_healed":0,"gold_gain":0,"player_choice":"1 cards matched","damage_taken":0,"max_hp_gain":0,"max_hp_loss":0,"event_name":"Match and Keep!","floor":19,"gold_loss":0,"cards_obtained":["ReplayTheSpireMod:Private Reserves"]},{"damage_healed":0,"gold_gain":0,"player_choice":"Cursed","damage_taken":0,"max_hp_gain":0,"max_hp_loss":0,"event_name":"Wheel of Change","floor":46,"gold_loss":0,"cards_obtained":["Decay"]}],"is_beta":false,"boss_relics":[{"not_picked":["Replay:Drink Me","Kintsugi"],"picked":"expansioncontent:StudyCardRelic"},{"not_picked":["Runic Dome","Replay:Wanted Poster"],"picked":"Philosopher\u0027s Stone"}],"items_purged_floors":[],"is_endless":false,"potions_floor_spawned":[2,12,16,18,20,25,39,47,48],"killed_by":"Time Eater","ascension_level":0}}