{"host":"9tdp5ay87h1q2ny3","time":1607513237,"event":{"gold_per_floor":[219,70,70,145,33,67,67,82,153,164,164,193,193,223,223,223,223],"floor_reached":16,"playtime":967,"items_purged":["Strike_B"],"score":116,"play_id":"dd01c2e5-c193-44a9-b220-e818976e59a6","local_time":"20201209032717","is_ascension_mode":false,"campfire_choices":[{"data":"Loop","floor":7,"key":"SMITH"},{"data":"hubris:DuctTapeCard","floor":11,"key":"SMITH"},{"data":"Auto Shields","floor":13,"key":"SMITH"},{"floor":15,"key":"REST"}],"neow_cost":"NONE","seed_source_timestamp":16288715823900,"circlet_count":0,"master_deck":["Strike_B","Strike_B","Strike_B","Defend_B","Defend_B","Defend_B","Defend_B","Zap","Dualcast","Lockon","Lockon","Coolheaded","Rip and Tear","hubris:DuctTapeCard+2","Leap","Auto Shields+1","Leap"],"relics":["Cracked Core","hubris:Towel","MealTicket","hubris:DuctTape","hubris:CrystalStatue","Snack Pack"],"potions_floor_usage":[14],"damage_taken":[{"damage":0,"enemies":"Small Slimes","floor":1,"turns":3},{"damage":9,"enemies":"Replay:BlueRogue","floor":6,"turns":5},{"damage":0,"enemies":"2 Louse","floor":8,"turns":1},{"damage":1,"enemies":"Jaw Worm","floor":10,"turns":4},{"damage":27,"enemies":"Gremlin Nob","floor":12,"turns":4},{"damage":25,"enemies":"Lagavulin","floor":14,"turns":5},{"damage":37,"enemies":"Fading Forest","floor":16,"turns":7}],"seed_played":"7933400510980831068","potions_obtained":[{"floor":6,"key":"SpeedPotion"},{"floor":8,"key":"AttackPotion"}],"is_trial":false,"path_per_floor":["M","$","?","?","$","E","R","M","T","M","R","E","R","E","R","B"],"character_chosen":"DEFECT","items_purchased":["Loop","Lockon","Lockon"],"campfire_rested":1,"item_purchase_floors":[2,2,5],"current_hp_per_floor":[75,75,75,64,64,55,55,55,55,54,54,27,27,2,24,0,0],"gold":223,"neow_bonus":"HUNDRED_GOLD","is_prod":false,"is_daily":false,"chose_seed":false,"campfire_upgraded":3,"win_rate":0,"timestamp":1607513237,"path_taken":["M","$","?","?","?","E","R","?","T","M","R","E","R","E","R","BOSS"],"build_version":"2020-11-30","purchased_purges":1,"victory":false,"max_hp_per_floor":[75,75,75,75,75,75,75,75,75,75,75,75,75,75,75,75,75],"card_choices":[{"not_picked":["Cold Snap","ReplayTheSpireMod:Reroute Power"],"picked":"White Noise","floor":1},{"not_picked":["Steam","ReplayTheSpireMod:Reroute Power"],"picked":"Coolheaded","floor":6},{"not_picked":["Glacier","Steam"],"picked":"Rip and Tear","floor":8},{"not_picked":["Streamline","ReplayTheSpireMod:GoodbyeWorld"],"picked":"Leap","floor":10},{"not_picked":["Melter","ReplayTheSpireMod:GoodbyeWorld"],"picked":"Auto Shields","floor":12},{"not_picked":["Panic Button","Buffer"],"picked":"Leap","floor":14}],"player_experience":107362,"relics_obtained":[{"floor":6,"key":"MealTicket"},{"floor":9,"key":"hubris:DuctTape"},{"floor":12,"key":"hubris:CrystalStatue"},{"floor":14,"key":"Snack Pack"}],"event_choices":[{"damage_healed":0,"gold_gain":75,"player_choice":"Gather Gold","damage_taken":11,"max_hp_gain":0,"max_hp_loss":0,"event_name":"World of Goop","floor":4,"gold_loss":0}],"is_beta":false,"boss_relics":[],"items_purged_floors":[5],"is_endless":false,"potions_floor_spawned":[6,8],"killed_by":"Fading Forest","ascension_level":0}}