{"host":"woah5shdh5xsovm3","time":1607536141,"event":{"gold_per_floor":[117,133,133,133,133,133,168,195,195,195,195,213,228,228,228,228,228],"floor_reached":16,"playtime":326,"items_purged":[],"score":125,"play_id":"3f16671a-f463-4a25-bd11-07061d0e0253","local_time":"20201209114901","is_ascension_mode":false,"campfire_choices":[{"data":"animator:MumenRider","floor":6,"key":"SMITH"},{"data":"animator:SilverFang","floor":11,"key":"SMITH"},{"data":"animator:Genos","floor":15,"key":"SMITH"}],"neow_cost":"NONE","seed_source_timestamp":655615910662200,"circlet_count":0,"master_deck":["animator:Strike_OnePunchMan+1","animator:Defend_OnePunchMan","animator:Strike","animator:Strike","animator:Defend","animator:Defend","animator:Defend","animator:Genos+1","animator:MumenRider+1","animator:SilverFang+1","animator:Genos"],"relics":["animator:LivingPicture","animator:TheMissingPiece","NeowsBlessing","hubris:Icosahedron","infinitespire:Lucky Rock","Potion Belt"],"potions_floor_usage":[],"damage_taken":[{"damage":0,"enemies":"Small Slimes","floor":1,"turns":1},{"damage":0,"enemies":"2 Louse","floor":2,"turns":1},{"damage":0,"enemies":"Lagavulin","floor":7,"turns":1},{"damage":15,"enemies":"Jaw Worm","floor":8,"turns":2},{"damage":5,"enemies":"Red Slaver","floor":12,"turns":3},{"damage":1,"enemies":"Blue Slaver","floor":13,"turns":4},{"damage":58,"enemies":"Slime Boss","floor":16,"turns":5}],"seed_played":"-4267876707756731807","potions_obtained":[{"floor":1,"key":"FearPotion"}],"is_trial":false,"path_per_floor":["M","M","?","?","?","R","E","M","T","$","R","M","M","?","R","B"],"character_chosen":"THE_ANIMATOR","items_purchased":[],"campfire_rested":0,"item_purchase_floors":[],"current_hp_per_floor":[66,66,66,66,66,66,66,51,51,51,51,46,45,45,45,0,0],"gold":228,"neow_bonus":"THREE_ENEMY_KILL","is_prod":false,"is_daily":false,"chose_seed":false,"campfire_upgraded":3,"win_rate":0,"timestamp":1607536141,"path_taken":["M","M","?","?","?","R","E","M","T","?","R","?","M","?","R","BOSS"],"build_version":"2020-11-30","purchased_purges":0,"victory":false,"max_hp_per_floor":[66,66,66,66,66,66,66,66,66,66,66,66,66,66,66,66,66],"card_choices":[{"not_picked":["animator:DolaSchwi","animator:Verdia","animator:Sebas"],"picked":"SKIP","floor":1},{"not_picked":["animator:Chris","animator:Cocytus","animator:ZankiKiguchi"],"picked":"SKIP","floor":2},{"not_picked":["animator:Jibril","animator:YunYun","animator:Togame"],"picked":"SKIP","floor":7},{"not_picked":["animator:MumenRider","animator:Genos"],"picked":"animator:SilverFang","floor":8},{"not_picked":["animator:ChaikaBohdan","animator:DolaRiku","animator:CowGirl"],"picked":"SKIP","floor":12},{"not_picked":["animator:Fredrika","animator:Sebas"],"picked":"animator:Genos","floor":13}],"player_experience":355406,"relics_obtained":[{"floor":7,"key":"infinitespire:Lucky Rock"},{"floor":9,"key":"Potion Belt"}],"event_choices":[{"cards_removed":["animator:Strike"],"damage_healed":0,"gold_gain":0,"player_choice":"Forget","damage_taken":0,"max_hp_gain":0,"max_hp_loss":0,"event_name":"Living Wall","floor":4,"gold_loss":0}],"is_beta":false,"boss_relics":[],"items_purged_floors":[],"is_endless":false,"potions_floor_spawned":[1],"killed_by":"Slime Boss","ascension_level":0}}