{"host":"w6ebodudjlk2jwu4","time":1607494688,"event":{"gold_per_floor":[110,110,124,74,74,114,114,154,154,175,208,208,208,226,226,346,346,365,365,381,246,246,287,287,322,322,322,346,369,408,428,428,552,552,573,673,7,26,42,78,93,156,228,228,264,264,284,305,305,305],"floor_reached":51,"playtime":5687,"items_purged":["Strike_R","Defend_R"],"score":810,"play_id":"42c5e206-2018-419e-aa82-a6dca26c9b7b","local_time":"20201208221808","is_ascension_mode":false,"campfire_choices":[{"floor":7,"key":"REST"},{"data":"Armaments","floor":13,"key":"SMITH"},{"data":"Anger","floor":15,"key":"SMITH"},{"data":"Armaments","floor":24,"key":"SMITH"},{"floor":27,"key":"REST"},{"data":"Battle Trance","floor":32,"key":"SMITH"},{"data":"Demon Form","floor":44,"key":"SMITH"},{"data":"Dark Embrace","floor":46,"key":"SMITH"},{"data":"Eclipse","floor":49,"key":"SMITH"}],"neow_cost":"NONE","seed_source_timestamp":0,"circlet_count":0,"master_deck":["Strike_R","Defend_R","Defend_R","Defend_R","Bash","Armaments+1","Headbutt","Anger+1","Battle Trance+1","Cleave","Feed","Cleave+1","theJungle:PetSnecko","Headbutt+1","Armaments+1","infinitespire:Gouge","Reaper","Iron Wave+1","Pommel Strike+1","Ghostly Armor","Demon Form+1","Flame Barrier+1","Warcry+1","Body Slam","Body Slam+1","Heavy Blade","Anger","True Grit","Inflame+1","Dark Embrace+1","Iron Wave","Pommel Strike+1","Eclipse+1"],"special_seed":0,"relics":["Burning Blood","Strawberry","ReplayTheSpireMod:Ring of Sloth","Golden Idol","Ice Cream","Mercury Hourglass","Meat on the Bone","HornCleat","Painkiller Herb","theJungle:Flamango","Bag of Preparation","Replay:Baseball","Vajra","Ginger","Bag of Marbles","Black Star","StoneCalendar","Thread and Needle","Divine Protection","FossilizedHelix","Replay:PocketPolymizer","Bottled Flame","Mirror","Onion Ring"],"potions_floor_usage":[6,18,42],"damage_taken":[{"damage":3.0,"enemies":"2 Louse","floor":1.0,"turns":4.0},{"damage":2,"enemies":"Small Slimes","floor":3,"turns":6},{"damage":28,"enemies":"Gremlin Nob","floor":6,"turns":4},{"damage":37,"enemies":"Lagavulin","floor":8,"turns":9},{"damage":0,"enemies":"Cultist","floor":10,"turns":3},{"damage":14,"enemies":"Gremlin Nob","floor":11,"turns":3},{"damage":4,"enemies":"3 Louse","floor":14,"turns":3},{"damage":11,"enemies":"Slime Boss","floor":16,"turns":7},{"damage":8,"enemies":"theJungle:MUSHROOMGANG","floor":18,"turns":2},{"damage":15,"enemies":"theJungle:GiantWrat","floor":20,"turns":4},{"damage":13,"enemies":"theJungle:Cassacara","floor":23,"turns":5},{"damage":42,"enemies":"Nightmare","floor":25,"turns":7},{"damage":0,"enemies":"theJungle:2_Snecko_Cultists","floor":28,"turns":3},{"damage":0,"enemies":"theJungle:JungleHuntersEncounter","floor":29,"turns":4},{"damage":7,"enemies":"theJungle:2_Phrogs","floor":30,"turns":4},{"damage":9,"enemies":"theJungle:2_Flameangoes","floor":31,"turns":4},{"damage":17,"enemies":"theJungle:FunGuy","floor":33,"turns":10},{"damage":16,"enemies":"3 Darklings","floor":35,"turns":6},{"damage":6,"enemies":"Orb Walker","floor":38,"turns":3},{"damage":11,"enemies":"Sphere and 2 Shapes","floor":39,"turns":4},{"damage":33,"enemies":"Nightmare","floor":40,"turns":7},{"damage":0,"enemies":"4 Shapes","floor":41,"turns":2},{"damage":0,"enemies":"Mind Bloom Boss Battle","floor":42,"turns":4},{"damage":16,"enemies":"HollowMod:StalkingDevout","floor":45,"turns":6},{"damage":0,"enemies":"Maw","floor":47,"turns":3},{"damage":2,"enemies":"Transient","floor":48,"turns":5},{"damage":33,"enemies":"Awakened One","floor":50,"turns":9}],"seed_played":"-6470600579570663192","potions_obtained":[{"floor":1,"key":"AttackPotion"},{"floor":11,"key":"BlessingOfTheForge"},{"floor":14,"key":"Toxic Potion"},{"floor":20,"key":"blueLaboratory:PolymorphPotion"},{"floor":28,"key":"Dexterity Potion"},{"floor":29,"key":"SteroidPotion"},{"floor":30,"key":"Ancient Potion"},{"floor":33,"key":"blueLaboratory:LouseDecoction"},{"floor":41,"key":"BloodPotion"},{"floor":45,"key":"blueLaboratory:IronCompound"}],"is_trial":false,"path_per_floor":["M","?","M","?","?","E","R","E","T","M","E","?","R","M","R","B",null,"?","?","?","?","AVR","E","T","NM","T","T","?","?","E","?","T","B",null,"?","?","T","?","?","NM","?","?","T","T","E","T","?","?","T","B",null],"character_chosen":"IRONCLAD","items_purchased":["StoneCalendar","Thread and Needle"],"campfire_rested":2,"item_purchase_floors":[37,37],"current_hp_per_floor":[87,87,87,87,66,44,70,39,39,57,61,66,66,68,68,63,92,93,93,87,87,87,80,80,56,56,85,102,106,105,103,103,99,106,102,102,102,105,104,86,92,113,113,113,113,113,113,113,113,86],"gold":305,"neow_bonus":"RANDOM_COMMON_RELIC","is_prod":false,"is_daily":false,"chose_seed":false,"campfire_upgraded":7,"win_rate":0.0,"timestamp":1607494688,"path_taken":["M","?","M","?","?","E","R","E","T","M","E","?","R","M","R","BOSS","?","?","?","?","AVR","E","T","NM","T","T","?","?","E","?","T","BOSS","?","?","T","?","?","NM","?","?","T","T","E","T","?","?","T","BOSS"],"build_version":"2020-11-30","purchased_purges":2,"victory":true,"max_hp_per_floor":[87,87,87,87,87,87,87,87,87,87,87,92,92,92,92,92,92,95,95,98,98,98,98,98,98,98,98,102,106,106,106,106,106,106,106,106,106,109,113,113,113,113,113,113,113,113,113,113,113,113],"relic_stats":{"counters":[27,130],"Golden Idol":198,"StoneCalendar":[67],"Bag of Preparation":[34],"Black Star":2,"Ginger":[5],"obtain_stats":[{"Ice Cream":6,"Divine Protection":40,"Replay:PocketPolymizer":42,"Golden Idol":5,"theJungle:Flamango":21,"ReplayTheSpireMod:Ring of Sloth":2,"Vajra":25,"Painkiller Herb":17,"StoneCalendar":37,"Thread and Needle":37,"Bag of Preparation":22,"Ginger":26,"Burning Blood":0,"Mercury Hourglass":8,"Replay:Baseball":23,"Bottled Flame":43,"HornCleat":11,"Strawberry":0,"Onion Ring":45,"Bag of Marbles":30,"Black Star":34,"Mirror":45,"FossilizedHelix":40,"Meat on the Bone":9},{"Ice Cream":3,"Divine Protection":21,"Replay:PocketPolymizer":23,"Golden Idol":2,"theJungle:Flamango":10,"ReplayTheSpireMod:Ring of Sloth":1,"Vajra":12,"Painkiller Herb":8,"StoneCalendar":18,"Thread and Needle":18,"Bag of Preparation":10,"Ginger":12,"Burning Blood":0,"Mercury Hourglass":4,"Replay:Baseball":11,"Bottled Flame":23,"HornCleat":6,"Strawberry":0,"Onion Ring":24,"Bag of Marbles":15,"Black Star":17,"Mirror":24,"FossilizedHelix":21,"Meat on the Bone":4},{"Ice Cream":14,"Divine Protection":101,"Replay:PocketPolymizer":107,"Golden Idol":10,"theJungle:Flamango":44,"ReplayTheSpireMod:Ring of Sloth":4,"Vajra":56,"Painkiller Herb":38,"StoneCalendar":87,"Thread and Needle":87,"Bag of Preparation":44,"Ginger":56,"Burning Blood":0,"Mercury Hourglass":23,"Replay:Baseball":49,"Bottled Flame":107,"HornCleat":28,"Strawberry":0,"Onion Ring":113,"Bag of Marbles":67,"Black Star":81,"Mirror":113,"FossilizedHelix":101,"Meat on the Bone":23}],"Burning Blood":127,"Mercury Hourglass":[397],"Meat on the Bone":36},"card_choices":[{"not_picked":["ReplayTheSpireMod:LeadingStrike","Clash"],"picked":"Armaments","floor":1},{"not_picked":["Armaments","Replay:Undeath\u0027s Touch","Sword Boomerang"],"picked":"SKIP","floor":3},{"not_picked":["Perfected Strike","Barricade"],"picked":"Headbutt","floor":6},{"not_picked":["Armaments","Dropkick"],"picked":"Anger","floor":8},{"not_picked":["Run Through","Sword Boomerang"],"picked":"Battle Trance","floor":10},{"not_picked":["Intimidate","Abandon","Perfected Strike"],"picked":"SKIP","floor":11},{"not_picked":["Abandon","Searing Blow"],"picked":"Cleave","floor":14},{"not_picked":["Offering","Corruption"],"picked":"Feed","floor":16},{"not_picked":["Headbutt+1","True Grit"],"picked":"Cleave+1","floor":18},{"not_picked":["Cleave","Perfected Strike"],"picked":"Headbutt+1","floor":20},{"not_picked":["Thunderclap","Pommel Strike"],"picked":"Armaments","floor":23},{"not_picked":["infinitespire:Execution","infinitespire:FinalStrike"],"picked":"infinitespire:Gouge","floor":25},{"not_picked":["Metallicize+1","Feel No Pain"],"picked":"Reaper","floor":25},{"not_picked":["Heavy Blade+1","Thunderclap"],"picked":"Iron Wave+1","floor":28},{"not_picked":["True Grit+1","Run Through"],"picked":"Pommel Strike+1","floor":29},{"not_picked":["Replay:Undeath\u0027s Touch","True Grit","Sword Boomerang"],"picked":"SKIP","floor":30},{"not_picked":["Carnage","Sword Boomerang"],"picked":"Ghostly Armor","floor":31},{"not_picked":["Demonic Infusion","Replay:Many Hands"],"picked":"Demon Form","floor":33},{"not_picked":["Sword Boomerang","infinitespire:OneForAll+1"],"picked":"Flame Barrier+1","floor":35},{"not_picked":["Perfected Strike+1","Body Slam"],"picked":"Warcry+1","floor":38},{"not_picked":["Intimidate+1","Run Through"],"picked":"Body Slam","floor":39},{"not_picked":["infinitespire:DeathsTouch","infinitespire:Gouge"],"picked":"infinitespire:SealOfDarkness+","floor":40},{"not_picked":["Warcry","Hemokinesis"],"picked":"Body Slam+1","floor":40},{"not_picked":["True Grit","Sword Boomerang"],"picked":"Heavy Blade","floor":41},{"not_picked":["Thunderclap+1","Run Through"],"picked":"Anger","floor":42},{"not_picked":["Heavy Blade+1","Body Slam"],"picked":"Inflame+1","floor":45},{"not_picked":["Replay:Undeath\u0027s Touch","Cleave"],"picked":"Iron Wave","floor":47},{"not_picked":["Replay:Undeath\u0027s Touch","Armaments+1"],"picked":"Pommel Strike+1","floor":48}],"player_experience":5860,"relics_obtained":[{"floor":2,"key":"ReplayTheSpireMod:Ring of Sloth"},{"floor":6,"key":"Ice Cream"},{"floor":8,"key":"Mercury Hourglass"},{"floor":9,"key":"Meat on the Bone"},{"floor":11,"key":"HornCleat"},{"floor":23,"key":"Replay:Baseball"},{"floor":25,"key":"Vajra"},{"floor":26,"key":"Ginger"},{"floor":30,"key":"Bag of Marbles"},{"floor":40,"key":"Divine Protection"},{"floor":40,"key":"FossilizedHelix"},{"floor":42,"key":"Replay:PocketPolymizer"},{"floor":43,"key":"Bottled Flame"},{"floor":45,"key":"Mirror"},{"floor":45,"key":"Onion Ring"}],"event_choices":[{"cards_removed":["Doubt"],"damage_healed":0,"gold_gain":0,"player_choice":"Card Removal","damage_taken":0,"max_hp_gain":0,"max_hp_loss":0,"event_name":"The Cleric","floor":4,"gold_loss":50},{"damage_healed":0,"gold_gain":0,"player_choice":"Take Damage","damage_taken":21,"relics_obtained":["Golden Idol"],"max_hp_gain":0,"max_hp_loss":0,"event_name":"Golden Idol","floor":5,"gold_loss":0},{"damage_healed":0,"gold_gain":0,"player_choice":"Donut","damage_taken":0,"max_hp_gain":5,"max_hp_loss":0,"event_name":"Big Fish","floor":12,"gold_loss":0},{"damage_healed":0,"gold_gain":100,"player_choice":"Pray","damage_taken":0,"max_hp_gain":0,"max_hp_loss":0,"event_name":"Golden Shrine","floor":36,"gold_loss":0},{"damage_healed":0,"gold_gain":0,"player_choice":"Fight","damage_taken":0,"max_hp_gain":0,"max_hp_loss":0,"event_name":"MindBloom","floor":42,"gold_loss":0}],"is_beta":false,"boss_relics":[{"not_picked":["Astrolabe","Replay:Fungal Core"],"picked":"Painkiller Herb"},{"not_picked":["Ring of Chaos","Snecko Eye"],"picked":"Black Star"}],"items_purged_floors":[22,37],"is_endless":false,"potions_floor_spawned":[1,11,14,20,28,29,30,33,41,45,48],"ascension_level":0}}