{"host":"dntw6kil9p09eemm","time":1607541027,"event":{"gold_per_floor":[112,112,112,37,37,69,69,80,106,106,134,146,159,174,174,273,273,287,302,302,255,269,269,269],"floor_reached":23,"playtime":880,"items_purged":["Strike_B"],"score":203,"play_id":"07679054-a15b-45bd-bdbf-9bea95f0afb1","local_time":"20201210041027","is_ascension_mode":false,"campfire_choices":[{"floor":7,"key":"REST"},{"data":"Zap","floor":10,"key":"SMITH"},{"floor":15,"key":"REST"}],"neow_cost":"NONE","seed_source_timestamp":61407736789000,"circlet_count":0,"master_deck":["Strike_B","Strike_B","Strike_B","Defend_B","Defend_B","Defend_B","Defend_B","Zap+1","Dualcast","Melter","Rip and Tear","White Noise","Sweeping Beam","Auto Shields","Hyperbeam","Rebound","Turbo","Redo"],"relics":["Cracked Core","Happy Flower","Orichalcum","Oddly Smooth Stone","Tiny Chest","PreservedInsect","SlaversCollar"],"potions_floor_usage":[18,18,22,22,22],"damage_taken":[{"damage":1,"enemies":"Cultist","floor":1,"turns":4},{"damage":0,"enemies":"2 Louse","floor":2,"turns":3},{"damage":43,"enemies":"3 Sentries","floor":6,"turns":11},{"damage":1,"enemies":"Jaw Worm","floor":8,"turns":4},{"damage":18,"enemies":"Gremlin Nob","floor":11,"turns":4},{"damage":0,"enemies":"Large Slime","floor":12,"turns":4},{"damage":13,"enemies":"Lots of Slimes","floor":13,"turns":3},{"damage":11,"enemies":"3 Louse","floor":14,"turns":2},{"damage":21,"enemies":"Slime Boss","floor":16,"turns":10},{"damage":11,"enemies":"3 Byrds","floor":18,"turns":4},{"damage":22,"enemies":"2 Thieves","floor":19,"turns":3},{"damage":18,"enemies":"3 Cultists","floor":22,"turns":5},{"damage":34,"enemies":"Slavers","floor":23,"turns":2}],"seed_played":"1837561314407883814","potions_obtained":[{"floor":8,"key":"Fire Potion"},{"floor":13,"key":"Energy Potion"},{"floor":16,"key":"Energy Potion"},{"floor":19,"key":"Regen Potion"},{"floor":22,"key":"Fruit Juice"}],"is_trial":false,"path_per_floor":["M","M","?","$","$","E","R","M","T","R","E","M","M","M","R","B",null,"M","M","?","$","M","E"],"character_chosen":"DEFECT","items_purchased":["Redo"],"campfire_rested":2,"item_purchase_floors":[21],"current_hp_per_floor":[74,74,74,74,74,31,53,52,52,52,34,34,21,10,32,11,75,64,42,28,28,29,0,0],"gold":269,"neow_bonus":"RANDOM_COMMON_RELIC","is_prod":false,"is_daily":false,"chose_seed":false,"campfire_upgraded":1,"win_rate":0,"timestamp":1607541027,"path_taken":["M","M","?","?","$","E","R","M","T","R","E","?","M","M","R","BOSS","M","M","?","$","M","E"],"build_version":"2020-11-30","purchased_purges":1,"victory":false,"max_hp_per_floor":[75,75,75,75,75,75,75,75,75,75,75,75,75,75,75,75,75,75,75,80,80,85,85,85],"card_choices":[{"not_picked":["Cold Snap","Gash","Steam"],"picked":"SKIP","floor":1},{"not_picked":["Auto Shields","Stack"],"picked":"Undo","floor":2},{"not_picked":["Reprogram","Storm"],"picked":"Melter","floor":6},{"not_picked":["Steam","Barrage","Darkness"],"picked":"SKIP","floor":8},{"not_picked":["Blizzard","White Noise"],"picked":"Rip and Tear","floor":11},{"not_picked":["Meteor Strike","Barrage"],"picked":"White Noise","floor":12},{"not_picked":["Glacier","Leap"],"picked":"Sweeping Beam","floor":13},{"not_picked":["BootSequence","Steam"],"picked":"Auto Shields","floor":14},{"not_picked":["Reboot","Biased Cognition"],"picked":"Hyperbeam","floor":16},{"not_picked":["Leap","Skim"],"picked":"Rebound","floor":18},{"not_picked":["Barrage","Cold Snap+1"],"picked":"Turbo","floor":19},{"not_picked":["Storm","Gash","Steam"],"picked":"SKIP","floor":22}],"player_experience":87611,"relics_obtained":[{"floor":6,"key":"Oddly Smooth Stone"},{"floor":9,"key":"Tiny Chest"},{"floor":11,"key":"PreservedInsect"}],"event_choices":[{"cards_removed":["Undo"],"damage_healed":0,"gold_gain":0,"player_choice":"Gave Card","damage_taken":0,"relics_obtained":["Orichalcum"],"max_hp_gain":0,"max_hp_loss":0,"event_name":"WeMeetAgain","floor":3,"gold_loss":0},{"damage_healed":0,"gold_gain":0,"player_choice":"Shed Blood","damage_taken":19,"max_hp_gain":5,"max_hp_loss":0,"event_name":"Forgotten Altar","floor":20,"gold_loss":0}],"is_beta":false,"boss_relics":[{"not_picked":["Runic Pyramid","Philosopher\u0027s Stone"],"picked":"SlaversCollar"}],"items_purged_floors":[4],"is_endless":false,"potions_floor_spawned":[8,13,16,19,22],"killed_by":"Slavers","ascension_level":0}}