{"host":"78hrz0ylpj9lzvi8","time":1607537663,"event":{"gold_per_floor":[112,37,37,37,37,62,90,129,190,236,248,285,314,351,363,454,466,498,522,584,596,61,75,75,105,105,122,122,122],"floor_reached":28,"playtime":844,"items_purged":[],"score":598,"play_id":"1eda2754-5b67-4649-9b19-33a5fbbc20d9","local_time":"20201209151423","is_ascension_mode":true,"campfire_choices":[{"floor":11.0,"key":"REST"},{"data":"Pommel Strike","floor":15.0,"key":"SMITH"},{"floor":24,"key":"REST"}],"neow_cost":"NONE","seed_source_timestamp":11606461873800,"circlet_count":0,"master_deck":["AscendersBane","Strike_R","Strike_R+1","Strike_R","Strike_R","Strike_R","Defend_R","Defend_R+1","Defend_R+1","Bash+1","Pommel Strike+1","Twin Strike","Cleave","Shrug It Off","Demon Form","Headbutt","Sword Boomerang","Immolate","Uppercut","Thunderclap","Dark Shackles+1","Armaments+1","True Grit+1","Armaments+1"],"special_seed":0,"relics":["Burning Blood","NeowsBlessing","MawBank","Pear","War Paint","Sundial","Turnip","Bag of Preparation","Velvet Choker","Sling","Toxic Egg 2","Bronze Scales","Bottled Lightning"],"potions_floor_usage":[23],"damage_taken":[{"damage":0.0,"enemies":"Jaw Worm","floor":1.0,"turns":1.0},{"damage":0.0,"enemies":"Lagavulin","floor":6.0,"turns":1.0},{"damage":0.0,"enemies":"2 Louse","floor":7.0,"turns":1.0},{"damage":30.0,"enemies":"3 Sentries","floor":8.0,"turns":6.0},{"damage":32.0,"enemies":"Lagavulin","floor":10.0,"turns":5.0},{"damage":8.0,"enemies":"Gremlin Nob","floor":12.0,"turns":3.0},{"damage":1.0,"enemies":"Cultist","floor":13.0,"turns":3.0},{"damage":40.0,"enemies":"Lagavulin","floor":14.0,"turns":6.0},{"damage":60.0,"enemies":"The Guardian","floor":16.0,"turns":10.0},{"damage":17.0,"enemies":"Spheric Guardian","floor":18.0,"turns":4.0},{"damage":22.0,"enemies":"2 Thieves","floor":19.0,"turns":2.0},{"damage":10,"enemies":"Centurion and Healer","floor":23,"turns":4},{"damage":38,"enemies":"Book of Stabbing","floor":25,"turns":5},{"damage":17,"enemies":"Sentry and Sphere","floor":27,"turns":4},{"damage":18,"enemies":"Slavers","floor":28,"turns":1}],"seed_played":"5490979101587786934","potions_obtained":[{"floor":5.0,"key":"CultistPotion"},{"floor":5.0,"key":"FairyPotion"},{"floor":8.0,"key":"Energy Potion"},{"floor":10.0,"key":"AttackPotion"},{"floor":16.0,"key":"Explosive Potion"},{"floor":19.0,"key":"Energy Potion"}],"is_trial":false,"path_per_floor":["M","?","$","?","?","E","M","E","T","E","R","E","M","E","R","B",null,"M","M","?","?","$","M","R","E","T","M","E"],"character_chosen":"IRONCLAD","items_purchased":["Sling","Toxic Egg 2","Dark Shackles+1"],"campfire_rested":2,"item_purchase_floors":[22,22,22],"current_hp_per_floor":[74,74,74,51,51,57,63,49,49,23,48,46,51,17,17,7,66,55,39,39,39,39,35,60,28,28,17,0,0],"gold":122,"neow_bonus":"THREE_ENEMY_KILL","is_prod":false,"is_daily":false,"chose_seed":false,"campfire_upgraded":1,"win_rate":0,"timestamp":1607537663,"path_taken":["M","?","$","?","?","E","M","E","T","E","R","E","?","E","R","BOSS","M","M","?","?","$","M","R","E","T","M","E"],"build_version":"2020-11-30","purchased_purges":0,"victory":false,"max_hp_per_floor":[75,75,75,75,75,75,75,85,85,85,85,85,85,85,85,85,85,85,85,85,85,85,85,85,85,85,85,85,85],"card_choices":[{"not_picked":["Twin Strike","Flex"],"picked":"Pommel Strike","floor":1.0},{"not_picked":["Evolve","Spot Weakness"],"picked":"Twin Strike","floor":6.0},{"not_picked":["Havoc","Anger","Second Wind"],"picked":"SKIP","floor":7.0},{"not_picked":["Combust","Perfected Strike"],"picked":"Cleave","floor":8.0},{"not_picked":["Metallicize","Sentinel"],"picked":"Shrug It Off","floor":10.0},{"not_picked":["Dropkick","Havoc"],"picked":"Demon Form","floor":12.0},{"not_picked":["Sentinel","Rampage"],"picked":"Headbutt","floor":13.0},{"not_picked":["Rupture","Pommel Strike"],"picked":"Sword Boomerang","floor":14.0},{"not_picked":["Fiend Fire","Impervious"],"picked":"Immolate","floor":16.0},{"not_picked":["Blood for Blood","Wild Strike"],"picked":"Uppercut","floor":18.0},{"not_picked":["Cleave","Sentinel"],"picked":"Thunderclap","floor":19.0},{"not_picked":["Iron Wave","Shrug It Off+1"],"picked":"Armaments+1","floor":23},{"not_picked":["Flex+1","Armaments+1"],"picked":"True Grit+1","floor":25},{"not_picked":["Immolate","Sword Boomerang"],"picked":"Armaments+1","floor":27}],"player_experience":900460,"relics_obtained":[{"floor":6.0,"key":"MawBank"},{"floor":8.0,"key":"Pear"},{"floor":9.0,"key":"War Paint"},{"floor":10.0,"key":"Sundial"},{"floor":12.0,"key":"Turnip"},{"floor":14.0,"key":"Bag of Preparation"},{"floor":25,"key":"Bronze Scales"},{"floor":26,"key":"Bottled Lightning"}],"event_choices":[{"cards_removed":["Defend_R"],"damage_healed":0.0,"max_hp_gain":0.0,"max_hp_loss":0.0,"gold_gain":0.0,"event_name":"The Cleric","player_choice":"Card Removal","floor":2.0,"gold_loss":75.0,"damage_taken":0.0},{"damage_healed":0.0,"max_hp_gain":0.0,"max_hp_loss":0.0,"gold_gain":0.0,"event_name":"Shining Light","player_choice":"Entered Light","floor":4.0,"gold_loss":0.0,"damage_taken":23.0,"cards_upgraded":["Bash","Strike_R"]},{"damage_healed":0.0,"max_hp_gain":0.0,"max_hp_loss":0.0,"gold_gain":0.0,"event_name":"Lab","player_choice":"Got Potions","floor":5.0,"gold_loss":0.0,"damage_taken":0.0},{"damage_healed":0.0,"max_hp_gain":0.0,"max_hp_loss":0.0,"gold_gain":50.0,"event_name":"Nest","player_choice":"Stole From Cult","floor":20.0,"gold_loss":0.0,"damage_taken":0.0},{"damage_healed":0.0,"max_hp_gain":0.0,"max_hp_loss":0.0,"gold_gain":0.0,"event_name":"The Mausoleum","player_choice":"Ignored","floor":21.0,"gold_loss":0.0,"damage_taken":0.0}],"is_beta":false,"boss_relics":[{"not_picked":["Runic Pyramid","Philosopher\u0027s Stone"],"picked":"Velvet Choker"}],"items_purged_floors":[],"is_endless":false,"potions_floor_spawned":[6,8,10,16,18,19],"killed_by":"Slavers","ascension_level":20}}