{"host":"zx10cf1fsoa3eqiy","time":1607499053,"event":{"gold_per_floor":[114,41,41,41,54,54,81,81,81,81,106,106,130,154,154,160,160],"floor_reached":16,"playtime":518,"items_purged":[],"score":151,"play_id":"d55dc1db-8d27-473e-a18f-4be742073c2b","local_time":"20201209153053","is_ascension_mode":true,"campfire_choices":[{"data":"Zap","floor":6.0,"key":"SMITH"},{"data":"Dualcast","floor":8.0,"key":"SMITH"},{"floor":10.0,"key":"RECALL"},{"floor":15.0,"key":"REST"}],"neow_cost":"NONE","seed_source_timestamp":15322608646100,"circlet_count":0,"master_deck":["Strike_B","Strike_B","Strike_B","Strike_B","Defend_B","Defend_B","Defend_B","Defend_B","Zap+1","Dualcast+1","Capacitor","Self Repair","Tempest","Melter","Heatsinks"],"special_seed":0,"relics":["Cracked Core","NeowsBlessing","Vajra","Matryoshka","Replay:Bandana","Dream Catcher","Potion Belt"],"potions_floor_usage":[16,16,16],"damage_taken":[{"damage":0.0,"enemies":"Jaw Worm","floor":1.0,"turns":1.0},{"damage":0.0,"enemies":"Small Slimes","floor":5.0,"turns":1.0},{"damage":0.0,"enemies":"Gremlin Nob","floor":7.0,"turns":1.0},{"damage":51.0,"enemies":"3 Sentries","floor":11.0,"turns":8.0},{"damage":0.0,"enemies":"Cultist","floor":14.0,"turns":2.0},{"damage":47,"enemies":"Hexaghost","floor":16,"turns":10}],"seed_played":"3866880771661729793","potions_obtained":[{"floor":5.0,"key":"ColorlessPotion"},{"floor":7.0,"key":"Fire Potion"},{"floor":14.0,"key":"LifebloodPotion"}],"is_trial":false,"path_per_floor":["M","$","?","?","M","R","E","R","T","R","E","?","T","M","R","B"],"character_chosen":"DEFECT","items_purchased":["Capacitor"],"campfire_rested":1,"item_purchase_floors":[2],"current_hp_per_floor":[75,75,75,75,75,75,75,75,75,75,31,13,13,20,42,0,0],"gold":160,"neow_bonus":"THREE_ENEMY_KILL","is_prod":false,"is_daily":false,"chose_seed":false,"campfire_upgraded":2,"win_rate":0,"timestamp":1607499053,"path_taken":["M","$","?","?","?","R","E","R","T","R","E","?","?","M","R","BOSS"],"build_version":"2020-11-30","purchased_purges":0,"victory":false,"max_hp_per_floor":[75,75,75,75,75,75,75,75,75,75,75,75,75,75,75,75,75],"card_choices":[{"not_picked":["Beam Cell","Panic Button","Go for the Eyes"],"picked":"SKIP","floor":1.0},{"not_picked":["Crystallizer","Sweeping Beam"],"picked":"Self Repair","floor":5.0},{"not_picked":["Lockon","Mirror Shield"],"picked":"Tempest","floor":7.0},{"not_picked":["Tempest","Ball Lightning"],"picked":"Melter","floor":11.0},{"not_picked":["Tempest","Gash","Rebound"],"picked":"SKIP","floor":14.0},{"not_picked":["Rebound","Panic Button"],"picked":"Heatsinks","floor":15.0}],"player_experience":231805,"relics_obtained":[{"floor":7.0,"key":"Vajra"},{"floor":9.0,"key":"Matryoshka"},{"floor":11.0,"key":"Replay:Bandana"},{"floor":13.0,"key":"Potion Belt"}],"event_choices":[{"damage_healed":0.0,"max_hp_gain":0.0,"max_hp_loss":0.0,"gold_gain":0.0,"event_name":"The Cleric","player_choice":"Leave","floor":4.0,"gold_loss":0.0,"damage_taken":0.0},{"damage_healed":0.0,"max_hp_gain":0.0,"max_hp_loss":0.0,"gold_gain":0.0,"event_name":"Scrap Ooze","player_choice":"Success","floor":12.0,"gold_loss":0.0,"damage_taken":18.0,"relics_obtained":["Dream Catcher"]}],"is_beta":false,"boss_relics":[],"items_purged_floors":[],"is_endless":false,"potions_floor_spawned":[5,7,14],"killed_by":"Hexaghost","ascension_level":3}}