{"host":"hvwa7s69zr612rn1","time":1607492224,"event":{"gold_per_floor":[111,123,198,210,220,247,247,263,263,291,291,306,306,323,323,323,323],"floor_reached":16,"playtime":602,"items_purged":[],"score":146,"play_id":"4d8d4c87-2617-40d2-8922-c678fdf1ac9d","local_time":"20201209163704","is_ascension_mode":true,"campfire_choices":[{"data":"ManaRampage","floor":7,"key":"SMITH"},{"data":"CasketOfStar","floor":11,"key":"SMITH"},{"data":"GasGiant","floor":13,"key":"SMITH"},{"data":"MagicAbsorber","floor":15,"key":"SMITH"}],"neow_cost":"NONE","seed_source_timestamp":21524609429946,"circlet_count":0,"master_deck":["Strike_MRS","Strike_MRS","Strike_MRS","Strike_MRS","Defend_MRS","Defend_MRS","Defend_MRS","Defend_MRS","MasterSpark+1","UpSweep+1","GasGiant+1","ManaRampage+1","FairyDestructionRay","EnergyFlow","MagicAbsorber+1","CasketOfStar+1"],"relics":["MiniHakkero","Whetstone","Gremlin Horn","Omamori"],"potions_floor_usage":[4,6,10,10,16,16],"damage_taken":[{"damage":0,"enemies":"Small Slimes","floor":1,"turns":2},{"damage":2,"enemies":"Jaw Worm","floor":2,"turns":4},{"damage":0,"enemies":"2 Louse","floor":4,"turns":1},{"damage":0,"enemies":"Looter","floor":5,"turns":3},{"damage":6,"enemies":"Gremlin Nob","floor":6,"turns":3},{"damage":7,"enemies":"2 Fungi Beasts","floor":8,"turns":2},{"damage":0,"enemies":"3 Sentries","floor":10,"turns":2},{"damage":5,"enemies":"Exordium Thugs","floor":12,"turns":3},{"damage":0,"enemies":"Looter","floor":14,"turns":1},{"damage":52,"enemies":"The Guardian","floor":16,"turns":6}],"seed_played":"-9126492265638458708","potions_obtained":[{"floor":0,"key":"Energy Potion"},{"floor":0,"key":"Energy Potion"},{"floor":0,"key":"CultistPotion"},{"floor":4,"key":"Explosive Potion"},{"floor":6,"key":"DuplicationPotion"},{"floor":14,"key":"Energy Potion"}],"is_trial":false,"path_per_floor":["M","M","?","M","M","E","R","M","T","E","R","M","R","M","R","B"],"character_chosen":"MARISA","items_purchased":[],"campfire_rested":0,"item_purchase_floors":[],"current_hp_per_floor":[75,73,62,62,62,56,56,49,49,49,49,44,44,44,44,0,0],"gold":323,"neow_bonus":"THREE_SMALL_POTIONS","is_prod":false,"is_daily":false,"chose_seed":false,"campfire_upgraded":4,"win_rate":0,"timestamp":1607492224,"path_taken":["M","M","?","M","M","E","R","M","T","E","R","M","R","M","R","BOSS"],"build_version":"2020-11-30","purchased_purges":0,"victory":false,"max_hp_per_floor":[75,75,75,75,75,75,75,75,75,75,75,75,75,75,75,75,75],"card_choices":[{"not_picked":["SporeBomb","Occultation"],"picked":"GasGiant","floor":1},{"not_picked":["MysteriousBeam","SporeBomb","UnstableBomb"],"picked":"SKIP","floor":2},{"not_picked":["ChargeUpSpray","DragonMeteor"],"picked":"ManaRampage","floor":4},{"not_picked":["WitchLeyline","6A"],"picked":"FairyDestructionRay","floor":5},{"not_picked":["AlicesGift","Robbery"],"picked":"EnergyFlow","floor":6},{"not_picked":["WitchOfGreed","EnergyFlow"],"picked":"MagicAbsorber","floor":8},{"not_picked":["SporeBomb","PropBag"],"picked":"CasketOfStar","floor":10},{"not_picked":["WitchLeyline","IllusionStar","DragonMeteor"],"picked":"SKIP","floor":12},{"not_picked":["PowerUp","DC","LuminesStrike"],"picked":"SKIP","floor":14}],"player_experience":333695,"relics_obtained":[{"floor":6,"key":"Whetstone"},{"floor":9,"key":"Gremlin Horn"},{"floor":10,"key":"Omamori"}],"event_choices":[{"damage_healed":0,"gold_gain":75,"player_choice":"Gather Gold","damage_taken":11,"max_hp_gain":0,"max_hp_loss":0,"event_name":"World of Goop","floor":3,"gold_loss":0}],"is_beta":false,"boss_relics":[],"items_purged_floors":[],"is_endless":false,"potions_floor_spawned":[4,5,6,14],"killed_by":"The Guardian","ascension_level":1}}