{"host":"nptej036rrbiurf5","time":1607476873,"event":{"gold_per_floor":[114,127,107,119,135,135,155,173,173,183,258,223,111,136,136,136,136],"floor_reached":16,"playtime":314,"items_purged":["Strike_B"],"score":194,"play_id":"63d161ee-811c-45c6-8a0d-6b35c4128ea1","local_time":"20201209102113","is_ascension_mode":true,"campfire_choices":[{"data":"Recycle","floor":6,"key":"SMITH"},{"floor":15,"key":"REST"}],"neow_cost":"NONE","seed_source_timestamp":1198895787150600,"circlet_count":0,"master_deck":["AscendersBane","Strike_B","Strike_B","Strike_B","Defend_B","Defend_B","Defend_B","Defend_B","Zap","Dualcast","Recycle+1","FTL","Rip and Tear","Rebound","Ball Lightning","Fusion","Leap","Sunder"],"relics":["Cracked Core","NeowsBlessing","Odd Mushroom","Unceasing Top","Question Card"],"potions_floor_usage":[16],"damage_taken":[{"damage":0,"enemies":"Jaw Worm","floor":1,"turns":1},{"damage":0,"enemies":"Cultist","floor":2,"turns":1},{"damage":0,"enemies":"Small Slimes","floor":4,"turns":1},{"damage":6,"enemies":"2 Fungi Beasts","floor":5,"turns":2},{"damage":15,"enemies":"The Mushroom Lair","floor":7,"turns":4},{"damage":1,"enemies":"Looter","floor":8,"turns":2},{"damage":23,"enemies":"3 Louse","floor":10,"turns":4},{"damage":16,"enemies":"Lagavulin","floor":14,"turns":6},{"damage":30,"enemies":"Slime Boss","floor":16,"turns":5}],"seed_played":"-2087230856781150290","potions_obtained":[{"floor":1,"key":"Ancient Potion"},{"floor":3,"key":"GamblersBrew"},{"floor":8,"key":"Energy Potion"},{"floor":14,"key":"DistilledChaos"}],"is_trial":false,"path_per_floor":["M","M","?","M","M","R","?","M","T","M","?","?","$","E","R","B"],"character_chosen":"DEFECT","items_purchased":["Sunder"],"campfire_rested":1,"item_purchase_floors":[13],"current_hp_per_floor":[64,64,64,64,58,58,43,42,42,19,8,25,25,9,30,0,0],"gold":136,"neow_bonus":"THREE_ENEMY_KILL","is_prod":false,"is_daily":false,"chose_seed":false,"campfire_upgraded":1,"win_rate":0,"timestamp":1607476873,"path_taken":["M","M","?","M","?","R","?","M","T","M","?","?","?","E","R","BOSS"],"build_version":"2020-11-30","purchased_purges":1,"victory":false,"max_hp_per_floor":[71,71,71,71,71,71,71,71,71,71,71,71,71,71,71,71,71],"card_choices":[{"not_picked":["Redo","Sweeping Beam"],"picked":"Recycle","floor":1},{"not_picked":["Hologram","Hello World"],"picked":"FTL","floor":2},{"not_picked":["Storm","Hologram"],"picked":"Rip and Tear","floor":4},{"not_picked":["Sweeping Beam","Force Field"],"picked":"Rebound","floor":5},{"not_picked":["Chaos","Conserve Battery"],"picked":"Ball Lightning","floor":7},{"not_picked":["Conserve Battery","Rebound"],"picked":"Fusion","floor":8},{"not_picked":["Doom and Gloom","Rebound"],"picked":"Leap","floor":10},{"not_picked":["Heatsinks","Leap","Reprogram"],"picked":"SKIP","floor":14}],"player_experience":800798,"relics_obtained":[{"floor":7,"key":"Odd Mushroom"},{"floor":9,"key":"Unceasing Top"},{"floor":14,"key":"Question Card"}],"event_choices":[{"damage_healed":0,"gold_gain":0,"player_choice":"Bought 1 Potion","damage_taken":0,"max_hp_gain":0,"max_hp_loss":0,"event_name":"The Woman in Blue","floor":3,"gold_loss":0},{"damage_healed":0,"gold_gain":0,"player_choice":"Fought Mushrooms","damage_taken":0,"max_hp_gain":0,"max_hp_loss":0,"event_name":"Mushrooms","floor":7,"gold_loss":0},{"damage_healed":0,"gold_gain":75,"player_choice":"Gather Gold","damage_taken":11,"max_hp_gain":0,"max_hp_loss":0,"event_name":"World of Goop","floor":11,"gold_loss":0},{"damage_healed":17,"gold_gain":0,"player_choice":"Healed","damage_taken":0,"max_hp_gain":0,"max_hp_loss":0,"event_name":"The Cleric","floor":12,"gold_loss":35}],"is_beta":false,"boss_relics":[],"items_purged_floors":[13],"is_endless":false,"potions_floor_spawned":[1,8,14],"killed_by":"Slime Boss","ascension_level":18}}