{"host":"3q9keoo8j4hzgybw","time":1607535446,"event":{"gold_per_floor":[117,129,54,71,83,108,118,151,151,151,164,164,164,164,164,294,294,312,237,261,261,28,72,72,92,169,204,245,266,166,186,186,316,316,334,348,348,288,306,340,340,383,383,383,182,182,198,44,44,44],"floor_reached":51,"playtime":2663,"items_purged":["Defend_G","Strike_G","Strike_G"],"score":755,"play_id":"a2ecc27e-fd0c-442e-b609-d29829bbe43b","local_time":"20201209183726","is_ascension_mode":false,"campfire_choices":[{"floor":12.0,"key":"REST"},{"data":"Deflect","floor":15.0,"key":"SMITH"},{"data":"After Image","floor":24.0,"key":"SMITH"},{"data":"Terror","floor":32.0,"key":"SMITH"},{"data":"Slice","floor":41,"key":"SMITH"},{"data":"Deflect","floor":49,"key":"SMITH"}],"neow_cost":"NONE","seed_source_timestamp":0,"circlet_count":0,"master_deck":["Defend_G","Defend_G","Defend_G","Defend_G","Survivor","Neutralize+1","Terror+1","Slice","Deadly Poison","Blade Dance+1","Backstab","Dash","Deflect+1","After Image+1","Flying Knee","Footwork","Blur","Dodge and Roll+1","Flying Knee+1","Blade Dance+1","Slice+1","Deflect+1","Slice+1","Deflect+1"],"special_seed":0,"relics":["Ring of the Serpent","NeowsBlessing","Oddly Smooth Stone","MealTicket","Ginger","Golden Idol","Letter Opener","Vajra","Darkstone Periapt","Sundial","Red Mask","Incense Burner","WristBlade","Question Card","Pen Nib","Juzu Bracelet","Whetstone"],"potions_floor_usage":[33,50,50],"damage_taken":[{"damage":0.0,"enemies":"Cultist","floor":1.0,"turns":1.0},{"damage":0.0,"enemies":"2 Louse","floor":2.0,"turns":1.0},{"damage":0.0,"enemies":"Jaw Worm","floor":4.0,"turns":1.0},{"damage":7.0,"enemies":"Large Slime","floor":5.0,"turns":6.0},{"damage":27.0,"enemies":"3 Sentries","floor":6.0,"turns":9.0},{"damage":6.0,"enemies":"Exordium Wildlife","floor":7.0,"turns":3.0},{"damage":16.0,"enemies":"Lagavulin","floor":8.0,"turns":6.0},{"damage":3.0,"enemies":"2 Fungi Beasts","floor":11.0,"turns":2.0},{"damage":37.0,"enemies":"Slime Boss","floor":16.0,"turns":12.0},{"damage":11.0,"enemies":"Spheric Guardian","floor":18.0,"turns":6.0},{"damage":1.0,"enemies":"3 Byrds","floor":20.0,"turns":7.0},{"damage":11.0,"enemies":"Gremlin Leader","floor":23.0,"turns":14.0},{"damage":18.0,"enemies":"Cultist and Chosen","floor":25.0,"turns":8.0},{"damage":13.0,"enemies":"Masked Bandits","floor":27.0,"turns":6.0},{"damage":16.0,"enemies":"Book of Stabbing","floor":28.0,"turns":6.0},{"damage":0.0,"enemies":"3 Cultists","floor":29.0,"turns":6.0},{"damage":0.0,"enemies":"Centurion and Healer","floor":31.0,"turns":5.0},{"damage":23,"enemies":"Automaton","floor":33,"turns":12},{"damage":0,"enemies":"3 Darklings","floor":35,"turns":7},{"damage":15,"enemies":"3 Shapes","floor":36,"turns":3},{"damage":0,"enemies":"Spire Growth","floor":39,"turns":4},{"damage":3,"enemies":"Reptomancer","floor":40,"turns":6},{"damage":15,"enemies":"Nemesis","floor":42,"turns":7},{"damage":0,"enemies":"Maw","floor":47,"turns":6},{"damage":11,"enemies":"Awakened One","floor":50,"turns":14}],"seed_played":"8230403221591294689","potions_obtained":[{"floor":2.0,"key":"FearPotion"},{"floor":4.0,"key":"FairyPotion"},{"floor":5.0,"key":"LiquidMemories"},{"floor":8.0,"key":"EssenceOfSteel"},{"floor":16.0,"key":"SpeedPotion"},{"floor":20.0,"key":"Ancient Potion"},{"floor":25.0,"key":"Fire Potion"},{"floor":28.0,"key":"Fruit Juice"},{"floor":31.0,"key":"Strength Potion"},{"floor":33,"key":"Strength Potion"},{"floor":42,"key":"EssenceOfSteel"}],"is_trial":false,"path_per_floor":["M","M","$","M","M","E","M","E","T","?","M","R","?","?","R","B",null,"M","?","M","T","$","E","R","M","T","?","E","M","$","M","R","B",null,"M","M","?","?","M","E","R","E","T","?","$","?","M","$","R","B",null],"character_chosen":"THE_SILENT","items_purchased":["Vajra","Blur","Slice","Deflect","Whetstone"],"campfire_rested":1,"item_purchase_floors":[22,22,45,45,48],"current_hp_per_floor":[70,70,70,70,63,36,30,14,14,14,11,32,55,38,38,1,70,59,59,58,58,70,59,59,41,41,28,17,17,32,32,32,9,75,75,60,60,60,60,57,57,42,42,42,57,57,57,72,72,61],"gold":44,"neow_bonus":"THREE_ENEMY_KILL","is_prod":false,"is_daily":false,"chose_seed":false,"campfire_upgraded":5,"win_rate":1,"timestamp":1607535446,"path_taken":["M","M","$","M","M","E","M","E","T","?","M","R","?","?","R","BOSS","M","?","M","?","$","E","R","M","T","?","E","M","$","M","R","BOSS","M","M","?","?","M","E","R","E","T","?","$","?","M","$","R","BOSS"],"build_version":"2020-11-30","purchased_purges":3,"victory":true,"max_hp_per_floor":[70,70,70,70,70,70,70,70,70,70,70,70,70,70,70,70,70,70,70,70,70,70,70,70,70,70,70,75,75,75,75,75,75,75,75,75,75,75,75,75,75,75,75,75,75,75,75,75,75,75],"card_choices":[{"not_picked":["Acrobatics","Prepared"],"picked":"Terror","floor":1.0},{"not_picked":["Outmaneuver","Deadly Poison"],"picked":"Slice","floor":2.0},{"not_picked":["Deflect","Masterful Stab"],"picked":"Deadly Poison","floor":4.0},{"not_picked":["Footwork","Slice"],"picked":"Blade Dance","floor":5.0},{"not_picked":["Distraction","Outmaneuver"],"picked":"Backstab","floor":6.0},{"not_picked":["Underhanded Strike","Masterful Stab","Outmaneuver"],"picked":"SKIP","floor":7.0},{"not_picked":["Underhanded Strike","Burst"],"picked":"Dash","floor":8.0},{"not_picked":["Flechettes","Riddle With Holes"],"picked":"Deflect","floor":11.0},{"not_picked":["Phantasmal Killer","Malaise"],"picked":"After Image","floor":16.0},{"not_picked":["PiercingWail","Heel Hook"],"picked":"Flying Knee","floor":18.0},{"not_picked":["Dodge and Roll","Backflip"],"picked":"Footwork","floor":20.0},{"not_picked":["Dagger Throw","Sucker Punch","Outmaneuver"],"picked":"SKIP","floor":23.0},{"not_picked":["Acrobatics+1","Burst"],"picked":"Dodge and Roll+1","floor":25.0},{"not_picked":["Blade Dance","Backflip"],"picked":"Flying Knee+1","floor":27.0},{"not_picked":["Deadly Poison","Backflip"],"picked":"Blade Dance+1","floor":28.0},{"not_picked":["Prepared+1","Well Laid Plans","Dagger Spray"],"picked":"SKIP","floor":29.0},{"not_picked":["Well Laid Plans","Outmaneuver"],"picked":"Slice","floor":31.0},{"not_picked":["Malaise","Venomology"],"picked":"Envenom","floor":33},{"not_picked":["Eviscerate+1","PiercingWail+1","Flying Knee+1"],"picked":"SKIP","floor":35},{"not_picked":["Footwork","Dagger Spray+1","Heel Hook+1"],"picked":"SKIP","floor":36},{"not_picked":["Quick Slash","Leg Sweep"],"picked":"Deflect+1","floor":39},{"not_picked":["Footwork","Flying Knee+1","Prepared"],"picked":"SKIP","floor":40},{"not_picked":["Calculated Gamble","Quick Slash","Bullet Time","Footwork"],"picked":"SKIP","floor":42},{"not_picked":["Noxious Fumes","Outmaneuver","Dagger Spray","Predator"],"picked":"SKIP","floor":47}],"player_experience":49797,"relics_obtained":[{"floor":6.0,"key":"Oddly Smooth Stone"},{"floor":8.0,"key":"MealTicket"},{"floor":9.0,"key":"Ginger"},{"floor":21.0,"key":"Letter Opener"},{"floor":23.0,"key":"Darkstone Periapt"},{"floor":26.0,"key":"Sundial"},{"floor":27.0,"key":"Red Mask"},{"floor":28.0,"key":"Incense Burner"},{"floor":40,"key":"Question Card"},{"floor":42,"key":"Pen Nib"},{"floor":43,"key":"Juzu Bracelet"}],"event_choices":[{"damage_healed":0.0,"max_hp_gain":0.0,"max_hp_loss":0.0,"gold_gain":0.0,"event_name":"Living Wall","player_choice":"Grow","floor":10.0,"gold_loss":0.0,"damage_taken":0.0,"cards_upgraded":["Blade Dance"]},{"damage_healed":23.0,"max_hp_gain":0.0,"max_hp_loss":0.0,"gold_gain":0.0,"event_name":"Big Fish","player_choice":"Banana","floor":13.0,"gold_loss":0.0,"damage_taken":0.0},{"damage_healed":0.0,"max_hp_gain":0.0,"max_hp_loss":0.0,"gold_gain":0.0,"event_name":"Golden Idol","player_choice":"Take Damage","floor":14.0,"gold_loss":0.0,"damage_taken":17.0,"relics_obtained":["Golden Idol"]},{"cards_removed":["Strike_G"],"damage_healed":0.0,"max_hp_gain":0.0,"max_hp_loss":0.0,"gold_gain":0.0,"event_name":"Beggar","player_choice":"Gave Gold","floor":19.0,"gold_loss":75.0,"damage_taken":0.0},{"damage_healed":0.0,"max_hp_gain":0.0,"max_hp_loss":0.0,"gold_gain":0.0,"event_name":"Masked Bandits","player_choice":"Fought Bandits","floor":27.0,"gold_loss":0.0,"damage_taken":0.0},{"cards_removed":["Envenom"],"damage_healed":0,"gold_gain":0,"player_choice":"Removed Power","damage_taken":0,"max_hp_gain":0,"max_hp_loss":0,"event_name":"Falling","floor":37,"gold_loss":0},{"cards_removed":["Strike_G"],"damage_healed":0,"gold_gain":0,"player_choice":"Single Remove","damage_taken":0,"max_hp_gain":0,"max_hp_loss":0,"event_name":"Designer","floor":38,"gold_loss":60},{"damage_healed":0,"gold_gain":0,"player_choice":"Memory 1","damage_taken":0,"max_hp_gain":0,"max_hp_loss":0,"event_name":"SensoryStone","floor":44,"gold_loss":0},{"cards_removed":["Strike_G"],"damage_healed":0,"gold_gain":0,"player_choice":"Purged","damage_taken":0,"max_hp_gain":0,"max_hp_loss":0,"event_name":"Purifier","floor":46,"gold_loss":0}],"is_beta":false,"boss_relics":[{"not_picked":["Astrolabe","Velvet Choker"],"picked":"Ring of the Serpent"},{"not_picked":["Tiny House","Sozu"],"picked":"WristBlade"}],"items_purged_floors":[3,30,45],"is_endless":false,"potions_floor_spawned":[2,4,5,7,8,16,20,25,27,28,31,33,39,42],"ascension_level":0}}