{"host":"ci7ivtocgfxh0ueo","time":1607516971,"event":{"gold_per_floor":[112,112,112,122,122,153,173,10,36,36,36,53,63,63,63,139,189,205,50,100,113,132,132,30,30,30,30,47,47,66,79,79,79,79],"floor_reached":33,"playtime":927,"items_purged":[],"score":508,"play_id":"cf99fd3c-a0a7-499c-8f14-866946223828","local_time":"20201209202931","is_ascension_mode":true,"campfire_choices":[{"floor":10,"key":"REST"},{"floor":15,"key":"REST"},{"floor":23,"key":"REST"},{"data":"Enlightenment","floor":25,"key":"SMITH"},{"floor":32,"key":"REST"}],"neow_cost":"NONE","seed_source_timestamp":92106344629100,"circlet_count":0,"master_deck":["AscendersBane","Strike_B","Strike_B","Strike_B+1","Strike_B","Defend_B","Defend_B","Defend_B","Defend_B","Zap","Dualcast","Cold Snap","Cold Snap","Go for the Eyes","Melter","Core Surge","Hologram","Glacier","Chill","Ball Lightning","Enlightenment+1","Echo Form","Go for the Eyes"],"relics":["Cracked Core","Boot","Bottled Flame","Vajra","Oddly Smooth Stone","Tiny House","Mummified Hand","Nloth\u0027s Gift","Ornamental Fan"],"potions_floor_usage":[14,14,18,22,28,33,33],"damage_taken":[{"damage":0,"enemies":"Jaw Worm","floor":1,"turns":1},{"damage":0,"enemies":"Small Slimes","floor":4,"turns":1},{"damage":0,"enemies":"Gremlin Nob","floor":6,"turns":1},{"damage":1,"enemies":"2 Louse","floor":7,"turns":3},{"damage":0,"enemies":"Exordium Wildlife","floor":12,"turns":5},{"damage":8,"enemies":"3 Louse","floor":13,"turns":3},{"damage":2,"enemies":"3 Sentries","floor":14,"turns":5},{"damage":37,"enemies":"Hexaghost","floor":16,"turns":14},{"damage":3,"enemies":"Shell Parasite","floor":18,"turns":6},{"damage":6,"enemies":"Chosen","floor":21,"turns":5},{"damage":13,"enemies":"Snecko","floor":22,"turns":6},{"damage":12,"enemies":"Snake Plant","floor":28,"turns":5},{"damage":28,"enemies":"Chosen and Byrds","floor":30,"turns":7},{"damage":2,"enemies":"Sentry and Sphere","floor":31,"turns":3},{"damage":47,"enemies":"Collector","floor":33,"turns":5}],"seed_played":"9152172858032913769","potions_obtained":[{"floor":1,"key":"Weak Potion"},{"floor":4,"key":"FocusPotion"},{"floor":6,"key":"ColorlessPotion"},{"floor":17,"key":"Block Potion"},{"floor":18,"key":"Strength Potion"},{"floor":22,"key":"Block Potion"},{"floor":30,"key":"FocusPotion"}],"is_trial":false,"path_per_floor":["M","?","?","M","?","E","M","$","T","R","$","M","M","E","R","B",null,"M","$","?","M","M","R","$","R","T","?","M","T","M","M","R","B"],"character_chosen":"DEFECT","items_purchased":["Vajra","DistilledChaos","Glacier","Enlightenment"],"campfire_rested":4,"item_purchase_floors":[8,19,19,24],"current_hp_per_floor":[64,64,8,8,8,8,7,7,7,28,28,28,20,18,39,2,59,56,56,56,50,37,59,59,59,59,59,47,47,19,17,39,0,0],"gold":79,"neow_bonus":"THREE_ENEMY_KILL","is_prod":false,"is_daily":false,"chose_seed":false,"campfire_upgraded":1,"win_rate":0,"timestamp":1607516971,"path_taken":["M","?","?","M","?","E","?","$","T","R","$","M","M","E","R","BOSS","M","$","?","M","M","R","?","R","T","?","?","?","M","M","R","BOSS"],"build_version":"2020-11-30","purchased_purges":0,"victory":false,"max_hp_per_floor":[71,71,71,71,71,71,71,71,71,71,71,71,71,71,71,71,76,76,76,76,76,76,76,76,76,76,76,76,76,76,76,76,76,76],"card_choices":[{"not_picked":["Reprogram","Double Energy"],"picked":"Cold Snap","floor":1},{"not_picked":["Conserve Battery","Recycle","Gash"],"picked":"SKIP","floor":4},{"not_picked":["Conserve Battery","Barrage","Reprogram"],"picked":"SKIP","floor":6},{"not_picked":["Consume","Force Field"],"picked":"Cold Snap","floor":7},{"not_picked":["Rebound","Hologram"],"picked":"Go for the Eyes","floor":12},{"not_picked":["Ball Lightning","Hello World"],"picked":"Melter","floor":13},{"not_picked":["Streamline","Go for the Eyes","Beam Cell"],"picked":"SKIP","floor":14},{"not_picked":["Rainbow","Buffer"],"picked":"Core Surge","floor":16},{"not_picked":["Barrage","Beam Cell"],"picked":"Hologram","floor":17},{"not_picked":["Hologram","Compile Driver","Tempest"],"picked":"SKIP","floor":18},{"not_picked":["Ball Lightning","Reprogram"],"picked":"Chill","floor":21},{"not_picked":["Force Field","Turbo"],"picked":"Ball Lightning","floor":22},{"not_picked":["Hologram","Double Energy"],"picked":"Echo Form","floor":28},{"not_picked":["Coolheaded","Barrage+1"],"picked":"Go for the Eyes","floor":30},{"not_picked":["Steam","Coolheaded","Barrage"],"picked":"SKIP","floor":31}],"player_experience":1241085,"relics_obtained":[{"floor":6,"key":"Bottled Flame"},{"floor":9,"key":"Oddly Smooth Stone"},{"floor":26,"key":"Mummified Hand"},{"floor":29,"key":"Ornamental Fan"}],"event_choices":[{"damage_healed":0,"gold_gain":0,"player_choice":"Leave","damage_taken":0,"max_hp_gain":0,"max_hp_loss":0,"event_name":"The Cleric","floor":2,"gold_loss":0},{"damage_healed":0,"gold_gain":0,"player_choice":"Success","damage_taken":56,"relics_obtained":["Boot"],"max_hp_gain":0,"max_hp_loss":0,"event_name":"Scrap Ooze","floor":3,"gold_loss":0},{"damage_healed":0,"gold_gain":0,"player_choice":"Ignored","damage_taken":0,"max_hp_gain":0,"max_hp_loss":0,"event_name":"Golden Idol","floor":5,"gold_loss":0},{"damage_healed":0,"gold_gain":50,"player_choice":"Pray","damage_taken":0,"max_hp_gain":0,"max_hp_loss":0,"event_name":"Golden Shrine","floor":20,"gold_loss":0},{"damage_healed":0,"gold_gain":0,"player_choice":"Traded Relic","damage_taken":0,"relics_obtained":["Nloth\u0027s Gift"],"max_hp_gain":0,"max_hp_loss":0,"event_name":"N\u0027loth","floor":27,"relics_lost":["NeowsBlessing"],"gold_loss":0}],"is_beta":false,"boss_relics":[{"not_picked":["Fusion Hammer","Snecko Eye"],"picked":"Tiny House"}],"items_purged_floors":[],"is_endless":false,"potions_floor_spawned":[1,4,6,12,14,18,22,30,31],"killed_by":"Collector","ascension_level":16}}