{"host":"by8i6f8xc0ywpsd5","time":1607511483,"event":{"gold_per_floor":[111,130,130,130,155,195,208,283,362,375,409,409,450,471,471,566,566,585,109,109,109,21,57,57,96,119,143,163,206,40,76,76,169,169,192,525,92,103,158,158,170,203,203,238,238,238,268,168,168,168,168,168,43,77,77,77],"floor_reached":55,"playtime":3312,"items_purged":["Strike_R","Writhe","Normality"],"score":1533,"play_id":"afda660b-7654-44fd-92e2-9e0da2fd4937","local_time":"20201209125803","is_ascension_mode":true,"campfire_choices":[{"data":"Armaments","floor":12,"key":"SMITH"},{"data":"Metallicize","floor":15,"key":"SMITH"},{"data":"Body Slam","floor":32,"key":"SMITH"},{"floor":40,"key":"REST"},{"floor":49,"key":"RECALL"},{"data":"Battle Trance","floor":52,"key":"SMITH"}],"neow_cost":"TEN_PERCENT_HP_LOSS","seed_source_timestamp":2072294221492000,"circlet_count":0,"master_deck":["AscendersBane","Strike_R+1","Strike_R","Defend_R","Defend_R","Defend_R","Defend_R","Bash","Cleave","Body Slam+1","Perfected Strike","Flame Barrier","Armaments+1","Metallicize+1","Spot Weakness","Ghostly Armor+1","Fiend Fire+1","Sword Boomerang+1","Dark Embrace","Power Through","Feel No Pain","Headbutt","Juggernaut","Intimidate","Exhume","Offering+1","Armaments+1","Juggernaut","Havoc","Sentinel","Apotheosis","Shockwave","Battle Trance+1","Second Wind","Violence","True Grit+1"],"relics":["Burning Blood","Incense Burner","Magic Flower","Pear","PreservedInsect","Charon\u0027s Ashes","SlaversCollar","Anchor","StoneCalendar","Kunai","Akabeko","Red Skull","War Paint","Nunchaku","Cursed Key","Frozen Eye","Prayer Wheel","Orichalcum","Eternal Feather","Torii","Bag of Preparation","Whetstone"],"potions_floor_usage":[16,25,39,44],"damage_taken":[{"damage":6,"enemies":"Cultist","floor":1,"turns":4},{"damage":4,"enemies":"Small Slimes","floor":2,"turns":7},{"damage":7,"enemies":"Jaw Worm","floor":5,"turns":4},{"damage":17,"enemies":"Gremlin Nob","floor":6,"turns":4},{"damage":12,"enemies":"Large Slime","floor":7,"turns":9},{"damage":2,"enemies":"Exordium Wildlife","floor":10,"turns":6},{"damage":6,"enemies":"3 Sentries","floor":11,"turns":9},{"damage":25,"enemies":"Gremlin Nob","floor":13,"turns":5},{"damage":10,"enemies":"2 Fungi Beasts","floor":14,"turns":10},{"damage":33,"enemies":"Hexaghost","floor":16,"turns":16},{"damage":5,"enemies":"Chosen","floor":18,"turns":8},{"damage":11,"enemies":"Book of Stabbing","floor":23,"turns":5},{"damage":7,"enemies":"Gremlin Leader","floor":25,"turns":6},{"damage":3,"enemies":"2 Thieves","floor":27,"turns":3},{"damage":16,"enemies":"Sentry and Sphere","floor":28,"turns":7},{"damage":19,"enemies":"Book of Stabbing","floor":29,"turns":5},{"damage":6,"enemies":"Slavers","floor":31,"turns":4},{"damage":26,"enemies":"Collector","floor":33,"turns":7},{"damage":13,"enemies":"Orb Walker","floor":35,"turns":4},{"damage":23,"enemies":"3 Darklings","floor":38,"turns":4},{"damage":39,"enemies":"2 Orb Walkers","floor":39,"turns":5},{"damage":15,"enemies":"Sphere and 2 Shapes","floor":41,"turns":7},{"damage":6,"enemies":"Giant Head","floor":42,"turns":4},{"damage":28,"enemies":"Reptomancer","floor":44,"turns":4},{"damage":1,"enemies":"Nemesis","floor":47,"turns":5},{"damage":34,"enemies":"Donu and Deca","floor":50,"turns":6},{"damage":23,"enemies":"Shield and Spear","floor":54,"turns":6},{"damage":65,"enemies":"The Heart","floor":55,"turns":3}],"seed_played":"-9186119865324208198","potions_obtained":[{"floor":2,"key":"BloodPotion"},{"floor":6,"key":"SneckoOil"},{"floor":7,"key":"Explosive Potion"},{"floor":25,"key":"GamblersBrew"},{"floor":41,"key":"PowerPotion"},{"floor":44,"key":"BlessingOfTheForge"}],"is_trial":false,"path_per_floor":["M","M","?","?","M","E","M","?","T","M","E","R","E","M","R","B",null,"M","$","?","?","$","E","?","E","T","M","M","E","$","E","R","B",null,"M","?","$","M","?","R","M","E","T","E","?","?","E","$","R","B",null,"R","$","E","B"],"character_chosen":"IRONCLAD","items_purchased":["Anchor","Dark Embrace","Power Through","Swift Potion","Feel No Pain","War Paint","Frozen Eye","Sentinel","Apotheosis"],"campfire_rested":1,"item_purchase_floors":[19,19,19,19,22,30,37,37,37],"current_hp_per_floor":[68,68,45,50,49,38,35,24,34,41,44,44,28,27,27,27,69,73,73,73,73,73,71,71,73,73,79,72,62,62,65,65,48,74,70,70,70,56,26,50,44,47,47,28,28,23,31,31,52,27,66,79,79,65,0,0],"gold":77,"neow_bonus":"ONE_RARE_RELIC","is_prod":false,"is_daily":false,"chose_seed":false,"campfire_upgraded":4,"win_rate":0,"timestamp":1607511483,"path_taken":["M","?","?","?","M","E","M","?","T","M","E","R","E","M","R","BOSS","M","$","?","?","?","E","?","E","T","M","M","E","$","E","R","BOSS","M","?","$","M","?","R","M","E","T","E","?","?","E","?","R","BOSS","R","$","E","BOSS"],"build_version":"2020-11-30","purchased_purges":3,"victory":false,"max_hp_per_floor":[68,68,68,73,73,73,73,73,83,83,83,83,83,83,83,83,83,83,83,83,83,83,83,83,83,83,83,83,83,83,83,83,83,83,83,83,83,83,83,83,83,83,83,83,79,79,79,79,79,79,79,79,79,79,79,79],"relic_stats":{"Torii":4,"counters":[28,167],"Magic Flower":[77],"StoneCalendar":[50],"Eternal Feather":34,"PreservedInsect":518,"Charon\u0027s Ashes":[719],"Bag of Preparation":[6],"Whetstone":["Strike_R","Fiend Fire"],"War Paint":["Ghostly Armor","Offering"],"Orichalcum":[6],"Cursed Key":1,"Burning Blood":229,"Nunchaku":[4],"Prayer Wheel":1,"Kunai":[1],"obtain_stats":[{"Pear":9,"Torii":44,"Golden Idol":3,"Magic Flower":6,"StoneCalendar":20,"Eternal Feather":43,"PreservedInsect":11,"Charon\u0027s Ashes":13,"Incense Burner":0,"Bag of Preparation":47,"Whetstone":54,"War Paint":30,"Orichalcum":42,"Cursed Key":34,"Burning Blood":0,"Akabeko":25,"SlaversCollar":17,"Frozen Eye":37,"Anchor":19,"Nunchaku":31,"Prayer Wheel":39,"Kunai":23,"Red Skull":29},{"Pear":5,"Torii":24,"Golden Idol":2,"Magic Flower":4,"StoneCalendar":11,"Eternal Feather":23,"PreservedInsect":7,"Charon\u0027s Ashes":8,"Incense Burner":0,"Bag of Preparation":25,"Whetstone":27,"War Paint":16,"Orichalcum":23,"Cursed Key":18,"Burning Blood":0,"Akabeko":13,"SlaversCollar":10,"Frozen Eye":19,"Anchor":11,"Nunchaku":17,"Prayer Wheel":21,"Kunai":12,"Red Skull":16},{"Pear":28,"Torii":147,"Golden Idol":11,"Magic Flower":19,"StoneCalendar":82,"Eternal Feather":143,"PreservedInsect":43,"Charon\u0027s Ashes":48,"Incense Burner":0,"Bag of Preparation":152,"Whetstone":164,"War Paint":108,"Orichalcum":143,"Cursed Key":119,"Burning Blood":0,"Akabeko":93,"SlaversCollar":74,"Frozen Eye":123,"Anchor":82,"Nunchaku":112,"Prayer Wheel":132,"Kunai":87,"Red Skull":108}]},"card_choices":[{"not_picked":["Power Through","Sword Boomerang"],"picked":"Cleave","floor":1},{"not_picked":["Sword Boomerang","Sentinel"],"picked":"Body Slam","floor":2},{"not_picked":["Body Slam","Flex"],"picked":"Perfected Strike","floor":5},{"not_picked":["Body Slam","Clothesline"],"picked":"Flame Barrier","floor":6},{"not_picked":["Feel No Pain","Inflame"],"picked":"Armaments","floor":7},{"not_picked":["Clothesline","Warcry"],"picked":"Metallicize","floor":10},{"not_picked":["Blood for Blood","Infernal Blade"],"picked":"Spot Weakness","floor":11},{"not_picked":["Seeing Red","Fire Breathing"],"picked":"Ghostly Armor","floor":13},{"not_picked":["Clash","Twin Strike","Flex"],"picked":"SKIP","floor":14},{"not_picked":["Brutality","Exhume"],"picked":"Fiend Fire","floor":16},{"not_picked":["Warcry","Thunderclap"],"picked":"Sword Boomerang+1","floor":18},{"not_picked":["Cleave","Wild Strike"],"picked":"Headbutt","floor":23},{"not_picked":["Perfected Strike+1","Limit Break"],"picked":"Exhume","floor":25},{"not_picked":["Cleave","Rage","Combust"],"picked":"SKIP","floor":27},{"not_picked":["Sword Boomerang","Warcry","Pommel Strike"],"picked":"SKIP","floor":28},{"not_picked":["Inflame","Cleave"],"picked":"Offering","floor":29},{"not_picked":["Clothesline","Double Tap"],"picked":"Armaments+1","floor":31},{"not_picked":["Impervious","Reaper"],"picked":"Juggernaut","floor":33},{"not_picked":["Cleave","Pummel+1"],"picked":"Havoc","floor":35},{"not_picked":["Dual Wield","Perfected Strike","Searing Blow"],"picked":"SKIP","floor":38},{"not_picked":["Sever Soul","Flame Barrier"],"picked":"Shockwave","floor":41},{"not_picked":["Wild Strike","Infernal Blade+1"],"picked":"Battle Trance","floor":41},{"not_picked":["Dark Embrace","Clothesline","Shrug It Off"],"picked":"SKIP","floor":42},{"not_picked":["Uppercut","Thunderclap"],"picked":"Second Wind","floor":44},{"not_picked":["Deep Breath","Blind"],"picked":"Violence","floor":46},{"not_picked":["Iron Wave","Sword Boomerang","Ghostly Armor"],"picked":"SKIP","floor":47},{"not_picked":["Shockwave+1","Sword Boomerang"],"picked":"True Grit+1","floor":54}],"player_experience":1615029,"relics_obtained":[{"floor":6,"key":"Magic Flower"},{"floor":9,"key":"Pear"},{"floor":11,"key":"PreservedInsect"},{"floor":13,"key":"Charon\u0027s Ashes"},{"floor":23,"key":"Kunai"},{"floor":25,"key":"Akabeko"},{"floor":29,"key":"Red Skull"},{"floor":31,"key":"Nunchaku"},{"floor":39,"key":"Prayer Wheel"},{"floor":42,"key":"Orichalcum"},{"floor":43,"key":"Eternal Feather"},{"floor":44,"key":"Torii"},{"floor":47,"key":"Bag of Preparation"},{"floor":54,"key":"Whetstone"}],"event_choices":[{"damage_healed":0,"gold_gain":0,"player_choice":"Take Damage","damage_taken":23,"relics_obtained":["Golden Idol"],"max_hp_gain":0,"max_hp_loss":0,"event_name":"Golden Idol","floor":3,"gold_loss":0},{"damage_healed":0,"gold_gain":0,"player_choice":"Donut","damage_taken":0,"max_hp_gain":5,"max_hp_loss":0,"event_name":"Big Fish","floor":4,"gold_loss":0},{"damage_healed":0,"gold_gain":75,"player_choice":"Gather Gold","damage_taken":11,"max_hp_gain":0,"max_hp_loss":0,"event_name":"World of Goop","floor":8,"gold_loss":0},{"damage_healed":0,"gold_gain":0,"player_choice":"Opened","damage_taken":0,"relics_obtained":["StoneCalendar"],"max_hp_gain":0,"max_hp_loss":0,"event_name":"The Mausoleum","floor":20,"gold_loss":0,"cards_obtained":["Writhe"]},{"damage_healed":0,"gold_gain":0,"player_choice":"Ignored","damage_taken":0,"max_hp_gain":0,"max_hp_loss":0,"event_name":"Ghosts","floor":21,"gold_loss":0},{"damage_healed":0,"gold_gain":0,"cards_transformed":["Strike_R","Strike_R"],"player_choice":"Became Test Subject","damage_taken":0,"max_hp_gain":0,"max_hp_loss":0,"event_name":"Drug Dealer","floor":24,"gold_loss":0,"cards_obtained":["Juggernaut","Intimidate"]},{"damage_healed":0,"gold_gain":333,"player_choice":"Gave Idol","damage_taken":0,"max_hp_gain":0,"max_hp_loss":0,"event_name":"The Moai Head","floor":36,"relics_lost":["Golden Idol"],"gold_loss":0},{"damage_healed":0,"gold_gain":0,"player_choice":"Fight","damage_taken":0,"max_hp_gain":0,"max_hp_loss":0,"event_name":"Mysterious Sphere","floor":39,"gold_loss":0},{"damage_healed":0,"gold_gain":0,"player_choice":"Max HP","damage_taken":0,"max_hp_gain":0,"max_hp_loss":4,"event_name":"Winding Halls","floor":45,"gold_loss":0},{"damage_healed":0,"gold_gain":0,"player_choice":"Memory 2","damage_taken":5,"max_hp_gain":0,"max_hp_loss":0,"event_name":"SensoryStone","floor":46,"gold_loss":0}],"is_beta":false,"boss_relics":[{"not_picked":["Busted Crown","Fusion Hammer"],"picked":"SlaversCollar"},{"not_picked":["Tiny House","Philosopher\u0027s Stone"],"picked":"Cursed Key"}],"items_purged_floors":[19,48,53],"is_endless":false,"potions_floor_spawned":[2,6,7,11,25,27,28,33,38,41,44],"killed_by":"The Heart","ascension_level":16}}