{"host":"Berg","time":1607493895,"event":{"gold_per_floor":[112,112,124,136,153,153,179,179,203,203,128,178,178,207,207,279,279,296,313,313,313,313,313,313],"floor_reached":23,"playtime":715,"items_purged":[],"score":444,"play_id":"1b2fe38b-a364-402a-8086-558af34af89b","local_time":"20201209010455","is_ascension_mode":true,"campfire_choices":[{"data":"Streamline","floor":6.0,"key":"SMITH"},{"data":"Dualcast","floor":8.0,"key":"SMITH"},{"data":"Barrage","floor":10.0,"key":"SMITH"},{"data":"Zap","floor":15.0,"key":"SMITH"}],"neow_cost":"NONE","seed_source_timestamp":30295614174700,"circlet_count":0,"master_deck":["AscendersBane","Strike_B+1","Defend_B+1","Defend_B+1","Defend_B+1","Defend_B+1","Zap+1","Dualcast+1","Streamline+1","Cold Snap","Chill","Barrage+1","Ball Lightning","Doom and Gloom","Echo Form","CurseOfTheBell","Steam","Compile Driver","Decay"],"special_seed":0,"relics":["Cracked Core","Orichalcum","Juzu Bracelet","Bronze Scales","Calling Bell","Bag of Preparation","Symbiotic Virus","Turnip"],"potions_floor_usage":[19,23],"damage_taken":[{"damage":9.0,"enemies":"2 Louse","floor":1.0,"turns":4.0},{"damage":1.0,"enemies":"Cultist","floor":3.0,"turns":3.0},{"damage":7.0,"enemies":"Small Slimes","floor":4.0,"turns":3.0},{"damage":0.0,"enemies":"3 Louse","floor":5.0,"turns":3.0},{"damage":12.0,"enemies":"Lagavulin","floor":7.0,"turns":5.0},{"damage":0.0,"enemies":"3 Sentries","floor":14.0,"turns":6.0},{"damage":27.0,"enemies":"Hexaghost","floor":16.0,"turns":8.0},{"damage":18,"enemies":"2 Thieves","floor":18,"turns":4},{"damage":11,"enemies":"Chosen","floor":19,"turns":4},{"damage":54,"enemies":"Gremlin Leader","floor":23,"turns":6}],"seed_played":"1894730042399749678","potions_obtained":[{"floor":0.0,"key":"DuplicationPotion"},{"floor":0.0,"key":"PowerPotion"},{"floor":7.0,"key":"SpeedPotion"},{"floor":18,"key":"Block Potion"}],"is_trial":false,"path_per_floor":["M","?","M","M","M","R","E","R","T","R","?","?","?","E","R","B",null,"M","M","?","?","?","E"],"character_chosen":"DEFECT","items_purchased":[],"campfire_rested":0,"item_purchase_floors":[],"current_hp_per_floor":[55,55,54,47,47,47,35,35,35,35,35,35,35,35,35,8,55,37,26,26,26,40,0,0],"gold":313,"neow_bonus":"THREE_SMALL_POTIONS","is_prod":false,"is_daily":false,"chose_seed":false,"campfire_upgraded":4,"win_rate":0,"timestamp":1607493895,"path_taken":["M","?","M","?","M","R","E","R","T","R","?","?","?","E","R","BOSS","M","M","?","?","?","E"],"build_version":"2020-12-07","purchased_purges":0,"victory":false,"max_hp_per_floor":[71,71,71,71,71,71,71,71,71,71,71,71,71,71,71,71,71,71,71,71,71,71,71,71],"relic_stats":{"counters":[10,46],"Bronze Scales":[78],"Turnip":[0],"Juzu Bracelet":2,"Bag of Preparation":[6],"Orichalcum":[18],"obtain_stats":[{"Calling Bell":17,"Bronze Scales":14,"Turnip":17,"Juzu Bracelet":9,"Bag of Preparation":17,"Orichalcum":7,"Cracked Core":0,"Symbiotic Virus":17},{"Calling Bell":7,"Bronze Scales":6,"Turnip":7,"Juzu Bracelet":5,"Bag of Preparation":7,"Orichalcum":5,"Cracked Core":0,"Symbiotic Virus":7},{"Calling Bell":32,"Bronze Scales":24,"Turnip":32,"Juzu Bracelet":18,"Bag of Preparation":32,"Orichalcum":18,"Cracked Core":0,"Symbiotic Virus":32}]},"card_choices":[{"not_picked":["Beam Cell","Leap"],"picked":"Streamline","floor":1.0},{"not_picked":["Double Energy","Compile Driver"],"picked":"Cold Snap","floor":3.0},{"not_picked":["Conserve Battery","Coolheaded"],"picked":"Chill","floor":4.0},{"not_picked":["Rebound","Buffer"],"picked":"Barrage","floor":5.0},{"not_picked":["Blizzard","Gash"],"picked":"Ball Lightning","floor":7.0},{"not_picked":["Auto Shields","Amplify"],"picked":"Doom and Gloom","floor":14.0},{"not_picked":["Machine Learning","Multi-Cast"],"picked":"Echo Form","floor":16.0},{"not_picked":["Redo","Hologram"],"picked":"Steam","floor":18},{"not_picked":["Lockon","Leap"],"picked":"Compile Driver","floor":19}],"player_experience":1312078,"relics_obtained":[{"floor":7.0,"key":"Orichalcum"},{"floor":9.0,"key":"Juzu Bracelet"},{"floor":14.0,"key":"Bronze Scales"},{"floor":17.0,"key":"Bag of Preparation"},{"floor":17.0,"key":"Symbiotic Virus"},{"floor":17.0,"key":"Turnip"}],"event_choices":[{"cards_removed":["Strike_B"],"damage_healed":0.0,"max_hp_gain":0.0,"max_hp_loss":0.0,"gold_gain":0.0,"event_name":"Purifier","player_choice":"Purged","floor":2.0,"gold_loss":0.0,"damage_taken":0.0},{"cards_removed":["Strike_B"],"damage_healed":0.0,"max_hp_gain":0.0,"max_hp_loss":0.0,"gold_gain":0.0,"event_name":"The Cleric","player_choice":"Card Removal","floor":11.0,"gold_loss":75.0,"damage_taken":0.0},{"damage_healed":0.0,"max_hp_gain":0.0,"max_hp_loss":0.0,"gold_gain":50.0,"event_name":"Golden Shrine","player_choice":"Pray","floor":12.0,"gold_loss":0.0,"damage_taken":0.0},{"cards_removed":["Strike_B"],"damage_healed":0.0,"max_hp_gain":0.0,"max_hp_loss":0.0,"gold_gain":0.0,"event_name":"Living Wall","player_choice":"Forget","floor":13.0,"gold_loss":0.0,"damage_taken":0.0},{"damage_healed":0,"gold_gain":0,"player_choice":"Simplicity","damage_taken":0,"max_hp_gain":0,"max_hp_loss":0,"event_name":"Back to Basics","floor":20,"gold_loss":0,"cards_upgraded":["Strike_B","Defend_B","Defend_B","Defend_B","Defend_B"]},{"damage_healed":0,"gold_gain":0,"player_choice":"Smashed Altar","damage_taken":0,"max_hp_gain":0,"max_hp_loss":0,"event_name":"Forgotten Altar","floor":21,"gold_loss":0,"cards_obtained":["Decay"]},{"damage_healed":14,"gold_gain":0,"player_choice":"Heal","damage_taken":0,"max_hp_gain":0,"max_hp_loss":0,"event_name":"The Library","floor":22,"gold_loss":0}],"is_beta":true,"boss_relics":[{"not_picked":["Busted Crown","Black Star"],"picked":"Calling Bell"}],"items_purged_floors":[],"is_endless":false,"potions_floor_spawned":[4,7,14,18],"killed_by":"Gremlin Leader","ascension_level":20}}