{"host":"vcrofm1hbk0ziuql","time":1607543595,"event":{"gold_per_floor":[0,12,12,27,27,45,45,45,70,70,83,103,203,222,234,234,234],"floor_reached":16,"playtime":1492,"items_purged":[],"score":104,"play_id":"9e0de8dc-4ba3-4082-9dae-344528fbce9c","local_time":"20201209195315","is_ascension_mode":false,"campfire_choices":[{"data":"Guardian:CurlUp","floor":1,"key":"SMITH"},{"data":"Guardian:TwinSlam","floor":3,"key":"SMITH"},{"data":"Guardian:RollAttack","floor":5,"key":"SMITH"},{"data":"Guardian:CrystalBeam","floor":8,"key":"SMITH"},{"data":"Guardian:Defend_Guardian","floor":10,"key":"SMITH"}],"neow_cost":"NO_GOLD","seed_source_timestamp":26244256939911,"circlet_count":0,"master_deck":["Guardian:Strike_Guardian","Guardian:Strike_Guardian","Guardian:Strike_Guardian","Guardian:Strike_Guardian","Guardian:Defend_Guardian+1","Guardian:Defend_Guardian","Guardian:Defend_Guardian","Guardian:Defend_Guardian","Guardian:CurlUp+1","Guardian:TwinSlam+1","Guardian:RollAttack+1","Guardian:CrystalBeam+1","Guardian:Gem_Fragmented","Guardian:Planning","Guardian:Gem_Cyan","Guardian:Suspension","Guardian:EvasiveProtocol","Guardian:Gem_Red","Guardian:Gem_Red","Guardian:CrystalBeam","Guardian:Incinerate"],"relics":["Guardian:ModeShifter","Prayer Wheel","Regal Pillow","Thread and Needle"],"potions_floor_usage":[16],"damage_taken":[{"damage":0,"enemies":"2 Louse","floor":2,"turns":3},{"damage":1,"enemies":"Cultist","floor":4,"turns":3},{"damage":1,"enemies":"Jaw Worm","floor":6,"turns":3},{"damage":24,"enemies":"Lagavulin","floor":9,"turns":7},{"damage":0,"enemies":"Exordium Wildlife","floor":11,"turns":5},{"damage":0,"enemies":"Exordium Thugs","floor":12,"turns":2},{"damage":0,"enemies":"2 Fungi Beasts","floor":14,"turns":3},{"damage":0,"enemies":"Exordium Wildlife","floor":15,"turns":2},{"damage":54,"enemies":"downfall:CharBossDefect","floor":16,"turns":8}],"seed_played":"2300883727952652587","potions_obtained":[{"floor":9,"key":"BlessingOfTheForge"},{"floor":11,"key":"LiquidBronze"},{"floor":14,"key":"SteroidPotion"}],"is_trial":false,"path_per_floor":["R","M","R","M","R","M","T","R","E","R","M","M","?","M","M","B"],"character_chosen":"GUARDIAN","items_purchased":[],"campfire_rested":0,"item_purchase_floors":[],"current_hp_per_floor":[80,80,80,79,79,78,78,78,54,54,54,54,54,54,54,0,0],"gold":234,"neow_bonus":"ONE_RARE_RELIC","is_prod":false,"is_daily":false,"chose_seed":false,"campfire_upgraded":5,"win_rate":0.0,"timestamp":1607543595,"path_taken":["R","M","R","M","R","M","T","R","E","R","M","M","?","?","M","BOSS"],"build_version":"2020-11-30","purchased_purges":0,"victory":false,"max_hp_per_floor":[80,80,80,80,80,80,80,80,80,80,80,80,80,80,80,80,80],"card_choices":[{"not_picked":["Guardian:Suspension","Guardian:TemporalShield"],"picked":"Guardian:RollAttack","floor":2},{"not_picked":["Guardian:ShieldCharger","Guardian:Planning"],"picked":"Guardian:Gem_Cyan","floor":2},{"not_picked":["Guardian:DecasProtection","Guardian:BronzeOrb"],"picked":"Guardian:Gem_Red","floor":4},{"not_picked":["Guardian:ChargeCore","Guardian:VentSteam"],"picked":"Guardian:CrystalBeam","floor":4},{"not_picked":["Guardian:RevengeProtocol","Guardian:WalkerClaw"],"picked":"Guardian:Gem_Red","floor":6},{"not_picked":["Guardian:TemporalStrike","Guardian:BronzeOrb"],"picked":"Guardian:Gem_Crimson","floor":6},{"not_picked":["Guardian:ChargeCore","Guardian:Reroute"],"picked":"Guardian:Gem_Fragmented","floor":9},{"not_picked":["Guardian:Incinerate","Guardian:RollAttack"],"picked":"Guardian:Planning","floor":11},{"not_picked":["Guardian:Planning","Guardian:PrimingBeam"],"picked":"Guardian:Gem_Cyan","floor":11},{"not_picked":["Guardian:GuardianWhirl","Guardian:PrimingBeam"],"picked":"Guardian:Suspension","floor":12},{"not_picked":["Guardian:Harden","Guardian:VentSteam"],"picked":"Guardian:EvasiveProtocol","floor":12},{"not_picked":["Guardian:StasisField","Guardian:Incinerate"],"picked":"Guardian:Gem_Red","floor":14},{"not_picked":["Guardian:RollAttack","Guardian:Repulse"],"picked":"Guardian:Gem_Red","floor":14},{"not_picked":["Guardian:TemporalStrike","Guardian:WalkerClaw"],"picked":"Guardian:CrystalBeam","floor":15},{"not_picked":["Guardian:Harden","Guardian:Clone"],"picked":"Guardian:Incinerate","floor":15}],"player_experience":528496,"relics_obtained":[{"floor":7,"key":"Regal Pillow"},{"floor":9,"key":"Thread and Needle"}],"event_choices":[],"is_beta":false,"boss_relics":[],"items_purged_floors":[],"is_endless":false,"potions_floor_spawned":[9,11,14,15],"killed_by":"downfall:CharBossDefect","ascension_level":0}}