{"host":"yiit85oc4oi3nqs8","time":1607501317,"event":{"gold_per_floor":[113,188,188,199,199,199,51,13,13,13],"floor_reached":9,"playtime":293,"items_purged":["Strike_B"],"score":66,"play_id":"eb3643a3-66a6-4f44-b7bf-e48ca6f08e22","local_time":"20201209170837","is_ascension_mode":true,"campfire_choices":[],"neow_cost":"TEN_PERCENT_HP_LOSS","seed_source_timestamp":116775273084576,"circlet_count":0,"master_deck":["Strike_B+1","Defend_B","Defend_B+1","Defend_B","Zap","Dualcast","Gash"],"special_seed":0,"relics":["Cracked Core","Membership Card"],"potions_floor_usage":[],"damage_taken":[{"damage":4.0,"enemies":"Jaw Worm","floor":1.0,"turns":4.0},{"damage":0,"enemies":"2 Louse","floor":4,"turns":3},{"damage":38,"enemies":"Gremlin Nob","floor":9,"turns":3}],"seed_played":"-1556502465313051362","potions_obtained":[{"floor":4,"key":"Weak Potion"}],"is_trial":false,"path_per_floor":["M","?","?","M","?","?","$","$","E"],"character_chosen":"DEFECT","items_purchased":["Membership Card"],"campfire_rested":0,"item_purchase_floors":[7],"current_hp_per_floor":[64,53,39,39,32,32,32,32,0,0],"gold":13,"neow_bonus":"REMOVE_TWO","is_prod":false,"is_daily":false,"chose_seed":false,"campfire_upgraded":0,"win_rate":0,"timestamp":1607501317,"path_taken":["M","?","?","M","?","?","$","$","E"],"build_version":"2020-11-30","purchased_purges":1,"victory":false,"max_hp_per_floor":[68,68,68,68,68,68,68,68,68,68],"relic_stats":{"counters":[3,10],"obtain_stats":[{"Membership Card":7,"Cracked Core":0},{"Membership Card":2,"Cracked Core":0},{"Membership Card":7,"Cracked Core":0}]},"card_choices":[{"not_picked":["Redo","Ball Lightning","Hello World"],"picked":"SKIP","floor":1.0},{"not_picked":["Compile Driver","Hologram"],"picked":"Gash","floor":4}],"player_experience":341482,"relics_obtained":[],"event_choices":[{"damage_healed":0.0,"max_hp_gain":0.0,"max_hp_loss":0.0,"gold_gain":75.0,"event_name":"betterThird:BetterGoop","player_choice":"Gold","floor":2.0,"gold_loss":0.0,"damage_taken":11.0},{"damage_healed":53,"gold_gain":0,"player_choice":"Upgrade","damage_taken":14,"max_hp_gain":0,"max_hp_loss":68,"event_name":"betterThird:BetterShining","floor":3,"gold_loss":0,"cards_upgraded":["Strike_B","Defend_B"]},{"cards_removed":["Strike_B"],"damage_healed":0,"gold_gain":0,"player_choice":"Card Removal","damage_taken":7,"max_hp_gain":0,"max_hp_loss":0,"event_name":"Golden Wing","floor":5,"gold_loss":0},{"damage_healed":0,"gold_gain":0,"player_choice":"Ignored","damage_taken":199,"max_hp_gain":0,"max_hp_loss":0,"event_name":"betterThird:BetterSerpent","floor":6,"gold_loss":0}],"is_beta":false,"boss_relics":[],"items_purged_floors":[8],"is_endless":false,"potions_floor_spawned":[4],"killed_by":"Gremlin Nob","ascension_level":7}}