{"host":"xenpv6dj5x1yxp66","time":1607529004,"event":{"gold_per_floor":[119,137,150,163,180,180,180,180,180,191,191,191,209,14,14,115,115,55,55,55,55,55,55,55,55,55,55,55,55,55,55,55,55,55,55,55,55,55,55,55,55,55,55,55,55,55,55,55,55,55],"floor_reached":51,"playtime":2582,"items_purged":[],"score":936,"play_id":"ecedfbf2-5a6e-42d8-bfb5-6f39a6f29eb5","local_time":"20201209165004","is_ascension_mode":false,"campfire_choices":[{"floor":6,"key":"REST"},{"floor":12,"key":"REST"},{"data":"Zap","floor":15,"key":"SMITH"},{"data":"Electrodynamics","floor":23,"key":"SMITH"},{"floor":27,"key":"REST"},{"data":"Dualcast","floor":30,"key":"SMITH"},{"data":"Genetic Algorithm","floor":32,"key":"SMITH"},{"data":"Echo Form","floor":40,"key":"SMITH"},{"floor":42,"key":"REST"},{"data":"Capacitor","floor":49,"key":"SMITH"}],"neow_cost":"","seed_source_timestamp":2241512412000199,"circlet_count":0,"master_deck":["Strike_B","Strike_B","Strike_B","Defend_B","Defend_B","Defend_B","Defend_B","Zap+1","Dualcast+1","Loop+1","Rainbow+1","Capacitor+1","Sweeping Beam","Genetic Algorithm+1","Turbo","Steam+1","Electrodynamics+1","Hologram+1","hubris:DoWhile+1","CurseOfTheBell","hubris:SpecializedCircuitry+1","Ball Lightning+1","conspire:SharedLibrary+1","Conserve Battery+1","Double Energy+1","Barrage+1","BootSequence+1","Fission+1","Rebound+1","Echo Form+1","BasicCrystalCard+1","Stack+1","Redo+1","Coolheaded+1","Lockon+1","Writhe"],"relics":["Cracked Core","Toy Ornithopter","Omamori","conspire:TreasureMap","Thread and Needle","ReplayTheSpireMod:Ring of Addiction","Ring of Peace","Chameleon Ring","hubris:EmptyBottle","hubris:SoftwareUpdate","Toxic Egg 2","Replay:Grab Bag","Ectoplasm","Replay:Bronze Core","Calling Bell","Astrolabe","Runesmith:AutoHammer","hubris:DeckOfHolding","Mango","aspiration:RitualStick","Runesmith:Nanobots","StrikeDummy","aspiration:BursterCore","Smiling Mask","hubris:Towel"],"potions_floor_usage":[4,13,16,16,22,22,22,22,24,31,31,31,33,39,44,50,50,50,50],"damage_taken":[{"damage":0,"enemies":"Cultist","floor":1,"turns":3},{"damage":11,"enemies":"Small Slimes","floor":2,"turns":3},{"damage":4,"enemies":"2 Louse","floor":3,"turns":2},{"damage":7,"enemies":"2 Fungi Beasts","floor":4,"turns":3},{"damage":18,"enemies":"3 Louse","floor":5,"turns":3},{"damage":0,"enemies":"Blue Slaver","floor":10,"turns":5},{"damage":0,"enemies":"Exordium Wildlife","floor":13,"turns":4},{"damage":0,"enemies":"Slime Boss","floor":16,"turns":6},{"damage":0,"enemies":"2 Thieves","floor":18,"turns":3},{"damage":0,"enemies":"Spheric Guardian","floor":21,"turns":5},{"damage":0,"enemies":"Centurion and Healer","floor":22,"turns":5},{"damage":71,"enemies":"Gremlin Leader","floor":24,"turns":10},{"damage":0,"enemies":"Shelled Parasite and Fungi","floor":25,"turns":6},{"damage":18,"enemies":"Snecko","floor":31,"turns":6},{"damage":12,"enemies":"Champ","floor":33,"turns":13},{"damage":0,"enemies":"Orb Walker","floor":35,"turns":5},{"damage":18,"enemies":"3 Shapes","floor":37,"turns":6},{"damage":20,"enemies":"Maw","floor":39,"turns":9},{"damage":0,"enemies":"Writhing Mass","floor":41,"turns":4},{"damage":7,"enemies":"3 Darklings","floor":44,"turns":5},{"damage":42,"enemies":"Transient","floor":46,"turns":5},{"damage":13,"enemies":"hubris:GrandSnecko","floor":50,"turns":7}],"seed_played":"911948860042061087","potions_obtained":[{"floor":3,"key":"Fire Potion"},{"floor":4,"key":"Ancient Potion"},{"floor":5,"key":"LiquidMemories"},{"floor":8,"key":"DuplicationPotion"},{"floor":8,"key":"Block Potion"},{"floor":18,"key":"Swift Potion"},{"floor":24,"key":"Energy Potion"},{"floor":25,"key":"Fire Potion"},{"floor":37,"key":"construct:ShiftPotion"},{"floor":39,"key":"Doom Potion"},{"floor":44,"key":"FearPotion"}],"is_trial":false,"path_per_floor":["M","M","M","M","M","R","?","?","T","M","?","R","M","$","R","B",null,"M","?","?","M","M","R","E","M","T","R","$","?","R","M","R","B",null,"M","?","M","?","M","R","M","R","T","M","$","M","?","?","R_BF","B",null],"character_chosen":"DEFECT","items_purchased":["Loop","Rainbow","Toy Ornithopter","Omamori","conspire:TreasureMap","Electrodynamics","Hologram+1"],"campfire_rested":4,"item_purchase_floors":[0,0,0,0,0,14,14],"current_hp_per_floor":[40,29,25,23,5,27,27,27,27,27,27,48,53,53,53,63,87,87,87,68,68,85,85,14,14,14,39,39,66,66,63,63,56,81,81,65,47,47,32,32,32,55,55,53,53,11,30,30,30,37],"gold":55,"neow_bonus":"","is_prod":false,"is_daily":false,"chose_seed":false,"campfire_upgraded":6,"win_rate":0,"timestamp":1607529004,"path_taken":["M","?","M","?","M","R","?","?","T","M","?","R","M","$","R","BOSS","M","?","?","M","M","R","E","M","T","R","?","?","R","M","R","BOSS","M","?","M","?","M","R","M","R","T","M","$","?","?","?","R_BF","BOSS"],"build_version":"2020-11-30","purchased_purges":0,"victory":true,"max_hp_per_floor":[75,75,75,75,75,75,75,75,75,75,75,73,73,73,73,73,87,87,87,85,85,85,85,85,85,85,85,83,83,83,81,81,81,81,81,81,79,79,79,79,79,79,77,77,77,77,77,75,75,75],"card_choices":[{"not_picked":["ReplayTheSpireMod:System Scan","Steam"],"picked":"Rip and Tear","floor":1},{"not_picked":["Ball Lightning","Cold Snap"],"picked":"Capacitor","floor":2},{"not_picked":["Gash","Conserve Battery"],"picked":"Sweeping Beam","floor":3},{"not_picked":["ReplayTheSpireMod:GoodbyeWorld","Sweeping Beam"],"picked":"Steam","floor":4},{"not_picked":["Cold Snap","ReplayTheSpireMod:Repulse"],"picked":"Genetic Algorithm","floor":5},{"not_picked":["Hello World","Go for the Eyes"],"picked":"Turbo","floor":10},{"not_picked":["ReplayGash","Streamline"],"picked":"Steam+1","floor":13},{"not_picked":["Meteor Strike","Multi-Cast+1"],"picked":"hubris:DoWhile+1","floor":16},{"not_picked":["Go for the Eyes","Compile Driver"],"picked":"Conserve Battery+1","floor":18},{"not_picked":["Coolheaded+1","Go for the Eyes"],"picked":"Double Energy+1","floor":21},{"not_picked":["Barrage","ReplayTheSpireMod:Calculation Training+1","Double Energy+1"],"picked":"SKIP","floor":22},{"not_picked":["ReplayTheSpireMod:Repulse+1","Gash","hubris:SpecializedCircuitry"],"picked":"SKIP","floor":24},{"not_picked":["conspire:SharedLibrary","Gash"],"picked":"Barrage+1","floor":25},{"not_picked":["Recycle+1","Glacier+1"],"picked":"BootSequence+1","floor":31},{"not_picked":["Reboot+1","Buffer"],"picked":"Fission+1","floor":33},{"not_picked":["Conserve Battery+1","Steam+1"],"picked":"Rebound+1","floor":35},{"not_picked":["ReplayGash","Fusion+1"],"picked":"BasicCrystalCard+1","floor":37},{"not_picked":["Capacitor","Auto Shields+1"],"picked":"Stack+1","floor":39},{"not_picked":["Streamline","Barrage"],"picked":"Redo+1","floor":41},{"not_picked":["hubris:DoWhile+1","Cold Snap+1"],"picked":"Coolheaded+1","floor":44},{"not_picked":["Compile Driver","Crystallizer"],"picked":"Lockon+1","floor":46}],"player_experience":120401,"relics_obtained":[{"floor":8,"key":"ReplayTheSpireMod:Ring of Addiction"},{"floor":8,"key":"Ring of Peace"},{"floor":8,"key":"Chameleon Ring"},{"floor":8,"key":"hubris:EmptyBottle"},{"floor":9,"key":"hubris:SoftwareUpdate"},{"floor":17,"key":"Runesmith:AutoHammer"},{"floor":17,"key":"hubris:DeckOfHolding"},{"floor":17,"key":"Mango"},{"floor":24,"key":"Runesmith:Nanobots"},{"floor":26,"key":"StrikeDummy"},{"floor":38,"key":"Smiling Mask"}],"event_choices":[{"damage_healed":0,"gold_gain":0,"player_choice":"Grow","damage_taken":0,"max_hp_gain":0,"max_hp_loss":0,"event_name":"Living Wall","floor":7,"gold_loss":0,"cards_upgraded":["Loop"]},{"damage_healed":27,"gold_gain":0,"player_choice":"Heal","damage_taken":0,"max_hp_gain":0,"max_hp_loss":0,"event_name":"The Library","floor":29,"gold_loss":0},{"damage_healed":0,"gold_gain":3,"player_choice":"2","damage_taken":0,"max_hp_gain":0,"max_hp_loss":16,"event_name":"betterStone:BetterStone","floor":36,"gold_loss":0},{"damage_healed":0,"gold_gain":0,"player_choice":"Relic","damage_taken":0,"max_hp_gain":0,"max_hp_loss":0,"event_name":"Wheel of Change","floor":38,"gold_loss":0},{"damage_healed":19,"gold_gain":0,"player_choice":"Writhe","damage_taken":0,"max_hp_gain":0,"max_hp_loss":0,"event_name":"Winding Halls","floor":47,"gold_loss":0,"cards_obtained":["Writhe"]}],"is_beta":false,"boss_relics":[{"not_picked":["Replay:Ancient Bell","conspire:RunicOctahedron"],"picked":"Replay:Grab Bag"},{"not_picked":["Cursed Key","hubris:CrackedHourglass"],"picked":"Ectoplasm"},{"not_picked":["hubris:RunicObelisk","ReplayTheSpireMod:DimensionalGlitch"],"picked":"Replay:Bronze Core"},{"not_picked":["aspiration:RunicSpoon","hubris:HollowSoul"],"picked":"Calling Bell"},{"not_picked":["Replay:Drink Me","Kintsugi"],"picked":"Astrolabe"},{"not_picked":["Tiny House","aspiration:SecretTechniqueScroll"],"picked":"aspiration:BursterCore"}],"items_purged_floors":[],"is_endless":false,"potions_floor_spawned":[3,4,5,18,24,25,37,39,44],"ascension_level":0}}