{"host":"e0kes70z4atl8xdk","time":1607525989,"event":{"gold_per_floor":[111,128,147,162,162,162,187,187,265,284,307,327,327,358,358,460,460,475,493,408,419,92,92,103,129,180,180,180,214,214,243,243,243,243],"floor_reached":33,"playtime":2728,"items_purged":["Strike_R"],"score":425,"play_id":"73bd17a3-a9ae-44c4-8040-609613099ade","local_time":"20201209155949","is_ascension_mode":true,"campfire_choices":[{"data":"Bash","floor":6.0,"key":"SMITH"},{"floor":8.0,"key":"REST"},{"data":"Dual Wield","floor":13.0,"key":"SMITH"},{"data":"Clothesline","floor":15.0,"key":"SMITH"},{"floor":23,"key":"REST"},{"floor":30,"key":"REST"},{"data":"Anger","floor":32,"key":"SMITH"}],"neow_cost":"NONE","seed_source_timestamp":981415906234,"circlet_count":0,"master_deck":["Strike_R","Strike_R","Strike_R","Strike_R","Defend_R","Defend_R","Defend_R+1","Defend_R","Bash+1","Clothesline+1","Intimidate+1","Carnage+1","Dual Wield+1","Reaper","Headbutt","Battle Trance+1","Iron Wave+1","Anger+1"],"special_seed":0,"relics":["Burning Blood","Incense Burner","InkBottle","Odd Mushroom","Orichalcum","Sozu","Champion Belt","Pantograph","Mercury Hourglass","Red Skull","Blue Candle","Art of War","War Paint"],"potions_floor_usage":[16,18],"damage_taken":[{"damage":1.0,"enemies":"Cultist","floor":1.0,"turns":4.0},{"damage":6.0,"enemies":"2 Louse","floor":2.0,"turns":3.0},{"damage":0.0,"enemies":"Small Slimes","floor":3.0,"turns":3.0},{"damage":11.0,"enemies":"Exordium Thugs","floor":4.0,"turns":4.0},{"damage":40.0,"enemies":"3 Sentries","floor":7.0,"turns":8.0},{"damage":0.0,"enemies":"2 Fungi Beasts","floor":10.0,"turns":2.0},{"damage":8.0,"enemies":"The Mushroom Lair","floor":11.0,"turns":5.0},{"damage":8.0,"enemies":"Blue Slaver","floor":12.0,"turns":2.0},{"damage":1.0,"enemies":"Lagavulin","floor":14.0,"turns":4.0},{"damage":30,"enemies":"The Guardian","floor":16,"turns":13},{"damage":7,"enemies":"3 Byrds","floor":18,"turns":7},{"damage":18,"enemies":"2 Thieves","floor":19,"turns":4},{"damage":32,"enemies":"Centurion and Healer","floor":21,"turns":7},{"damage":17,"enemies":"Sentry and Sphere","floor":24,"turns":4},{"damage":60,"enemies":"Slavers","floor":25,"turns":6},{"damage":0,"enemies":"Gremlin Leader","floor":29,"turns":4},{"damage":36,"enemies":"Slavers","floor":31,"turns":5},{"damage":81,"enemies":"Automaton","floor":33,"turns":6}],"seed_played":"-5514514931103754918","potions_obtained":[{"floor":0.0,"key":"SkillPotion"},{"floor":0.0,"key":"SneckoOil"},{"floor":0.0,"key":"Swift Potion"},{"floor":4.0,"key":"SteroidPotion"},{"floor":7.0,"key":"SteroidPotion"},{"floor":10.0,"key":"HeartOfIron"},{"floor":12.0,"key":"SkillPotion"},{"floor":16,"key":"Fire Potion"}],"is_trial":false,"path_per_floor":["M","M","M","M","?","R","E","R","T","M","?","M","R","E","R","B",null,"M","M","?","M","$","R","M","E","T","?","T","E","R","E","R","B"],"character_chosen":"IRONCLAD","items_purchased":["Pantograph"],"campfire_rested":3,"item_purchase_floors":[22],"current_hp_per_floor":[80,80,80,75,75,75,41,65,65,71,69,67,67,72,72,48,72,80,72,72,54,54,78,67,25,25,25,25,31,55,51,51,0,0],"gold":243,"neow_bonus":"THREE_SMALL_POTIONS","is_prod":false,"is_daily":false,"chose_seed":false,"campfire_upgraded":4,"win_rate":0,"timestamp":1607525989,"path_taken":["M","M","M","M","?","R","E","R","T","M","?","M","R","E","R","BOSS","M","M","?","M","?","R","M","E","T","?","?","E","R","E","R","BOSS"],"build_version":"2020-11-30","purchased_purges":1,"victory":false,"max_hp_per_floor":[80,80,80,80,80,80,80,80,80,80,80,80,80,80,80,80,80,80,80,80,80,80,80,80,80,80,80,80,80,80,80,80,80,80],"relic_stats":{"Sozu":3,"counters":[18,91],"Pantograph":25,"Blue Candle":[0],"Art of War":[1],"Champion Belt":[8],"Orichalcum":[204],"War Paint":["Defend_R","Intimidate"],"obtain_stats":[{"Blue Candle":28,"Incense Burner":7,"Odd Mushroom":11,"Orichalcum":14,"War Paint":31,"Burning Blood":0,"Mercury Hourglass":25,"Sozu":17,"Pantograph":22,"Art of War":29,"Champion Belt":20,"InkBottle":9,"Red Skull":26},{"Blue Candle":15,"Incense Burner":5,"Odd Mushroom":7,"Orichalcum":9,"War Paint":17,"Burning Blood":0,"Mercury Hourglass":15,"Sozu":10,"Pantograph":13,"Art of War":16,"Champion Belt":12,"InkBottle":5,"Red Skull":15},{"Blue Candle":76,"Incense Burner":22,"Odd Mushroom":29,"Orichalcum":35,"War Paint":85,"Burning Blood":0,"Mercury Hourglass":76,"Sozu":48,"Pantograph":66,"Art of War":80,"Champion Belt":59,"InkBottle":22,"Red Skull":76}],"Burning Blood":86,"InkBottle":[16],"Mercury Hourglass":[86]},"card_choices":[{"not_picked":["Warcry","Pommel Strike"],"picked":"Clothesline","floor":1.0},{"not_picked":["Cleave","Burning Pact","Havoc"],"picked":"SKIP","floor":2.0},{"not_picked":["Blood for Blood","Cleave"],"picked":"Intimidate","floor":3.0},{"not_picked":["Battle Trance","Searing Blow"],"picked":"Carnage","floor":4.0},{"not_picked":["Twin Strike","Feed"],"picked":"Dual Wield","floor":7.0},{"not_picked":["Power Through","Thunderclap","Flex"],"picked":"SKIP","floor":10.0},{"not_picked":["Twin Strike","Body Slam","Havoc"],"picked":"SKIP","floor":12.0},{"not_picked":["Rupture","Wild Strike","Sword Boomerang"],"picked":"SKIP","floor":14.0},{"not_picked":["Impervious","Limit Break"],"picked":"Reaper","floor":16},{"not_picked":["Clash+1","Body Slam"],"picked":"Headbutt","floor":18},{"not_picked":["Flex","Clothesline","Rupture+1"],"picked":"SKIP","floor":19},{"not_picked":["Combust","Pommel Strike"],"picked":"Battle Trance+1","floor":21},{"not_picked":["Rage","Heavy Blade","Dark Embrace+1"],"picked":"SKIP","floor":24},{"not_picked":["Whirlwind","Seeing Red"],"picked":"Iron Wave+1","floor":25},{"not_picked":["Clothesline","Havoc","Fire Breathing"],"picked":"SKIP","floor":29},{"not_picked":["Barricade","Heavy Blade"],"picked":"Anger","floor":31}],"player_experience":170399,"relics_obtained":[{"floor":7.0,"key":"Incense Burner"},{"floor":9.0,"key":"InkBottle"},{"floor":11.0,"key":"Odd Mushroom"},{"floor":14.0,"key":"Orichalcum"},{"floor":25,"key":"Mercury Hourglass"},{"floor":26,"key":"Red Skull"},{"floor":28,"key":"Blue Candle"},{"floor":29,"key":"Art of War"},{"floor":31,"key":"War Paint"}],"event_choices":[{"damage_healed":0.0,"max_hp_gain":0.0,"max_hp_loss":0.0,"gold_gain":0.0,"event_name":"Living Wall","player_choice":"Grow","floor":5.0,"gold_loss":0.0,"damage_taken":0.0,"cards_upgraded":["Carnage"]},{"damage_healed":0.0,"max_hp_gain":0.0,"max_hp_loss":0.0,"gold_gain":0.0,"event_name":"Mushrooms","player_choice":"Fought Mushrooms","floor":11.0,"gold_loss":0.0,"damage_taken":0.0},{"damage_healed":0,"gold_gain":0,"player_choice":"Obtained Relic","damage_taken":0,"relics_obtained":["Champion Belt"],"max_hp_gain":0,"max_hp_loss":0,"event_name":"Addict","floor":20,"gold_loss":85},{"damage_healed":0,"gold_gain":0,"player_choice":"Ignored","damage_taken":0,"max_hp_gain":0,"max_hp_loss":0,"event_name":"Ghosts","floor":27,"gold_loss":0}],"is_beta":false,"boss_relics":[{"not_picked":["Busted Crown","Calling Bell"],"picked":"Sozu"}],"items_purged_floors":[22],"is_endless":false,"potions_floor_spawned":[1,4,7,10,12,16,19,25,31],"killed_by":"Automaton","ascension_level":5}}