{"host":"aeidq2c3auzxo1yh","time":1607532725,"event":{"gold_per_floor":[118,12,12,12,31,78,78,122,169,197,239,326,326,350,350,350,350],"floor_reached":16,"playtime":747,"items_purged":[],"score":328,"play_id":"db9aa190-62ad-4905-8bbd-97a52bcba1b9","local_time":"20201209215205","is_ascension_mode":true,"campfire_choices":[{"data":"Neutralize","floor":7,"key":"SMITH"},{"data":"Bane","floor":15,"key":"SMITH"}],"neow_cost":"NONE","seed_source_timestamp":3046638187518100,"circlet_count":0,"master_deck":["AscendersBane","Strike_G","Strike_G","Strike_G","Strike_G","Defend_G","Defend_G","Defend_G","Defend_G","Defend_G","Survivor","Neutralize+1","Poisoned Stab","Deadly Poison","Blade Dance","Bane+1","Bane","Deadly Poison","Deflect","Backflip","Storm of Steel","PiercingWail"],"relics":["Ring of the Snake","NeowsBlessing","Golden Idol","CeramicFish","Juzu Bracelet","Boot","Akabeko","Dream Catcher"],"potions_floor_usage":[8,11,16,16],"damage_taken":[{"damage":0,"enemies":"2 Louse","floor":1,"turns":1},{"damage":0,"enemies":"Small Slimes","floor":5,"turns":1},{"damage":0,"enemies":"3 Sentries","floor":6,"turns":1},{"damage":0,"enemies":"Gremlin Nob","floor":8,"turns":3},{"damage":0,"enemies":"Cultist","floor":10,"turns":2},{"damage":20,"enemies":"Lagavulin","floor":11,"turns":4},{"damage":17,"enemies":"3 Sentries","floor":12,"turns":9},{"damage":2,"enemies":"Large Slime","floor":14,"turns":4},{"damage":23,"enemies":"Hexaghost","floor":16,"turns":9}],"seed_played":"-8601064488848991159","potions_obtained":[{"floor":1,"key":"Energy Potion"},{"floor":5,"key":"LiquidMemories"},{"floor":8,"key":"DuplicationPotion"},{"floor":13,"key":"EssenceOfSteel"},{"floor":13,"key":"AttackPotion"}],"is_trial":false,"path_per_floor":["M","$","?","?","M","E","R","E","T","M","E","?","?","M","R","B"],"character_chosen":"THE_SILENT","items_purchased":["Deadly Poison","Blade Dance"],"campfire_rested":0,"item_purchase_floors":[2,2],"current_hp_per_floor":[59,59,59,59,59,59,59,59,59,59,39,22,22,20,20,0,0],"gold":350,"neow_bonus":"THREE_ENEMY_KILL","is_prod":false,"is_daily":false,"chose_seed":false,"campfire_upgraded":2,"win_rate":0,"timestamp":1607532725,"path_taken":["M","$","?","?","M","E","R","E","T","M","E","?","?","M","R","BOSS"],"build_version":"2020-11-30","purchased_purges":0,"victory":false,"max_hp_per_floor":[66,66,60,60,60,60,60,60,60,60,60,60,60,60,60,60,60],"relic_stats":{"Dream Catcher":0,"counters":[9,34],"Golden Idol":57,"CeramicFish":54,"Juzu Bracelet":1,"Boot":[33],"obtain_stats":[{"Dream Catcher":12,"NeowsBlessing":0,"Golden Idol":3,"CeramicFish":6,"Juzu Bracelet":8,"Boot":9,"Akabeko":11,"Ring of the Snake":0},{"Dream Catcher":7,"NeowsBlessing":0,"Golden Idol":1,"CeramicFish":3,"Juzu Bracelet":4,"Boot":4,"Akabeko":6,"Ring of the Snake":0},{"Dream Catcher":21,"NeowsBlessing":0,"Golden Idol":1,"CeramicFish":3,"Juzu Bracelet":6,"Boot":6,"Akabeko":12,"Ring of the Snake":0}],"Ring of the Snake":[18]},"card_choices":[{"not_picked":["Masterful Stab","Backflip"],"picked":"Poisoned Stab","floor":1},{"not_picked":["Riddle With Holes","Blade Dance"],"picked":"Bane","floor":5},{"not_picked":["Flechettes","Unload"],"picked":"Bane","floor":6},{"not_picked":["Deflect","Prepared"],"picked":"Deadly Poison","floor":8},{"not_picked":["Slice","Expertise"],"picked":"Deflect","floor":10},{"not_picked":["PiercingWail","Dagger Throw"],"picked":"Backflip","floor":11},{"not_picked":["Distraction","Underhanded Strike"],"picked":"Storm of Steel","floor":12},{"not_picked":["Dodge and Roll","Slice"],"picked":"PiercingWail","floor":14}],"player_experience":808770,"relics_obtained":[{"floor":6,"key":"CeramicFish"},{"floor":8,"key":"Juzu Bracelet"},{"floor":9,"key":"Boot"},{"floor":11,"key":"Akabeko"},{"floor":12,"key":"Dream Catcher"}],"event_choices":[{"damage_healed":0,"gold_gain":0,"player_choice":"Lose Max HP","damage_taken":0,"relics_obtained":["Golden Idol"],"max_hp_gain":0,"max_hp_loss":6,"event_name":"Golden Idol","floor":3,"gold_loss":0},{"cards_removed":["Strike_G"],"damage_healed":0,"gold_gain":0,"player_choice":"Purged","damage_taken":0,"max_hp_gain":0,"max_hp_loss":0,"event_name":"Purifier","floor":4,"gold_loss":0},{"damage_healed":0,"gold_gain":0,"player_choice":"Searched \u00272\u0027 times","damage_taken":0,"max_hp_gain":0,"max_hp_loss":0,"event_name":"Dead Adventurer","floor":12,"gold_loss":0},{"damage_healed":0,"gold_gain":0,"player_choice":"Got Potions","damage_taken":0,"max_hp_gain":0,"max_hp_loss":0,"event_name":"Lab","floor":13,"gold_loss":0}],"is_beta":false,"boss_relics":[],"items_purged_floors":[],"is_endless":false,"potions_floor_spawned":[1,5,8],"killed_by":"Hexaghost","ascension_level":19}}