{"host":"p7j7o00jacnw7qzt","time":1607554446,"event":{"gold_per_floor":[113,113,127,127,127,127,127,209,233,233,253,253,178,189,189,266,266,284,284,284,298,198,198,198],"floor_reached":23,"playtime":675,"items_purged":["Riddle With Holes","Eviscerate"],"score":354,"play_id":"07f6f726-aecc-4677-8501-49868db4637a","local_time":"20201209175406","is_ascension_mode":true,"campfire_choices":[{"data":"Night Terror","floor":6.0,"key":"SMITH"},{"data":"Well Laid Plans","floor":12.0,"key":"SMITH"},{"data":"Grand Finale","floor":15.0,"key":"SMITH"}],"neow_cost":"NONE","seed_source_timestamp":2142795015738000,"circlet_count":0,"master_deck":["AscendersBane","Survivor","Neutralize","Night Terror+1","Noxious Fumes","Deadly Poison","Grand Finale+1","Masterful Stab","Blur","PiercingWail","Well Laid Plans+1","Venomology"],"special_seed":0,"relics":["Pandora\u0027s Box","Tiny Chest","Anchor","SlaversCollar","Incense Burner"],"potions_floor_usage":[23,23,23],"damage_taken":[{"damage":12.0,"enemies":"Jaw Worm","floor":1.0,"turns":2.0},{"damage":0.0,"enemies":"2 Louse","floor":3.0,"turns":2.0},{"damage":0.0,"enemies":"Small Slimes","floor":11.0,"turns":2.0},{"damage":6.0,"enemies":"2 Fungi Beasts","floor":14.0,"turns":3.0},{"damage":21.0,"enemies":"The Guardian","floor":16.0,"turns":8.0},{"damage":5.0,"enemies":"3 Byrds","floor":18.0,"turns":3.0},{"damage":0.0,"enemies":"2 Thieves","floor":21.0,"turns":3.0},{"damage":4,"enemies":"Slavers","floor":23,"turns":4}],"seed_played":"-4536709454048276251","potions_obtained":[{"floor":18.0,"key":"GamblersBrew"}],"is_trial":false,"path_per_floor":["M","?","M","?","?","R","?","T","T","?","M","R","$","M","R","B",null,"M","?","T","M","$","E"],"character_chosen":"THE_SILENT","items_purchased":[],"campfire_rested":0,"item_purchase_floors":[],"current_hp_per_floor":[47,21,21,43,43,43,43,43,43,43,43,43,43,37,37,16,54,49,49,49,49,49,45,45],"gold":198,"neow_bonus":"BOSS_RELIC","is_prod":false,"is_daily":false,"chose_seed":false,"campfire_upgraded":3,"win_rate":0,"timestamp":1607554446,"path_taken":["M","?","M","?","?","R","?","?","T","?","M","R","$","?","R","BOSS","M","?","?","?","$","E"],"build_version":"2020-11-30","purchased_purges":2,"victory":false,"max_hp_per_floor":[66,66,66,66,66,66,66,66,66,66,66,66,66,66,66,66,66,66,66,66,66,66,66,66],"relic_stats":{"counters":[8,27],"Pandora\u0027s Box":["Night Terror","Noxious Fumes","Deadly Poison","Grand Finale","Masterful Stab","Eviscerate","Finisher","Blur","Poisoned Stab","PiercingWail"],"Tiny Chest":2,"obtain_stats":[{"SlaversCollar":17,"Anchor":9,"Pandora\u0027s Box":0,"Tiny Chest":2,"Incense Burner":20,"Ring of the Snake":0},{"SlaversCollar":5,"Anchor":2,"Pandora\u0027s Box":0,"Tiny Chest":1,"Incense Burner":6,"Ring of the Snake":0},{"SlaversCollar":17,"Anchor":4,"Pandora\u0027s Box":0,"Tiny Chest":2,"Incense Burner":20,"Ring of the Snake":0}]},"card_choices":[{"not_picked":["Quick Slash","Deadly Poison","PiercingWail"],"picked":"SKIP","floor":1.0},{"not_picked":["Dodge and Roll","Cloak And Dagger","Underhanded Strike"],"picked":"SKIP","floor":3.0},{"not_picked":["Deflect","Dagger Spray","Corpse Explosion"],"picked":"SKIP","floor":11.0},{"not_picked":["Dash","Well Laid Plans","Cloak And Dagger"],"picked":"SKIP","floor":14.0},{"not_picked":["Grand Finale","Bullet Time"],"picked":"Venomology","floor":16.0},{"not_picked":["Quick Slash","Concentrate","Outmaneuver"],"picked":"SKIP","floor":18.0},{"not_picked":["Prepared","Deadly Poison","Crippling Poison"],"picked":"SKIP","floor":21.0}],"player_experience":717139,"relics_obtained":[{"floor":9.0,"key":"Anchor"},{"floor":20.0,"key":"Incense Burner"}],"event_choices":[{"damage_healed":0.0,"max_hp_gain":0.0,"max_hp_loss":0.0,"gold_gain":0.0,"event_name":"Scrap Ooze","player_choice":"Success","floor":2.0,"gold_loss":0.0,"damage_taken":26.0,"relics_obtained":["Tiny Chest"]},{"damage_healed":22.0,"max_hp_gain":0.0,"max_hp_loss":0.0,"gold_gain":0.0,"event_name":"Big Fish","player_choice":"Banana","floor":4.0,"gold_loss":0.0,"damage_taken":0.0},{"damage_healed":0.0,"max_hp_gain":0.0,"max_hp_loss":0.0,"gold_gain":0.0,"event_name":"Shining Light","player_choice":"Ignored","floor":5.0,"gold_loss":0.0,"damage_taken":0.0},{"damage_healed":0.0,"max_hp_gain":0.0,"max_hp_loss":0.0,"gold_gain":0.0,"cards_transformed":["Finisher"],"event_name":"Living Wall","player_choice":"Change","floor":7.0,"gold_loss":0.0,"damage_taken":0.0,"cards_obtained":["Well Laid Plans"]},{"damage_healed":0.0,"max_hp_gain":0.0,"max_hp_loss":0.0,"gold_gain":0.0,"cards_transformed":["Poisoned Stab"],"event_name":"Transmorgrifier","player_choice":"Transformed","floor":10.0,"gold_loss":0.0,"damage_taken":0.0,"cards_obtained":["Riddle With Holes"]},{"damage_healed":0.0,"max_hp_gain":0.0,"max_hp_loss":0.0,"gold_gain":0.0,"event_name":"Vampires","player_choice":"Ignored","floor":19.0,"gold_loss":0.0,"damage_taken":0.0}],"is_beta":false,"boss_relics":[{"not_picked":["Philosopher\u0027s Stone","Cursed Key"],"picked":"SlaversCollar"}],"items_purged_floors":[13,22],"is_endless":false,"potions_floor_spawned":[18],"killed_by":"Slavers","ascension_level":20}}