{"host":"97bfbul5vt0mksxl","time":1607473471,"event":{"gold_per_floor":[118,118,130,147,147,172,172,92,170,180,190,200,216,242,242,345,345,355,355,355,369,386,415,415,435,435,452,452,479,0,10,10,108,108,125,225,243,243,243],"floor_reached":38,"playtime":3703,"items_purged":[],"score":505,"play_id":"369cf1f0-7556-47b2-abdc-e22c73987356","local_time":"20201208212431","is_ascension_mode":false,"campfire_choices":[{"floor":7.0,"key":"REST"},{"floor":15.0,"key":"REST"},{"floor":28.0,"key":"DIG"},{"floor":32.0,"key":"REST"}],"neow_cost":"NONE","seed_source_timestamp":0,"circlet_count":0,"master_deck":["Eruption","Vigilance","JustLucky","Dramatic Entrance","ThirdEye","TalkToTheHand","LikeWater","Replay:ManipulateFuture","Ragnarok","BattleHymn","Establishment","FlurryOfBlows","Scrawl","Fasting2","Study","Worship+1","Replay:AllIn+1","Replay:Cycle","FlyingSleeves","TalkToTheHand+1","Adaptation","Fasting2","Halt","FearNoEvil+1","Replay:Cycle","Mayhem","Consecrate+1","Devotion","FlyingSleeves+1","infinitespire:Gouge","Protect","CarveReality"],"special_seed":0,"relics":["PureWater","Mummified Hand","Onion Ring","infinitespire:CheckeredPen","Shovel","Pandora\u0027s Box","War Paint","Boot","Regal Pillow","CaptainsWheel","Strawberry","Toy Ornithopter","Replay:Rubber Ducky","Black Star","Replay:Towering Pillar of Hats"],"potions_floor_usage":[],"damage_taken":[{"damage":0.0,"enemies":"2 Louse","floor":1.0,"turns":2.0},{"damage":0.0,"enemies":"Cultist","floor":3.0,"turns":2.0},{"damage":0.0,"enemies":"Small Slimes","floor":4.0,"turns":3.0},{"damage":58.0,"enemies":"Gremlin Nob","floor":6.0,"turns":4.0},{"damage":1.0,"enemies":"Exordium Wildlife","floor":10.0,"turns":2.0},{"damage":0.0,"enemies":"3 Louse","floor":11.0,"turns":1.0},{"damage":5.0,"enemies":"Looter","floor":12.0,"turns":2.0},{"damage":7.0,"enemies":"Blue Slaver","floor":13.0,"turns":3.0},{"damage":23.0,"enemies":"Lagavulin","floor":14.0,"turns":7.0},{"damage":0.0,"enemies":"Slime Boss","floor":16.0,"turns":2.0},{"damage":8.0,"enemies":"Spheric Guardian","floor":18.0,"turns":3.0},{"damage":16.0,"enemies":"3 Byrds","floor":21.0,"turns":5.0},{"damage":8.0,"enemies":"3 Cultists","floor":22.0,"turns":4.0},{"damage":3.0,"enemies":"Book of Stabbing","floor":23.0,"turns":4.0},{"damage":1.0,"enemies":"Cultist and Chosen","floor":25.0,"turns":4.0},{"damage":0.0,"enemies":"Sentry and Sphere","floor":27.0,"turns":2.0},{"damage":12.0,"enemies":"Replay:Snechameleon","floor":29.0,"turns":5.0},{"damage":0.0,"enemies":"Snecko","floor":31.0,"turns":2.0},{"damage":71.0,"enemies":"Champ","floor":33.0,"turns":8.0},{"damage":29.0,"enemies":"3 Darklings","floor":35.0,"turns":4.0},{"damage":33.0,"enemies":"infinitespire:Three Voidlings","floor":36.0,"turns":5.0},{"damage":122.0,"enemies":"Nightmare_Alpha","floor":36.0,"turns":9.0},{"damage":0,"enemies":"Orb Walker","floor":37,"turns":2},{"damage":10,"enemies":"3 Darklings","floor":38,"turns":1}],"seed_played":"5451445042299847025","potions_obtained":[{"floor":4.0,"key":"Fruit Juice"},{"floor":10.0,"key":"BottledMiracle"},{"floor":11.0,"key":"FairyPotion"},{"floor":14.0,"key":"DistilledChaos"},{"floor":23.0,"key":"Swift Potion"},{"floor":27.0,"key":"Ancient Potion"},{"floor":29.0,"key":"Energy Potion"},{"floor":33.0,"key":"Strength Potion"},{"floor":35.0,"key":"FairyPotion"}],"is_trial":false,"path_per_floor":["M","?","M","M","T","E","R","$","T","M","M","M","M","E","R","B",null,"M","?","?","M","M","E","?","M","T","M","R","E","$","M","R","B",null,"M","?","M","M"],"character_chosen":"WATCHER","items_purchased":["LikeWater","Toy Ornithopter","Mayhem","Replay:Rubber Ducky"],"campfire_rested":3,"item_purchase_floors":[8,30,30,30],"current_hp_per_floor":[79,79,79,84,84,26,51,51,51,50,50,45,38,15,40,40,84,76,76,76,60,52,49,49,48,48,48,48,43,43,43,85,20,91,62,9,9,0,0],"gold":243,"neow_bonus":"TEN_PERCENT_HP_BONUS","is_prod":false,"is_daily":false,"chose_seed":false,"campfire_upgraded":0,"win_rate":0.0,"timestamp":1607473471,"path_taken":["M","?","?","M","?","E","R","$","T","M","M","M","M","E","R","BOSS","M","?","?","M","M","E","?","M","T","M","R","E","$","M","R","BOSS","M","?","M","M"],"build_version":"2020-11-30","purchased_purges":0,"victory":false,"max_hp_per_floor":[79,79,79,84,84,84,84,84,84,84,84,84,84,84,84,84,84,84,84,84,84,84,84,84,84,84,84,84,91,91,91,91,91,91,91,91,91,91,91],"card_choices":[{"not_picked":["Replay:AtTheReady","SashWhip"],"picked":"JustLucky","floor":1.0},{"not_picked":["SignatureMove","PathToVictory"],"picked":"ThirdEye","floor":3.0},{"not_picked":["Protect","Prostrate"],"picked":"TalkToTheHand","floor":4.0},{"not_picked":["Replay:DivineShield","FlyingSleeves","Replay:BluntJabs"],"picked":"SKIP","floor":6.0},{"not_picked":["ThirdEye","Replay:BluntJabs","CrushJoints"],"picked":"SKIP","floor":10.0},{"not_picked":["ClearTheMind","Pray"],"picked":"Replay:ManipulateFuture","floor":11.0},{"not_picked":["CutThroughFate","ClearTheMind","ThirdEye"],"picked":"SKIP","floor":12.0},{"not_picked":["Replay:DivineShield","Fasting2"],"picked":"Ragnarok","floor":13.0},{"not_picked":["JustLucky","Indignation"],"picked":"BattleHymn","floor":14.0},{"not_picked":["Blasphemy","Judgement"],"picked":"Establishment","floor":16.0},{"not_picked":["Replay:Hum","Crescendo+1"],"picked":"TalkToTheHand+1","floor":18.0},{"not_picked":["Worship+1","DeceiveReality"],"picked":"Fasting2","floor":21.0},{"not_picked":["Protect","EmptyFist","Replay:BluntJabs"],"picked":"SKIP","floor":22.0},{"not_picked":["Prostrate","Replay:ManipulateFuture","Sanctity+1"],"picked":"SKIP","floor":23.0},{"not_picked":["PathToVictory+1","Conclude+1"],"picked":"Halt","floor":25.0},{"not_picked":["Replay:ManipulateFuture","Replay:Vibes"],"picked":"FearNoEvil+1","floor":27.0},{"not_picked":["Replay:Hum+1","WaveOfTheHand"],"picked":"Replay:Cycle","floor":29.0},{"not_picked":["Replay:BluntJabs+1","FlyingSleeves"],"picked":"Consecrate+1","floor":31.0},{"not_picked":["Replay:AllIn","Vault"],"picked":"Devotion","floor":33.0},{"not_picked":["WreathOfFlame+1","PathToVictory+1"],"picked":"FlyingSleeves+1","floor":35.0},{"not_picked":["infinitespire:Punishment","infinitespire:Oblivion"],"picked":"infinitespire:Gouge","floor":36},{"not_picked":["Replay:BluntJabs","Consecrate+1"],"picked":"Protect","floor":36},{"not_picked":["Pray+1","ThirdEye+1"],"picked":"CarveReality","floor":37}],"player_experience":123072,"relics_obtained":[{"floor":5.0,"key":"Mummified Hand"},{"floor":6.0,"key":"Onion Ring"},{"floor":9.0,"key":"infinitespire:CheckeredPen"},{"floor":14.0,"key":"Shovel"},{"floor":23.0,"key":"Boot"},{"floor":26.0,"key":"Regal Pillow"},{"floor":28.0,"key":"CaptainsWheel"},{"floor":29.0,"key":"Strawberry"},{"floor":36,"key":"Replay:Towering Pillar of Hats"}],"event_choices":[{"damage_healed":0.0,"max_hp_gain":0.0,"max_hp_loss":0.0,"gold_gain":0.0,"event_name":"Match and Keep!","player_choice":"1 cards matched","floor":2.0,"gold_loss":0.0,"damage_taken":0.0,"cards_obtained":["Dramatic Entrance"]},{"damage_healed":0.0,"max_hp_gain":0.0,"max_hp_loss":0.0,"gold_gain":0.0,"event_name":"The Library","player_choice":"Read","floor":20.0,"gold_loss":0.0,"damage_taken":0.0,"cards_obtained":["Adaptation"]},{"damage_healed":0.0,"max_hp_gain":0.0,"max_hp_loss":0.0,"gold_gain":0.0,"event_name":"Ghosts","player_choice":"Ignored","floor":24.0,"gold_loss":0.0,"damage_taken":0.0},{"damage_healed":0,"gold_gain":0,"player_choice":"Ignored","damage_taken":0,"max_hp_gain":0,"max_hp_loss":0,"event_name":"Ghosts","floor":36,"gold_loss":0}],"is_beta":false,"boss_relics":[{"not_picked":["ReplayTheSpireMod:SealedPack","Velvet Choker"],"picked":"Pandora\u0027s Box"},{"not_picked":["Snecko Eye","Sozu"],"picked":"Black Star"}],"items_purged_floors":[],"is_endless":false,"potions_floor_spawned":[4,10,11,14,23,27,29,31,33,35],"killed_by":"3 Darklings","ascension_level":0}}