{"host":"49c2zf0lajbcs427","time":1607479366,"event":{"gold_per_floor":[116,191,191,207,225,225,257,267,267,267,13,13,39,39,39,39,39],"floor_reached":16,"playtime":768,"items_purged":["Strike_P"],"score":162,"play_id":"cce09ac4-f0af-47d0-b046-00ffe7eb49bf","local_time":"20201209150246","is_ascension_mode":true,"campfire_choices":[{"floor":6,"key":"REST"},{"floor":10,"key":"REST"},{"data":"EmptyFist","floor":12,"key":"SMITH"},{"data":"MentalFortress","floor":15,"key":"SMITH"}],"neow_cost":"NONE","seed_source_timestamp":142777179896900,"circlet_count":0,"master_deck":["AscendersBane","Strike_P","Strike_P","Strike_P+1","Defend_P","Defend_P","Defend_P","Defend_P","Eruption","Vigilance+1","CurseOfTheBell","BowlingBash","Adaptation","MentalFortress+1","EmptyFist+1","FearNoEvil"],"relics":["Calling Bell","Dream Catcher","Gremlin Horn","Pocketwatch","Oddly Smooth Stone","The Courier","Singing Bowl","GoldenEye","Art of War"],"potions_floor_usage":[],"damage_taken":[{"damage":12,"enemies":"Jaw Worm","floor":1,"turns":3},{"damage":5,"enemies":"2 Louse","floor":4,"turns":2},{"damage":0,"enemies":"Small Slimes","floor":5,"turns":3},{"damage":5,"enemies":"3 Sentries","floor":7,"turns":5},{"damage":22,"enemies":"Exordium Thugs","floor":8,"turns":2},{"damage":16,"enemies":"Gremlin Nob","floor":13,"turns":4},{"damage":27,"enemies":"Hexaghost","floor":16,"turns":11}],"seed_played":"1540245690195069995","potions_obtained":[{"floor":7,"key":"Ancient Potion"}],"is_trial":false,"path_per_floor":["M","?","?","M","M","R","E","M","T","R","$","R","E","?","R","B"],"character_chosen":"WATCHER","items_purchased":["Singing Bowl"],"campfire_rested":2,"item_purchase_floors":[11],"current_hp_per_floor":[53,42,28,23,23,44,39,17,17,38,38,38,24,24,24,0,0],"gold":39,"neow_bonus":"BOSS_RELIC","is_prod":false,"is_daily":false,"chose_seed":false,"campfire_upgraded":2,"win_rate":0,"timestamp":1607479366,"path_taken":["M","?","?","M","M","R","E","M","T","R","$","R","E","?","R","BOSS"],"build_version":"2020-11-30","purchased_purges":1,"victory":false,"max_hp_per_floor":[72,72,72,72,72,72,72,72,72,72,72,72,74,74,74,74,74],"relic_stats":{"Dream Catcher":2,"Gremlin Horn":[5,5],"Singing Bowl":2,"counters":[7,30],"Art of War":[2],"GoldenEye":[0],"obtain_stats":[{"Calling Bell":0,"Dream Catcher":0,"Gremlin Horn":0,"Singing Bowl":11,"Oddly Smooth Stone":7,"The Courier":9,"Art of War":14,"PureWater":0,"GoldenEye":13,"Pocketwatch":0},{"Calling Bell":0,"Dream Catcher":0,"Gremlin Horn":0,"Singing Bowl":5,"Oddly Smooth Stone":4,"The Courier":5,"Art of War":6,"PureWater":0,"GoldenEye":6,"Pocketwatch":0},{"Calling Bell":0,"Dream Catcher":0,"Gremlin Horn":0,"Singing Bowl":15,"Oddly Smooth Stone":13,"The Courier":15,"Art of War":19,"PureWater":0,"GoldenEye":19,"Pocketwatch":0}],"Pocketwatch":[60]},"card_choices":[{"not_picked":["SashWhip","Study"],"picked":"BowlingBash","floor":1},{"not_picked":["Evaluate","Vengeance","Crescendo"],"picked":"SKIP","floor":4},{"not_picked":["FlyingSleeves","WaveOfTheHand"],"picked":"Adaptation","floor":5},{"not_picked":["Adaptation","CutThroughFate"],"picked":"MentalFortress","floor":6},{"not_picked":["FollowUp","EmptyBody"],"picked":"EmptyFist","floor":7},{"not_picked":["Prostrate","BattleHymn"],"picked":"FearNoEvil","floor":8},{"not_picked":["Consecrate","EmptyFist","Fasting2"],"picked":"Singing Bowl","floor":13}],"player_experience":2035537,"relics_obtained":[{"floor":0,"key":"Dream Catcher"},{"floor":0,"key":"Gremlin Horn"},{"floor":0,"key":"Pocketwatch"},{"floor":7,"key":"Oddly Smooth Stone"},{"floor":9,"key":"The Courier"},{"floor":13,"key":"GoldenEye"}],"event_choices":[{"damage_healed":0,"gold_gain":75,"player_choice":"Gather Gold","damage_taken":11,"max_hp_gain":0,"max_hp_loss":0,"event_name":"World of Goop","floor":2,"gold_loss":0},{"damage_healed":0,"gold_gain":0,"player_choice":"Entered Light","damage_taken":14,"max_hp_gain":0,"max_hp_loss":0,"event_name":"Shining Light","floor":3,"gold_loss":0,"cards_upgraded":["Vigilance","Strike_P"]},{"damage_healed":0,"gold_gain":0,"player_choice":"Searched \u00271\u0027 times","damage_taken":0,"relics_obtained":["Art of War"],"max_hp_gain":0,"max_hp_loss":0,"event_name":"Dead Adventurer","floor":14,"gold_loss":0}],"is_beta":false,"boss_relics":[],"items_purged_floors":[11],"is_endless":false,"potions_floor_spawned":[7],"killed_by":"Hexaghost","ascension_level":10}}