{"host":"jm9833yuloeli2yd","time":1607549822,"event":{"gold_per_floor":[18,29,45,60,75,100,100,130,154,187,214,54,83,83,83,157,157,171,185,16,16,36,70,70,102,102,137,5,5,5,18,18,97,97,113,113,93,113,24,24,34,61,86,86,114,148,166,197,197,197,197],"floor_reached":50,"playtime":2248,"items_purged":["Redo"],"score":1371,"play_id":"4c616a2a-d596-465b-b333-54741e841cdc","local_time":"20201209163702","is_ascension_mode":true,"campfire_choices":[{"data":"Zap","floor":7.0,"key":"SMITH"},{"data":"Hologram","floor":15.0,"key":"SMITH"},{"data":"Genetic Algorithm","floor":24.0,"key":"SMITH"},{"data":"Defragment","floor":30.0,"key":"SMITH"},{"data":"Amplify","floor":32.0,"key":"SMITH"},{"data":"Capacitor","floor":40.0,"key":"SMITH"},{"floor":49.0,"key":"RECALL"}],"neow_cost":"NO_GOLD","seed_source_timestamp":773416792799000,"circlet_count":0,"master_deck":["AscendersBane","Zap+1","Dualcast","Go for the Eyes","Ball Lightning","Compile Driver","Electrodynamics","Ball Lightning","Coolheaded","Self Repair","Hologram+1","Coolheaded","Glacier","Barrage","Rainbow","Stack","Sunder","Hello World","Glacier","Coolheaded","Machine Learning","Genetic Algorithm+1","Ghostly","Ghostly","Ghostly","Defragment+1","Amplify+1","Coolheaded+1","Biased Cognition","Capacitor+1","Reboot","Double Energy+1","Static Discharge"],"special_seed":0,"relics":["Cracked Core","WingedGreaves","Oddly Smooth Stone","Akabeko","MealTicket","MawBank","Strawberry","Pandora\u0027s Box","Medical Kit","Bag of Preparation","PreservedInsect","Letter Opener","Pen Nib","Lizard Tail","Black Star","DataDisk","Sundial","Bottled Flame","Unceasing Top","Bottled Lightning","Bag of Marbles","Regal Pillow","Bronze Scales","FossilizedHelix"],"potions_floor_usage":[],"damage_taken":[{"damage":1.0,"enemies":"2 Louse","floor":1.0,"turns":3.0},{"damage":1.0,"enemies":"Cultist","floor":2.0,"turns":4.0},{"damage":4.0,"enemies":"Jaw Worm","floor":3.0,"turns":2.0},{"damage":4.0,"enemies":"Blue Slaver","floor":4.0,"turns":3.0},{"damage":14.0,"enemies":"Exordium Thugs","floor":5.0,"turns":3.0},{"damage":6.0,"enemies":"Gremlin Nob","floor":6.0,"turns":3.0},{"damage":17.0,"enemies":"3 Sentries","floor":8.0,"turns":5.0},{"damage":15.0,"enemies":"Gremlin Nob","floor":10.0,"turns":4.0},{"damage":4.0,"enemies":"Looter","floor":11.0,"turns":3.0},{"damage":3.0,"enemies":"Lagavulin","floor":13.0,"turns":8.0},{"damage":12.0,"enemies":"The Guardian","floor":16.0,"turns":11.0},{"damage":16.0,"enemies":"Shell Parasite","floor":18.0,"turns":9.0},{"damage":10.0,"enemies":"Spheric Guardian","floor":19.0,"turns":5.0},{"damage":1.0,"enemies":"Snecko","floor":22.0,"turns":6.0},{"damage":3.0,"enemies":"Gremlin Leader","floor":23.0,"turns":8.0},{"damage":33.0,"enemies":"Book of Stabbing","floor":25.0,"turns":9.0},{"damage":0.0,"enemies":"Gremlin Leader","floor":27.0,"turns":5.0},{"damage":4.0,"enemies":"Snake Plant","floor":31.0,"turns":5.0},{"damage":22.0,"enemies":"Champ","floor":33.0,"turns":19.0},{"damage":7.0,"enemies":"3 Shapes","floor":35.0,"turns":5.0},{"damage":4.0,"enemies":"Orb Walker","floor":38.0,"turns":5.0},{"damage":1.0,"enemies":"Writhing Mass","floor":41.0,"turns":10.0},{"damage":10.0,"enemies":"Reptomancer","floor":42.0,"turns":9.0},{"damage":19.0,"enemies":"Giant Head","floor":45.0,"turns":8.0},{"damage":22.0,"enemies":"Nemesis","floor":46.0,"turns":9.0},{"damage":8.0,"enemies":"Spire Growth","floor":47.0,"turns":6.0},{"damage":1.0,"enemies":"Reptomancer","floor":48.0,"turns":6.0},{"damage":13,"enemies":"Time Eater","floor":50,"turns":7}],"seed_played":"7071004324580967695","potions_obtained":[{"floor":1.0,"key":"SkillPotion"},{"floor":4.0,"key":"Swift Potion"},{"floor":6.0,"key":"PotionOfCapacity"},{"floor":8.0,"key":"EssenceOfSteel"},{"floor":14.0,"key":"EntropicBrew"},{"floor":14.0,"key":"CultistPotion"},{"floor":18.0,"key":"Swift Potion"},{"floor":31.0,"key":"CultistPotion"},{"floor":37.0,"key":"FocusPotion"},{"floor":42.0,"key":"FearPotion"}],"is_trial":false,"path_per_floor":["M","M","M","M","M","E","R","E","T","E","M","$","E","?","R","B",null,"M","M","$","?","M","E","R","E","T","E","$","T","R","M","R","B",null,"M","?","?","M","$","R","M","E","T","T","E","E","M","E","R","B"],"character_chosen":"DEFECT","items_purchased":["Glacier","Regen Potion","Medical Kit","Strength Potion","Capacitor"],"campfire_rested":0,"item_purchase_floors":[12,12,20,28,39],"current_hp_per_floor":[63,62,58,54,40,34,34,17,17,9,12,27,53,53,53,48,71,62,59,74,39,39,39,39,6,6,6,21,21,21,31,31,16,33,33,33,33,29,39,39,39,36,36,36,31,16,8,7,7,19,19],"gold":197,"neow_bonus":"ONE_RARE_RELIC","is_prod":false,"is_daily":false,"chose_seed":false,"campfire_upgraded":6,"win_rate":0,"timestamp":1607549822,"path_taken":["M","M","M","M","M","E","R","E","T","E","M","$","E","?","R","BOSS","M","M","?","?","M","E","R","E","T","E","?","?","R","?","R","BOSS","M","?","?","M","$","R","?","E","T","?","E","E","M","E","R","BOSS"],"build_version":"2020-11-30","purchased_purges":1,"victory":false,"max_hp_per_floor":[71,71,71,71,71,71,71,71,71,71,71,71,78,78,78,78,78,78,78,78,39,39,39,39,39,39,39,39,39,39,39,39,39,39,39,39,39,39,39,39,39,39,39,39,39,39,39,39,39,39,39],"card_choices":[{"not_picked":["Steam Power","Turbo"],"picked":"Go for the Eyes","floor":1.0},{"not_picked":["Barrage","Turbo"],"picked":"Ball Lightning","floor":2.0},{"not_picked":["Scrape","Beam Cell"],"picked":"Compile Driver","floor":3.0},{"not_picked":["Steam","Redo"],"picked":"Electrodynamics","floor":4.0},{"not_picked":["Storm","Gash"],"picked":"Ball Lightning","floor":5.0},{"not_picked":["Redo","White Noise"],"picked":"Coolheaded","floor":6.0},{"not_picked":["Ball Lightning","Streamline"],"picked":"Self Repair","floor":8.0},{"not_picked":["Creative AI","Steam"],"picked":"Hologram","floor":10.0},{"not_picked":["Redo","Compile Driver"],"picked":"Coolheaded","floor":11.0},{"not_picked":["Coolheaded","Gash"],"picked":"Barrage","floor":13.0},{"not_picked":["Hyperbeam","Creative AI"],"picked":"Rainbow","floor":16.0},{"not_picked":["FTL","Consume"],"picked":"Genetic Algorithm","floor":18.0},{"not_picked":["Auto Shields","Gash","Stack"],"picked":"SKIP","floor":19.0},{"not_picked":["Ball Lightning","Melter","Stack"],"picked":"SKIP","floor":22.0},{"not_picked":["Force Field","Coolheaded","Cold Snap"],"picked":"SKIP","floor":23.0},{"not_picked":["Reinforced Body","Multi-Cast"],"picked":"Defragment","floor":25.0},{"not_picked":["Ball Lightning","Steam"],"picked":"Amplify","floor":27.0},{"not_picked":["Scrape","Recycle+1"],"picked":"Coolheaded+1","floor":31.0},{"not_picked":["Thunder Strike","Rainbow"],"picked":"Biased Cognition","floor":33.0},{"not_picked":["Ball Lightning","Gash","Cold Snap"],"picked":"SKIP","floor":35.0},{"not_picked":["Ball Lightning+1","Reinforced Body","Leap"],"picked":"SKIP","floor":38.0},{"not_picked":["Steam","Aggregate","Rebound"],"picked":"SKIP","floor":41.0},{"not_picked":["Glacier","Sweeping Beam","Beam Cell"],"picked":"SKIP","floor":42.0},{"not_picked":["Cold Snap","Loop","Reprogram+1"],"picked":"SKIP","floor":45.0},{"not_picked":["Sweeping Beam","Recycle+1"],"picked":"Reboot","floor":46.0},{"not_picked":["Redo","Heatsinks+1"],"picked":"Double Energy+1","floor":47.0},{"not_picked":["Darkness","Streamline"],"picked":"Static Discharge","floor":48.0}],"player_experience":982883,"relics_obtained":[{"floor":6.0,"key":"Oddly Smooth Stone"},{"floor":8.0,"key":"Akabeko"},{"floor":9.0,"key":"MealTicket"},{"floor":10.0,"key":"MawBank"},{"floor":13.0,"key":"Strawberry"},{"floor":23.0,"key":"Bag of Preparation"},{"floor":25.0,"key":"PreservedInsect"},{"floor":26.0,"key":"Letter Opener"},{"floor":27.0,"key":"Pen Nib"},{"floor":29.0,"key":"Lizard Tail"},{"floor":42.0,"key":"DataDisk"},{"floor":42.0,"key":"Sundial"},{"floor":44.0,"key":"Bottled Flame"},{"floor":45.0,"key":"Unceasing Top"},{"floor":45.0,"key":"Bottled Lightning"},{"floor":46.0,"key":"Bag of Marbles"},{"floor":46.0,"key":"Regal Pillow"},{"floor":48.0,"key":"Bronze Scales"},{"floor":48.0,"key":"FossilizedHelix"}],"event_choices":[{"damage_healed":0.0,"max_hp_gain":0.0,"max_hp_loss":0.0,"gold_gain":0.0,"event_name":"Lab","player_choice":"Got Potions","floor":14.0,"gold_loss":0.0,"damage_taken":0.0},{"damage_healed":0.0,"max_hp_gain":0.0,"max_hp_loss":39.0,"gold_gain":0.0,"event_name":"Ghosts","player_choice":"Became a Ghost","floor":21.0,"gold_loss":0.0,"damage_taken":0.0,"cards_obtained":["Ghostly","Ghostly","Ghostly"]},{"cards_removed":["Redo"],"damage_healed":0.0,"max_hp_gain":0.0,"max_hp_loss":0.0,"gold_gain":0.0,"event_name":"Falling","player_choice":"Removed Skill","floor":36.0,"gold_loss":0.0,"damage_taken":0.0},{"damage_healed":0.0,"max_hp_gain":0.0,"max_hp_loss":0.0,"gold_gain":0.0,"event_name":"The Woman in Blue","player_choice":"Bought 1 Potion","floor":37.0,"gold_loss":0.0,"damage_taken":0.0}],"is_beta":false,"boss_relics":[{"not_picked":["Tiny House","SlaversCollar"],"picked":"Pandora\u0027s Box"},{"not_picked":["Astrolabe","Velvet Choker"],"picked":"Black Star"}],"items_purged_floors":[28],"is_endless":false,"potions_floor_spawned":[1,4,6,8,18,22,31,42],"killed_by":"Time Eater","ascension_level":20}}