{"host":"jqa9y4qkalbx8qgz","time":1607527670,"event":{"gold_per_floor":[115,115,135,154,171,171,189,201,201,226,226,226,250,273,273,401,401,425,440,440,466,482,523,623,623,623],"floor_reached":25,"playtime":2924,"items_purged":["Pain"],"score":238,"play_id":"753eb562-60c3-4875-b531-093ec97fbcf1","local_time":"20201209182750","is_ascension_mode":true,"campfire_choices":[{"data":"expansioncontent:QuickStudy","floor":6.0,"key":"SMITH"},{"floor":15.0,"key":"REST"}],"neow_cost":"TEN_PERCENT_HP_LOSS","seed_source_timestamp":281242732134800,"circlet_count":0,"master_deck":["Strike_B","Strike_B","Strike_B","Strike_B","Defend_B","Defend_B","Defend_B","Defend_B","Zap","Dualcast","expansioncontent:QuickStudy+1","Rebound","Darkness","Leap","Skim","Double Energy","Defragment","Cold Snap","expansioncontent:AwakenDeath+1","BasicCrystalCard","expansioncontent:StudyTheSpire+1","ReplaySolidLightProjector","expansioncontent:DonusPower+1","Creative AI","Ball Lightning","Barrage","infinitespire:DeathsTouch","Hologram+1","All For One"],"special_seed":0,"relics":["Cracked Core","Chameleon Ring","CCEMRelics:FestiveHat","Golden Idol","WarpedTongs","Replay:Grab Bag","Coffee Dripper","Inserter","TheAbacus","Pen Nib","ReplayTheSpireMod:Shallot"],"potions_floor_usage":[19,25],"damage_taken":[{"damage":1.0,"enemies":"Cultist","floor":1.0,"turns":3.0},{"damage":3.0,"enemies":"Small Slimes","floor":3.0,"turns":2.0},{"damage":0.0,"enemies":"2 Louse","floor":4.0,"turns":3.0},{"damage":14.0,"enemies":"Exordium Thugs","floor":5.0,"turns":4.0},{"damage":1.0,"enemies":"Large Slime","floor":7.0,"turns":9.0},{"damage":6.0,"enemies":"3 Louse","floor":8.0,"turns":2.0},{"damage":26.0,"enemies":"3 Sentries","floor":10.0,"turns":8.0},{"damage":4.0,"enemies":"Looter","floor":13.0,"turns":4.0},{"damage":25.0,"enemies":"Lots of Slimes","floor":14.0,"turns":7.0},{"damage":25.0,"enemies":"Fading Forest","floor":16.0,"turns":11.0},{"damage":15.0,"enemies":"Chosen","floor":18.0,"turns":5.0},{"damage":6,"enemies":"3 Byrds","floor":19,"turns":5},{"damage":5,"enemies":"Sentry and Sphere","floor":22,"turns":4},{"damage":36,"enemies":"Nightmare","floor":23,"turns":8},{"damage":27,"enemies":"Slavers","floor":25,"turns":1}],"seed_played":"707695267427600091","potions_obtained":[{"floor":3.0,"key":"Reflective Coating"},{"floor":4.0,"key":"Swift Potion"},{"floor":10.0,"key":"SteroidPotion"},{"floor":16.0,"key":"Fire Potion"},{"floor":22,"key":"Elixir"},{"floor":23,"key":"Death Potion"}],"is_trial":false,"path_per_floor":["M","?","M","M","M","R","M","M","T","E","?","?","M","M","R","B",null,"M","M","AVR","T","M","NM","?","E"],"character_chosen":"DEFECT","items_purchased":[],"campfire_rested":1,"item_purchase_floors":[],"current_hp_per_floor":[67,72,69,69,55,55,54,48,48,30,12,12,8,7,28,20,73,58,60,60,60,55,19,19,0,0],"gold":623,"neow_bonus":"RANDOM_COLORLESS_2","is_prod":false,"is_daily":false,"chose_seed":false,"campfire_upgraded":1,"win_rate":0,"timestamp":1607527670,"path_taken":["M","?","M","M","M","R","M","M","T","E","?","?","M","M","R","BOSS","M","M","AVR","?","M","NM","?","E"],"build_version":"2020-11-30","purchased_purges":1,"victory":false,"max_hp_per_floor":[68,73,73,73,73,73,73,73,73,73,73,73,73,73,73,73,73,73,73,73,73,73,73,73,73,73],"relic_stats":{"Inserter":[11],"TheAbacus":[6],"counters":[107,629],"Golden Idol":55,"Pen Nib":[1],"obtain_stats":[{"Ice Cream":0,"Golden Egg":6,"Replay:Accelerometer":23,"downfall:HeartBlessingGreen":27,"Whetstone":6,"Sling":38,"Centennial Puzzle":24,"Honey Jar":17,"Prayer Wheel":0,"MealTicket":29,"Iron Hammer":39,"Replay:Wax Seal":21,"Girya":0,"Dead Branch":24,"Replay:Grab Bag":17,"Oddly Smooth Stone":26,"Pen Nib":38,"Replay:Kaleidoscope":20,"Slimebound:TarBlob":17,"WarpedTongs":12,"Replay:Baseball":9,"ReplayTheSpireMod:Shallot":41,"CCEMRelics:FestiveHat":10,"Shuriken":2,"Snecko Eye":34,"Molten Egg 2":48,"ReplayTheSpireMod:TigerMarble":7,"Nloth\u0027s Gift":19,"Black Star":34,"Abe\u0027s Treasure":17,"Pocketwatch":42,"Darkstone Periapt":9,"Torii":6,"Mango":52,"Blue Doll":9,"StoneCalendar":28,"Bag of Preparation":0,"Nunchaku":2,"Chameleon Ring":9,"TheAbacus":20,"Mummified Hand":38,"downfall:HeartBlessingBlue":44,"Tiny Chest":0,"Red Mask":46,"Chemical X":30,"Replay:Bottled Eggs":45,"Cracked Core":0,"infinitespire:Chaos":0,"InkBottle":25,"Gremlin Food":31,"ReplayTheSpireMod:Ninjato":41,"Inserter":17,"downfall:HeartBlessingRed":27,"Golden Idol":11,"infinitespire:EmptyRelic":0,"PreservedInsect":36,"Replay:WaspNest":26,"Geode":13,"infinitespire:Lucky Rock":6,"Frozen Egg 2":9,"Medical Kit":0,"MawBank":30,"Nuclear Battery":0,"Mercury Hourglass":48,"Cauldron":0,"downfall:GremlinSack":29,"Slimebound:AbsorbEndCombat":0,"Durian":8,"Snack Pack":13,"Coffee Dripper":34,"Bag of Marbles":43,"Garlic":25,"ReplayTheSpireMod:Lightbulb":4},{"Ice Cream":60,"Golden Egg":3,"Replay:Accelerometer":72,"downfall:HeartBlessingGreen":17,"Whetstone":40,"Sling":80,"Centennial Puzzle":51,"Honey Jar":47,"Prayer Wheel":36,"MealTicket":51,"Iron Hammer":55,"Replay:Wax Seal":49,"Girya":87,"Dead Branch":15,"Replay:Grab Bag":102,"Oddly Smooth Stone":51,"Pen Nib":80,"Replay:Kaleidoscope":12,"Slimebound:TarBlob":10,"WarpedTongs":99,"Replay:Baseball":5,"ReplayTheSpireMod:Shallot":82,"CCEMRelics:FestiveHat":99,"Shuriken":88,"Snecko Eye":23,"Molten Egg 2":86,"ReplayTheSpireMod:TigerMarble":3,"Nloth\u0027s Gift":48,"Black Star":78,"Abe\u0027s Treasure":68,"Pocketwatch":28,"Darkstone Periapt":42,"Torii":65,"Mango":35,"Blue Doll":66,"StoneCalendar":74,"Bag of Preparation":36,"Nunchaku":37,"Chameleon Ring":98,"TheAbacus":104,"Mummified Hand":26,"downfall:HeartBlessingBlue":29,"Tiny Chest":36,"Red Mask":84,"Chemical X":20,"Replay:Bottled Eggs":84,"Cracked Core":0,"infinitespire:Chaos":87,"InkBottle":16,"Gremlin Food":52,"ReplayTheSpireMod:Ninjato":82,"Inserter":102,"downfall:HeartBlessingRed":17,"Golden Idol":99,"infinitespire:EmptyRelic":87,"PreservedInsect":24,"Replay:WaspNest":73,"Geode":67,"infinitespire:Lucky Rock":91,"Frozen Egg 2":91,"Medical Kit":36,"MawBank":76,"Nuclear Battery":36,"Mercury Hourglass":86,"Cauldron":87,"downfall:GremlinSack":19,"Slimebound:AbsorbEndCombat":0,"Durian":42,"Snack Pack":45,"Coffee Dripper":53,"Bag of Marbles":57,"Garlic":73,"ReplayTheSpireMod:Lightbulb":2},{"Ice Cream":365,"Golden Egg":19,"Replay:Accelerometer":431,"downfall:HeartBlessingGreen":85,"Whetstone":194,"Sling":484,"Centennial Puzzle":274,"Honey Jar":247,"Prayer Wheel":179,"MealTicket":274,"Iron Hammer":328,"Replay:Wax Seal":258,"Girya":532,"Dead Branch":74,"Replay:Grab Bag":606,"Oddly Smooth Stone":274,"Pen Nib":484,"Replay:Kaleidoscope":57,"Slimebound:TarBlob":47,"WarpedTongs":584,"Replay:Baseball":28,"ReplayTheSpireMod:Shallot":498,"CCEMRelics:FestiveHat":584,"Shuriken":534,"Snecko Eye":114,"Molten Egg 2":527,"ReplayTheSpireMod:TigerMarble":19,"Nloth\u0027s Gift":252,"Black Star":473,"Abe\u0027s Treasure":408,"Pocketwatch":137,"Darkstone Periapt":209,"Torii":386,"Mango":171,"Blue Doll":395,"StoneCalendar":444,"Bag of Preparation":179,"Nunchaku":183,"Chameleon Ring":576,"TheAbacus":616,"Mummified Hand":129,"downfall:HeartBlessingBlue":144,"Tiny Chest":179,"Red Mask":511,"Chemical X":96,"Replay:Bottled Eggs":511,"Cracked Core":0,"infinitespire:Chaos":532,"InkBottle":80,"Gremlin Food":283,"ReplayTheSpireMod:Ninjato":498,"Inserter":606,"downfall:HeartBlessingRed":85,"Golden Idol":584,"infinitespire:EmptyRelic":532,"PreservedInsect":117,"Replay:WaspNest":439,"Geode":399,"infinitespire:Lucky Rock":549,"Frozen Egg 2":549,"Medical Kit":179,"MawBank":460,"Nuclear Battery":179,"Mercury Hourglass":527,"Cauldron":532,"downfall:GremlinSack":92,"Slimebound:AbsorbEndCombat":0,"Durian":209,"Snack Pack":228,"Coffee Dripper":293,"Bag of Marbles":348,"Garlic":439,"ReplayTheSpireMod:Lightbulb":10}],"WarpedTongs":[45]},"card_choices":[{"not_picked":["Secret Weapon","Master of Strategy"],"picked":"expansioncontent:QuickStudy","floor":0.0},{"not_picked":["Compile Driver","Stack"],"picked":"Rebound","floor":1.0},{"not_picked":["Recycle","Rebound"],"picked":"Darkness","floor":3.0},{"not_picked":["Barrage","Ball Lightning"],"picked":"Leap","floor":4.0},{"not_picked":["Sweeping Beam","ReplaySolidLightProjector"],"picked":"Skim","floor":5.0},{"not_picked":["Scrape","Compile Driver"],"picked":"Double Energy","floor":7.0},{"not_picked":["Static Discharge","Reboot"],"picked":"Defragment","floor":8.0},{"not_picked":["ReplayTheSpireMod:Reroute Power","ReplaySolidLightProjector"],"picked":"Cold Snap","floor":10.0},{"not_picked":["Dramatic Entrance+1","expansioncontent:DonusPower+1"],"picked":"expansioncontent:AwakenDeath+1","floor":13.0},{"not_picked":["Go for the Eyes","Leap"],"picked":"BasicCrystalCard","floor":13.0},{"not_picked":["Sadistic Nature+1","Mayhem+1"],"picked":"expansioncontent:StudyTheSpire+1","floor":14.0},{"not_picked":["Rebound","ReplayTheSpireMod:Reroute Power"],"picked":"ReplaySolidLightProjector","floor":14.0},{"not_picked":["Panache+1","Survey Options+1"],"picked":"expansioncontent:DonusPower+1","floor":16.0},{"not_picked":["ReplayRNGCard","Hyperbeam"],"picked":"Creative AI","floor":16.0},{"not_picked":["Conserve Battery","Cold Snap"],"picked":"Ball Lightning","floor":18.0},{"not_picked":["Gash","Beam Cell"],"picked":"Barrage","floor":19},{"not_picked":["FIFO Queue","Leap"],"picked":"Hologram+1","floor":22},{"not_picked":["Scrape+1","Rebound"],"picked":"All For One","floor":23}],"player_experience":171790,"relics_obtained":[{"floor":9.0,"key":"Chameleon Ring"},{"floor":10.0,"key":"CCEMRelics:FestiveHat"},{"floor":21,"key":"Pen Nib"},{"floor":23,"key":"ReplayTheSpireMod:Shallot"}],"event_choices":[{"damage_healed":0.0,"max_hp_gain":5.0,"max_hp_loss":0.0,"gold_gain":0.0,"event_name":"Big Fish","player_choice":"Donut","floor":2.0,"gold_loss":0.0,"damage_taken":0.0},{"damage_healed":0.0,"max_hp_gain":0.0,"max_hp_loss":0.0,"gold_gain":0.0,"event_name":"Golden Idol","player_choice":"Take Damage","floor":11.0,"gold_loss":0.0,"damage_taken":18.0,"relics_obtained":["Golden Idol"]},{"damage_healed":0.0,"max_hp_gain":0.0,"max_hp_loss":0.0,"gold_gain":0.0,"event_name":"Accursed Blacksmith","player_choice":"Rummage","floor":12.0,"gold_loss":0.0,"damage_taken":0.0,"relics_obtained":["WarpedTongs"],"cards_obtained":["Pain"]},{"damage_healed":0,"gold_gain":100,"player_choice":"Pray","damage_taken":0,"max_hp_gain":0,"max_hp_loss":0,"event_name":"Golden Shrine","floor":24,"gold_loss":0}],"is_beta":false,"boss_relics":[{"not_picked":["Ring of Chaos","CCEMRelics:GreenEgg"],"picked":"Replay:Grab Bag"},{"not_picked":["Cursed Key","Ectoplasm"],"picked":"Coffee Dripper"},{"not_picked":["Snecko Eye","Black Star"],"picked":"Inserter"}],"items_purged_floors":[20],"is_endless":false,"potions_floor_spawned":[3,4,10,16,22,23],"killed_by":"Slavers","ascension_level":1}}