{"host":"mi0eibewekhugwl1","time":1607500711,"event":{"gold_per_floor":[17,30,50,50,63,63,89,89,165,176,187,112,112,129,129,129,129],"floor_reached":16,"playtime":351,"items_purged":[],"score":208,"play_id":"e53c9115-e279-4a4c-89ac-d60c7c22eb9f","local_time":"20201209165831","is_ascension_mode":true,"campfire_choices":[{"data":"Choke","floor":6,"key":"SMITH"},{"floor":8,"key":"REST"},{"data":"Footwork","floor":13,"key":"SMITH"},{"data":"Neutralize","floor":15,"key":"SMITH"}],"neow_cost":"NO_GOLD","seed_source_timestamp":928547136485700,"circlet_count":0,"master_deck":["AscendersBane","Strike_G","Strike_G","Strike_G","Defend_G","Defend_G","Defend_G","Defend_G","Defend_G","Survivor","Neutralize+1","Adrenaline","Tactician","Footwork+1","Choke+1","Backstab","Poisoned Stab","Crippling Poison"],"relics":["Ring of the Snake","Tingsha","Pantograph"],"potions_floor_usage":[7,16,16],"damage_taken":[{"damage":0,"enemies":"2 Louse","floor":1,"turns":2},{"damage":0,"enemies":"Jaw Worm","floor":2,"turns":5},{"damage":0,"enemies":"Cultist","floor":3,"turns":5},{"damage":1,"enemies":"Looter","floor":5,"turns":4},{"damage":30,"enemies":"Lagavulin","floor":7,"turns":4},{"damage":1,"enemies":"Blue Slaver","floor":10,"turns":4},{"damage":7,"enemies":"Large Slime","floor":11,"turns":6},{"damage":0,"enemies":"Gremlin Gang","floor":14,"turns":4},{"damage":58,"enemies":"Hexaghost","floor":16,"turns":12}],"seed_played":"-7400926346089490662","potions_obtained":[{"floor":3,"key":"AttackPotion"},{"floor":7,"key":"CunningPotion"},{"floor":11,"key":"FearPotion"}],"is_trial":false,"path_per_floor":["M","M","M","?","M","R","E","R","T","M","M","?","R","M","R","B"],"character_chosen":"THE_SILENT","items_purchased":[],"campfire_rested":1,"item_purchase_floors":[],"current_hp_per_floor":[59,59,59,52,51,51,21,40,40,39,32,32,32,32,32,0,0],"gold":129,"neow_bonus":"THREE_RARE_CARDS","is_prod":false,"is_daily":false,"chose_seed":false,"campfire_upgraded":3,"win_rate":0,"timestamp":1607500711,"path_taken":["M","M","M","?","M","R","E","R","T","M","M","?","R","M","R","BOSS"],"build_version":"2020-11-30","purchased_purges":0,"victory":false,"max_hp_per_floor":[66,66,66,66,66,66,66,66,66,66,66,66,66,66,66,66,66],"relic_stats":{"counters":[9,46],"Pantograph":25,"Tingsha":[19],"obtain_stats":[{"Pantograph":9,"Tingsha":7,"Ring of the Snake":0},{"Pantograph":5,"Tingsha":5,"Ring of the Snake":0},{"Pantograph":20,"Tingsha":20,"Ring of the Snake":0}],"Ring of the Snake":[18]},"card_choices":[{"not_picked":["Night Terror","Venomology"],"picked":"Adrenaline","floor":0},{"not_picked":["Prepared","Finisher"],"picked":"Tactician","floor":1},{"not_picked":["Flying Knee","Poisoned Stab"],"picked":"Footwork","floor":2},{"not_picked":["Prepared","Outmaneuver"],"picked":"Choke","floor":3},{"not_picked":["Heel Hook","Dodge and Roll"],"picked":"Backstab","floor":5},{"not_picked":["Unload","Sucker Punch","Deflect"],"picked":"SKIP","floor":7},{"not_picked":["Slice","Quick Slash"],"picked":"Poisoned Stab","floor":10},{"not_picked":["Predator","Underhanded Strike"],"picked":"Crippling Poison","floor":11},{"not_picked":["Quick Slash","Expertise","Cloak And Dagger"],"picked":"SKIP","floor":14}],"player_experience":1654214,"relics_obtained":[{"floor":7,"key":"Tingsha"},{"floor":9,"key":"Pantograph"}],"event_choices":[{"cards_removed":["Strike_G"],"damage_healed":0,"gold_gain":0,"player_choice":"Card Removal","damage_taken":7,"max_hp_gain":0,"max_hp_loss":0,"event_name":"Golden Wing","floor":4,"gold_loss":0},{"cards_removed":["Strike_G"],"damage_healed":0,"gold_gain":0,"player_choice":"Card Removal","damage_taken":0,"max_hp_gain":0,"max_hp_loss":0,"event_name":"The Cleric","floor":12,"gold_loss":75}],"is_beta":false,"boss_relics":[],"items_purged_floors":[],"is_endless":false,"potions_floor_spawned":[3,7,11,14],"killed_by":"Hexaghost","ascension_level":20}}