{"host":"e5u7qs1emxzejr12","time":1607488516,"event":{"gold_per_floor":[119,119,146,146,162,189,219,247,273,306,141,141],"floor_reached":11,"playtime":469,"items_purged":[],"score":302,"play_id":"08d3a5f1-d86b-4c48-9088-b031c5c2d728","local_time":"20201209123516","daily_mods":["Heirloom","Flight"],"is_ascension_mode":true,"campfire_choices":[],"neow_cost":"","seed_source_timestamp":0,"circlet_count":0,"master_deck":["AscendersBane","Luminous:Light_Flash_Shower+1","Luminous:Light_Flash_Shower+1","Luminous:Light_Flash_Shower+1","Luminous:Dark_Abyssal_Drop+1","Luminous:Dark_Abyssal_Drop+1","Luminous:Dark_Abyssal_Drop+1","Luminous:Defend_Luminous+1","Luminous:Defend_Luminous+1","Luminous:Defend_Luminous+1","Luminous:Switch_Luminous+1","Luminous:Light_Glare+1","Luminous:Light_Sylvan_Lance+1","Luminous:Light_Sylvan_Lance+1"],"special_seed":0,"relics":["Luminous:MirrorRelic","Hammer of Thor","Seething Fire","Anvil of the Gods","Lizard Tail","Baka","AddBug","SecretRecord","SecretRecord","SecretRecord"],"potions_floor_usage":[],"damage_taken":[{"damage":11.0,"enemies":"Jaw Worm","floor":1.0,"turns":4.0},{"damage":0.0,"enemies":"Cultist","floor":3.0,"turns":3.0},{"damage":6.0,"enemies":"Small Slimes","floor":5.0,"turns":3.0},{"damage":6,"enemies":"Lagavulin","floor":6,"turns":4},{"damage":0,"enemies":"Gremlin Nob","floor":7,"turns":3},{"damage":0,"enemies":"Lagavulin","floor":8,"turns":5},{"damage":25,"enemies":"3 Sentries","floor":10,"turns":3}],"seed_played":"-2812753477696916947","potions_obtained":[{"floor":1.0,"key":"SmokeBomb"},{"floor":3.0,"key":"GamblersBrew"}],"is_trial":true,"path_per_floor":["M","?","M","$","M","E","E","E","T","E","$"],"character_chosen":"LuminousClass","items_purchased":["MerchantsRug"],"campfire_rested":0,"item_purchase_floors":[11],"current_hp_per_floor":[57,57,57,57,57,51,51,51,51,26,26,26],"gold":141,"neow_bonus":"","is_prod":false,"is_daily":false,"chose_seed":false,"campfire_upgraded":0,"win_rate":0,"timestamp":1607488516,"path_taken":["M","?","M","?","M","E","E","E","T","E","$"],"build_version":"2020-11-30","purchased_purges":0,"victory":false,"max_hp_per_floor":[75,75,75,75,81,81,81,81,81,81,81,81],"card_choices":[{"not_picked":["Luminous:Accumulation_Luminous","Luminous:Light_Sylvan_Lance"],"picked":"Luminous:Light_Glare","floor":1.0},{"not_picked":["Luminous:Photic_Meditation_Luminous","Luminous:Mana_Overload_Luminous"],"picked":"Luminous:Light_Sylvan_Lance","floor":3.0},{"not_picked":["Luminous:Dark_Dim_Erosion","Luminous:Sympathy_Luminous","Luminous:Magic_Boost_Luminous"],"picked":"SKIP","floor":5.0},{"not_picked":["Luminous:Accumulation_Luminous","Luminous:Dark_Pressure_Void","Luminous:Dusk_Guard_Luminous"],"picked":"SKIP","floor":6},{"not_picked":["Luminous:Darkness_Mastery_Luminous","Luminous:Light_Disperse"],"picked":"Luminous:Light_Sylvan_Lance","floor":7},{"not_picked":["Luminous:Light_Gather","Luminous:Dark_Pressure_Void","Luminous:Light_Sylvan_Lance"],"picked":"SKIP","floor":8},{"not_picked":["Luminous:Light_Reflection","Luminous:Balance_Baptism","Luminous:Light_Disperse"],"picked":"SKIP","floor":10}],"player_experience":50863,"relics_obtained":[{"floor":1.0,"key":"Baka"},{"floor":1.0,"key":"AddBug"},{"floor":6,"key":"SecretRecord"},{"floor":6,"key":"Whetstone"},{"floor":7,"key":"Lantern"},{"floor":8,"key":"Smiling Mask"},{"floor":9,"key":"Ancient Tea Set"},{"floor":10,"key":"SecretRecord"},{"floor":10,"key":"Unceasing Top"}],"event_choices":[{"cards_removed":["Luminous:Defend_Luminous"],"damage_healed":0.0,"max_hp_gain":0.0,"max_hp_loss":0.0,"gold_gain":0.0,"event_name":"Purifier","player_choice":"Purged","floor":2.0,"gold_loss":0.0,"damage_taken":0.0}],"is_beta":false,"boss_relics":[],"items_purged_floors":[],"is_endless":false,"potions_floor_spawned":[1,3,7],"ascension_level":20}}