{"host":"sv2o2io561l6x04h","time":1607533407,"event":{"gold_per_floor":[118,130,55,55,79,79,94,94,94,94,150,195,5,18,18,137,137,77,77],"floor_reached":18,"playtime":2377,"items_purged":["Strike_P"],"score":200,"play_id":"122098ed-abd3-4a7d-b3d4-12d9027a20b5","local_time":"20201209120327","is_ascension_mode":false,"campfire_choices":[{"data":"ThirdEye","floor":6,"key":"SMITH"},{"data":"Evaluate","floor":8,"key":"SMITH"},{"data":"Replay:ManipulateFuture","floor":15,"key":"SMITH"}],"neow_cost":"NONE","seed_source_timestamp":34371842761300,"circlet_count":0,"master_deck":["conspire:GhostlyStrike","conspire:GhostlyStrike","conspire:GhostlyStrike","conspire:GhostlyDefend","conspire:GhostlyDefend","conspire:GhostlyDefend","Eruption","Vigilance","FollowUp","Conclude","ThirdEye+1","Evaluate+1","Replay:AtTheReady","SashWhip","ReplayTheSpireMod:Brewmster","Replay:ManipulateFuture+1","Brilliance"],"relics":["PureWater","Golden Idol","Replay:Bottled Steam","Quantum Egg","VioletLotus"],"potions_floor_usage":[12,12,14,16,16,16,16,16,16,16,18],"damage_taken":[{"damage":0,"enemies":"Small Slimes","floor":1,"turns":2},{"damage":0,"enemies":"2 Louse","floor":2,"turns":2},{"damage":0,"enemies":"Jaw Worm","floor":5,"turns":1},{"damage":0,"enemies":"2 Fungi Beasts","floor":7,"turns":3},{"damage":0,"enemies":"conspire:MimicChest","floor":12,"turns":8},{"damage":10,"enemies":"Looter","floor":14,"turns":2},{"damage":0,"enemies":"Fading Forest","floor":16,"turns":11},{"damage":0,"enemies":"2 Thieves","floor":18,"turns":3}],"seed_played":"-8035296386630937612","potions_obtained":[{"floor":5,"key":"Block Potion"},{"floor":11,"key":"GamblersBrew"},{"floor":14,"key":"SkillPotion"},{"floor":16,"key":"Ancient Potion"}],"is_trial":false,"path_per_floor":["M","M","$","?","M","R","M","R","T","?","?","?","$","M","R","B",null,"M"],"character_chosen":"WATCHER","items_purchased":["ReplayTheSpireMod:Brewmster"],"campfire_rested":0,"item_purchase_floors":[13],"current_hp_per_floor":[72,72,72,54,54,54,54,54,54,54,26,26,26,16,16,46,72,72,72],"gold":77,"neow_bonus":"REMOVE_CARD","is_prod":false,"is_daily":false,"chose_seed":false,"campfire_upgraded":3,"win_rate":0,"timestamp":1607533407,"path_taken":["M","M","$","?","M","R","M","R","T","?","?","?","$","M","R","BOSS","M"],"build_version":"2020-11-30","purchased_purges":1,"victory":false,"max_hp_per_floor":[72,72,72,72,72,72,72,72,72,72,72,72,72,72,72,72,72,72,72],"card_choices":[{"not_picked":["Halt","ThirdEye"],"picked":"FollowUp","floor":1},{"not_picked":["Replay:Hum","WaveOfTheHand"],"picked":"Conclude","floor":2},{"not_picked":["Conclude","JustLucky"],"picked":"ThirdEye","floor":5},{"not_picked":["Consecrate","Crescendo"],"picked":"Evaluate","floor":7},{"not_picked":["Indignation","EmptyMind"],"picked":"Replay:AtTheReady","floor":11},{"not_picked":["BowlingBash","EmptyMind"],"picked":"SashWhip","floor":12},{"not_picked":["EmptyFist","PathToVictory"],"picked":"Replay:ManipulateFuture","floor":14},{"not_picked":["Devotion","SpiritShield"],"picked":"Brilliance","floor":16}],"player_experience":161237,"relics_obtained":[{"floor":11,"key":"Replay:Bottled Steam"},{"floor":12,"key":"Quantum Egg"}],"event_choices":[{"damage_healed":0,"gold_gain":0,"player_choice":"Take Damage","damage_taken":18,"relics_obtained":["Golden Idol"],"max_hp_gain":0,"max_hp_loss":0,"event_name":"Golden Idol","floor":4,"gold_loss":0},{"damage_healed":0,"gold_gain":0,"player_choice":"Agree","damage_taken":0,"max_hp_gain":0,"max_hp_loss":0,"event_name":"conspire:LoneGhost","floor":10,"gold_loss":0}],"is_beta":false,"boss_relics":[{"not_picked":["Calling Bell","Painkiller Herb"],"picked":"VioletLotus"}],"items_purged_floors":[3],"is_endless":false,"potions_floor_spawned":[5,14,16],"killed_by":"2 Thieves","ascension_level":0}}