{"host":"wpxe4vcm7d9hc2g8","time":1607482028,"event":{"gold_per_floor":[110,35,35,50,14,14,25,25,78,78,78,10,10,45,45,150,150,156,156],"floor_reached":18,"playtime":1645,"items_purged":["hermit:Strike_Hermit"],"score":163,"play_id":"9bf32e94-716a-441b-a948-059688a2c9bd","local_time":"20201208204708","is_ascension_mode":true,"campfire_choices":[{"data":"hermit:GoldenBullet","floor":6,"key":"SMITH"},{"data":"hermit:Deadeye","floor":8,"key":"SMITH"},{"data":"hermit:Snapshot","floor":10,"key":"SMITH"},{"data":"hermit:FromBeyond","floor":15,"key":"SMITH"}],"neow_cost":"NONE","seed_source_timestamp":1873876298700,"circlet_count":0,"master_deck":["hermit:Strike_Hermit","hermit:Strike_Hermit","hermit:Defend_Hermit","hermit:Defend_Hermit","hermit:Defend_Hermit","hermit:Defend_Hermit","hermit:Snapshot+1","hermit:Covet","hermit:LuckOfTheDraw","hermit:GoldenBullet+1","hermit:Deadeye+1","hermit:GhostlyPresence","hermit:FromBeyond+1","hermit:RoundhouseKick","CurseOfTheBell"],"relics":["hermit:Momento","Hallownest:DreamNailRelic","HollowMod:PaleOreRelic","StuffTheSpire:SapphireSignet","Calling Bell","StuffTheSpire:Wildfire","Pantograph","Replay:Bandana"],"potions_floor_usage":[],"damage_taken":[{"damage":0,"enemies":"Hallownest:monsterHuskWarrior","floor":1,"turns":4},{"damage":4,"enemies":"2_ Uuma","floor":4,"turns":5},{"damage":13,"enemies":"Hallownest:monsterHuskGuard","floor":7,"turns":4},{"damage":6,"enemies":"Hallownest:eliteMossKnight","floor":14,"turns":9},{"damage":15,"enemies":"Hallownest:BossBrokenVessel","floor":16,"turns":10},{"damage":19,"enemies":"3 Byrds","floor":18,"turns":3}],"seed_played":"-4201297079850694045","potions_obtained":[{"floor":1,"key":"Dexterity Potion"},{"floor":14,"key":"hermit:Tonic"}],"is_trial":false,"path_per_floor":["M","$","?","M","$","R","M","R","T","R","?","$","?","E","R","B",null,"M"],"character_chosen":"HERMIT","items_purchased":["hermit:GoldenBullet","hermit:GhostlyPresence"],"campfire_rested":0,"item_purchase_floors":[5,12],"current_hp_per_floor":[75,75,75,71,71,71,58,58,58,58,58,58,49,43,43,34,75,56,56],"gold":156,"neow_bonus":"REMOVE_CARD","is_prod":false,"is_daily":false,"chose_seed":false,"campfire_upgraded":4,"win_rate":0,"timestamp":1607482028,"path_taken":["M","$","?","M","?","R","M","R","T","R","?","$","?","E","R","BOSS","M"],"build_version":"2020-11-30","purchased_purges":1,"victory":false,"max_hp_per_floor":[75,75,75,75,75,75,75,75,75,75,75,75,75,75,75,75,75,75,75],"card_choices":[{"not_picked":["hermit:TrackingShot","hermit:Snipe","hermit:Midnight"],"picked":"SKIP","floor":1},{"not_picked":["hermit:TrackingShot","hermit:Scavenge"],"picked":"hermit:LuckOfTheDraw","floor":4},{"not_picked":["hermit:LowProfile","hermit:Brawl"],"picked":"hermit:Deadeye","floor":7},{"not_picked":["hermit:Brawl","hermit:ItchyTrigger"],"picked":"hermit:FromBeyond","floor":14},{"not_picked":["hermit:EternalForm","hermit:DeadOrAlive"],"picked":"hermit:RoundhouseKick","floor":16}],"player_experience":2437795,"relics_obtained":[{"floor":9,"key":"HollowMod:PaleOreRelic"},{"floor":14,"key":"StuffTheSpire:SapphireSignet"},{"floor":17,"key":"StuffTheSpire:Wildfire"},{"floor":17,"key":"Pantograph"},{"floor":17,"key":"Replay:Bandana"}],"event_choices":[],"is_beta":false,"boss_relics":[{"not_picked":["conspire:SpecialSausage","vexMod:FluxCapacitor"],"picked":"Calling Bell"}],"items_purged_floors":[2],"is_endless":false,"potions_floor_spawned":[1,14],"killed_by":"3 Byrds","ascension_level":1}}