{"host":"3as3fywb220oerv2","time":1607493856,"event":{"gold_per_floor":[118,118,137,137,4782,4782,4732,4732,4732,4082,4109,4122,4085,4096,4096,4196,4196,4206,4218,4228,3566,3577,3577,3577,3611,3611,3611,2700,2720,2738,2838,2838,2935,2935,2945,2945,2995,3014,2068,2068,2080,2080,2126,2136,2136,1216,1228,1261,1261,1261,1261,1261,421,455,455],"floor_reached":56,"playtime":3016,"items_purged":["hermit:Defend_Hermit","hermit:Defend_Hermit","hermit:Strike_Hermit","Creative AI","hermit:Defend_Hermit","BattleHymn+1"],"score":1345,"play_id":"b102cca7-7dd2-454b-a4fc-5b284956a5a0","local_time":"20201209150416","is_ascension_mode":false,"campfire_choices":[{"data":"Apotheosis","floor":6.0,"key":"SMITH"},{"data":"hermit:CursedWeapon","floor":8.0,"key":"SMITH"},{"data":"Backstab","floor":15.0,"key":"SMITH"},{"data":"Recycle","floor":23.0,"key":"SMITH"},{"data":"Fusion","floor":27.0,"key":"SMITH"},{"data":"hermit:CalledShot","floor":32.0,"key":"SMITH"},{"data":"1","floor":40.0,"key":"LIFT"},{"data":"2","floor":42.0,"key":"LIFT"},{"data":"3","floor":45.0,"key":"LIFT"},{"floor":49,"key":"RECALL"},{"floor":52,"key":"REST"}],"neow_cost":"NONE","seed_source_timestamp":0,"circlet_count":0,"master_deck":["hermit:Strike_Hermit","hermit:Strike_Hermit","hermit:Defend_Hermit","hermit:Snapshot","hermit:Covet+1","hermit:Glare","hermit:CursedWeapon+1","Apotheosis+1","hermit:FlashPowder","Backstab+1","Iron Wave","Juggernaut","Fusion+1","hermit:CalledShot+1","Trip+1","hermit:GhostlyPresence","hermit:Misfire","Recycle+1","hermit:EyeOfTheStorm","Body Slam+1","hermit:Dive","Mayhem","hermit:Deadeye","Impatience","hermit:CalledShot+1","hermit:Dissolve","hermit:FlashPowder+1","hermit:Dive+1","Loop+1","hermit:EyeOfTheStorm"],"special_seed":0,"relics":["hermit:Momento","NeowsBlessing","Omamori","Turnip","Potion Belt","Lee\u0027s Waffle","Dead Branch","hermit:RyeStalk","Orichalcum","PrismaticShard","Ancient Tea Set","Cursed Key","Lantern","Art of War","Cauldron","StoneCalendar","hermit:Spyglass","Pen Nib","Juzu Bracelet","Medical Kit","Runic Pyramid","Girya","Regal Pillow","Dream Catcher","Sling","TungstenRod","Centennial Puzzle","HandDrill","Ice Cream","Kunai","HornCleat","Orrery","Boot"],"potions_floor_usage":[50,55,55],"damage_taken":[{"damage":0.0,"enemies":"2 Louse","floor":1.0,"turns":1.0},{"damage":0.0,"enemies":"Small Slimes","floor":3.0,"turns":2.0},{"damage":2.0,"enemies":"Gremlin Nob","floor":11.0,"turns":1.0},{"damage":2.0,"enemies":"Jaw Worm","floor":12.0,"turns":2.0},{"damage":2.0,"enemies":"Exordium Wildlife","floor":14.0,"turns":2.0},{"damage":2.0,"enemies":"Slime Boss","floor":16.0,"turns":3.0},{"damage":4.0,"enemies":"3 Byrds","floor":18.0,"turns":4.0},{"damage":2.0,"enemies":"Shell Parasite","floor":19.0,"turns":1.0},{"damage":2.0,"enemies":"Cultist and Chosen","floor":20.0,"turns":3.0},{"damage":4.0,"enemies":"3 Cultists","floor":22.0,"turns":4.0},{"damage":15.0,"enemies":"Gremlin Leader","floor":25.0,"turns":3.0},{"damage":2.0,"enemies":"Chosen and Byrds","floor":29.0,"turns":3.0},{"damage":0.0,"enemies":"Sentry and Sphere","floor":30.0,"turns":3.0},{"damage":5.0,"enemies":"Champ","floor":33.0,"turns":7.0},{"damage":2.0,"enemies":"3 Darklings","floor":35.0,"turns":4.0},{"damage":34.0,"enemies":"Mind Bloom Boss Battle","floor":37.0,"turns":3.0},{"damage":2.0,"enemies":"3 Shapes","floor":38.0,"turns":3.0},{"damage":5.0,"enemies":"Sphere and 2 Shapes","floor":41.0,"turns":1.0},{"damage":7.0,"enemies":"Jaw Worm Horde","floor":44.0,"turns":3.0},{"damage":0.0,"enemies":"4 Shapes","floor":47.0,"turns":1.0},{"damage":1,"enemies":"Nemesis","floor":48,"turns":3},{"damage":16,"enemies":"Donu and Deca","floor":50,"turns":5},{"damage":1,"enemies":"Shield and Spear","floor":54,"turns":3},{"damage":80,"enemies":"The Heart","floor":55,"turns":8}],"seed_played":"8885781683120100807","potions_obtained":[{"floor":12.0,"key":"hermit:BlackBile"},{"floor":20.0,"key":"AttackPotion"},{"floor":21.0,"key":"LiquidMemories"},{"floor":21.0,"key":"LiquidMemories"},{"floor":22.0,"key":"ColorlessPotion"},{"floor":25.0,"key":"Explosive Potion"},{"floor":35.0,"key":"Energy Potion"},{"floor":41.0,"key":"AttackPotion"},{"floor":44.0,"key":"LiquidBronze"},{"floor":54,"key":"EssenceOfSteel"}],"is_trial":false,"path_per_floor":["M","?","M","?","$","R","?","R","T","$","E","M","?","M","R","B",null,"M","M","M","$","M","R","?","E","T","R","$","M","M","?","R","B",null,"M","?","?","M","$","R","M","R","T","M","R","$","M","E","R","B",null,"R","$","E","B",null],"character_chosen":"HERMIT","items_purchased":["hermit:CursedWeapon","Apotheosis","Turnip","Potion Belt","Lee\u0027s Waffle","SpeedPotion","EssenceOfSteel","hermit:Tonic","hermit:FlashPowder","hermit:RyeStalk","Orichalcum","PrismaticShard","EssenceOfSteel","AttackPotion","Lantern","Art of War","Cauldron","hermit:GhostlyPresence","hermit:Misfire","Pen Nib","Juzu Bracelet","Medical Kit","hermit:Dive","DuplicationPotion","BlessingOfTheForge","Mayhem","Regal Pillow","Dream Catcher","Sling","hermit:Dissolve","SpeedPotion","hermit:BlackBile","Dexterity Potion","TungstenRod","Centennial Puzzle","HandDrill","ColorlessPotion","SpeedPotion","Explosive Potion","Kunai","HornCleat","Orrery"],"campfire_rested":1,"item_purchase_floors":[5,5,5,5,5,5,5,5,5,10,10,10,10,10,21,21,21,21,21,28,28,28,28,28,28,28,39,39,39,39,39,39,39,46,46,46,46,46,46,53,53,53],"current_hp_per_floor":[75,75,75,63,82,82,82,82,82,82,80,78,78,76,76,74,82,78,76,74,74,70,70,70,55,55,55,55,53,53,53,53,48,82,80,80,46,44,44,44,39,39,39,32,32,32,32,31,31,15,82,82,82,81,1],"gold":455,"neow_bonus":"THREE_ENEMY_KILL","is_prod":false,"is_daily":false,"chose_seed":false,"campfire_upgraded":6,"win_rate":0,"timestamp":1607493856,"path_taken":["M","?","M","?","$","R","?","R","T","$","E","M","?","M","R","BOSS","M","M","M","$","M","R","?","E","T","R","$","M","M","?","R","BOSS","M","?","?","M","$","R","M","R","T","M","R","$","M","E","R","BOSS","R","$","E","BOSS"],"build_version":"2020-11-30","purchased_purges":6,"victory":true,"max_hp_per_floor":[75,75,75,75,82,82,82,82,82,82,82,82,82,82,82,82,82,82,82,82,82,82,82,82,82,82,82,82,82,82,82,82,82,82,82,82,82,82,82,82,82,82,82,82,82,82,82,82,82,82,82,82,82,82,82],"card_choices":[{"not_picked":["hermit:Snipe","hermit:Headshot","hermit:LowProfile"],"picked":"SKIP","floor":1.0},{"not_picked":["hermit:GhostlyPresence","hermit:Snipe"],"picked":"hermit:Glare","floor":3.0},{"not_picked":["Catalyst","Rip and Tear","Anger"],"picked":"SKIP","floor":11.0},{"not_picked":["Lockon","hermit:BodyArmor"],"picked":"Backstab","floor":12.0},{"not_picked":["Prostrate","Dagger Throw"],"picked":"Iron Wave","floor":14.0},{"not_picked":["Meteor Strike","Bullet Time"],"picked":"Juggernaut","floor":16.0},{"not_picked":["Skewer+1","hermit:Glare"],"picked":"Fusion","floor":18.0},{"not_picked":["EmptyFist","PathToVictory+1"],"picked":"hermit:CalledShot","floor":19.0},{"not_picked":["Fusion","CrushJoints"],"picked":"Trip+1","floor":20.0},{"not_picked":["hermit:WideOpen","SashWhip"],"picked":"Recycle","floor":22.0},{"not_picked":["Force Field","hermit:TrackingShot+1"],"picked":"Body Slam+1","floor":25.0},{"not_picked":["True Grit+1","hermit:Headshot+1","Trip"],"picked":"SKIP","floor":29.0},{"not_picked":["Lockon+1","Havoc"],"picked":"hermit:Deadeye","floor":30.0},{"not_picked":["hermit:Adapt","Master of Strategy"],"picked":"Creative AI","floor":33.0},{"not_picked":["Indignation","hermit:LuckOfTheDraw+1","Storm+1"],"picked":"SKIP","floor":35.0},{"not_picked":["Jack Of All Trades","Forethought"],"picked":"Impatience","floor":36.0},{"not_picked":["hermit:Glare","FollowUp"],"picked":"hermit:CalledShot+1","floor":38.0},{"not_picked":["hermit:Vantage","hermit:Manifest"],"picked":"hermit:FlashPowder+1","floor":41.0},{"not_picked":["Undo","Pommel Strike"],"picked":"hermit:Dive+1","floor":44.0},{"not_picked":["Perfected Strike+1","Darkness"],"picked":"BattleHymn+1","floor":47.0},{"not_picked":["Iron Wave","hermit:Glare","Impervious"],"picked":"SKIP","floor":48},{"not_picked":["Sucker Punch","InnerPeace+1"],"picked":"Loop+1","floor":53},{"not_picked":["Terror","hermit:HighCaliber+1"],"picked":"hermit:EyeOfTheStorm","floor":53},{"not_picked":["Sword Boomerang","Shockwave+1","WreathOfFlame"],"picked":"SKIP","floor":54}],"player_experience":273291,"relics_obtained":[{"floor":9.0,"key":"Dead Branch"},{"floor":11.0,"key":"Ancient Tea Set"},{"floor":25.0,"key":"StoneCalendar"},{"floor":26.0,"key":"hermit:Spyglass"},{"floor":37.0,"key":"Girya"},{"floor":48,"key":"Ice Cream"},{"floor":54,"key":"Boot"}],"event_choices":[{"damage_healed":0.0,"max_hp_gain":0.0,"max_hp_loss":0.0,"gold_gain":0.0,"event_name":"Living Wall","player_choice":"Grow","floor":2.0,"gold_loss":0.0,"damage_taken":0.0,"cards_upgraded":["hermit:Covet"]},{"damage_healed":0.0,"max_hp_gain":0.0,"max_hp_loss":0.0,"gold_gain":0.0,"event_name":"Scrap Ooze","player_choice":"Success","floor":4.0,"gold_loss":0.0,"damage_taken":12.0,"relics_obtained":["Omamori"]},{"cards_removed":["hermit:Strike_Hermit"],"damage_healed":0.0,"max_hp_gain":0.0,"max_hp_loss":0.0,"gold_gain":0.0,"event_name":"The Cleric","player_choice":"Card Removal","floor":7.0,"gold_loss":50.0,"damage_taken":0.0},{"damage_healed":0.0,"max_hp_gain":0.0,"max_hp_loss":0.0,"gold_gain":0.0,"event_name":"World of Goop","player_choice":"Left Gold","floor":13.0,"gold_loss":37.0,"damage_taken":0.0},{"damage_healed":0.0,"max_hp_gain":0.0,"max_hp_loss":0.0,"gold_gain":0.0,"event_name":"The Library","player_choice":"Read","floor":24.0,"gold_loss":0.0,"damage_taken":0.0,"cards_obtained":["hermit:EyeOfTheStorm"]},{"damage_healed":0.0,"max_hp_gain":0.0,"max_hp_loss":0.0,"gold_gain":100.0,"event_name":"Golden Shrine","player_choice":"Pray","floor":31.0,"gold_loss":0.0,"damage_taken":0.0},{"damage_healed":0.0,"max_hp_gain":0.0,"max_hp_loss":0.0,"gold_gain":0.0,"event_name":"SensoryStone","player_choice":"Memory 1","floor":36.0,"gold_loss":0.0,"damage_taken":0.0},{"damage_healed":0.0,"max_hp_gain":0.0,"max_hp_loss":0.0,"gold_gain":0.0,"event_name":"MindBloom","player_choice":"Fight","floor":37.0,"gold_loss":0.0,"damage_taken":0.0}],"is_beta":false,"boss_relics":[{"not_picked":["hermit:BartenderGlass","Sozu"],"picked":"Cursed Key"},{"not_picked":["Coffee Dripper","hermit:DentedPlate"],"picked":"Runic Pyramid"}],"items_purged_floors":[10,21,28,39,46,53],"is_endless":false,"potions_floor_spawned":[11,12,14,20,22,25,35,41,44,54],"ascension_level":0}}