{"host":"ygefd14btj4nx1b7","time":1607491062,"event":{"gold_per_floor":[111,286,302,302,302,334,334,334,334,365,365,383,412,423,423,423,423,526,526,546,76,76,76,4,4,39,58,58,58,86,101,101,101,101,196,196,212,222,60,78,300,327,338,370,396,6,6,6,6,19,19,19,19],"floor_reached":52,"playtime":12277,"items_purged":["Doubt","Doubt"],"score":726,"play_id":"2781dfc5-9f62-4009-aea9-e6ff0757c3af","local_time":"20201208231742","is_ascension_mode":true,"campfire_choices":[{"data":"Draining Mist","floor":8,"key":"SMITH"},{"floor":11,"key":"REST"},{"data":"Noxious Fumes","floor":17,"key":"SMITH"},{"data":"Tools of the Trade","floor":25,"key":"SMITH"},{"data":"Bane","floor":29,"key":"SMITH"},{"floor":48,"key":"REST"},{"data":"Adrenaline","floor":51,"key":"SMITH"}],"neow_cost":"NONE","seed_source_timestamp":976851849249800,"circlet_count":0,"master_deck":["Strike_G","Strike_G+1","Strike_G","Strike_G+1","Strike_G","Defend_G+1","Defend_G+1","Defend_G","Defend_G","Defend_G","Survivor+1","Neutralize+1","Bane+1","Bane+1","Draining Mist+1","Noxious Fumes+1","Skewer+1","Poisoned Stab+1","Deadly Poison","Tools of the Trade+1","Deflect+1","Draining Mist+1","Replay:Parry+1","Draining Mist+1","Bane+1","Poisoned Stab+1","Bouncing Flask","Prepared+1","Adrenaline+1","Bane+1","Noxious Fumes+1","Deflect","Crippling Poison","Corpse Explosion","Panacea","Well Laid Plans+1"],"relics":["Ring of the Snake","NeowsBlessing","HornCleat","Molten Egg 2","Replay:WaspNest","War Paint","Bronze Scales","Honey Jar","DollysMirror","Lee\u0027s Waffle","ReplayTheSpireMod:TigerMarble","Potion Belt","Basket Of Snakes","Red Mask","HoveringKite","Durian","Strange Spoon","Iron Hammer","Divine Protection","The Specimen","ReplayTheSpireMod:CursedCoin","Whetstone"],"potions_floor_usage":[18,30,38,44,52,52,52],"damage_taken":[{"damage":0,"enemies":"Small Slimes","floor":1,"turns":1},{"damage":0,"enemies":"2 Louse","floor":3,"turns":1},{"damage":0,"enemies":"3 Sentries","floor":6,"turns":2},{"damage":30,"enemies":"Lagavulin","floor":10,"turns":7},{"damage":0,"enemies":"Cultist","floor":12,"turns":3},{"damage":13,"enemies":"3 Sentries","floor":13,"turns":7},{"damage":0,"enemies":"Looter","floor":14,"turns":2},{"damage":18,"enemies":"Fading Forest","floor":18,"turns":11},{"damage":13,"enemies":"2 Thieves","floor":20,"turns":4},{"damage":4,"enemies":"Book of Stabbing","floor":26,"turns":4},{"damage":0,"enemies":"Chosen","floor":27,"turns":4},{"damage":4,"enemies":"Masked Bandits","floor":30,"turns":3},{"damage":3,"enemies":"Snake Plant","floor":31,"turns":3},{"damage":43,"enemies":"Collector","floor":35,"turns":9},{"damage":6,"enemies":"Orb Walker","floor":37,"turns":3},{"damage":5,"enemies":"3 Darklings","floor":38,"turns":4},{"damage":31,"enemies":"Sphere and 2 Shapes","floor":40,"turns":4},{"damage":24,"enemies":"Giant Head","floor":42,"turns":6},{"damage":0,"enemies":"Writhing Mass","floor":43,"turns":4},{"damage":17,"enemies":"Nemesis","floor":44,"turns":5},{"damage":5,"enemies":"Spire Growth","floor":50,"turns":5},{"damage":78,"enemies":"Awakened One","floor":52,"turns":10}],"seed_played":"-8602089164391861859","potions_obtained":[{"floor":3,"key":"Strength Potion"},{"floor":14,"key":"Poison Potion"},{"floor":18,"key":"Milkshake"},{"floor":26,"key":"Adrenaline Potion"},{"floor":35,"key":"SkillPotion"},{"floor":38,"key":"Elixir"},{"floor":42,"key":"SteroidPotion"},{"floor":43,"key":"SkillPotion"}],"is_trial":false,"path_per_floor":["M","?","M","?","?","E","?","R","T","E","R","M","E","M","PTL","PTL","R","B",null,"M","$","?","?","$","R","E","M","T","R","?","M","?","?","R","B",null,"M","M","$","M","?","E","M","E","T","$","?","R","?","M","R","B"],"character_chosen":"THE_SILENT","items_purchased":["DollysMirror","Replay:Parry+1","Lee\u0027s Waffle","ReplayTheSpireMod:TigerMarble","Durian","Strange Spoon","The Specimen","ReplayTheSpireMod:CursedCoin","Whetstone"],"campfire_rested":2,"item_purchase_floors":[21,21,21,24,39,39,46,46,46],"current_hp_per_floor":[70,70,70,70,56,56,56,56,56,26,47,47,34,34,34,34,34,34,70,57,77,77,63,63,63,59,59,59,59,55,52,52,52,76,33,82,76,71,76,45,45,21,21,4,4,4,4,30,76,71,71,0,0],"gold":19,"neow_bonus":"THREE_ENEMY_KILL","is_prod":false,"is_daily":false,"chose_seed":false,"campfire_upgraded":5,"win_rate":0,"timestamp":1607491062,"path_taken":["M","?","M","?","?","E","?","R","T","E","R","?","E","M","PTL","PTL","R","BOSS","M","$","?","?","?","R","E","M","T","R","?","?","?","?","R","BOSS","M","M","$","M","?","E","M","E","T","$","?","R","?","M","R","BOSS"],"build_version":"2020-11-30","purchased_purges":2,"victory":false,"max_hp_per_floor":[70,70,70,70,70,70,70,70,70,70,70,70,70,70,70,70,70,70,70,70,77,77,82,82,82,82,82,82,82,82,82,82,82,82,82,82,82,82,87,87,87,87,87,87,87,87,87,87,76,76,76,76,76],"card_choices":[{"not_picked":["Flying Knee","Slice"],"picked":"Bane","floor":1},{"not_picked":["Finisher","Prepared"],"picked":"Bane","floor":3},{"not_picked":["ReplayTheSpireMod:Speed Training","All Out Attack"],"picked":"Draining Mist","floor":6},{"not_picked":["Sucker Punch+1","Prepared"],"picked":"Noxious Fumes","floor":10},{"not_picked":["Underhanded Strike+1","Well Laid Plans"],"picked":"Skewer+1","floor":12},{"not_picked":["PiercingWail","Prepared"],"picked":"Poisoned Stab+1","floor":13},{"not_picked":["Dodge and Roll","Masterful Stab+1"],"picked":"Deadly Poison","floor":14},{"not_picked":["A Thousand Cuts","After Image"],"picked":"Tools of the Trade","floor":18},{"not_picked":["Poisoned Stab+1","Slice+1","Well Laid Plans"],"picked":"Deflect+1","floor":20},{"not_picked":["Phantasmal Killer","Well Laid Plans","PiercingWail+1"],"picked":"Draining Mist+1","floor":26},{"not_picked":["Sneak Up","All Out Attack+1","Outmaneuver"],"picked":"Bane+1","floor":27},{"not_picked":["Backflip","Slice+1","Masterful Stab+1"],"picked":"Poisoned Stab+1","floor":30},{"not_picked":["Sucker Punch+1","Outmaneuver","Flechettes+1"],"picked":"Bouncing Flask","floor":31},{"not_picked":["Night Terror","Phantasmal Killer","After Image"],"picked":"Adrenaline","floor":35},{"not_picked":["Blur+1","Terror","Flying Knee+1"],"picked":"Bane+1","floor":37},{"not_picked":["Cloak And Dagger+1","Dagger Spray+1","Quick Slash+1"],"picked":"Noxious Fumes+1","floor":38},{"not_picked":["ReplayTheSpireMod:Scrap Shanks","Heel Hook+1","Dagger Spray+1","All Out Attack+1"],"picked":"SKIP","floor":40},{"not_picked":["ReplayTheSpireMod:Exploit Weakness+1","Eviscerate+1","Skewer+1"],"picked":"Deflect","floor":42},{"not_picked":["Unload+1","Dodge and Roll+1","Backflip"],"picked":"Crippling Poison","floor":43},{"not_picked":["Dodge and Roll","Deadly Poison+1","Poisoned Stab+1"],"picked":"Corpse Explosion","floor":44},{"not_picked":["Jack Of All Trades","Replay:Sssssssssshield","Madness"],"picked":"Panacea","floor":47},{"not_picked":["PiercingWail","Cloak And Dagger","Dash+1"],"picked":"Well Laid Plans+1","floor":50}],"player_experience":372470,"relics_obtained":[{"floor":6,"key":"HornCleat"},{"floor":9,"key":"Replay:WaspNest"},{"floor":10,"key":"War Paint"},{"floor":13,"key":"Bronze Scales"},{"floor":26,"key":"Potion Belt"},{"floor":28,"key":"Basket Of Snakes"},{"floor":30,"key":"Red Mask"},{"floor":42,"key":"Iron Hammer"},{"floor":44,"key":"Divine Protection"}],"event_choices":[{"damage_healed":0,"gold_gain":175,"player_choice":"AGREE","damage_taken":0,"max_hp_gain":0,"max_hp_loss":0,"event_name":"Liars Game","floor":2,"gold_loss":0,"cards_obtained":["Doubt"]},{"damage_healed":0,"gold_gain":0,"player_choice":"Entered Light","damage_taken":14,"max_hp_gain":0,"max_hp_loss":0,"event_name":"Shining Light","floor":5,"gold_loss":0,"cards_upgraded":["Defend_G","Strike_G"]},{"damage_healed":0,"gold_gain":0,"player_choice":"Gave Potion","damage_taken":0,"relics_obtained":["Molten Egg 2"],"max_hp_gain":0,"max_hp_loss":0,"event_name":"WeMeetAgain","floor":7,"gold_loss":0},{"damage_healed":0,"gold_gain":0,"player_choice":"Shed Blood","damage_taken":19,"max_hp_gain":5,"max_hp_loss":0,"event_name":"Forgotten Altar","floor":23,"gold_loss":0},{"damage_healed":0,"gold_gain":0,"player_choice":"Fought Bandits","damage_taken":0,"max_hp_gain":0,"max_hp_loss":0,"event_name":"Masked Bandits","floor":30,"gold_loss":0},{"damage_healed":0,"gold_gain":0,"player_choice":"Read","damage_taken":0,"max_hp_gain":0,"max_hp_loss":0,"event_name":"The Library","floor":32,"gold_loss":0,"cards_obtained":["Prepared"]},{"damage_healed":0,"gold_gain":0,"player_choice":"Ignored","damage_taken":0,"max_hp_gain":0,"max_hp_loss":0,"event_name":"Vampires","floor":33,"gold_loss":0},{"damage_healed":0,"gold_gain":222,"player_choice":"Wore Mask","damage_taken":0,"max_hp_gain":0,"max_hp_loss":0,"event_name":"Tomb of Lord Red Mask","floor":41,"gold_loss":0},{"damage_healed":0,"gold_gain":0,"player_choice":"Memory 1","damage_taken":0,"max_hp_gain":0,"max_hp_loss":0,"event_name":"SensoryStone","floor":47,"gold_loss":0},{"damage_healed":76,"gold_gain":0,"player_choice":"Heal","damage_taken":0,"max_hp_gain":0,"max_hp_loss":11,"event_name":"The Moai Head","floor":49,"gold_loss":0}],"is_beta":false,"boss_relics":[{"not_picked":["Black Star","Snecko Eye"],"picked":"Honey Jar"},{"not_picked":["Kintsugi","SacredBark"],"picked":"HoveringKite"}],"items_purged_floors":[21,46],"is_endless":false,"potions_floor_spawned":[3,14,18,26,35,38,42,43],"killed_by":"Awakened One","ascension_level":2}}