{"host":"qqjv58wfhopf6ysa","time":1607492867,"event":{"gold_per_floor":[115,190,201,201,50,84,84,84,130,130,154,168,199,217,217,348,348,372,372,372,5,19,19,19,19,44,44,59,84,103,103,103],"floor_reached":31,"playtime":758,"items_purged":["Strike_B","Strike_B"],"score":270,"play_id":"dfb02e0f-ea34-471d-a14c-b62f153c03c0","local_time":"20201209144747","is_ascension_mode":false,"campfire_choices":[{"data":"Defragment","floor":7,"key":"SMITH"},{"data":"Zap","floor":10,"key":"SMITH"},{"data":"hubris:DuctTapeCard","floor":15,"key":"SMITH"},{"data":"Replay:SS_forest_2","floor":23,"key":"SMITH"},{"data":"Replay:SS_hec_1","floor":25,"key":"SMITH"}],"neow_cost":"NONE","seed_source_timestamp":42289827440800,"circlet_count":0,"master_deck":["Strike_B","Strike_B","Defend_B","Defend_B","Defend_B","Defend_B","Dualcast","Defragment+1","hubris:DuctTapeCard+2","Replay:SS_forest_2+1","Replay:SS_hec_1+1","FTL","Crystallizer","Consume","Panic Button+1"],"relics":["Cracked Core","NeowsBlessing","Golden Idol","Oddly Smooth Stone","PreservedInsect","hubris:DuctTape","hubris:ScarierMask","Prayer Wheel","DataDisk","ReplayTheSpireMod:ShopPack","Tiny Chest","Nloth\u0027s Gift"],"potions_floor_usage":[14],"damage_taken":[{"damage":0,"enemies":"2 Louse","floor":1,"turns":1},{"damage":0,"enemies":"Jaw Worm","floor":3,"turns":1},{"damage":0,"enemies":"3 Sentries","floor":6,"turns":1},{"damage":0,"enemies":"Cultist","floor":11,"turns":3},{"damage":11,"enemies":"Lots of Slimes","floor":12,"turns":4},{"damage":4,"enemies":"Gremlin Nob","floor":13,"turns":3},{"damage":0,"enemies":"Looter","floor":14,"turns":3},{"damage":24,"enemies":"Slime Boss","floor":16,"turns":17},{"damage":22,"enemies":"Spheric Guardian","floor":18,"turns":7},{"damage":12,"enemies":"Shell Parasite","floor":22,"turns":8},{"damage":5,"enemies":"Cultist and Chosen","floor":28,"turns":6},{"damage":0,"enemies":"Sentry and Sphere","floor":29,"turns":2},{"damage":27,"enemies":"Centurion and Healer","floor":30,"turns":4},{"damage":14,"enemies":"Snake Plant","floor":31,"turns":1}],"seed_played":"2351249676908804408","potions_obtained":[{"floor":6,"key":"BlessingOfTheForge"},{"floor":12,"key":"Languid Potion"},{"floor":13,"key":"Fruit Juice"},{"floor":14,"key":"SteroidPotion"}],"is_trial":false,"path_per_floor":["M","?","M","?","$","E","R","$","T","R","M","M","E","M","R","B",null,"M","?","?","$","M","R","?","R","T","?","M","M","M","M"],"character_chosen":"DEFECT","items_purchased":["Defragment","DataDisk","ReplayTheSpireMod:ShopPack"],"campfire_rested":0,"item_purchase_floors":[5,21,21],"current_hp_per_floor":[75,64,64,64,64,64,64,64,64,64,64,53,49,54,54,30,74,52,52,52,52,40,40,40,40,40,40,35,35,8,0,0],"gold":103,"neow_bonus":"THREE_ENEMY_KILL","is_prod":false,"is_daily":false,"chose_seed":false,"campfire_upgraded":5,"win_rate":0,"timestamp":1607492867,"path_taken":["M","?","M","?","$","E","R","?","T","R","?","M","E","?","R","BOSS","M","?","?","$","?","R","?","R","T","?","?","M","?","M"],"build_version":"2020-11-30","purchased_purges":2,"victory":false,"max_hp_per_floor":[75,75,75,69,69,69,69,69,69,69,69,69,69,74,74,74,74,74,74,74,74,74,74,74,74,74,74,74,74,74,74,74],"card_choices":[{"not_picked":["Streamline","Ball Lightning","Melter"],"picked":"SKIP","floor":1},{"not_picked":["Sweeping Beam","Ball Lightning","Rebound"],"picked":"SKIP","floor":3},{"not_picked":["Static Discharge","Force Field","Beam Cell"],"picked":"SKIP","floor":6},{"not_picked":["REME_Shoggoth","Leap"],"picked":"Coolheaded","floor":11},{"not_picked":["Redo","Skim","Steam"],"picked":"SKIP","floor":12},{"not_picked":["Skim","Steam","Force Field"],"picked":"SKIP","floor":13},{"not_picked":["Steam","Ball Lightning","Sweeping Beam"],"picked":"SKIP","floor":14},{"not_picked":["hubris:SpecializedCircuitry","hubris:DoWhile"],"picked":"ReplayTheSpireMod:Fabricate Wheel","floor":16},{"not_picked":["Beam Cell+1","BootSequence+1","Static Discharge"],"picked":"SKIP","floor":18},{"not_picked":["FTL+1","Hello World","Turbo"],"picked":"SKIP","floor":18},{"not_picked":["Replay:SS_fish_3","expansioncontent:LastStand"],"picked":"Replay:SS_forest_2","floor":21},{"not_picked":["REME_ProfessionalPlagiarism","Replay:Sssssssssstrike"],"picked":"Replay:SS_hec_1","floor":21},{"not_picked":["Gash","Doom and Gloom+1","Sweeping Beam"],"picked":"SKIP","floor":22},{"not_picked":["Force Field","Rebound+1","ReplayTheSpireMod:Reroute Power"],"picked":"SKIP","floor":22},{"not_picked":["Gash","Ball Lightning+1"],"picked":"FTL","floor":28},{"not_picked":["Static Discharge","Go for the Eyes","Heatsinks"],"picked":"SKIP","floor":28},{"not_picked":["Hologram+1","hubris:Prefetch"],"picked":"Crystallizer","floor":29},{"not_picked":["Redo","Sweeping Beam"],"picked":"Consume","floor":29},{"not_picked":["Streamline+1","Redo"],"picked":"Panic Button+1","floor":30},{"not_picked":["Meteor Strike","REME_Whirling+1","Sunder"],"picked":"SKIP","floor":30}],"player_experience":405252,"relics_obtained":[{"floor":6,"key":"Oddly Smooth Stone"},{"floor":9,"key":"PreservedInsect"},{"floor":13,"key":"hubris:DuctTape"},{"floor":26,"key":"Tiny Chest"}],"event_choices":[{"damage_healed":0,"gold_gain":75,"player_choice":"Gather Gold","damage_taken":11,"max_hp_gain":0,"max_hp_loss":0,"event_name":"World of Goop","floor":2,"gold_loss":0},{"damage_healed":0,"gold_gain":0,"player_choice":"Lose Max HP","damage_taken":0,"relics_obtained":["Golden Idol"],"max_hp_gain":0,"max_hp_loss":6,"event_name":"Golden Idol","floor":4,"gold_loss":0},{"damage_healed":0,"gold_gain":0,"player_choice":"Ignored","damage_taken":0,"max_hp_gain":0,"max_hp_loss":0,"event_name":"Vampires","floor":19,"gold_loss":0},{"damage_healed":0,"gold_gain":0,"player_choice":"Ignored","damage_taken":0,"max_hp_gain":0,"max_hp_loss":0,"event_name":"NoteForYourself","floor":20,"gold_loss":0},{"damage_healed":0,"gold_gain":0,"player_choice":"Traded Relic","damage_taken":0,"relics_obtained":["Nloth\u0027s Gift"],"max_hp_gain":0,"max_hp_loss":0,"event_name":"N\u0027loth","floor":27,"relics_lost":["REME_ComplimentaryCards"],"gold_loss":0}],"is_beta":false,"boss_relics":[{"not_picked":["Replay:Ancient Bell","hubris:BlackHole"],"picked":"hubris:ScarierMask"}],"items_purged_floors":[5,21],"is_endless":false,"potions_floor_spawned":[6,12,13,14,18,29],"killed_by":"Snake Plant","ascension_level":0}}