{"host":"gc0o0aftdpafl7it","time":1607480648,"event":{"gold_per_floor":[118,132,7,7,23,23,43,68,68,98,98,98,110,143,143,245,245,265,32,48,48,65,65,83,103,150,183,183,201,235,262,274,388,400,431,443,505,530,542,579,611,206,206,32,74,74,106,0,9,9],"floor_reached":51,"playtime":4152,"items_purged":["Strike_G","Decay","Strike_G"],"score":949,"play_id":"31c6020b-43bc-4636-aba6-d6c6ccb37171","local_time":"20201209032408","is_ascension_mode":true,"campfire_choices":[{"floor":6,"key":"REST"},{"data":"Wraith Form v2","floor":11,"key":"SMITH"},{"data":"Noxious Fumes","floor":15,"key":"SMITH"},{"data":"Noxious Fumes","floor":23,"key":"SMITH"},{"data":"Malaise","floor":28,"key":"SMITH"},{"floor":32,"key":"REST"},{"data":"Catalyst","floor":46,"key":"SMITH"},{"floor":49,"key":"REST"}],"neow_cost":"PERCENT_DAMAGE","seed_source_timestamp":115662606501900,"circlet_count":0,"master_deck":["Strike_G+1","Strike_G+1","Strike_G","Defend_G","Defend_G","Defend_G+1","Defend_G","Defend_G","Survivor","Wraith Form v2+1","Skewer+1","Noxious Fumes+1","Footwork","Noxious Fumes+1","Backstab","Dagger Spray","Malaise+1","Acrobatics","PiercingWail","Footwork","Dagger Spray+1","Shame","Well Laid Plans+1","Backflip+1","Acrobatics","PiercingWail","Footwork+1","Backflip","CurseOfTheBell","Bane+1","Backflip+1","Escape Plan","Corpse Explosion","Wraith Form v2+1","Catalyst+1","Poisoned Stab+1","Escape Plan+1"],"relics":["Ring of the Snake","MealTicket","HornCleat","Ginger","Snake Skull","Velvet Choker","Dream Catcher","Centennial Puzzle","Nunchaku","MawBank","Calling Bell","Juzu Bracelet","InkBottle","Prayer Wheel","CaptainsWheel","CeramicFish","Chemical X","DollysMirror","Potion Belt","Whetstone","Red Mask"],"potions_floor_usage":[2,8,8,24,29,31,33,37,37,47,47],"damage_taken":[{"damage":2,"enemies":"Cultist","floor":1,"turns":5},{"damage":6,"enemies":"Jaw Worm","floor":2,"turns":4},{"damage":0,"enemies":"2 Louse","floor":5,"turns":2},{"damage":1,"enemies":"2 Fungi Beasts","floor":7,"turns":4},{"damage":24,"enemies":"3 Sentries","floor":8,"turns":10},{"damage":5,"enemies":"Lagavulin","floor":10,"turns":8},{"damage":13,"enemies":"3 Louse","floor":13,"turns":4},{"damage":18,"enemies":"3 Sentries","floor":14,"turns":7},{"damage":14,"enemies":"The Guardian","floor":16,"turns":9},{"damage":2,"enemies":"3 Byrds","floor":18,"turns":7},{"damage":1,"enemies":"Spheric Guardian","floor":20,"turns":6},{"damage":5,"enemies":"Cultist and Chosen","floor":22,"turns":6},{"damage":12,"enemies":"Centurion and Healer","floor":24,"turns":6},{"damage":12,"enemies":"Snake Plant","floor":25,"turns":4},{"damage":6,"enemies":"Book of Stabbing","floor":27,"turns":6},{"damage":7,"enemies":"Chosen and Byrds","floor":29,"turns":5},{"damage":23,"enemies":"Slavers","floor":30,"turns":5},{"damage":0,"enemies":"Centurion and Healer","floor":31,"turns":5},{"damage":4,"enemies":"Champ","floor":33,"turns":12},{"damage":4,"enemies":"Orb Walker","floor":35,"turns":7},{"damage":9,"enemies":"Mind Bloom Boss Battle","floor":37,"turns":6},{"damage":3,"enemies":"3 Shapes","floor":38,"turns":6},{"damage":27,"enemies":"Nemesis","floor":40,"turns":13},{"damage":1,"enemies":"Spire Growth","floor":41,"turns":7},{"damage":17,"enemies":"Giant Head","floor":45,"turns":10},{"damage":0,"enemies":"Nemesis","floor":47,"turns":5},{"damage":18,"enemies":"Time Eater","floor":50,"turns":12}],"seed_played":"-555764040019958408","potions_obtained":[{"floor":1,"key":"Fruit Juice"},{"floor":5,"key":"BlessingOfTheForge"},{"floor":13,"key":"FairyPotion"},{"floor":16,"key":"EssenceOfSteel"},{"floor":18,"key":"Strength Potion"},{"floor":22,"key":"DuplicationPotion"},{"floor":24,"key":"FearPotion"},{"floor":29,"key":"FairyPotion"},{"floor":31,"key":"Fire Potion"},{"floor":33,"key":"AttackPotion"},{"floor":38,"key":"Strength Potion"},{"floor":40,"key":"Energy Potion"},{"floor":47,"key":"SpeedPotion"}],"is_trial":false,"path_per_floor":["M","M","$","?","M","R","M","E","T","E","R","?","M","E","R","B",null,"M","$","M","?","M","R","M","M","T","E","R","M","E","M","R","B",null,"M","?","?","M","?","E","M","$","T","$","E","R","E","?","R","B",null],"character_chosen":"THE_SILENT","items_purchased":["Strength Potion","PiercingWail","Footwork","Chemical X","Corpse Explosion","DollysMirror","Catalyst"],"campfire_rested":3,"item_purchase_floors":[3,19,19,42,42,44,44],"current_hp_per_floor":[47,46,46,31,31,53,52,28,28,23,23,23,10,21,21,7,75,73,75,74,74,69,69,57,45,45,39,39,32,9,9,31,27,75,71,71,62,59,59,32,31,46,46,61,44,44,44,44,65,47],"gold":9,"neow_bonus":"THREE_RARE_CARDS","is_prod":false,"is_daily":false,"chose_seed":false,"campfire_upgraded":5,"win_rate":0,"timestamp":1607480648,"path_taken":["M","M","$","?","M","R","M","E","T","E","R","?","?","E","R","BOSS","M","$","M","?","M","R","M","M","T","E","R","M","E","M","R","BOSS","M","?","?","M","?","E","M","$","T","$","E","R","E","?","R","BOSS"],"build_version":"2020-11-30","purchased_purges":3,"victory":true,"max_hp_per_floor":[70,75,75,75,75,75,75,75,75,75,75,75,75,75,75,75,75,75,75,75,75,75,75,75,75,75,75,75,75,75,75,75,75,75,75,75,75,75,71,71,71,71,71,71,71,71,71,71,71,71],"relic_stats":{"counters":[27,181],"CeramicFish":54,"Snake Skull":[140],"Juzu Bracelet":0,"Ginger":[20],"Whetstone":["Strike_G","Strike_G"],"MawBank":144,"Dream Catcher":2,"Centennial Puzzle":[33],"Nunchaku":[10],"MealTicket":32,"Prayer Wheel":3,"Chemical X":[10],"obtain_stats":[{"Potion Belt":45,"CeramicFish":40,"Velvet Choker":17,"Snake Skull":14,"Juzu Bracelet":34,"Ginger":10,"Whetstone":47,"MawBank":30,"Calling Bell":34,"Dream Catcher":21,"Centennial Puzzle":26,"Nunchaku":27,"CaptainsWheel":37,"HornCleat":9,"DollysMirror":44,"MealTicket":8,"Prayer Wheel":34,"Red Mask":48,"Chemical X":42,"InkBottle":34,"Ring of the Snake":0},{"Potion Belt":25,"CeramicFish":23,"Velvet Choker":9,"Snake Skull":8,"Juzu Bracelet":19,"Ginger":6,"Whetstone":26,"MawBank":17,"Calling Bell":19,"Dream Catcher":11,"Centennial Puzzle":14,"Nunchaku":15,"CaptainsWheel":21,"HornCleat":5,"DollysMirror":24,"MealTicket":5,"Prayer Wheel":19,"Red Mask":26,"Chemical X":24,"InkBottle":19,"Ring of the Snake":0},{"Potion Belt":164,"CeramicFish":147,"Velvet Choker":53,"Snake Skull":44,"Juzu Bracelet":115,"Ginger":33,"Whetstone":169,"MawBank":98,"Calling Bell":115,"Dream Catcher":66,"Centennial Puzzle":82,"Nunchaku":88,"CaptainsWheel":128,"HornCleat":25,"DollysMirror":154,"MealTicket":25,"Prayer Wheel":115,"Red Mask":169,"Chemical X":154,"InkBottle":115,"Ring of the Snake":0}],"InkBottle":[20],"Ring of the Snake":[54]},"card_choices":[{"not_picked":["Die Die Die","Unload"],"picked":"Wraith Form v2","floor":0},{"not_picked":["Flechettes","Sucker Punch"],"picked":"Skewer","floor":1},{"not_picked":["Riddle With Holes","Sucker Punch"],"picked":"Noxious Fumes","floor":2},{"not_picked":["Outmaneuver","Flechettes","Blur"],"picked":"SKIP","floor":5},{"not_picked":["Dagger Throw","Underhanded Strike"],"picked":"Footwork","floor":7},{"not_picked":["Blade Dance","Expertise","Underhanded Strike"],"picked":"SKIP","floor":8},{"not_picked":["Flechettes","PiercingWail"],"picked":"Noxious Fumes","floor":10},{"not_picked":["Endless Agony","Well Laid Plans"],"picked":"Backstab","floor":13},{"not_picked":["After Image","Bane"],"picked":"Dagger Spray","floor":14},{"not_picked":["Grand Finale","Adrenaline"],"picked":"Malaise","floor":16},{"not_picked":["Terror","Dodge and Roll+1"],"picked":"Acrobatics","floor":18},{"not_picked":["Prepared+1","Deadly Poison+1"],"picked":"Dagger Spray+1","floor":20},{"not_picked":["Caltrops","Doppelganger","Reflex"],"picked":"SKIP","floor":22},{"not_picked":["Flying Knee","Escape Plan"],"picked":"Well Laid Plans+1","floor":24},{"not_picked":["Slice","Calculated Gamble"],"picked":"Backflip+1","floor":25},{"not_picked":["Quick Slash","Flying Knee"],"picked":"Acrobatics","floor":27},{"not_picked":["Dagger Spray+1","Deadly Poison+1"],"picked":"PiercingWail","floor":29},{"not_picked":["Outmaneuver+1","Dodge and Roll"],"picked":"Footwork+1","floor":30},{"not_picked":["Terror","Distraction"],"picked":"Backflip","floor":31},{"not_picked":["Poisoned Stab","Terror","Dagger Spray+1"],"picked":"SKIP","floor":35},{"not_picked":["Underhanded Strike+1","Deadly Poison+1","Backstab+1"],"picked":"SKIP","floor":35},{"not_picked":["Quick Slash+1","Backstab"],"picked":"Bane+1","floor":37},{"not_picked":["Bane","Sucker Punch+1"],"picked":"Backflip+1","floor":38},{"not_picked":["Accuracy","Poisoned Stab","Die Die Die"],"picked":"SKIP","floor":38},{"not_picked":["Deadly Poison+1","Quick Slash","Poisoned Stab"],"picked":"SKIP","floor":40},{"not_picked":["Prepared+1","Dodge and Roll"],"picked":"Escape Plan","floor":41},{"not_picked":["Accuracy+1","Backflip","Underhanded Strike"],"picked":"SKIP","floor":41},{"not_picked":["Phantasmal Killer","Well Laid Plans+1"],"picked":"Poisoned Stab+1","floor":45},{"not_picked":["Sucker Punch+1","Terror+1","Tactician+1"],"picked":"SKIP","floor":47},{"not_picked":["Prepared+1","Slice+1"],"picked":"Escape Plan+1","floor":49}],"player_experience":330788,"relics_obtained":[{"floor":8,"key":"MealTicket"},{"floor":9,"key":"HornCleat"},{"floor":10,"key":"Ginger"},{"floor":14,"key":"Snake Skull"},{"floor":26,"key":"Centennial Puzzle"},{"floor":27,"key":"Nunchaku"},{"floor":30,"key":"MawBank"},{"floor":34,"key":"Juzu Bracelet"},{"floor":34,"key":"InkBottle"},{"floor":34,"key":"Prayer Wheel"},{"floor":37,"key":"CaptainsWheel"},{"floor":40,"key":"CeramicFish"},{"floor":45,"key":"Potion Belt"},{"floor":47,"key":"Whetstone"}],"event_choices":[{"damage_healed":0,"gold_gain":0,"player_choice":"Entered Light","damage_taken":15,"max_hp_gain":0,"max_hp_loss":0,"event_name":"Shining Light","floor":4,"gold_loss":0,"cards_upgraded":["Defend_G","Skewer"]},{"damage_healed":0,"gold_gain":0,"player_choice":"Cursed","damage_taken":0,"max_hp_gain":0,"max_hp_loss":0,"event_name":"Wheel of Change","floor":12,"gold_loss":0,"cards_obtained":["Decay"]},{"damage_healed":0,"gold_gain":0,"player_choice":"Stole Relic","damage_taken":0,"relics_obtained":["Dream Catcher"],"max_hp_gain":0,"max_hp_loss":0,"event_name":"Addict","floor":21,"gold_loss":0,"cards_obtained":["Shame"]},{"cards_removed":["Neutralize"],"damage_healed":0,"gold_gain":0,"player_choice":"Removed Attack","damage_taken":0,"max_hp_gain":0,"max_hp_loss":0,"event_name":"Falling","floor":36,"gold_loss":0},{"damage_healed":0,"gold_gain":0,"player_choice":"Fight","damage_taken":0,"max_hp_gain":0,"max_hp_loss":0,"event_name":"MindBloom","floor":37,"gold_loss":0},{"damage_healed":0,"gold_gain":0,"player_choice":"Max HP","damage_taken":0,"max_hp_gain":0,"max_hp_loss":4,"event_name":"Winding Halls","floor":39,"gold_loss":0},{"damage_healed":0,"gold_gain":0,"player_choice":"Paid","damage_taken":0,"relics_obtained":["Red Mask"],"max_hp_gain":0,"max_hp_loss":0,"event_name":"Tomb of Lord Red Mask","floor":48,"gold_loss":106}],"is_beta":false,"boss_relics":[{"not_picked":["Black Star","SlaversCollar"],"picked":"Velvet Choker"},{"not_picked":["Pandora\u0027s Box","Ring of the Serpent"],"picked":"Calling Bell"}],"items_purged_floors":[3,19,42],"is_endless":false,"potions_floor_spawned":[1,5,13,16,18,22,24,29,31,33,35,38,40,47],"ascension_level":4}}