{"host":"8pl220r0zqtv6uof","time":1607504281,"event":{"gold_per_floor":[110,126,126,126,177,177,207,218,218,279,40,54,70,81,81,179,229,241,258,269,113,129,156,156,187,187,187,187,81,81,31,31,132,132,146,146,146,96,96,131,131,131,131],"floor_reached":42,"playtime":1302,"items_purged":["Strike_G","Strike_G","Strike_G+1","Decay","Strike_G+1"],"score":563,"play_id":"869d13a7-f8e5-4f80-a619-f90de46ccd85","local_time":"20201209175801","is_ascension_mode":true,"campfire_choices":[{"data":"Neutralize","floor":6,"key":"SMITH"},{"data":"Noxious Fumes","floor":15,"key":"SMITH"},{"data":"Catalyst","floor":24,"key":"SMITH"},{"data":"Burst","floor":32,"key":"SMITH"},{"floor":41,"key":"REST"}],"neow_cost":"NONE","seed_source_timestamp":32101533511300,"circlet_count":0,"master_deck":["Strike_G+1","Defend_G+1","Defend_G+1","Defend_G+1","Defend_G+1","Defend_G+1","Survivor+1","Neutralize+1","PiercingWail","Quick Slash","Catalyst+1","Calculated Gamble","Backflip","Noxious Fumes+1","Deadly Poison","Adrenaline+1","Deadly Poison","Deadly Poison+1","Bandage Up","Calculated Gamble","Burst+1","Backflip+1","Noxious Fumes","Bullet Time","Bouncing Flask+1","Footwork","Poisoned Stab+1"],"relics":["Ring of the Snake","NeowsBlessing","Snake Skull","MealTicket","Calipers","Paper Crane","The Courier","ClockworkSouvenir","Tiny House","Kunai","Smiling Mask","Juzu Bracelet","SacredBark","InkBottle","Dream Catcher"],"potions_floor_usage":[7,10,16,16,20,22,25,33,42],"damage_taken":[{"damage":0,"enemies":"Cultist","floor":1,"turns":1},{"damage":0,"enemies":"Small Slimes","floor":2,"turns":1},{"damage":0,"enemies":"Lagavulin","floor":7,"turns":2},{"damage":4,"enemies":"Jaw Worm","floor":8,"turns":6},{"damage":15,"enemies":"Gremlin Nob","floor":10,"turns":5},{"damage":2,"enemies":"Large Slime","floor":12,"turns":6},{"damage":7,"enemies":"Looter","floor":13,"turns":3},{"damage":1,"enemies":"2 Fungi Beasts","floor":14,"turns":4},{"damage":1,"enemies":"Hexaghost","floor":16,"turns":7},{"damage":6,"enemies":"Shell Parasite","floor":18,"turns":5},{"damage":1,"enemies":"3 Byrds","floor":19,"turns":4},{"damage":19,"enemies":"Centurion and Healer","floor":20,"turns":6},{"damage":1,"enemies":"Cultist and Chosen","floor":22,"turns":6},{"damage":14,"enemies":"Book of Stabbing","floor":23,"turns":5},{"damage":13,"enemies":"Gremlin Leader","floor":25,"turns":5},{"damage":17,"enemies":"Automaton","floor":33,"turns":6},{"damage":6,"enemies":"Orb Walker","floor":35,"turns":4},{"damage":59,"enemies":"Nemesis","floor":40,"turns":7},{"damage":55,"enemies":"Reptomancer","floor":42,"turns":3}],"seed_played":"8183478897298139094","potions_obtained":[{"floor":1,"key":"AttackPotion"},{"floor":2,"key":"AttackPotion"},{"floor":10,"key":"AttackPotion"},{"floor":12,"key":"SkillPotion"},{"floor":14,"key":"Block Potion"},{"floor":17,"key":"Ancient Potion"},{"floor":19,"key":"AttackPotion"},{"floor":23,"key":"Dexterity Potion"},{"floor":33,"key":"Explosive Potion"}],"is_trial":false,"path_per_floor":["M","M","?","?","T","R","E","M","T","?","$","M","M","M","R","B",null,"M","M","M","$","M","E","R","E","T","?","?","$","?","$","R","B",null,"M","?","?","$","T","E","R","E"],"character_chosen":"THE_SILENT","items_purchased":["Noxious Fumes","ClockworkSouvenir","Bandage Up","Noxious Fumes"],"campfire_rested":1,"item_purchase_floors":[11,11,21,29],"current_hp_per_floor":[70,70,63,49,49,49,49,45,45,30,45,43,36,35,35,34,75,69,68,49,64,67,57,57,48,48,48,48,63,63,75,75,62,75,72,72,72,75,75,20,42,0,0],"gold":131,"neow_bonus":"THREE_ENEMY_KILL","is_prod":false,"is_daily":false,"chose_seed":false,"campfire_upgraded":4,"win_rate":0,"timestamp":1607504281,"path_taken":["M","M","?","?","?","R","E","M","T","?","?","M","M","M","R","BOSS","M","M","M","$","M","E","R","E","T","?","?","?","?","$","R","BOSS","M","?","?","?","?","E","R","E"],"build_version":"2020-11-30","purchased_purges":5,"victory":false,"max_hp_per_floor":[70,70,70,70,70,70,70,70,70,70,70,70,70,70,70,70,75,75,75,75,75,75,75,75,75,75,75,75,75,75,75,75,75,75,75,75,75,75,75,75,75,75,75],"card_choices":[{"not_picked":["Underhanded Strike","Choke"],"picked":"PiercingWail","floor":1},{"not_picked":["Caltrops","Escape Plan"],"picked":"Quick Slash","floor":2},{"not_picked":["Underhanded Strike","Quick Slash"],"picked":"Catalyst","floor":7},{"not_picked":["Doppelganger","Caltrops"],"picked":"Calculated Gamble","floor":8},{"not_picked":["Cloak And Dagger","Reflex"],"picked":"Backflip","floor":10},{"not_picked":["Expertise","Concentrate"],"picked":"Deadly Poison","floor":12},{"not_picked":["Bane","Backstab"],"picked":"Crippling Poison","floor":13},{"not_picked":["Flechettes","Dodge and Roll","Underhanded Strike"],"picked":"SKIP","floor":14},{"not_picked":["Burst","Grand Finale"],"picked":"Adrenaline","floor":16},{"not_picked":["Acrobatics","Backflip"],"picked":"Deadly Poison","floor":18},{"not_picked":["Catalyst","Flying Knee","Sucker Punch"],"picked":"SKIP","floor":19},{"not_picked":["Choke","Cloak And Dagger"],"picked":"Deadly Poison+1","floor":20},{"not_picked":["Acrobatics+1","Flying Knee"],"picked":"Calculated Gamble","floor":22},{"not_picked":["Masterful Stab","Terror"],"picked":"Burst","floor":23},{"not_picked":["Crippling Poison","Slice+1"],"picked":"Backflip+1","floor":25},{"not_picked":["After Image","Glass Knife"],"picked":"Bullet Time","floor":33},{"not_picked":["Calculated Gamble","Underhanded Strike+1"],"picked":"Bouncing Flask+1","floor":35},{"not_picked":["Underhanded Strike","Tools of the Trade"],"picked":"Footwork","floor":40},{"not_picked":["Deflect+1","Deadly Poison"],"picked":"Poisoned Stab+1","floor":41}],"player_experience":100244,"relics_obtained":[{"floor":5,"key":"MealTicket"},{"floor":7,"key":"Calipers"},{"floor":9,"key":"Paper Crane"},{"floor":10,"key":"The Courier"},{"floor":23,"key":"Kunai"},{"floor":25,"key":"Smiling Mask"},{"floor":39,"key":"InkBottle"},{"floor":40,"key":"Dream Catcher"}],"event_choices":[{"damage_healed":0,"gold_gain":0,"player_choice":"Success","damage_taken":7,"relics_obtained":["Snake Skull"],"max_hp_gain":0,"max_hp_loss":0,"event_name":"Scrap Ooze","floor":3,"gold_loss":0},{"damage_healed":0,"gold_gain":0,"player_choice":"Entered Light","damage_taken":14,"max_hp_gain":0,"max_hp_loss":0,"event_name":"Shining Light","floor":4,"gold_loss":0,"cards_upgraded":["Defend_G","Survivor"]},{"damage_healed":0,"gold_gain":0,"player_choice":"Searched \u00271\u0027 times","damage_taken":0,"max_hp_gain":0,"max_hp_loss":0,"event_name":"Dead Adventurer","floor":10,"gold_loss":0},{"damage_healed":0,"gold_gain":0,"player_choice":"Opened","damage_taken":0,"relics_obtained":["Juzu Bracelet"],"max_hp_gain":0,"max_hp_loss":0,"event_name":"The Mausoleum","floor":27,"gold_loss":0},{"damage_healed":0,"gold_gain":0,"player_choice":"Simplicity","damage_taken":0,"max_hp_gain":0,"max_hp_loss":0,"event_name":"Back to Basics","floor":28,"gold_loss":0,"cards_upgraded":["Strike_G","Strike_G","Strike_G","Defend_G","Defend_G","Defend_G"]},{"damage_healed":0,"gold_gain":0,"player_choice":"Cursed","damage_taken":0,"max_hp_gain":0,"max_hp_loss":0,"event_name":"Wheel of Change","floor":30,"gold_loss":0,"cards_obtained":["Decay"]},{"cards_removed":["Crippling Poison"],"damage_healed":0,"gold_gain":0,"player_choice":"Removed Skill","damage_taken":0,"max_hp_gain":0,"max_hp_loss":0,"event_name":"Falling","floor":36,"gold_loss":0},{"damage_healed":0,"gold_gain":0,"player_choice":"Forge","damage_taken":0,"max_hp_gain":0,"max_hp_loss":0,"event_name":"Accursed Blacksmith","floor":37,"gold_loss":0,"cards_upgraded":["Adrenaline"]}],"is_beta":false,"boss_relics":[{"not_picked":["Fusion Hammer","Velvet Choker"],"picked":"Tiny House"},{"not_picked":["Pandora\u0027s Box","Cursed Key"],"picked":"SacredBark"}],"items_purged_floors":[11,21,29,31,38],"is_endless":false,"potions_floor_spawned":[1,2,10,12,14,19,23,33],"killed_by":"Reptomancer","ascension_level":2}}