{"host":"1sep654oresgee70","time":1607547128,"event":{"gold_per_floor":[1292,1312,1324,61,0,32,32,32,57,57,57,57,57,57,57,183,183,207,221,221,221,246,246,286,31,57,57,96,110,135,160,160,298,298,324,324,324,324],"floor_reached":37,"playtime":1431,"items_purged":["hubris:Gluttony","Languid"],"score":471,"play_id":"6f6b1c65-a6f0-4426-b7a8-056e37082c76","local_time":"20201209215208","is_ascension_mode":true,"campfire_choices":[{"floor":7,"key":"REST"},{"floor":10,"key":"REST"},{"floor":15,"key":"REST"},{"floor":23,"key":"REST"},{"floor":27,"key":"REST"},{"floor":32,"key":"REST"}],"neow_cost":"CURSE","seed_source_timestamp":67048188694476,"circlet_count":0,"master_deck":["Strike_B+1","Strike_B+1","Strike_B","Strike_B","Defend_B","Defend_B","Defend_B","Defend_B","Zap","Dualcast","Storm+1","Beam Cell","White Noise","Tempest+1","Redo","Ball Lightning","Cold Snap","Discovery","Apotheosis","Chrysalis","Trip","Enlightenment","Steam","Injury","infinitespire:FinalStrike","Echo Form","Go for the Eyes","Compile Driver+1","infinitespire:TheBestDefense","Machine Learning","Streamline+1","Regret","Defragment+1","Gash+1","Blind","Cold Snap+1","Coolheaded","Chaos","ReplayTheSpireMod:Calculation Training","Gash+1","Capacitor","Stack","Rainbow","hubris:Despair","Vigilance","Machine Learning","ReplayTheSpireMod:Private Reserves","infinitespire:Starlight","Gash+1"],"relics":["Cracked Core","Lantern","ReplayTheSpireMod:ShopPack","Whetstone","Juzu Bracelet","Replay:Lucky Slots","Pondfish Scales","Golden Idol","ReplayTheSpireMod:Ring of Addiction","Ring of Hypnosis","SacredBark","White Beast Statue","Ring of Chaos","Molten Egg 2","BargainBundle","MealTicket","aspiration:TomeofQuesting","hubris:TinFlute","ReplayTheSpireMod:SealedPack"],"potions_floor_usage":[6,6,16,16,16,18,19,22,22,24,24,28,28,28,29,30,31,33,35,37],"damage_taken":[{"damage":0,"enemies":"2 Louse","floor":1,"turns":2},{"damage":16,"enemies":"Small Slimes","floor":2,"turns":3},{"damage":6,"enemies":"conspire:RoseBush","floor":3,"turns":3},{"damage":20,"enemies":"Lagavulin","floor":6,"turns":4},{"damage":25,"enemies":"Hexaghost","floor":16,"turns":6},{"damage":30,"enemies":"2 Thieves","floor":18,"turns":3},{"damage":20,"enemies":"3 Byrds","floor":19,"turns":4},{"damage":1,"enemies":"Shelled Parasite and Fungi","floor":22,"turns":3},{"damage":16,"enemies":"Replay:Snechameleon","floor":24,"turns":5},{"damage":41,"enemies":"Gremlin Leader","floor":28,"turns":3},{"damage":0,"enemies":"conspire:HollyBat","floor":29,"turns":8},{"damage":1,"enemies":"Snecko","floor":30,"turns":4},{"damage":5,"enemies":"Snake Plant","floor":31,"turns":3},{"damage":22,"enemies":"Champ","floor":33,"turns":13},{"damage":15,"enemies":"Orb Walker","floor":35,"turns":2},{"damage":50,"enemies":"infinitespire:Three Voidlings","floor":37,"turns":5},{"damage":48,"enemies":"Nightmare_Alpha","floor":37,"turns":6}],"seed_played":"-1424009637860677777","potions_obtained":[{"floor":1,"key":"Fire Potion"},{"floor":13,"key":"ColorlessPotion"},{"floor":13,"key":"ColorlessPotion"},{"floor":16,"key":"Venom Potion"},{"floor":18,"key":"SkillPotion"},{"floor":19,"key":"Energy Potion"},{"floor":20,"key":"Strength Potion"},{"floor":20,"key":"Milkshake"},{"floor":22,"key":"AttackPotion"},{"floor":24,"key":"Fire Potion"},{"floor":28,"key":"Languid Potion"},{"floor":29,"key":"Swift Potion"},{"floor":30,"key":"FearPotion"},{"floor":31,"key":"Reflective Coating"},{"floor":33,"key":"FocusPotion"},{"floor":35,"key":"PowerPotion"}],"is_trial":false,"path_per_floor":["M","M","M","$","?","E","R","$","T","R","?","?","?","?","R","B",null,"M","M","?","AVR","M","R","E","$","T","R","E","M","M","M","R","B",null,"M","?","?"],"character_chosen":"DEFECT","items_purchased":["Lantern","ReplayTheSpireMod:ShopPack","Whetstone","Tempest","Redo","Ball Lightning","Juzu Bracelet","Replay:Lucky Slots","Cold Snap","Discovery","FocusPotion","Fire Potion","BargainBundle","MealTicket","Defragment+1","Fire Potion","ColorlessPotion","Gash+1","Blind","Cold Snap+1","Coolheaded","Chaos"],"campfire_rested":6,"item_purchase_floors":[4,4,4,4,4,4,4,4,4,4,4,4,25,25,25,25,25,25,25,25,25,25],"current_hp_per_floor":[75,59,53,53,59,39,63,63,63,81,81,81,81,62,81,56,81,51,31,31,31,30,54,38,38,38,62,21,21,20,15,38,16,79,64,64,0,0],"gold":324,"neow_bonus":"TWO_FIFTY_GOLD","is_prod":false,"is_daily":false,"chose_seed":false,"campfire_upgraded":0,"win_rate":0,"timestamp":1607547128,"path_taken":["M","M","M","$","?","E","R","$","T","R","?","?","?","?","R","BOSS","M","M","?","AVR","M","R","E","$","T","R","E","M","M","M","R","BOSS","M","?","?"],"build_version":"2020-11-30","purchased_purges":2,"victory":false,"max_hp_per_floor":[75,75,75,75,81,81,81,81,81,81,81,81,81,81,81,81,81,81,81,81,81,81,81,81,81,81,81,79,79,79,79,79,79,79,79,79,79,79],"card_choices":[{"not_picked":["conspire:Rain","Turbo"],"picked":"Storm","floor":1},{"not_picked":["Gash","Amplify"],"picked":"Beam Cell","floor":2},{"not_picked":["Coolheaded","Reprogram"],"picked":"White Noise","floor":3},{"not_picked":["Metamorphosis","Secret Weapon"],"picked":"Apotheosis","floor":4},{"not_picked":["ReplayTheSpireMod:Uncanny Aura","Replay:Parry"],"picked":"Chrysalis","floor":4},{"not_picked":["Survey Options","Purity"],"picked":"Trip","floor":4},{"not_picked":["Fusion","Reprogram"],"picked":"Steam","floor":6},{"not_picked":["infinitespire:NeuralNetwork","infinitespire:Collect"],"picked":"infinitespire:FinalStrike","floor":14},{"not_picked":["Machine Learning","ReplayTheSpireMod:Fabricate Wheel"],"picked":"Echo Form","floor":16},{"not_picked":["Doom and Gloom","Cold Snap+1"],"picked":"Go for the Eyes","floor":18},{"not_picked":["BasicCrystalCard","Panic Button"],"picked":"Compile Driver+1","floor":19},{"not_picked":["Cold Snap","Redo+1"],"picked":"Machine Learning","floor":22},{"not_picked":["Fission","Redo"],"picked":"Streamline+1","floor":24},{"not_picked":["Leap","Compile Driver+1"],"picked":"ReplayTheSpireMod:Calculation Training","floor":28},{"not_picked":["Fusion+1","Redo"],"picked":"Gash+1","floor":29},{"not_picked":["FIFO Queue","Chaos"],"picked":"Capacitor","floor":30},{"not_picked":["conspire:Rain","Redo"],"picked":"Stack","floor":31},{"not_picked":["Thunder Strike+1","Core Surge+1"],"picked":"Rainbow","floor":33},{"not_picked":["hubris:MerchantsHand","Eruption"],"picked":"Vigilance","floor":34},{"not_picked":["hubris:DoWhile","All For One"],"picked":"Machine Learning","floor":34},{"not_picked":["hubris:Ssssneak","Enlightenment"],"picked":"ReplayTheSpireMod:Private Reserves","floor":34},{"not_picked":["ReplayTheSpireMod:??????????????????????","hubris:InfiniteBlow"],"picked":"infinitespire:Starlight","floor":34},{"not_picked":["FTL+1","Beam Cell+1"],"picked":"Gash+1","floor":35}],"player_experience":2242377,"relics_obtained":[{"floor":6,"key":"Pondfish Scales"},{"floor":13,"key":"ReplayTheSpireMod:Ring of Addiction"},{"floor":13,"key":"Ring of Hypnosis"},{"floor":13,"key":"SacredBark"},{"floor":13,"key":"White Beast Statue"},{"floor":24,"key":"Molten Egg 2"},{"floor":26,"key":"aspiration:TomeofQuesting"},{"floor":28,"key":"hubris:TinFlute"}],"event_choices":[{"damage_healed":0,"gold_gain":0,"player_choice":"RENOUNCE","damage_taken":61,"max_hp_gain":0,"max_hp_loss":0,"event_name":"betterThird:BetterSerpent","floor":5,"gold_loss":61,"cards_obtained":["Enlightenment"]},{"damage_healed":0,"gold_gain":0,"player_choice":"Take Wound","damage_taken":0,"relics_obtained":["Golden Idol"],"max_hp_gain":0,"max_hp_loss":0,"event_name":"Golden Idol","floor":11,"gold_loss":0,"cards_obtained":["Injury"]},{"damage_healed":0,"gold_gain":0,"player_choice":"Got Potions","damage_taken":0,"max_hp_gain":0,"max_hp_loss":0,"event_name":"Lab","floor":20,"gold_loss":0},{"damage_healed":0,"gold_gain":0,"player_choice":"Forge","damage_taken":0,"max_hp_gain":0,"max_hp_loss":0,"event_name":"Accursed Blacksmith","floor":36,"gold_loss":0,"cards_upgraded":["Storm"]}],"is_beta":false,"boss_relics":[{"not_picked":["aspiration:RitualDagger","conspire:SlowCooker"],"picked":"Ring of Chaos"},{"not_picked":["conspire:RunicOctahedron","aspiration:RunicSpoon"],"picked":"ReplayTheSpireMod:SealedPack"}],"items_purged_floors":[4,25],"is_endless":false,"potions_floor_spawned":[1,16,18,19,22,24,28,29,30,31,33,35,37],"killed_by":"Nightmare_Alpha","ascension_level":2}}