{"host":"aifnrwt6v0oyvxsq","time":1607494400,"event":{"gold_per_floor":[901,921,631,645,493,493,511,527,527,557,557,568,582,593,593,691,691,703,532,532,532,550,550,550,561,561,561,659,688,464,108,108,213,213,213,213],"floor_reached":35,"playtime":2014,"items_purged":[],"score":502,"play_id":"29b1dcee-7b7e-40f9-9498-ea7b51a0be53","local_time":"20201209011320","is_ascension_mode":false,"campfire_choices":[{"data":"Loop","floor":6.0,"key":"SMITH"},{"data":"ReplayGash","floor":15,"key":"SMITH"},{"floor":23,"key":"REST"},{"floor":27,"key":"REST"},{"floor":32,"key":"RECALL"}],"neow_cost":"NONE","seed_source_timestamp":0,"circlet_count":0,"master_deck":["Strike_B+1","Strike_B+1","Strike_B+1","Defend_B+1","Defend_B+1","Defend_B+1","Zap+1","Gash+1","Gash+1","Loop+1","Ball Lightning+1","Gash+1","ReplayGash+1","Ball Lightning+1","REME_BattleFury+1","ReplayTheSpireMod:Calculation Training+1","Gash+1","hubris:Ukulele","REME_PuzzleBox","Ball Lightning","Lockon","Lockon","Echo Form","ReplayRNGCard+1","Dark Shackles+1","Lockon+1"],"special_seed":0,"relics":["Cracked Core","Hammer of Thor","Seething Fire","Anvil of the Gods","REME_ComplimentaryCards","Chemical X","hubris:TenFootPole","Meat on the Bone","Velvet Choker","Grinning Jar","Pen Nib","Oddly Smooth Stone","hubris:CrystalStatue","REME_PuzzleBoxRelic","Pondfish Scales","Astrolabe"],"potions_floor_usage":[29,29,33],"damage_taken":[{"damage":1.0,"enemies":"Cultist","floor":1.0,"turns":3.0},{"damage":0.0,"enemies":"Jaw Worm","floor":2.0,"turns":3.0},{"damage":0.0,"enemies":"Small Slimes","floor":4.0,"turns":3.0},{"damage":4.0,"enemies":"Gremlin Gang","floor":7.0,"turns":4.0},{"damage":1.0,"enemies":"2 Fungi Beasts","floor":8.0,"turns":3.0},{"damage":16.0,"enemies":"Gremlin Nob","floor":10.0,"turns":4.0},{"damage":0.0,"enemies":"Red Slaver","floor":12.0,"turns":3.0},{"damage":0.0,"enemies":"Blue Slaver","floor":13.0,"turns":3.0},{"damage":0.0,"enemies":"Exordium Thugs","floor":14.0,"turns":4.0},{"damage":3,"enemies":"Fading Forest","floor":16,"turns":11},{"damage":5,"enemies":"Chosen","floor":18,"turns":4},{"damage":25,"enemies":"3 Byrds","floor":22,"turns":4},{"damage":8,"enemies":"Centurion and Healer","floor":25,"turns":4},{"damage":21,"enemies":"Slavers","floor":29,"turns":3},{"damage":0,"enemies":"Collector","floor":33,"turns":6},{"damage":0,"enemies":"3 Shapes","floor":35,"turns":1}],"seed_played":"6114675782295610619","potions_obtained":[{"floor":1.0,"key":"Regen Potion"},{"floor":8.0,"key":"LifebloodPotion"},{"floor":10.0,"key":"Strength Potion"},{"floor":11.0,"key":"CultistPotion"},{"floor":33,"key":"LiquidBronze"}],"is_trial":false,"path_per_floor":["M","M","$","M","$","R","M","M","T","E","?","M","M","M","R","B",null,"M","$","?","?","M","R","?","M","T","R","?","E","$","$","R","B",null,"M"],"character_chosen":"DEFECT","items_purchased":["Chemical X","Gash","Fruit Juice","hubris:TenFootPole","REME_BattleFury","REME_PuzzleBox","Ball Lightning","Lockon","Pondfish Scales"],"campfire_rested":2,"item_purchase_floors":[3,3,3,5,19,30,30,31,31],"current_hp_per_floor":[81,81,86,86,86,86,82,81,81,65,65,65,65,65,65,80,87,82,82,82,82,57,83,56,48,48,74,74,53,53,53,53,53,87,87,87],"gold":213,"neow_bonus":"TEN_PERCENT_HP_BONUS","is_prod":false,"is_daily":false,"chose_seed":false,"campfire_upgraded":2,"win_rate":0,"timestamp":1607494400,"path_taken":["M","M","$","?","$","R","?","M","T","E","?","M","?","M","R","BOSS","M","$","?","?","?","R","?","?","T","R","?","E","?","$","R","BOSS","M"],"build_version":"2020-11-30","purchased_purges":0,"victory":false,"max_hp_per_floor":[82,82,87,87,87,87,87,87,87,87,87,87,87,87,87,87,87,87,87,87,87,87,87,87,87,87,87,87,87,87,87,87,87,87,87,87],"card_choices":[{"not_picked":["Heatsinks","Steam"],"picked":"Gash","floor":1.0},{"not_picked":["Heatsinks","ReplaySort","Crystallizer"],"picked":"SKIP","floor":2.0},{"not_picked":["Steam","Sunder"],"picked":"Loop","floor":4.0},{"not_picked":["Hologram","BasicCrystalCard","Steam"],"picked":"SKIP","floor":7.0},{"not_picked":["Leap","Sunder"],"picked":"Ball Lightning","floor":8.0},{"not_picked":["Auto Shields","ReplayTheSpireMod:Repulse","BootSequence"],"picked":"SKIP","floor":10.0},{"not_picked":["Steam","Conserve Battery"],"picked":"Gash","floor":12.0},{"not_picked":["BasicCrystalCard","Panic Button"],"picked":"ReplayGash","floor":13.0},{"not_picked":["Conserve Battery","hubris:SpecializedCircuitry","BasicCrystalCard"],"picked":"SKIP","floor":14.0},{"not_picked":["Hologram+1","Rebound"],"picked":"Ball Lightning+1","floor":18},{"not_picked":["Blizzard+1","Stack","hubris:PowerSurge"],"picked":"SKIP","floor":22},{"not_picked":["ReplayTheSpireMod:Reroute Power+1","Force Field","ReplaySort"],"picked":"SKIP","floor":25},{"not_picked":["Barrage+1","ReplayTheSpireMod:GoodbyeWorld+1"],"picked":"ReplayTheSpireMod:Calculation Training","floor":28},{"not_picked":["Reinforced Body","Coolheaded"],"picked":"Gash","floor":28},{"not_picked":["FIFO Queue","Leap"],"picked":"hubris:Ukulele","floor":29},{"not_picked":["REME_Shoggoth","Multi-Cast"],"picked":"Echo Form","floor":33}],"player_experience":78018,"relics_obtained":[{"floor":10.0,"key":"Meat on the Bone"},{"floor":26,"key":"hubris:CrystalStatue"},{"floor":29,"key":"REME_PuzzleBoxRelic"}],"event_choices":[{"damage_healed":0.0,"max_hp_gain":0.0,"max_hp_loss":0.0,"gold_gain":0.0,"event_name":"Lab","player_choice":"Got Potions","floor":11.0,"gold_loss":0.0,"damage_taken":0.0},{"cards_removed":["Ball Lightning"],"damage_healed":0,"gold_gain":0,"player_choice":"Give","damage_taken":0,"max_hp_gain":0,"max_hp_loss":0,"event_name":"betterNote:BetterNote","floor":20,"gold_loss":0,"cards_obtained":["None"]},{"damage_healed":0,"gold_gain":0,"player_choice":"Ignored","damage_taken":0,"max_hp_gain":0,"max_hp_loss":0,"event_name":"Upgrade Shrine","floor":21,"gold_loss":0},{"damage_healed":0,"gold_gain":0,"player_choice":"RE RE RE ","damage_taken":64,"relics_obtained":["Grinning Jar","Pen Nib","Oddly Smooth Stone"],"max_hp_gain":0,"max_hp_loss":0,"event_name":"betterSkull:BetterSkull","floor":24,"gold_loss":0,"cards_upgraded":[]}],"is_beta":false,"boss_relics":[{"not_picked":["SacredBark","Sozu"],"picked":"Velvet Choker"},{"not_picked":["hubris:HollowSoul","Replay:Bronze Core"],"picked":"Astrolabe"}],"items_purged_floors":[],"is_endless":false,"potions_floor_spawned":[1,8,10,12,13,22,25,33],"killed_by":"3 Shapes","ascension_level":0}}