{"host":"l4zsyynf3knc4g5z","time":1607551448,"event":{"gold_per_floor":[116,66,85,104,104,104,74,74,100,25,36,36,36,70,70,70,70],"floor_reached":16,"playtime":488,"items_purged":["Doppelganger"],"score":98,"play_id":"c533bfab-6a4b-4c94-b8b2-979d7e32091b","local_time":"20201209140408","is_ascension_mode":false,"campfire_choices":[{"data":"Noxious Fumes","floor":6,"key":"SMITH"},{"data":"Catalyst","floor":8,"key":"SMITH"},{"data":"Neutralize","floor":13,"key":"SMITH"},{"floor":15,"key":"REST"}],"neow_cost":"NONE","seed_source_timestamp":1595860378862000,"circlet_count":0,"master_deck":["Strike_G","Strike_G","Strike_G","Strike_G","Defend_G","Defend_G","Defend_G","Defend_G+1","Defend_G","Survivor","Neutralize+1","Catalyst+1","Acrobatics+1","Noxious Fumes+1","Prepared","Draining Mist"],"relics":["Ring of the Snake","War Paint","hubris:Towel","Mummified Hand"],"potions_floor_usage":[16,16],"damage_taken":[{"damage":3,"enemies":"Jaw Worm","floor":1,"turns":5},{"damage":10,"enemies":"Small Slimes","floor":3,"turns":5},{"damage":4,"enemies":"2 Louse","floor":4,"turns":3},{"damage":2,"enemies":"Looter","floor":7,"turns":4},{"damage":2,"enemies":"Large Slime","floor":11,"turns":8},{"damage":10,"enemies":"Lagavulin","floor":14,"turns":8},{"damage":61,"enemies":"Slime Boss","floor":16,"turns":12}],"seed_played":"2486052803603144309","potions_obtained":[{"floor":3,"key":"SpeedPotion"},{"floor":11,"key":"Dexterity Potion"},{"floor":14,"key":"Swift Potion"}],"is_trial":false,"path_per_floor":["M","?","M","M","?","R","M","R","T","$","M","?","R","E","R","B"],"character_chosen":"THE_SILENT","items_purchased":[],"campfire_rested":1,"item_purchase_floors":[],"current_hp_per_floor":[67,67,57,53,53,53,51,51,51,51,49,49,49,39,60,0,0],"gold":70,"neow_bonus":"ONE_RANDOM_RARE_CARD","is_prod":false,"is_daily":false,"chose_seed":false,"campfire_upgraded":3,"win_rate":0.0,"timestamp":1607551448,"path_taken":["M","?","M","M","?","R","M","R","T","$","M","?","R","E","R","BOSS"],"build_version":"2020-11-30","purchased_purges":1,"victory":false,"max_hp_per_floor":[70,70,70,70,70,70,70,70,70,70,70,70,70,70,70,70,70],"card_choices":[{"not_picked":["Bane","Calculated Gamble"],"picked":"Catalyst","floor":1},{"not_picked":["Dodge and Roll","Blade Dance"],"picked":"Acrobatics","floor":3},{"not_picked":["Riddle With Holes","hubris:SlightOfHand","Sneak Up"],"picked":"SKIP","floor":4},{"not_picked":["Dagger Throw","Sucker Punch","Underhanded Strike"],"picked":"SKIP","floor":7},{"not_picked":["Quick Slash","Deflect"],"picked":"Prepared","floor":11},{"not_picked":["Slice","Fluid Movement"],"picked":"Draining Mist","floor":14}],"player_experience":97272,"relics_obtained":[{"floor":9,"key":"War Paint"},{"floor":14,"key":"Mummified Hand"}],"event_choices":[{"cards_removed":["Strike_G"],"damage_healed":0,"gold_gain":0,"player_choice":"Card Removal","damage_taken":0,"max_hp_gain":0,"max_hp_loss":0,"event_name":"The Cleric","floor":2,"gold_loss":50}],"is_beta":false,"boss_relics":[],"items_purged_floors":[10],"is_endless":false,"potions_floor_spawned":[3,11,14],"killed_by":"Slime Boss","ascension_level":0}}