{"host":"qwttrqaysb380yri","time":1607550699,"event":{"gold_per_floor":[112,130,130,142,157,157,174,199,276,291,303,330,345,394,394,394,394],"floor_reached":16,"playtime":635,"items_purged":[],"score":186,"play_id":"f3b1ee0d-2111-4192-9fd1-a078ab626c5d","local_time":"20201209225139","is_ascension_mode":true,"campfire_choices":[{"data":"Eruption","floor":6,"key":"SMITH"},{"floor":15,"key":"REST"}],"neow_cost":"NONE","seed_source_timestamp":18359842749700,"circlet_count":0,"master_deck":["AscendersBane","Strike_P","Strike_P","Strike_P","Defend_P","Defend_P","Defend_P","Defend_P","Eruption+1","Vigilance","EmptyFist","Consecrate","TalkToTheHand","Weave","FollowUp","ThirdEye","InnerPeace","BowlingBash","Indignation","Nirvana"],"relics":["PureWater","Blood Vial","TungstenRod","Oddly Smooth Stone"],"potions_floor_usage":[8,11,12,16,16,16],"damage_taken":[{"damage":5,"enemies":"2 Louse","floor":1,"turns":4},{"damage":0,"enemies":"Cultist","floor":2,"turns":2},{"damage":3,"enemies":"Small Slimes","floor":4,"turns":4},{"damage":14,"enemies":"Exordium Wildlife","floor":5,"turns":6},{"damage":9,"enemies":"Looter","floor":7,"turns":3},{"damage":12,"enemies":"Lagavulin","floor":8,"turns":4},{"damage":9,"enemies":"Red Slaver","floor":10,"turns":4},{"damage":0,"enemies":"Exordium Thugs","floor":11,"turns":3},{"damage":15,"enemies":"3 Sentries","floor":12,"turns":4},{"damage":3,"enemies":"Looter","floor":13,"turns":2},{"damage":35,"enemies":"Slime Boss","floor":16,"turns":6}],"seed_played":"160501845277926325","potions_obtained":[{"floor":2,"key":"Energy Potion"},{"floor":4,"key":"ColorlessPotion"},{"floor":7,"key":"Fire Potion"},{"floor":11,"key":"Strength Potion"},{"floor":13,"key":"EntropicBrew"}],"is_trial":false,"path_per_floor":["M","M","?","M","M","R","M","E","T","M","M","E","M","T","R","B"],"character_chosen":"WATCHER","items_purchased":[],"campfire_rested":1,"item_purchase_floors":[],"current_hp_per_floor":[67,67,67,64,50,50,41,29,29,22,24,11,10,10,33,0,0],"gold":394,"neow_bonus":"TEN_PERCENT_HP_BONUS","is_prod":false,"is_daily":false,"chose_seed":false,"campfire_upgraded":1,"win_rate":0,"timestamp":1607550699,"path_taken":["M","M","?","M","?","R","M","E","T","M","M","E","M","?","R","BOSS"],"build_version":"2020-11-30","purchased_purges":0,"victory":false,"max_hp_per_floor":[79,79,79,79,79,79,79,79,79,79,79,79,79,79,79,79,79],"relic_stats":{"Blood Vial":10,"counters":[11,42],"obtain_stats":[{"Blood Vial":8,"Oddly Smooth Stone":14,"PureWater":0,"TungstenRod":12},{"Blood Vial":6,"Oddly Smooth Stone":10,"PureWater":0,"TungstenRod":9},{"Blood Vial":23,"Oddly Smooth Stone":36,"PureWater":0,"TungstenRod":34}],"TungstenRod":5},"card_choices":[{"not_picked":["Consecrate","Sanctity"],"picked":"EmptyFist","floor":1},{"not_picked":["CutThroughFate","Prostrate"],"picked":"Consecrate","floor":2},{"not_picked":["SashWhip","EmptyFist"],"picked":"TalkToTheHand","floor":4},{"not_picked":["Worship","ThirdEye"],"picked":"Weave","floor":5},{"not_picked":["LikeWater","Indignation"],"picked":"FollowUp","floor":7},{"not_picked":["JustLucky","SignatureMove"],"picked":"ThirdEye","floor":8},{"not_picked":["Prostrate","Consecrate"],"picked":"InnerPeace","floor":10},{"not_picked":["SashWhip","PathToVictory"],"picked":"BowlingBash","floor":11},{"not_picked":["FlyingSleeves","FearNoEvil"],"picked":"Indignation","floor":12},{"not_picked":["EmptyMind","Adaptation"],"picked":"Nirvana","floor":13}],"player_experience":1794623,"relics_obtained":[{"floor":8,"key":"Blood Vial"},{"floor":12,"key":"TungstenRod"},{"floor":14,"key":"Oddly Smooth Stone"}],"event_choices":[{"cards_removed":["Strike_P"],"damage_healed":0,"gold_gain":0,"player_choice":"Offered Basic","damage_taken":0,"max_hp_gain":0,"max_hp_loss":0,"event_name":"Bonfire Elementals","floor":3,"gold_loss":0}],"is_beta":false,"boss_relics":[],"items_purged_floors":[],"is_endless":false,"potions_floor_spawned":[2,4,7,11,13],"killed_by":"Slime Boss","ascension_level":12}}