{"host":"wghdsg8ym2wc7ov9","time":1607536874,"event":{"gold_per_floor":[112,124,140,140,150,184,201,201,201,215,2,2,28,46,46,149,149,166,179,194,209,227,227,227,227],"floor_reached":24,"playtime":2672,"items_purged":[],"score":239,"play_id":"83244c90-b6f9-4507-922a-c93db80ae1be","local_time":"20201209100114","is_ascension_mode":false,"campfire_choices":[{"floor":8.0,"key":"REST"},{"data":"Blood for Blood","floor":15.0,"key":"SMITH"},{"floor":23,"key":"REST"}],"neow_cost":"NONE","seed_source_timestamp":0,"circlet_count":0,"master_deck":["Strike_R","Strike_R","Strike_R","Strike_R","Strike_R","Defend_R","Defend_R","Defend_R","Defend_R","Bash","Dark Embrace","Blood for Blood+1","Ghostly Armor","Wild Strike","Impervious","Sword Boomerang","Inflame","Metamorphosis+1","Flame Barrier","Shockwave","Barricade","Metallicize","Clothesline+1","Rage","Thunderclap+1","Headbutt"],"special_seed":0,"relics":["Burning Blood","Bag of Preparation","Akabeko","Bronze Scales","SlaversCollar"],"potions_floor_usage":[18,21,24],"damage_taken":[{"damage":10.0,"enemies":"Cultist","floor":1.0,"turns":4.0},{"damage":11.0,"enemies":"Jaw Worm","floor":2.0,"turns":5.0},{"damage":10.0,"enemies":"Small Slimes","floor":3.0,"turns":3.0},{"damage":19.0,"enemies":"Exordium Thugs","floor":5.0,"turns":6.0},{"damage":26.0,"enemies":"Gremlin Nob","floor":6.0,"turns":5.0},{"damage":13.0,"enemies":"Lots of Slimes","floor":7.0,"turns":6.0},{"damage":14.0,"enemies":"Blue Slaver","floor":10.0,"turns":3.0},{"damage":0.0,"enemies":"Lagavulin","floor":13.0,"turns":3.0},{"damage":0.0,"enemies":"Exordium Wildlife","floor":14.0,"turns":3.0},{"damage":12.0,"enemies":"Hexaghost","floor":16.0,"turns":7.0},{"damage":39,"enemies":"2 Thieves","floor":18,"turns":5},{"damage":7,"enemies":"Chosen","floor":19,"turns":4},{"damage":17,"enemies":"Snecko","floor":20,"turns":5},{"damage":17,"enemies":"Snake Plant","floor":21,"turns":3},{"damage":22,"enemies":"Centurion and Healer","floor":22,"turns":6},{"damage":50,"enemies":"Sentry and Sphere","floor":24,"turns":5}],"seed_played":"4504467189982481028","potions_obtained":[{"floor":1.0,"key":"Energy Potion"},{"floor":6.0,"key":"SneckoOil"},{"floor":7.0,"key":"BlessingOfTheForge"},{"floor":14.0,"key":"ColorlessPotion"},{"floor":19,"key":"SkillPotion"},{"floor":21,"key":"SneckoOil"}],"is_trial":false,"path_per_floor":["M","M","M","?","M","E","M","R","T","M","$","?","E","M","R","B",null,"M","M","M","M","M","R","M"],"character_chosen":"IRONCLAD","items_purchased":["Metamorphosis","BloodPotion"],"campfire_rested":2,"item_purchase_floors":[11,11],"current_hp_per_floor":[84,79,75,80,67,47,40,67,67,59,59,59,83,89,89,83,93,60,59,48,37,21,48,0,0],"gold":227,"neow_bonus":"TEN_PERCENT_HP_BONUS","is_prod":false,"is_daily":false,"chose_seed":false,"campfire_upgraded":1,"win_rate":0.0,"timestamp":1607536874,"path_taken":["M","M","M","?","M","E","M","R","T","M","$","?","E","M","R","BOSS","M","?","M","M","M","R","M"],"build_version":"2020-11-30","purchased_purges":0,"victory":false,"max_hp_per_floor":[88,88,88,93,93,93,93,93,93,93,93,93,93,93,93,93,93,93,93,93,93,93,93,93,93],"relic_stats":{"counters":[16,73],"Bronze Scales":[117],"Bag of Preparation":[22],"obtain_stats":[{"SlaversCollar":17,"Bronze Scales":13,"Bag of Preparation":6,"Burning Blood":0,"Akabeko":9},{"SlaversCollar":10,"Bronze Scales":8,"Bag of Preparation":5,"Burning Blood":0,"Akabeko":6},{"SlaversCollar":45,"Bronze Scales":35,"Bag of Preparation":23,"Burning Blood":0,"Akabeko":29}],"Burning Blood":90},"card_choices":[{"not_picked":["Clash","Sever Soul"],"picked":"Dark Embrace","floor":1.0},{"not_picked":["Twin Strike","Dropkick"],"picked":"Blood for Blood","floor":2.0},{"not_picked":["Burning Pact","Twin Strike"],"picked":"Ghostly Armor","floor":3.0},{"not_picked":["Shockwave","Burning Pact"],"picked":"Wild Strike","floor":5.0},{"not_picked":["Blood for Blood","Sever Soul"],"picked":"Impervious","floor":6.0},{"not_picked":["Wild Strike","Heavy Blade"],"picked":"Sword Boomerang","floor":7.0},{"not_picked":["Clash","Evolve"],"picked":"Inflame","floor":10.0},{"not_picked":["Body Slam","Burning Pact"],"picked":"Flame Barrier","floor":13.0},{"not_picked":["Havoc","True Grit"],"picked":"Shockwave","floor":14.0},{"not_picked":["Exhume","Juggernaut"],"picked":"Barricade","floor":16.0},{"not_picked":["Warcry","Reckless Charge"],"picked":"Metallicize","floor":18},{"not_picked":["Battle Trance+1","Flex"],"picked":"Clothesline+1","floor":19},{"not_picked":["Seeing Red","Shrug It Off+1"],"picked":"Rage","floor":20},{"not_picked":["Cleave","Rage"],"picked":"Thunderclap+1","floor":21},{"not_picked":["Shockwave+1","Warcry"],"picked":"Headbutt","floor":22}],"player_experience":284818,"relics_obtained":[{"floor":6.0,"key":"Bag of Preparation"},{"floor":9.0,"key":"Akabeko"},{"floor":13.0,"key":"Bronze Scales"}],"event_choices":[{"damage_healed":0.0,"max_hp_gain":5.0,"max_hp_loss":0.0,"gold_gain":0.0,"event_name":"Big Fish","player_choice":"Donut","floor":4.0,"gold_loss":0.0,"damage_taken":0.0},{"damage_healed":0.0,"max_hp_gain":0.0,"max_hp_loss":0.0,"gold_gain":0.0,"event_name":"Upgrade Shrine","player_choice":"Upgraded","floor":12.0,"gold_loss":0.0,"damage_taken":0.0,"cards_upgraded":["Metamorphosis"]}],"is_beta":false,"boss_relics":[{"not_picked":["Astrolabe","Calling Bell"],"picked":"SlaversCollar"}],"items_purged_floors":[],"is_endless":false,"potions_floor_spawned":[1,6,7,14,19,21],"killed_by":"Sentry and Sphere","ascension_level":0}}