{"host":"raoabm19igg6waea","time":1607515512,"event":{"gold_per_floor":[112,126,126,126,5,5,5,36,36,36,62,72,72,84,84,186,186,201,201,216,230,140,167,179,201,213,253,291,51,67,101,101,205,205,222,222,222,275,295,326,337,364,438,438,465,497,497,224,224,224,224,224,74,101,101],"floor_reached":56,"playtime":2067,"items_purged":["Strike_G","Strike_G","Strike_G","Defend_G"],"score":1969,"play_id":"c85cbbcc-2e83-46a9-acf9-00418d193523","local_time":"20201209130512","is_ascension_mode":true,"campfire_choices":[{"data":"Backflip","floor":6.0,"key":"SMITH"},{"data":"Neutralize","floor":13.0,"key":"SMITH"},{"data":"hubris:InfiniteBlow+408","floor":15.0,"key":"SMITH"},{"data":"Prepared","floor":24.0,"key":"SMITH"},{"data":"Prepared+1","floor":32.0,"key":"SMITH"},{"data":"Backflip","floor":44.0,"key":"SMITH"},{"data":"Prepared+2","floor":44.0,"key":"SMITH"},{"floor":49.0,"key":"RECALL"},{"data":"Backflip+1","floor":52,"key":"SMITH"},{"data":"Backflip+2","floor":52,"key":"SMITH"}],"neow_cost":"NONE","seed_source_timestamp":0,"circlet_count":0,"master_deck":["Defend_G","Defend_G","Defend_G+1","Defend_G","Survivor+1","Neutralize+1","hubris:InfiniteBlow+1636","Backflip+3","Backflip+1","Prepared+3","hubris:NaturalOne","Prepared+1","infinitespire:TheBestDefense+1","hubris:InfiniteBlow+1636"],"special_seed":0,"relics":["Ring of the Snake","NeowsBlessing","War Paint","Replay:Bottled Snecko","Replay:Rubber Ducky","Oddly Smooth Stone","beaked:MawFillet","MawBank","Mercury Hourglass","conspire:InfiniteJournal","Bottled Lightning","Potion Belt","Snake Skull","HoveringKite","hubris:Icosahedron","Replay:Arrowhead","Juzu Bracelet","Omamori","Gremlin Food","vexMod:PlasmaPancake","vexMod:PaidLearning","Replay:Multitool"],"potions_floor_usage":[],"damage_taken":[{"damage":0.0,"enemies":"Cultist","floor":1.0,"turns":1.0},{"damage":0.0,"enemies":"Small Slimes","floor":2.0,"turns":1.0},{"damage":0.0,"enemies":"3 Sentries","floor":8.0,"turns":2.0},{"damage":0.0,"enemies":"Gremlin Nob","floor":11.0,"turns":2.0},{"damage":0.0,"enemies":"2 Louse","floor":12.0,"turns":4.0},{"damage":0.0,"enemies":"Gremlin Gang","floor":14.0,"turns":4.0},{"damage":0.0,"enemies":"The Guardian","floor":16.0,"turns":1.0},{"damage":0.0,"enemies":"Shell Parasite","floor":18.0,"turns":1.0},{"damage":0.0,"enemies":"Spheric Guardian","floor":20.0,"turns":1.0},{"damage":0.0,"enemies":"Cultist and Chosen","floor":21.0,"turns":3.0},{"damage":2.0,"enemies":"Slavers","floor":23.0,"turns":5.0},{"damage":0.0,"enemies":"conspire:HollyBat","floor":25.0,"turns":4.0},{"damage":0.0,"enemies":"conspire:SneckoGhost","floor":27.0,"turns":1.0},{"damage":0.0,"enemies":"conspire:Head Lice","floor":28.0,"turns":1.0},{"damage":0.0,"enemies":"Snake Plant","floor":30.0,"turns":1.0},{"damage":0.0,"enemies":"Book of Stabbing","floor":31.0,"turns":1.0},{"damage":0.0,"enemies":"conspire:MysteriousRune","floor":33.0,"turns":1.0},{"damage":0.0,"enemies":"3 Darklings","floor":35.0,"turns":5.0},{"damage":0.0,"enemies":"2 Orb Walkers","floor":38.0,"turns":4.0},{"damage":0.0,"enemies":"3 Shapes","floor":39.0,"turns":4.0},{"damage":0.0,"enemies":"Giant Head","floor":40.0,"turns":1.0},{"damage":0.0,"enemies":"Writhing Mass","floor":41.0,"turns":1.0},{"damage":0.0,"enemies":"beaked:SuperParasite","floor":42.0,"turns":1.0},{"damage":0.0,"enemies":"Nightmare","floor":45.0,"turns":1.0},{"damage":0.0,"enemies":"Giant Head","floor":46.0,"turns":1.0},{"damage":0.0,"enemies":"infinitespire:Three Voidlings","floor":48.0,"turns":2.0},{"damage":29.0,"enemies":"Nightmare_Alpha","floor":48.0,"turns":5.0},{"damage":0,"enemies":"Replay:Hell Engine","floor":50,"turns":2},{"damage":0,"enemies":"Shield and Spear","floor":54,"turns":1},{"damage":55,"enemies":"The Heart","floor":55,"turns":3}],"seed_played":"-1886689011622869861","potions_obtained":[{"floor":2.0,"key":"AttackPotion"},{"floor":11.0,"key":"SkillPotion"},{"floor":16.0,"key":"GhostInAJar"},{"floor":23.0,"key":"Strength Potion"},{"floor":25.0,"key":"ColorlessPotion"},{"floor":46.0,"key":"Milkshake"}],"is_trial":false,"path_per_floor":["M","M","?","?","$","R","$","E","T","?","E","M","R","M","R","B",null,"M","?","M","M","?","E","R","M","T","E","E","$","M","E","R","B",null,"M","?","?","?","M","E","M","E","T","R","NM","E","?","?","R","B",null,"R","$","E","B",null],"character_chosen":"THE_SILENT","items_purchased":["Backflip","Potion Belt","vexMod:PaidLearning"],"campfire_rested":0,"item_purchase_floors":[5,29,48],"current_hp_per_floor":[63,63,47,47,47,47,47,47,47,47,47,47,47,47,47,47,64,64,64,64,64,64,62,62,62,62,62,62,62,62,62,62,62,68,68,68,68,68,68,68,68,68,68,68,68,74,74,45,45,45,68,68,68,68,13],"gold":101,"neow_bonus":"THREE_ENEMY_KILL","is_prod":false,"is_daily":false,"chose_seed":false,"campfire_upgraded":9,"win_rate":0,"timestamp":1607515512,"path_taken":["M","M","?","?","$","R","$","E","T","?","E","?","R","M","R","BOSS","M","?","M","M","?","E","R","?","T","E","E","?","M","E","R","BOSS","M","?","?","?","M","E","M","E","T","R","NM","E","?","?","R","BOSS","R","$","E","BOSS"],"build_version":"2020-11-30","purchased_purges":4,"victory":true,"max_hp_per_floor":[70,70,70,70,70,70,70,70,70,70,70,70,70,70,70,70,70,70,70,70,70,70,70,70,70,70,70,70,70,70,70,70,70,70,70,70,70,70,70,70,70,70,70,70,70,76,76,76,76,76,76,76,76,76,76],"card_choices":[{"not_picked":["Acrobatics","Deflect","Bane"],"picked":"SKIP","floor":1.0},{"not_picked":["Dagger Spray","Predator","Blur"],"picked":"SKIP","floor":2.0},{"not_picked":["hubris:Rewind","infinitespire:Oblivion"],"picked":"hubris:InfiniteBlow+408","floor":3.0},{"not_picked":["Footwork","Riddle With Holes","Sucker Punch"],"picked":"SKIP","floor":8.0},{"not_picked":["Slice","Dagger Throw","Heel Hook"],"picked":"SKIP","floor":11.0},{"not_picked":["Leg Sweep","Deadly Poison"],"picked":"Backflip","floor":12.0},{"not_picked":["Dodge and Roll","Underhanded Strike","ReplayTheSpireMod:The Works"],"picked":"SKIP","floor":14.0},{"not_picked":["Dagger Spray+1","Backflip"],"picked":"Prepared","floor":18.0},{"not_picked":["Slice","Crippling Poison+1","hubris:Sniper"],"picked":"SKIP","floor":20.0},{"not_picked":["hubris:SlightOfHand","Slice+1","Backstab"],"picked":"SKIP","floor":21.0},{"not_picked":["Acrobatics","Slice+1","Toxin Wave"],"picked":"SKIP","floor":23.0},{"not_picked":["Deadly Poison+1","ReplayTheSpireMod:Scrap Shanks+1","Riddle With Holes+1"],"picked":"SKIP","floor":25.0},{"not_picked":["Sucker Punch","Backflip","Quick Slash+1"],"picked":"SKIP","floor":27.0},{"not_picked":["Flying Knee","Footwork","Grand Finale"],"picked":"SKIP","floor":28.0},{"not_picked":["ReplayTheSpireMod:Exploit Weakness","Dagger Spray","Bouncing Flask+1"],"picked":"SKIP","floor":30.0},{"not_picked":["hubris:SlightOfHand","Bane","hubris:Counter"],"picked":"SKIP","floor":31.0},{"not_picked":["Deadly Poison+1","Quick Slash","conspire:PoisonWeapons"],"picked":"SKIP","floor":35.0},{"not_picked":["Sucker Punch","hubris:SlightOfHand"],"picked":"Prepared+1","floor":39.0},{"not_picked":["Deadly Poison+1","Tactician+1","Footwork"],"picked":"SKIP","floor":40.0},{"not_picked":["Concentrate+1","Prepared","Acrobatics"],"picked":"SKIP","floor":41.0},{"not_picked":["Cloak And Dagger","Slice+1","Blade Dance"],"picked":"SKIP","floor":42.0},{"not_picked":["ReplayTheSpireMod:Black Plague","Replay:Fractal Strike"],"picked":"infinitespire:TheBestDefense","floor":45.0},{"not_picked":["Infinite Blades+1","Underhanded Strike","Outmaneuver+1"],"picked":"SKIP","floor":45.0},{"not_picked":["Bullet Time","Underhanded Strike+1","hubris:SlightOfHand+1"],"picked":"SKIP","floor":46.0},{"not_picked":["Sneak Up","Outmaneuver","All Out Attack+1"],"picked":"SKIP","floor":54}],"player_experience":362672,"relics_obtained":[{"floor":8.0,"key":"War Paint"},{"floor":9.0,"key":"Replay:Bottled Snecko"},{"floor":11.0,"key":"Oddly Smooth Stone"},{"floor":23.0,"key":"MawBank"},{"floor":26.0,"key":"Mercury Hourglass"},{"floor":27.0,"key":"conspire:InfiniteJournal"},{"floor":28.0,"key":"Bottled Lightning"},{"floor":31.0,"key":"Snake Skull"},{"floor":38.0,"key":"Replay:Arrowhead"},{"floor":40.0,"key":"Juzu Bracelet"},{"floor":42.0,"key":"Omamori"},{"floor":45.0,"key":"Gremlin Food"},{"floor":46.0,"key":"vexMod:PlasmaPancake"},{"floor":54,"key":"Replay:Multitool"}],"event_choices":[{"cards_removed":["Strike_G"],"damage_healed":0.0,"max_hp_gain":0.0,"max_hp_loss":0.0,"gold_gain":0.0,"event_name":"Living Wall","player_choice":"Forget","floor":4.0,"gold_loss":0.0,"damage_taken":0.0},{"damage_healed":0.0,"max_hp_gain":0.0,"max_hp_loss":0.0,"gold_gain":0.0,"event_name":"WeMeetAgain","player_choice":"Gave Potion","floor":10.0,"gold_loss":0.0,"damage_taken":0.0,"relics_obtained":["Replay:Rubber Ducky"]},{"damage_healed":0.0,"max_hp_gain":0.0,"max_hp_loss":0.0,"gold_gain":0.0,"event_name":"Ghosts","player_choice":"Ignored","floor":19.0,"gold_loss":0.0,"damage_taken":0.0},{"cards_removed":["Strike_G"],"damage_healed":0.0,"max_hp_gain":0.0,"max_hp_loss":0.0,"gold_gain":0.0,"event_name":"Designer","player_choice":"Upgrade and Remove","floor":22.0,"gold_loss":90.0,"damage_taken":0.0,"cards_upgraded":["hubris:InfiniteBlow"]},{"damage_healed":0.0,"max_hp_gain":0.0,"max_hp_loss":0.0,"gold_gain":0.0,"event_name":"Mysterious Sphere","player_choice":"Fight","floor":38.0,"gold_loss":0.0,"damage_taken":0.0},{"damage_healed":0.0,"max_hp_gain":0.0,"max_hp_loss":0.0,"gold_gain":0.0,"event_name":"Duplicator","player_choice":"Copied","floor":47.0,"gold_loss":0.0,"damage_taken":0.0,"cards_obtained":["hubris:InfiniteBlow"]}],"is_beta":false,"boss_relics":[{"not_picked":["Replay:Grab Bag","Replay:Wanted Poster"],"picked":"beaked:MawFillet"},{"not_picked":["conspire:RoyalGoblet","infinitespire:Cupcake"],"picked":"HoveringKite"}],"items_purged_floors":[5,29,48,53],"is_endless":false,"potions_floor_spawned":[2,11,16,23,25,27,28,35,39,46,48,48],"ascension_level":7}}