{"host":"qqjv58wfhopf6ysa","time":1607508482,"event":{"gold_per_floor":[117,130,130,130,230,230,263,273,323,336,336,354,354,206,206,305,305,325,425,425,442,442,442,461,197,267,267,126,174,213,233,233,347,347,369,381,231,255,306,306,306,306,306,306,57,94,108,127,127,127],"floor_reached":51,"playtime":1749,"items_purged":["Decay","Defend_B","Defend_B","Strike_B","Strike_B"],"score":868,"play_id":"1400da9d-383b-45b2-8529-3f478e284e7f","local_time":"20201209190802","is_ascension_mode":false,"campfire_choices":[{"floor":6,"key":"DIG"},{"floor":13,"key":"DIG"},{"floor":15,"key":"DIG"},{"floor":23,"key":"DIG"},{"floor":27,"key":"DIG"},{"floor":32,"key":"DIG"},{"floor":40,"key":"DIG"},{"floor":42,"key":"DIG"},{"floor":44,"key":"DIG"},{"floor":49,"key":"DIG"}],"neow_cost":"NONE","seed_source_timestamp":56905548092700,"circlet_count":0,"master_deck":["Defend_B+1","Defend_B","Zap","Dualcast","Core Surge","Coolheaded","Seek","Defragment+1","Chill","Force Field","Glacier+1","Cold Snap+1","Defragment+1","Crystallizer","Echo Form","Chill+1","Blizzard","hubris:EnhanceAbility","White Noise+1"],"relics":["Cracked Core","REME_ComplimentaryCards","aspiration:Nostalgia","m_GuardianBlood","Shovel","hubris:TinFlute","Boot","Blue Doll","DataDisk","Happy Flower","hubris:ScarierMask","Prayer Wheel","Pet Ghost","CeramicFish","infinitespire:Beetle Shell","infinitespire:Midas Blood","ReplayTheSpireMod:TigerMarble","aspiration:Lifesprig","REME_PuzzleBoxRelic","hubris:Potato","Sozu","Prayer Wheel","infinitespire:Joker Card","War Paint","Replay:Arrowhead","Ancient Tea Set","Replay:Bottled Eggs","Lantern","Toy Ornithopter","hubris:PeanutButter"],"potions_floor_usage":[],"damage_taken":[{"damage":0,"enemies":"Cultist","floor":1,"turns":2},{"damage":0,"enemies":"Jaw Worm","floor":2,"turns":3},{"damage":29,"enemies":"3 Sentries","floor":7,"turns":11},{"damage":0,"enemies":"2 Louse","floor":8,"turns":2},{"damage":5,"enemies":"Red Slaver","floor":10,"turns":4},{"damage":22,"enemies":"Exordium Wildlife","floor":12,"turns":5},{"damage":9,"enemies":"The Guardian","floor":16,"turns":13},{"damage":5,"enemies":"Spheric Guardian","floor":18,"turns":4},{"damage":12,"enemies":"Shell Parasite","floor":21,"turns":12},{"damage":2,"enemies":"Shelled Parasite and Fungi","floor":24,"turns":10},{"damage":10,"enemies":"Replay:Snechameleon","floor":30,"turns":12},{"damage":0,"enemies":"3 Cultists","floor":31,"turns":3},{"damage":12,"enemies":"Collector","floor":33,"turns":13},{"damage":0,"enemies":"3 Shapes","floor":35,"turns":3},{"damage":0,"enemies":"Orb Walker","floor":36,"turns":5},{"damage":0,"enemies":"Jaw Worm Horde","floor":38,"turns":6},{"damage":0,"enemies":"2 Orb Walkers","floor":39,"turns":4},{"damage":0,"enemies":"Giant Head","floor":46,"turns":7},{"damage":0,"enemies":"Spire Growth","floor":47,"turns":5},{"damage":0,"enemies":"Maw","floor":48,"turns":8},{"damage":0,"enemies":"Donu and Deca","floor":50,"turns":8}],"seed_played":"2069823965514067811","potions_obtained":[{"floor":7,"key":"Adrenaline Potion"},{"floor":16,"key":"AttackPotion"},{"floor":31,"key":"BlessingOfTheForge"},{"floor":33,"key":"Death Potion"}],"is_trial":false,"path_per_floor":["M","M","?","?","?","R","E","M","T","M","?","M","R","$","R","B",null,"M","?","?","M","?","R","M","$","T","R","$","T","E","M","R","B",null,"M","M","$","M","?","R","T","R","T","R","$","E","M","M","R","B",null],"character_chosen":"DEFECT","items_purchased":["Chill","Defragment","infinitespire:Beetle Shell","Crystallizer","hubris:EnhanceAbility"],"campfire_rested":0,"item_purchase_floors":[14,25,25,28,45],"current_hp_per_floor":[75,75,72,72,72,72,49,55,55,56,56,40,40,40,40,37,75,75,75,75,69,69,69,73,73,73,73,73,73,69,75,75,69,75,75,75,75,75,75,75,75,75,75,75,75,75,75,75,75,75],"gold":127,"neow_bonus":"NOSTALGIA","is_prod":false,"is_daily":false,"chose_seed":false,"campfire_upgraded":0,"win_rate":0,"timestamp":1607508482,"path_taken":["M","M","?","?","?","R","E","?","T","M","?","M","R","?","R","BOSS","M","?","?","M","?","R","?","$","T","R","$","?","E","M","R","BOSS","M","M","$","?","?","R","?","R","T","R","?","E","M","M","R","BOSS"],"build_version":"2020-11-30","purchased_purges":5,"victory":true,"max_hp_per_floor":[75,75,75,75,75,75,75,75,75,75,75,75,75,75,75,75,75,75,75,75,75,75,75,75,75,75,75,75,75,75,75,75,75,75,75,75,75,75,75,75,75,75,75,75,75,75,75,75,75,75],"card_choices":[{"not_picked":["Guardian:DonusPower","Compile Driver"],"picked":"Coolheaded","floor":1},{"not_picked":["Go for the Eyes","Streamline","Turbo"],"picked":"SKIP","floor":2},{"not_picked":["Chaos","Thunderclap"],"picked":"Seek","floor":7},{"not_picked":["Go for the Eyes","Heavy Blade","Leap"],"picked":"SKIP","floor":8},{"not_picked":["Guardian:WalkerClaw","Static Discharge","Guardian:FloatingOrbs"],"picked":"SKIP","floor":10},{"not_picked":["Sweeping Beam","ReplayTheSpireMod:GoodbyeWorld"],"picked":"Defragment","floor":12},{"not_picked":["Seek","Hyperbeam"],"picked":"ReplayTheSpireMod:Fabricate Wheel","floor":16},{"not_picked":["Scrape","Coolheaded+1","Rebound"],"picked":"SKIP","floor":18},{"not_picked":["Hello World","Sunder"],"picked":"Glacier","floor":21},{"not_picked":["Heatsinks","Rebound+1","Turbo+1"],"picked":"SKIP","floor":21},{"not_picked":["Rebound","ReplaySort"],"picked":"Cold Snap+1","floor":24},{"not_picked":["Compile Driver","Streamline","Panic Button"],"picked":"SKIP","floor":24},{"not_picked":["Skim","Sweeping Beam+1","Amplify"],"picked":"SKIP","floor":30},{"not_picked":["Aggregate","Redo+1","Coolheaded"],"picked":"SKIP","floor":31},{"not_picked":["Redo+1","Time Bomb","Conserve Battery"],"picked":"SKIP","floor":31},{"not_picked":["Core Surge","Seek"],"picked":"Echo Form","floor":33},{"not_picked":["Hologram+1","Barrage","Gash+1"],"picked":"SKIP","floor":35},{"not_picked":["Chill+1","Hologram","Rebound"],"picked":"SKIP","floor":35},{"not_picked":["Hologram","Rebound"],"picked":"Chill+1","floor":35},{"not_picked":["Hologram+1","Barrage","Gash+1"],"picked":"SKIP","floor":35},{"not_picked":["Streamline","Ball Lightning+1","hubris:SpecializedCircuitry"],"picked":"SKIP","floor":36},{"not_picked":["Ball Lightning","Rebound+1","Stack"],"picked":"SKIP","floor":36},{"not_picked":["White Noise+1","Conserve Battery","Skim"],"picked":"SKIP","floor":36},{"not_picked":["Heatsinks","Melter+1"],"picked":"Blizzard","floor":38},{"not_picked":["Beam Cell+1","Gash+1","Go for the Eyes+1"],"picked":"SKIP","floor":38},{"not_picked":["Amplify","REME_Whirling","Streamline"],"picked":"SKIP","floor":38},{"not_picked":["Scrape+1","Panic Button"],"picked":"White Noise+1","floor":46},{"not_picked":["Streamline+1","Go for the Eyes+1","Stack+1"],"picked":"SKIP","floor":47},{"not_picked":["Skim","Recycle","Leap+1"],"picked":"SKIP","floor":47},{"not_picked":["Leap","Stack+1","Compile Driver"],"picked":"SKIP","floor":47},{"not_picked":["Coolheaded","Doom and Gloom","Self Repair+1"],"picked":"SKIP","floor":48},{"not_picked":["Panic Button+1","Streamline+1","Meteor Strike"],"picked":"SKIP","floor":48},{"not_picked":["Rebound+1","Hologram+1","Beam Cell+1"],"picked":"SKIP","floor":48}],"player_experience":415620,"relics_obtained":[{"floor":6,"key":"hubris:TinFlute"},{"floor":7,"key":"Boot"},{"floor":9,"key":"Blue Doll"},{"floor":13,"key":"DataDisk"},{"floor":15,"key":"Happy Flower"},{"floor":23,"key":"CeramicFish"},{"floor":26,"key":"infinitespire:Midas Blood"},{"floor":27,"key":"ReplayTheSpireMod:TigerMarble"},{"floor":29,"key":"aspiration:Lifesprig"},{"floor":30,"key":"REME_PuzzleBoxRelic"},{"floor":32,"key":"hubris:Potato"},{"floor":39,"key":"infinitespire:Joker Card"},{"floor":40,"key":"War Paint"},{"floor":41,"key":"Replay:Arrowhead"},{"floor":42,"key":"Ancient Tea Set"},{"floor":43,"key":"Replay:Bottled Eggs"},{"floor":44,"key":"Lantern"},{"floor":46,"key":"Toy Ornithopter"},{"floor":49,"key":"hubris:PeanutButter"}],"event_choices":[{"damage_healed":0,"gold_gain":0,"player_choice":"Success","damage_taken":3,"relics_obtained":["Shovel"],"max_hp_gain":0,"max_hp_loss":0,"event_name":"Scrap Ooze","floor":3,"gold_loss":0},{"damage_healed":0,"gold_gain":100,"player_choice":"Pray","damage_taken":0,"max_hp_gain":0,"max_hp_loss":0,"event_name":"Golden Shrine","floor":5,"gold_loss":0},{"damage_healed":0,"gold_gain":0,"player_choice":"Cursed","damage_taken":0,"max_hp_gain":0,"max_hp_loss":0,"event_name":"Wheel of Change","floor":11,"gold_loss":0,"cards_obtained":["Decay"]},{"damage_healed":0,"gold_gain":100,"player_choice":"Pray","damage_taken":0,"max_hp_gain":0,"max_hp_loss":0,"event_name":"Golden Shrine","floor":19,"gold_loss":0},{"damage_healed":0,"gold_gain":0,"cards_transformed":["Strike_B"],"player_choice":"Transformed","damage_taken":0,"max_hp_gain":0,"max_hp_loss":0,"event_name":"Transmorgrifier","floor":20,"gold_loss":0,"cards_obtained":["Force Field"]},{"damage_healed":0,"gold_gain":0,"player_choice":"Gave Potion","damage_taken":0,"relics_obtained":["Pet Ghost"],"max_hp_gain":0,"max_hp_loss":0,"event_name":"WeMeetAgain","floor":22,"gold_loss":0},{"damage_healed":0,"gold_gain":0,"player_choice":"Fight","damage_taken":0,"max_hp_gain":0,"max_hp_loss":0,"event_name":"Mysterious Sphere","floor":39,"gold_loss":0}],"is_beta":false,"boss_relics":[{"not_picked":["hubris:GrandSneckoEye","Tiny House"],"picked":"hubris:ScarierMask"},{"not_picked":["aspiration:SecretTechniqueScroll","hubris:HollowSoul"],"picked":"Sozu"}],"items_purged_floors":[14,25,28,37,45],"is_endless":false,"potions_floor_spawned":[7,16,31,33,36,39],"ascension_level":0}}