{"host":"csp9nt53rootlkah","time":1607513251,"event":{"gold_per_floor":[119,138,156,174,185,220,220],"floor_reached":6,"playtime":385,"items_purged":[],"score":50,"play_id":"d4d81bf2-a7a9-4b57-9c22-a18f2470dc07","local_time":"20201209192731","is_ascension_mode":false,"campfire_choices":[],"neow_cost":"NONE","seed_source_timestamp":170438713437300,"circlet_count":0,"master_deck":["TheCursedMod:Strike_TheCursed","TheCursedMod:Strike_TheCursed","TheCursedMod:Strike_TheCursed","TheCursedMod:Strike_TheCursed","TheCursedMod:Defend_TheCursed","TheCursedMod:Defend_TheCursed","TheCursedMod:Defend_TheCursed","TheCursedMod:Defend_TheCursed","TheCursedMod:CursedWand","TheCursedMod:CleanUpWorkshop","TheCursedMod:Dregs","TheCursedMod:TacticalStrike","TheCursedMod:DemonSword","TheCursedMod:WearCloak"],"relics":["TheCursedMod:BlackMagic101","testmod-TestBox","testmod-CardMagician","NeowsBlessing","The Courier"],"potions_floor_usage":[],"damage_taken":[{"damage":0,"enemies":"Gensokyo:Python","floor":1,"turns":1},{"damage":0,"enemies":"Gensokyo:3_Fairies","floor":2,"turns":1},{"damage":0,"enemies":"Gensokyo:2_Kodama","floor":3,"turns":1},{"damage":0,"enemies":"Gensokyo:Kitsune","floor":4,"turns":4},{"damage":4,"enemies":"Gensokyo:3_Kodama","floor":5,"turns":5},{"damage":22,"enemies":"Gensokyo:Aya","floor":6,"turns":9}],"seed_played":"-3056105514034317410","potions_obtained":[{"floor":1,"key":"SpeedPotion"},{"floor":2,"key":"Dexterity Potion"},{"floor":4,"key":"ColorlessPotion"}],"is_trial":false,"path_per_floor":["M","M","M","M","M","E"],"character_chosen":"THE_CURSED","items_purchased":[],"campfire_rested":0,"item_purchase_floors":[],"current_hp_per_floor":[75,75,75,75,71,49,49],"gold":220,"neow_bonus":"THREE_ENEMY_KILL","is_prod":false,"is_daily":false,"chose_seed":false,"campfire_upgraded":0,"win_rate":0.0,"timestamp":1607513251,"path_taken":["M","?","M","M","M","E"],"build_version":"2020-11-30","purchased_purges":0,"victory":false,"max_hp_per_floor":[75,75,75,75,75,75,75],"card_choices":[{"not_picked":["TheCursedMod:CursedMace","TheCursedMod:ManaBullet","TheCursedMod:AshesToAshes"],"picked":"SKIP","floor":1},{"not_picked":["TheCursedMod:Obscuration","TheCursedMod:RavingStaff"],"picked":"TheCursedMod:TacticalStrike","floor":2},{"not_picked":["TheCursedMod:CursedShiv","TheCursedMod:FleshFromBone","TheCursedMod:RapidMovement"],"picked":"SKIP","floor":3},{"not_picked":["TheCursedMod:Wield","TheCursedMod:VitalStrike"],"picked":"TheCursedMod:DemonSword","floor":4},{"not_picked":["TheCursedMod:Stretching","TheCursedMod:CursedStaff"],"picked":"TheCursedMod:WearCloak","floor":5}],"player_experience":115692,"relics_obtained":[{"floor":6,"key":"The Courier"}],"event_choices":[],"is_beta":false,"boss_relics":[],"items_purged_floors":[],"is_endless":false,"potions_floor_spawned":[1,2,4,6],"killed_by":"Gensokyo:Aya","ascension_level":0}}