{"host":"9h1qbmp5h1ch7u4r","time":1607540346,"event":{"gold_per_floor":[118,193,219,74,93,133,150,150,197,216,216,104,104,146,146,247,247,260,282,282,55,74,74,86,86,136,163,180,180,180,180,180],"floor_reached":31,"playtime":2876,"items_purged":["animator:Strike","animator:Vesta+1"],"score":410,"play_id":"28922520-777d-4787-b1c7-3755f656621e","local_time":"20201209135906","is_ascension_mode":true,"campfire_choices":[{"data":"animator:AcuraAkari","floor":13.0,"key":"SMITH"},{"data":"animator:YachiyoNanami","floor":15.0,"key":"SMITH"},{"data":"animator:PinaCoLada","floor":23,"key":"SMITH"},{"data":"animator:WinryRockbell","floor":30,"key":"SMITH"}],"neow_cost":"NONE","seed_source_timestamp":94980700101000,"circlet_count":0,"master_deck":["animator:Strike_MadokaMagica","animator:Defend_MadokaMagica","animator:Defend","animator:YuiTsuruno","animator:WinryRockbell+1","animator:AcuraAkari+1","animator:Kyubey","animator:YachiyoNanami+1","animator:AcuraTooru","animator:WinryRockbell","animator:PinaCoLada+1","animator:Hans","animator:ElricEdward+1","animator:GazelDwargon+1","animator:IrohaTamaki","animator:Guy+1","animator:AcuraShin+1","animator:Kazuma","animator:Fredrika","animator:Kazuma","animator:WinryRockbell"],"special_seed":0,"relics":["animator:LivingPicture","animator:TheMissingPiece","NeowsBlessing","Juzu Bracelet","Ancient Tea Set","Lantern","Astrolabe","animator:ShionDessert","InkBottle"],"potions_floor_usage":[18,19,22,27],"damage_taken":[{"damage":0.0,"enemies":"Small Slimes","floor":1.0,"turns":1.0},{"damage":0.0,"enemies":"Cultist","floor":3.0,"turns":1.0},{"damage":0.0,"enemies":"Jaw Worm","floor":5.0,"turns":1.0},{"damage":33.0,"enemies":"Gremlin Nob","floor":6.0,"turns":6.0},{"damage":4.0,"enemies":"Red Slaver","floor":7.0,"turns":5.0},{"damage":0.0,"enemies":"3 Louse","floor":10.0,"turns":3.0},{"damage":5.0,"enemies":"Lagavulin","floor":14.0,"turns":9.0},{"damage":0.0,"enemies":"Hexaghost","floor":16.0,"turns":9.0},{"damage":4,"enemies":"Chosen","floor":18,"turns":5},{"damage":14,"enemies":"2 Thieves","floor":19,"turns":4},{"damage":6,"enemies":"Snake Plant","floor":22,"turns":3},{"damage":8,"enemies":"Cultist and Chosen","floor":24,"turns":4},{"damage":1,"enemies":"animator:HornedBat","floor":27,"turns":11},{"damage":0,"enemies":"Centurion and Healer","floor":28,"turns":6},{"damage":30,"enemies":"Gremlin Leader","floor":31,"turns":4}],"seed_played":"1083209390111916647","potions_obtained":[{"floor":1.0,"key":"Fire Potion"},{"floor":3.0,"key":"DistilledChaos"},{"floor":7.0,"key":"DuplicationPotion"},{"floor":10.0,"key":"SkillPotion"},{"floor":19,"key":"PowerPotion"},{"floor":22,"key":"Swift Potion"}],"is_trial":false,"path_per_floor":["M","?","M","$","M","E","M","?","T","M","?","$","R","E","R","B",null,"M","M","?","$","M","R","M","?","T","E","M","?","R","E"],"character_chosen":"THE_ANIMATOR","items_purchased":["animator:Kyubey","animator:WinryRockbell","animator:AcuraShin","animator:Kazuma"],"campfire_rested":0,"item_purchase_floors":[4,12,21,21],"current_hp_per_floor":[59,53,53,53,53,20,17,17,17,17,17,17,17,12,12,12,53,49,35,35,35,29,29,22,22,22,21,21,26,26,0,0],"gold":180,"neow_bonus":"THREE_ENEMY_KILL","is_prod":false,"is_daily":false,"chose_seed":false,"campfire_upgraded":4,"win_rate":0,"timestamp":1607540346,"path_taken":["M","?","?","$","M","E","M","?","T","M","?","?","R","E","R","BOSS","M","M","?","$","M","R","M","?","T","E","M","?","R","E"],"build_version":"2020-11-30","purchased_purges":2,"victory":false,"max_hp_per_floor":[66,66,66,66,66,66,67,67,67,67,67,67,67,67,67,67,67,67,67,67,67,67,67,68,68,68,68,68,68,68,68,68],"card_choices":[{"not_picked":["animator:Rena","animator:YunYun"],"picked":"animator:WinryRockbell","floor":1.0},{"not_picked":["animator:Benimaru","animator:Viivi"],"picked":"animator:AcuraAkari","floor":3.0},{"not_picked":["animator:Aisha","animator:TukaLunaMarceau","animator:Laby"],"picked":"SKIP","floor":5.0},{"not_picked":["animator:KyokoSakura","animator:OrikoMikuni"],"picked":"animator:YachiyoNanami","floor":6.0},{"not_picked":["animator:ElricEdward","animator:TukaLunaMarceau"],"picked":"animator:AcuraTooru","floor":7.0},{"not_picked":["animator:Gluttony","animator:Gillette","animator:Chung"],"picked":"SKIP","floor":10.0},{"not_picked":["animator:Ara","animator:YuiTsuruno"],"picked":"animator:PinaCoLada","floor":14.0},{"not_picked":["animator:Greed","animator:AcuraShin"],"picked":"animator:Hans","floor":16.0},{"not_picked":["animator:KyokoSakura","animator:OrikoMikuni"],"picked":"animator:IrohaTamaki","floor":18},{"not_picked":["animator:Fredrika","animator:YaoHaDucy"],"picked":"animator:Guy+1","floor":19},{"not_picked":["animator:Hakurou","animator:Kazuma","animator:Shuna+1"],"picked":"SKIP","floor":22},{"not_picked":["animator:YaoHaDucy","animator:Laby+1"],"picked":"animator:Fredrika","floor":24},{"not_picked":["animator:Vanir","animator:Megumin"],"picked":"animator:Kazuma","floor":27},{"not_picked":["animator:Gluttony+1","animator:Kuribayashi"],"picked":"animator:WinryRockbell","floor":28}],"player_experience":925733,"relics_obtained":[{"floor":6.0,"key":"Juzu Bracelet"},{"floor":9.0,"key":"Ancient Tea Set"},{"floor":14.0,"key":"Lantern"},{"floor":26,"key":"animator:ShionDessert"},{"floor":27,"key":"InkBottle"}],"event_choices":[{"damage_healed":0.0,"max_hp_gain":0.0,"max_hp_loss":0.0,"gold_gain":75.0,"event_name":"FaceTrader","player_choice":"Touch","floor":2.0,"gold_loss":0.0,"damage_taken":6.0},{"cards_removed":["animator:Strike"],"damage_healed":0.0,"max_hp_gain":0.0,"max_hp_loss":0.0,"gold_gain":0.0,"event_name":"Purifier","player_choice":"Purged","floor":8.0,"gold_loss":0.0,"damage_taken":0.0},{"damage_healed":0.0,"max_hp_gain":0.0,"max_hp_loss":0.0,"gold_gain":0.0,"cards_transformed":["animator:Strike"],"event_name":"Transmorgrifier","player_choice":"Transformed","floor":11.0,"gold_loss":0.0,"damage_taken":0.0,"cards_obtained":["animator:RoryMercury"]},{"damage_healed":0,"gold_gain":0,"player_choice":"Ignored","damage_taken":0,"max_hp_gain":0,"max_hp_loss":0,"event_name":"Vampires","floor":20,"gold_loss":0},{"damage_healed":0,"gold_gain":0,"player_choice":"Forge","damage_taken":0,"max_hp_gain":0,"max_hp_loss":0,"event_name":"Accursed Blacksmith","floor":25,"gold_loss":0,"cards_upgraded":["animator:AcuraShin"]},{"cards_removed":["animator:IrohaTamaki"],"damage_healed":5,"gold_gain":0,"player_choice":"Offered Common","damage_taken":0,"max_hp_gain":0,"max_hp_loss":0,"event_name":"Bonfire Elementals","floor":29,"gold_loss":0},{"cards_removed":["animator:IrohaTamaki"],"damage_healed":5,"gold_gain":0,"player_choice":"Offered Special","damage_taken":0,"max_hp_gain":0,"max_hp_loss":0,"event_name":"Bonfire Elementals","floor":29,"gold_loss":0}],"is_beta":false,"boss_relics":[{"not_picked":["Busted Crown","Cursed Key"],"picked":"Astrolabe"}],"items_purged_floors":[12,21],"is_endless":false,"potions_floor_spawned":[1,3,7,10,19,22],"killed_by":"Gremlin Leader","ascension_level":6}}