{"host":"72lt20yb89m1ezcj","time":1607533696,"event":{"gold_per_floor":[109,129,204,204,59,88,99,99,99,134,148,166,166,166,166,266,266,278,290,301,301,318,346,346,364,391,110,136,136,168,180,180,279,279,295,650,27,46,96,96,96,96],"floor_reached":41,"playtime":2312,"items_purged":[],"score":661,"play_id":"2ba16e32-2e3d-4ea3-8c1e-45be70812b34","local_time":"20201209110816","is_ascension_mode":false,"campfire_choices":[{"floor":8,"key":"RECALL"},{"data":"Shockwave","floor":13,"key":"SMITH"},{"data":"Dropkick","floor":15,"key":"SMITH"},{"floor":24,"key":"REST"},{"data":"Infernal Blade","floor":29,"key":"SMITH"},{"data":"Flame Barrier","floor":32,"key":"SMITH"},{"floor":40,"key":"REST"}],"neow_cost":"","seed_source_timestamp":2071161306607700,"circlet_count":0,"master_deck":["Strike_R","Defend_R","Defend_R","Defend_R","Defend_R","Bash+1","Cleave+1","Good Instincts","Warcry","Perfected Strike+1","Dropkick+1","Pommel Strike","Headbutt","Shockwave+1","Flame Barrier+1","Immolate","Infernal Blade+1","Spot Weakness","Flex","Armaments+1","Clash","Heavy Blade+1","Metallicize","Uppercut+1","Exhume+1","Shrug It Off+1","Berserk","Rampage+1","Rampage+1","Exhume+1","Inflame+1","Ghostly Armor+1","Impervious+1","Bandage Up+1","The Bomb+1","Shrug It Off+1","Entrench+1","Armaments+1","Spot Weakness+1"],"relics":["Burning Blood","CaptainsWheel","Bloody Idol","ClockworkSouvenir","Meat on the Bone","Gremlin Horn","Dream Catcher","Black Star","Mango","Blood Vial","Whetstone","Molten Egg 2","Anchor","Toxic Egg 2","Eternal Feather","Du-Vu Doll","Astrolabe","Old Coin","Self Forming Clay","FossilizedHelix"],"potions_floor_usage":[10,23,33,33,39,41],"damage_taken":[{"damage":0,"enemies":"Small Slimes","floor":1,"turns":3},{"damage":6,"enemies":"Jaw Worm","floor":2,"turns":3},{"damage":20,"enemies":"Lagavulin","floor":6,"turns":7},{"damage":0,"enemies":"Cultist","floor":7,"turns":2},{"damage":8,"enemies":"Gremlin Nob","floor":10,"turns":3},{"damage":20,"enemies":"Exordium Wildlife","floor":11,"turns":5},{"damage":11,"enemies":"Exordium Thugs","floor":12,"turns":3},{"damage":39,"enemies":"Slime Boss","floor":16,"turns":11},{"damage":4,"enemies":"Spheric Guardian","floor":18,"turns":4},{"damage":16,"enemies":"Shell Parasite","floor":19,"turns":4},{"damage":10,"enemies":"Centurion and Healer","floor":20,"turns":5},{"damage":43,"enemies":"Chosen and Byrds","floor":22,"turns":7},{"damage":47,"enemies":"Slavers","floor":23,"turns":6},{"damage":5,"enemies":"Cultist and Chosen","floor":25,"turns":4},{"damage":22,"enemies":"Book of Stabbing","floor":28,"turns":5},{"damage":7,"enemies":"Slavers","floor":30,"turns":4},{"damage":10,"enemies":"Snake Plant","floor":31,"turns":4},{"damage":93,"enemies":"Automaton","floor":33,"turns":11},{"damage":1,"enemies":"3 Shapes","floor":35,"turns":3},{"damage":75,"enemies":"2 Orb Walkers","floor":36,"turns":7},{"damage":46,"enemies":"3 Darklings","floor":38,"turns":7},{"damage":32,"enemies":"Mind Bloom Boss Battle","floor":39,"turns":9},{"damage":157,"enemies":"Giant Head","floor":41,"turns":11}],"seed_played":"-4980466843864784433","potions_obtained":[{"floor":1,"key":"Block Potion"},{"floor":7,"key":"LiquidBronze"},{"floor":11,"key":"Strength Potion"},{"floor":12,"key":"Block Potion"},{"floor":22,"key":"FairyPotion"},{"floor":25,"key":"GamblersBrew"},{"floor":28,"key":"BloodPotion"},{"floor":36,"key":"Ancient Potion"},{"floor":38,"key":"Dexterity Potion"},{"floor":39,"key":"LiquidMemories"}],"is_trial":false,"path_per_floor":["M","M","?","?","$","E","M","R","T","E","M","M","R","?","R","B",null,"M","M","M","?","M","E","R","M","T","$","E","R","E","M","R","B",null,"M","?","$","M","?","R","E"],"character_chosen":"IRONCLAD","items_purchased":["Cleave","Good Instincts","ClockworkSouvenir","Molten Egg 2","Metallicize","Self Forming Clay","Impervious+1","Bandage Up+1","The Bomb+1","Shrug It Off+1"],"campfire_rested":2,"item_purchase_floors":[0,0,5,27,27,37,37,37,37,37],"current_hp_per_floor":[80,80,74,74,74,65,76,76,76,79,70,70,70,70,70,54,80,80,75,76,76,56,46,74,82,87,87,78,78,84,87,94,42,94,94,47,47,32,37,86,0,0],"gold":96,"neow_bonus":"","is_prod":false,"is_daily":false,"chose_seed":false,"campfire_upgraded":4,"win_rate":0,"timestamp":1607533696,"path_taken":["M","M","?","?","$","E","?","R","T","E","M","M","R","?","R","BOSS","M","M","M","?","M","E","R","M","T","?","E","R","E","?","R","BOSS","M","?","$","M","?","R","E"],"build_version":"2020-11-30","purchased_purges":0,"victory":false,"max_hp_per_floor":[80,80,80,80,80,80,80,80,80,80,80,80,80,80,80,80,80,80,80,80,80,80,94,94,94,94,94,94,94,94,94,94,94,94,94,94,94,94,94,94,94,94],"card_choices":[{"not_picked":["Clothesline","Sentinel"],"picked":"Warcry","floor":1},{"not_picked":["Headbutt","Metallicize"],"picked":"Perfected Strike","floor":2},{"not_picked":["Iron Wave","Clash"],"picked":"Dropkick","floor":6},{"not_picked":["Clash","Havoc"],"picked":"Pommel Strike","floor":7},{"not_picked":["Clothesline","Exhume"],"picked":"Headbutt","floor":10},{"not_picked":["True Grit","Burning Pact"],"picked":"Shockwave","floor":11},{"not_picked":["Shockwave","Wild Strike"],"picked":"Flame Barrier","floor":12},{"not_picked":["Brutality","Reaper"],"picked":"Immolate","floor":16},{"not_picked":["Rampage+1","Anger"],"picked":"Infernal Blade","floor":18},{"not_picked":["Dual Wield+1","Feel No Pain"],"picked":"Spot Weakness","floor":19},{"not_picked":["Rupture","Second Wind"],"picked":"Flex","floor":20},{"not_picked":["Rage","Burning Pact"],"picked":"Armaments+1","floor":22},{"not_picked":["Reckless Charge","Armaments","Shockwave"],"picked":"SKIP","floor":23},{"not_picked":["Clothesline","Cleave+1"],"picked":"Clash","floor":24},{"not_picked":["Wild Strike+1","Evolve"],"picked":"Heavy Blade+1","floor":25},{"not_picked":["Armaments+1","Sentinel+1"],"picked":"Uppercut+1","floor":28},{"not_picked":["Anger+1","Havoc+1"],"picked":"Exhume+1","floor":30},{"not_picked":["Flex+1","Evolve"],"picked":"Shrug It Off+1","floor":31},{"not_picked":["Impervious+1","Offering+1"],"picked":"Berserk","floor":33},{"not_picked":["Anger+1","Intimidate+1"],"picked":"Inflame+1","floor":35},{"not_picked":["Havoc+1","Clothesline+1"],"picked":"Ghostly Armor+1","floor":36},{"not_picked":["Flex+1","Clash+1"],"picked":"Entrench+1","floor":38},{"not_picked":["Wild Strike+1","Perfected Strike+1"],"picked":"Armaments+1","floor":39},{"not_picked":["Sentinel+1","True Grit+1"],"picked":"Spot Weakness+1","floor":40}],"player_experience":723216,"relics_obtained":[{"floor":6,"key":"Meat on the Bone"},{"floor":9,"key":"Gremlin Horn"},{"floor":10,"key":"Dream Catcher"},{"floor":23,"key":"Mango"},{"floor":23,"key":"Blood Vial"},{"floor":26,"key":"Whetstone"},{"floor":28,"key":"Anchor"},{"floor":28,"key":"Toxic Egg 2"},{"floor":30,"key":"Eternal Feather"},{"floor":30,"key":"Du-Vu Doll"},{"floor":36,"key":"Old Coin"},{"floor":39,"key":"FossilizedHelix"}],"event_choices":[{"damage_healed":0,"gold_gain":75,"player_choice":"Gather Gold","damage_taken":11,"max_hp_gain":0,"max_hp_loss":0,"event_name":"World of Goop","floor":3,"gold_loss":0},{"cards_removed":["Strike_R"],"damage_healed":0,"gold_gain":0,"player_choice":"Offered Basic","damage_taken":0,"max_hp_gain":0,"max_hp_loss":0,"event_name":"Bonfire Elementals","floor":4,"gold_loss":0},{"damage_healed":0,"gold_gain":0,"player_choice":"Upgraded","damage_taken":0,"max_hp_gain":0,"max_hp_loss":0,"event_name":"Upgrade Shrine","floor":14,"gold_loss":0,"cards_upgraded":["Bash"]},{"damage_healed":0,"gold_gain":0,"player_choice":"Ignored","damage_taken":0,"max_hp_gain":0,"max_hp_loss":0,"event_name":"betterNote:BetterNote","floor":21,"gold_loss":0,"cards_obtained":["Shockwave"]},{"damage_healed":0,"gold_gain":0,"player_choice":"Fight","damage_taken":0,"max_hp_gain":0,"max_hp_loss":0,"event_name":"Mysterious Sphere","floor":36,"gold_loss":0},{"damage_healed":0,"gold_gain":0,"player_choice":"Fight","damage_taken":0,"max_hp_gain":0,"max_hp_loss":0,"event_name":"MindBloom","floor":39,"gold_loss":0}],"is_beta":false,"boss_relics":[{"not_picked":["Busted Crown","Runic Dome"],"picked":"Black Star"},{"not_picked":["Pandora\u0027s Box","Coffee Dripper"],"picked":"Astrolabe"}],"items_purged_floors":[],"is_endless":false,"potions_floor_spawned":[1,7,11,12,16,19,22,25,28,30,36,38,39],"killed_by":"Giant Head","ascension_level":0}}