{"host":"v3yrezuq3fp4ufnc","time":1607547418,"event":{"gold_per_floor":[114,65,80,80,95,125,125,155,155,170,88,88,118,133,133,133,133],"floor_reached":16,"playtime":852,"items_purged":[],"score":170,"play_id":"207e6175-80e1-489b-a07c-5de30152a10e","local_time":"20201209135658","daily_mods":["SealedDeck","Purple Cards","Elite Swarm"],"is_ascension_mode":false,"campfire_choices":[{"data":"Fusion","floor":7,"key":"SMITH"},{"data":"Tantrum","floor":15,"key":"SMITH"}],"neow_cost":"","seed_source_timestamp":0,"circlet_count":0,"master_deck":["Lockon","ThirdEye","Streamline","EmptyFist","Ball Lightning","Replay:Hum","FlyingSleeves","Tantrum+1","Cold Snap","Weave","Cold Snap","FlurryOfBlows","Fusion+1","Devotion","Ragnarok","Rebound","Halt","Capacitor","REME_ForAll","Gash","Coolheaded"],"special_seed":18605,"relics":["Cracked Core","REME_ComplimentaryCards","Question Card","Ancient Tea Set","Prayer Wheel","Blue Doll","Torii","aspiration:ChemicalBlood"],"potions_floor_usage":[],"damage_taken":[{"damage":0,"enemies":"Cultist","floor":1,"turns":2},{"damage":0,"enemies":"Small Slimes","floor":3,"turns":2},{"damage":10,"enemies":"2 Louse","floor":5,"turns":2},{"damage":19,"enemies":"Replay:BlueRogue","floor":6,"turns":3},{"damage":57,"enemies":"Lagavulin","floor":8,"turns":4},{"damage":12,"enemies":"Exordium Wildlife","floor":10,"turns":2},{"damage":17,"enemies":"3 Sentries","floor":13,"turns":4},{"damage":48,"enemies":"Lots of Slimes","floor":14,"turns":3},{"damage":80,"enemies":"Hexaghost","floor":16,"turns":2}],"seed_played":"4494449258677458329","potions_obtained":[{"floor":3,"key":"blueLaboratory:FruitPunch"},{"floor":5,"key":"Weak Potion"},{"floor":10,"key":"blueLaboratory:EmptyBottle"}],"is_trial":false,"path_per_floor":["M","$","M","T","M","E","R","E","T","M","$","?","E","M","R","B"],"character_chosen":"DEFECT","items_purchased":["Cold Snap","Capacitor"],"campfire_rested":0,"item_purchase_floors":[2,11],"current_hp_per_floor":[95,105,115,125,125,116,126,79,89,87,97,107,100,62,72,0,0],"gold":133,"neow_bonus":"","is_prod":false,"is_daily":true,"chose_seed":false,"campfire_upgraded":2,"win_rate":0,"timestamp":1607547418,"path_taken":["M","$","M","?","M","E","R","E","T","?","$","?","E","M","R","BOSS"],"build_version":"2020-11-30","purchased_purges":0,"victory":false,"max_hp_per_floor":[95,105,115,125,135,145,155,165,175,185,195,205,215,225,235,235,235],"relic_stats":{"Torii":3,"counters":[9,24],"Prayer Wheel":2,"Question Card":9,"obtain_stats":[{"Torii":9,"Prayer Wheel":8,"Blue Doll":8,"Cracked Core":0,"Question Card":4,"Ancient Tea Set":6,"REME_ComplimentaryCards":0,"aspiration:ChemicalBlood":13},{"Torii":5,"Prayer Wheel":5,"Blue Doll":5,"Cracked Core":0,"Question Card":2,"Ancient Tea Set":4,"REME_ComplimentaryCards":0,"aspiration:ChemicalBlood":7},{"Torii":13,"Prayer Wheel":12,"Blue Doll":13,"Cracked Core":0,"Question Card":4,"Ancient Tea Set":9,"REME_ComplimentaryCards":0,"aspiration:ChemicalBlood":19}]},"card_choices":[{"not_picked":["FlyingSleeves","Gash"],"picked":"Weave","floor":1},{"not_picked":["ClearTheMind","Darkness"],"picked":"FlurryOfBlows","floor":3},{"not_picked":["Sweeping Beam","ReachHeaven","ThirdEye"],"picked":"Devotion","floor":5},{"not_picked":["StuffTheSpire:LaunchingStrike","MasterReality","ReplayTheSpireMod:Omega Cannon"],"picked":"ReplayTheSpireMod:Fabricate Wheel","floor":6},{"not_picked":["SpiritShield","ReplayTheSpireMod:Fabricate Wheel","Blasphemy"],"picked":"Ragnarok","floor":8},{"not_picked":["Replay:ManipulateFuture","REME_Repentance","FollowUp"],"picked":"Rebound","floor":10},{"not_picked":["Protect","Melter","Evaluate"],"picked":"Halt","floor":10},{"not_picked":["Seek","Establishment","Blasphemy"],"picked":"REME_ForAll","floor":13},{"not_picked":["BasicCrystalCard","Chaos","DeceiveReality"],"picked":"Gash","floor":14},{"not_picked":["Panic Button","Replay:ManipulateFuture","Halt"],"picked":"Coolheaded","floor":14}],"player_experience":79122,"relics_obtained":[{"floor":4,"key":"Question Card"},{"floor":6,"key":"Ancient Tea Set"},{"floor":8,"key":"Blue Doll"},{"floor":9,"key":"Torii"},{"floor":13,"key":"aspiration:ChemicalBlood"}],"event_choices":[{"cards_removed":["StuffTheSpire:LoadUp"],"damage_healed":0,"gold_gain":0,"player_choice":"Card Removal","damage_taken":0,"max_hp_gain":0,"max_hp_loss":0,"event_name":"Wheel of Change","floor":12,"gold_loss":0}],"is_beta":false,"boss_relics":[],"items_purged_floors":[],"is_endless":false,"potions_floor_spawned":[3,5,10,13],"killed_by":"Hexaghost","ascension_level":0}}