{"host":"u0m9wcerzdqt9t83","time":1607540640,"event":{"gold_per_floor":[119,30,49,49,49,81,100,129,129,129,129],"floor_reached":10,"playtime":615,"items_purged":[],"score":80,"play_id":"2166fcb8-eb3e-4b74-9bf2-347f7b58101c","local_time":"20201209140400","is_ascension_mode":true,"campfire_choices":[],"neow_cost":"","seed_source_timestamp":17276174907400,"circlet_count":0,"master_deck":["Strike_P","Strike_P","Strike_P","Strike_P","Defend_P","Defend_P","Defend_P","Eruption","Vigilance+1","Panache+1","LikeWater","JustLucky","Consecrate","ClearTheMind","InnerPeace","Halt","Adaptation","EmptyBody","PathToVictory"],"relics":["PureWater","CaptainsWheel","Mummified Hand","Regal Pillow","Torii","White Beast Statue"],"potions_floor_usage":[3],"damage_taken":[{"damage":2,"enemies":"Cultist","floor":1,"turns":4},{"damage":0,"enemies":"Small Slimes","floor":3,"turns":2},{"damage":6,"enemies":"3 Sentries","floor":6,"turns":8},{"damage":0,"enemies":"2 Louse","floor":7,"turns":2},{"damage":5,"enemies":"Gremlin Nob","floor":8,"turns":5},{"damage":0,"enemies":"3 Sentries","floor":10,"turns":2}],"seed_played":"2616342988648709987","potions_obtained":[{"floor":1,"key":"AttackPotion"},{"floor":7,"key":"GamblersBrew"}],"is_trial":false,"path_per_floor":["M","$","M","?","?","E","M","E","T","E"],"character_chosen":"WATCHER","items_purchased":["Panache","Mummified Hand","LikeWater","JustLucky","ClearTheMind","InnerPeace"],"campfire_rested":0,"item_purchase_floors":[0,0,0,0,2,2],"current_hp_per_floor":[49,49,49,42,28,22,22,17,17,17,17],"gold":129,"neow_bonus":"","is_prod":false,"is_daily":false,"chose_seed":false,"campfire_upgraded":0,"win_rate":0,"timestamp":1607540640,"path_taken":["M","?","M","?","?","E","?","E","T","E"],"build_version":"2020-11-30","purchased_purges":0,"victory":false,"max_hp_per_floor":[72,72,72,72,72,72,72,72,72,72,72],"card_choices":[{"not_picked":["Meditate","Prostrate"],"picked":"Consecrate","floor":1},{"not_picked":["Meditate","WaveOfTheHand"],"picked":"Halt","floor":3},{"not_picked":["Fasting2","CrushJoints"],"picked":"Adaptation","floor":6},{"not_picked":["SashWhip","Protect"],"picked":"EmptyBody","floor":7},{"not_picked":["Halt","Weave"],"picked":"PathToVictory","floor":8}],"player_experience":332253,"relics_obtained":[{"floor":6,"key":"Regal Pillow"},{"floor":8,"key":"Torii"},{"floor":9,"key":"White Beast Statue"}],"event_choices":[{"cards_removed":["Defend_P"],"damage_healed":0,"gold_gain":0,"player_choice":"Card Removal","damage_taken":7,"max_hp_gain":0,"max_hp_loss":0,"event_name":"Golden Wing","floor":4,"gold_loss":0},{"damage_healed":0,"gold_gain":0,"player_choice":"Entered Light","damage_taken":14,"max_hp_gain":0,"max_hp_loss":0,"event_name":"Shining Light","floor":5,"gold_loss":0,"cards_upgraded":["Vigilance","Panache"]}],"is_beta":false,"boss_relics":[],"items_purged_floors":[],"is_endless":false,"potions_floor_spawned":[1,7],"killed_by":"3 Sentries","ascension_level":1}}