{"host":"mike","time":1607541856,"event":{"gold_per_floor":[111,111,186,186,186,186,186],"floor_reached":6,"playtime":224,"items_purged":[],"score":32,"play_id":"8cc16edb-3713-4dbb-a131-4480b5c16b82","local_time":"20201209142416","is_ascension_mode":false,"campfire_choices":[],"neow_cost":"NONE","seed_source_timestamp":5699787137545000,"circlet_count":0,"master_deck":["TheCursedMod:Strike_TheCursed","TheCursedMod:Strike_TheCursed","TheCursedMod:Strike_TheCursed","TheCursedMod:Strike_TheCursed","TheCursedMod:Defend_TheCursed","TheCursedMod:Defend_TheCursed","TheCursedMod:Defend_TheCursed","TheCursedMod:Defend_TheCursed","TheCursedMod:CursedWand","TheCursedMod:CleanUpWorkshop","TheCursedMod:Dregs","TheCursedMod:Torture"],"relics":["TheCursedMod:BlackMagic101","Orichalcum","NlothsMask"],"potions_floor_usage":[],"damage_taken":[{"damage":5,"enemies":"Small Slimes","floor":1,"turns":4},{"damage":52,"enemies":"Lagavulin","floor":6,"turns":10}],"seed_played":"-3039635677877667347","potions_obtained":[],"is_trial":false,"path_per_floor":["M","?","?","?","?","E"],"character_chosen":"THE_CURSED","items_purchased":[],"campfire_rested":0,"item_purchase_floors":[],"current_hp_per_floor":[77,52,41,46,46,0,0],"gold":186,"neow_bonus":"TEN_PERCENT_HP_BONUS","is_prod":false,"is_daily":false,"chose_seed":false,"campfire_upgraded":0,"win_rate":0.0,"timestamp":1607541856,"path_taken":["M","?","?","?","?","E"],"build_version":"2020-12-07","purchased_purges":0,"victory":false,"max_hp_per_floor":[82,82,82,87,87,87,87],"relic_stats":{"counters":[2,14],"Orichalcum":[12],"obtain_stats":[{"TheCursedMod:BlackMagic101":0,"Orichalcum":2,"NlothsMask":5},{"TheCursedMod:BlackMagic101":0,"Orichalcum":1,"NlothsMask":1},{"TheCursedMod:BlackMagic101":0,"Orichalcum":4,"NlothsMask":4}]},"card_choices":[{"not_picked":["TheCursedMod:SpitefulStrike","TheCursedMod:Wield"],"picked":"TheCursedMod:Torture","floor":1}],"player_experience":252634,"relics_obtained":[],"event_choices":[{"damage_healed":0,"gold_gain":0,"player_choice":"Success","damage_taken":25,"relics_obtained":["Orichalcum"],"max_hp_gain":0,"max_hp_loss":0,"event_name":"Scrap Ooze","floor":2,"gold_loss":0},{"damage_healed":0,"gold_gain":75,"player_choice":"Gather Gold","damage_taken":11,"max_hp_gain":0,"max_hp_loss":0,"event_name":"World of Goop","floor":3,"gold_loss":0},{"damage_healed":0,"gold_gain":0,"player_choice":"Donut","damage_taken":0,"max_hp_gain":5,"max_hp_loss":0,"event_name":"Big Fish","floor":4,"gold_loss":0},{"damage_healed":0,"gold_gain":0,"player_choice":"Trade","damage_taken":0,"relics_obtained":["NlothsMask"],"max_hp_gain":0,"max_hp_loss":0,"event_name":"FaceTrader","floor":5,"gold_loss":0}],"is_beta":true,"boss_relics":[],"items_purged_floors":[],"is_endless":false,"potions_floor_spawned":[],"killed_by":"Lagavulin","ascension_level":0}}