{"host":"htqwg582tjjtn9p7","time":1607530908,"event":{"gold_per_floor":[117,135,135,152,166,166,195,195,195,210,223,223,298,311,311,416,416,428,428,428,27,27,27,42,74,99,127,140,172,172,187,187,286,286,298,298,313,363,238,267,267,267,267,293,293,87,102,119,119,119,137,155,155,155,155,170,170,193,193,193],"floor_reached":61,"playtime":5388,"items_purged":["theForsaken:TheForsaken_Strike","theForsaken:TheForsaken_Strike","theForsaken:TheForsaken_Strike"],"score":1560,"play_id":"872cf047-a3bb-4e32-8a32-9a23dea6b318","local_time":"20201209172148","is_ascension_mode":true,"campfire_choices":[{"data":"theForsaken:Smite","floor":6,"key":"SMITH"},{"data":"theForsaken:StoreUp","floor":12,"key":"SMITH"},{"data":"theForsaken:DefensiveStance","floor":15,"key":"SMITH"},{"floor":23,"key":"REST"},{"data":"StuffTheSpire:WarGroove","floor":30,"key":"SMITH"},{"data":"theForsaken:ShieldBash","floor":32,"key":"SMITH"},{"data":"theForsaken:ShieldBash","floor":41,"key":"SMITH"},{"data":"theForsaken:NobleSacrifice","floor":49,"key":"SMITH"},{"data":"StuffTheSpire:BrainWave","floor":55,"key":"SMITH"},{"data":"Turbo","floor":57,"key":"SMITH"}],"neow_cost":"TEN_PERCENT_HP_LOSS","seed_source_timestamp":2251783112422000,"circlet_count":0,"master_deck":["theForsaken:TheForsaken_Strike","theForsaken:TheForsaken_Defend","theForsaken:TheForsaken_Defend","theForsaken:TheForsaken_Defend","theForsaken:TheForsaken_Defend","theForsaken:Smite+1","theForsaken:DefensiveStance+1","theForsaken:StoreUp+1","theForsaken:ShieldBash+1","WordoMod:BloodThinning","Bloodletting","ReplayTheSpireMod:Private Reserves","hermit:LoneWolf","somnambulantmod: Sleepyhead","StuffTheSpire:WarGroove+1","Turbo+1","DTMod:BurningEnergy","Gatherer:Convert","theForsaken:ShieldBash+1","Reaper+1","Prepared+1","somnambulantmod: Refracture+1","CurseOfTheBell","theForsaken:QuickAttack+1","Consecrate","Steam+1","StuffTheSpire:BrainWave+1","DTMod:Observe+1","theForsaken:NobleSacrifice+1","Runesmith:RunicBlueprint+1"],"relics":["theForsaken:JudgementScales","Prayer Wheel","PrismaticShard","Replay:Mystery Machine","MiniBlackHole","StuffTheSpire:RunicHypercube","Nilry\u0027s Codex","Pet Ghost","Runesmith:AutoHammer","ReplayTheSpireMod:Ninjato","Vajra","StuffTheSpire:Rhapsscallions","StuffTheSpire:Mouthbags","Calling Bell","Lantern","Replay:Bottled Steam","TungstenRod","ReplayTheSpireMod:Lightbulb","SpikesRelics:DaevaFist","StuffTheSpire:OldFever","Guide Book","paleoftheancients:Timepiece","Ice Cream","CultistMask","paleoftheancients:SoulOfTheWokeBloke","Counterbalance","theForsaken:Gavel"],"potions_floor_usage":[16,25,37,51,52],"damage_taken":[{"damage":0,"enemies":"Small Slimes","floor":1,"turns":4},{"damage":0,"enemies":"conspire:RoseBush","floor":2,"turns":5},{"damage":9,"enemies":"Jaw Worm","floor":4,"turns":7},{"damage":5,"enemies":"Blue Slaver","floor":5,"turns":7},{"damage":32,"enemies":"Lagavulin","floor":7,"turns":10},{"damage":15,"enemies":"2 Fungi Beasts","floor":10,"turns":9},{"damage":28,"enemies":"Lots of Slimes","floor":11,"turns":11},{"damage":6,"enemies":"Looter","floor":14,"turns":4},{"damage":48,"enemies":"Hexaghost","floor":16,"turns":13},{"damage":8,"enemies":"conspire:FuzzyDice","floor":18,"turns":6},{"damage":0,"enemies":"Chosen","floor":24,"turns":5},{"damage":18,"enemies":"Slavers","floor":25,"turns":9},{"damage":44,"enemies":"Book of Stabbing","floor":27,"turns":8},{"damage":0,"enemies":"conspire:HollyBat","floor":28,"turns":6},{"damage":2,"enemies":"conspire:SneckoGhost","floor":29,"turns":8},{"damage":3,"enemies":"Sentry and Sphere","floor":31,"turns":4},{"damage":36,"enemies":"conspire:MysteriousRune","floor":33,"turns":8},{"damage":22,"enemies":"3 Darklings","floor":35,"turns":4},{"damage":3,"enemies":"3 Shapes","floor":37,"turns":3},{"damage":0,"enemies":"Mind Bloom Boss Battle","floor":38,"turns":6},{"damage":9,"enemies":"Giant Head","floor":40,"turns":7},{"damage":3,"enemies":"Nemesis","floor":44,"turns":7},{"damage":3,"enemies":"Spire Growth","floor":47,"turns":4},{"damage":0,"enemies":"Maw","floor":48,"turns":5},{"damage":8,"enemies":"Replay:Hell Engine","floor":50,"turns":6},{"damage":21,"enemies":"Replay:Hell Engine","floor":51,"turns":7},{"damage":10,"enemies":"Replay:Hell Engine","floor":52,"turns":5},{"damage":2,"enemies":"Replay:Hell Engine","floor":56,"turns":5},{"damage":33,"enemies":"paleoftheancients:N","floor":60,"turns":7}],"seed_played":"-5616308390967461631","potions_obtained":[{"floor":7,"key":"blueLaboratory:NullPotion"},{"floor":10,"key":"AttackPotion"},{"floor":11,"key":"Block Potion"},{"floor":24,"key":"Explosive Potion"},{"floor":28,"key":"FearPotion"},{"floor":37,"key":"LifebloodPotion"},{"floor":38,"key":"GamblersBrew"},{"floor":52,"key":"blueLaboratory:ForbiddenFruitJuice"},{"floor":53,"key":"FairyPotion"},{"floor":53,"key":"BlessingOfTheForge"}],"is_trial":false,"path_per_floor":["M","M","?","M","M","R","E","?","T","M","M","R","?","M","R","B",null,"M","?","?","$","?","R","M","E","T","E","M","E","R","M","R","B",null,"M","?","M","?","$","E","R","?","T","E","?","$","M","M","R","B","M","M","?","T","R","M","R","T","?","B",null],"character_chosen":"THE_FORSAKEN","items_purchased":["Pet Ghost","Runesmith:AutoHammer","theForsaken:NobleSacrifice","Guide Book"],"campfire_rested":1,"item_purchase_floors":[21,21,46,46],"current_hp_per_floor":[59,59,59,53,56,56,59,52,52,49,42,42,37,34,34,59,59,59,39,23,23,23,40,45,56,56,48,62,62,62,60,60,44,58,62,62,62,62,62,56,56,56,56,56,56,56,56,56,56,56,56,56,56,56,56,56,56,56,56,47],"gold":193,"neow_bonus":"ONE_RARE_RELIC","is_prod":false,"is_daily":false,"chose_seed":false,"campfire_upgraded":9,"win_rate":0,"timestamp":1607530908,"path_taken":["M","M","?","M","M","R","E","?","T","M","M","R","?","M","R","BOSS","M","?","?","$","?","R","M","E","T","E","?","E","R","M","R","BOSS","M","?","M","?","$","E","R","?","T","E","?","$","M","?","R","BOSS","M","M","?","T","R","M","R","T","?","BOSS"],"build_version":"2020-11-30","purchased_purges":3,"victory":true,"max_hp_per_floor":[59,59,59,59,59,59,59,59,59,59,59,59,59,59,59,59,59,59,59,59,59,59,59,59,59,59,62,62,62,62,62,62,62,62,62,62,62,62,62,62,62,56,56,56,56,56,56,56,56,56,56,56,56,56,56,56,56,56,56,56],"relic_stats":{"counters":[29,190],"Prayer Wheel":18,"obtain_stats":[{"Ice Cream":50,"Lantern":34,"Nilry\u0027s Codex":20,"StuffTheSpire:Rhapsscallions":27,"Vajra":26,"Replay:Mystery Machine":7,"PrismaticShard":3,"theForsaken:Gavel":58,"Pet Ghost":21,"MiniBlackHole":9,"Prayer Wheel":0,"Replay:Bottled Steam":34,"ReplayTheSpireMod:Ninjato":25,"StuffTheSpire:RunicHypercube":17,"Guide Book":46,"Counterbalance":54,"Calling Bell":34,"paleoftheancients:Timepiece":50,"StuffTheSpire:Mouthbags":29,"paleoftheancients:SoulOfTheWokeBloke":52,"CultistMask":50,"SpikesRelics:DaevaFist":43,"Runesmith:AutoHammer":21,"theForsaken:JudgementScales":0,"ReplayTheSpireMod:Lightbulb":40,"TungstenRod":38,"StuffTheSpire:OldFever":44},{"Ice Cream":25,"Lantern":17,"Nilry\u0027s Codex":10,"StuffTheSpire:Rhapsscallions":13,"Vajra":12,"Replay:Mystery Machine":5,"PrismaticShard":2,"theForsaken:Gavel":28,"Pet Ghost":10,"MiniBlackHole":5,"Prayer Wheel":0,"Replay:Bottled Steam":17,"ReplayTheSpireMod:Ninjato":12,"StuffTheSpire:RunicHypercube":9,"Guide Book":22,"Counterbalance":27,"Calling Bell":17,"paleoftheancients:Timepiece":25,"StuffTheSpire:Mouthbags":15,"paleoftheancients:SoulOfTheWokeBloke":27,"CultistMask":25,"SpikesRelics:DaevaFist":21,"Runesmith:AutoHammer":10,"theForsaken:JudgementScales":0,"ReplayTheSpireMod:Lightbulb":21,"TungstenRod":20,"StuffTheSpire:OldFever":22},{"Ice Cream":166,"Lantern":124,"Nilry\u0027s Codex":76,"StuffTheSpire:Rhapsscallions":98,"Vajra":90,"Replay:Mystery Machine":33,"PrismaticShard":9,"theForsaken:Gavel":183,"Pet Ghost":76,"MiniBlackHole":33,"Prayer Wheel":0,"Replay:Bottled Steam":124,"ReplayTheSpireMod:Ninjato":90,"StuffTheSpire:RunicHypercube":70,"Guide Book":151,"Counterbalance":178,"Calling Bell":124,"paleoftheancients:Timepiece":166,"StuffTheSpire:Mouthbags":112,"paleoftheancients:SoulOfTheWokeBloke":178,"CultistMask":166,"SpikesRelics:DaevaFist":144,"Runesmith:AutoHammer":76,"theForsaken:JudgementScales":0,"ReplayTheSpireMod:Lightbulb":144,"TungstenRod":137,"StuffTheSpire:OldFever":151}],"TungstenRod":17},"card_choices":[{"not_picked":["theForsaken:Thunderbolt","theForsaken:RainingSunlight"],"picked":"theForsaken:ShieldBash","floor":1},{"not_picked":["theForsaken:Backlash","theForsaken:BlessedWeapon"],"picked":"theForsaken:DefensiveStance","floor":1},{"not_picked":["theForsaken:BattleHymn","theForsaken:HealingLight"],"picked":"theForsaken:StoreUp","floor":2},{"not_picked":["theForsaken:WardingHymn","theForsaken:PanicDive"],"picked":"theForsaken:ShieldBash","floor":2},{"not_picked":["Runesmith:BackupBattery","Runesmith:ShiftingStrike","hermit:GoldenBullet"],"picked":"SKIP","floor":4},{"not_picked":["Bouncing Flask","Forethought","theForsaken:Terrorize"],"picked":"SKIP","floor":4},{"not_picked":["theForsaken:RainingSunlight","jesterMod:Patience"],"picked":"WordoMod:BloodThinning","floor":5},{"not_picked":["MadScienceMod:Assemble","StuffTheSpire:LoadUp","Runesmith:CraftMagma"],"picked":"SKIP","floor":5},{"not_picked":["Gatherer:RecoveryHerb","ReplayGash","MadScienceMod:GattlingGun"],"picked":"SKIP","floor":7},{"not_picked":["Compile Driver","StuffTheSpire:Incineration","Quick Slash"],"picked":"SKIP","floor":10},{"not_picked":["Gatherer:FlowerShield","Warcry","Runesmith:LithiumIon"],"picked":"SKIP","floor":10},{"not_picked":["Sentinel","Alleviate"],"picked":"Bloodletting","floor":11},{"not_picked":["Body Slam","jesterMod:Rebuff","RobotSpaceExplorer:Probe"],"picked":"SKIP","floor":11},{"not_picked":["MadScienceMod:Lightbulb","hermit:Roulette"],"picked":"ReplayTheSpireMod:Private Reserves","floor":14},{"not_picked":["Capacitor","hermit:Brawl"],"picked":"hermit:LoneWolf","floor":14},{"not_picked":["jesterMod:Haste","Gatherer:Misfortune+1"],"picked":"somnambulantmod: Sleepyhead","floor":18},{"not_picked":["jesterMod:Feint+1","Replay:AtTheReady","Bane"],"picked":"SKIP","floor":18},{"not_picked":["WordoMod:FalseDiagnosis+1","Reset"],"picked":"Turbo","floor":24},{"not_picked":["Break","DTMod:QuickFly","Pommel Strike"],"picked":"SKIP","floor":24},{"not_picked":["WatchCommand","RobotSpaceExplorer:ShockKick"],"picked":"DTMod:BurningEnergy","floor":25},{"not_picked":["Replay:Undeath\u0027s Touch","jesterMod:Arrythmia","Infinite Blades+1"],"picked":"SKIP","floor":27},{"not_picked":["Gatherer:BambuSword","hermit:Gestalt"],"picked":"Gatherer:Convert","floor":28},{"not_picked":["RobotSpaceExplorer:ShockKick","somnambulantmod: Pinch+1","Runesmith:Refine"],"picked":"SKIP","floor":28},{"not_picked":["StuffTheSpire:PlasmaPulse","DTMod:QuickFly"],"picked":"Reaper","floor":29},{"not_picked":["BottledTime","Runesmith:UnstableHammer"],"picked":"Prepared+1","floor":31},{"not_picked":["somnambulantmod: HorrificThought","Chaos+1"],"picked":"somnambulantmod: Refracture","floor":31},{"not_picked":["Pommel Strike+1","WheelKick"],"picked":"Potential","floor":35},{"not_picked":["Flash of Steel+1","MadScienceMod:LightOnFire+1","WordoMod:EndOfTheWorld"],"picked":"SKIP","floor":35},{"not_picked":["WordoMod:BurdenOfSin","Gatherer:Polymorphism+1"],"picked":"theForsaken:QuickAttack+1","floor":37},{"not_picked":["hermit:CalledShot","DTMod:Threaten+1","RobotSpaceExplorer:ShovelStrike"],"picked":"SKIP","floor":37},{"not_picked":["hermit:Deadeye","somnambulantmod: SleepingBody+1"],"picked":"Consecrate","floor":38},{"not_picked":["WordoMod:CurseBuckler","hermit:PistolWhip"],"picked":"Steam+1","floor":40},{"not_picked":["theForsaken:DarkBarrier+1","Corpse Explosion"],"picked":"DTMod:Observe+1","floor":44},{"not_picked":["Slice","jesterMod:ButterKnife+1"],"picked":"Runesmith:RunicBlueprint+1","floor":47},{"not_picked":["MadScienceMod:ShrinkRay","Gatherer:EnergyBasket+1","Rewind+1"],"picked":"SKIP","floor":47},{"not_picked":["Underhanded Strike+1","InfectiousVector+1","Clash+1"],"picked":"SKIP","floor":48},{"not_picked":["Runesmith:EnergizedChisel+1","ReplayTheSpireMod:GoodbyeWorld+1","Engulf+1"],"picked":"SKIP","floor":48},{"not_picked":["RobotSpaceExplorer:ImprovisedAttack","Cloak And Dagger+1","Wish"],"picked":"SKIP","floor":51},{"not_picked":["ShatteredReality+1","somnambulantmod: RecurringDream","theForsaken:Thunderbolt"],"picked":"SKIP","floor":51},{"not_picked":["RobotSpaceExplorer:ImprovisedAttack","Cloak And Dagger+1","Wish"],"picked":"SKIP","floor":51},{"not_picked":["ShatteredReality+1","somnambulantmod: RecurringDream","theForsaken:Thunderbolt"],"picked":"SKIP","floor":51},{"not_picked":["hermit:HoleUp+1","Revamp","Iron Wave"],"picked":"SKIP","floor":52},{"not_picked":["somnambulantmod: OpeningUp+1","Chaos+1","theForsaken:BlessedWeapon"],"picked":"SKIP","floor":52},{"not_picked":["DTMod:Hide","WordoMod:Unchained+1","jesterMod:Precipitation+1"],"picked":"SKIP","floor":56},{"not_picked":["Dagger Throw","hermit:Showdown","StuffTheSpire:BrimstoneBlast"],"picked":"SKIP","floor":56}],"player_experience":1629860,"relics_obtained":[{"floor":7,"key":"Replay:Mystery Machine"},{"floor":9,"key":"MiniBlackHole"},{"floor":25,"key":"ReplayTheSpireMod:Ninjato"},{"floor":26,"key":"Vajra"},{"floor":27,"key":"StuffTheSpire:Rhapsscallions"},{"floor":29,"key":"StuffTheSpire:Mouthbags"},{"floor":34,"key":"Lantern"},{"floor":34,"key":"Replay:Bottled Steam"},{"floor":38,"key":"TungstenRod"},{"floor":40,"key":"ReplayTheSpireMod:Lightbulb"},{"floor":43,"key":"SpikesRelics:DaevaFist"},{"floor":44,"key":"StuffTheSpire:OldFever"},{"floor":52,"key":"paleoftheancients:SoulOfTheWokeBloke"},{"floor":54,"key":"Counterbalance"},{"floor":58,"key":"theForsaken:Gavel"}],"event_choices":[{"cards_removed":["WordoMod:FoggyMind"],"damage_healed":0,"gold_gain":0,"player_choice":"Card Removal","damage_taken":7,"max_hp_gain":0,"max_hp_loss":0,"event_name":"Golden Wing","floor":8,"gold_loss":0},{"damage_healed":0,"gold_gain":75,"player_choice":"Touch","damage_taken":5,"max_hp_gain":0,"max_hp_loss":0,"event_name":"FaceTrader","floor":13,"gold_loss":0},{"damage_healed":0,"gold_gain":0,"player_choice":"Obtained Book","damage_taken":16,"max_hp_gain":0,"max_hp_loss":0,"event_name":"Cursed Tome","floor":20,"gold_loss":0},{"damage_healed":0,"gold_gain":0,"player_choice":"Cursed","damage_taken":0,"max_hp_gain":0,"max_hp_loss":0,"event_name":"Wheel of Change","floor":22,"gold_loss":0,"cards_obtained":["Decay"]},{"cards_removed":["Potential"],"damage_healed":0,"gold_gain":0,"player_choice":"Removed Attack","damage_taken":0,"max_hp_gain":0,"max_hp_loss":0,"event_name":"Falling","floor":36,"gold_loss":0},{"damage_healed":0,"gold_gain":0,"player_choice":"Fight","damage_taken":0,"max_hp_gain":0,"max_hp_loss":0,"event_name":"MindBloom","floor":38,"gold_loss":0},{"cards_removed":["theForsaken:Penitence"],"damage_healed":0,"gold_gain":0,"player_choice":"Offered Basic","damage_taken":0,"max_hp_gain":0,"max_hp_loss":0,"event_name":"Bonfire Elementals","floor":45,"gold_loss":0},{"damage_healed":0,"gold_gain":0,"player_choice":"Got Potions","damage_taken":0,"max_hp_gain":0,"max_hp_loss":0,"event_name":"Lab","floor":53,"gold_loss":0}],"is_beta":false,"boss_relics":[{"not_picked":["Replay:Fungal Core","conspire:SeveredTorchhead"],"picked":"StuffTheSpire:RunicHypercube"},{"not_picked":["aspiration:RunesmithSkillbook","aspiration:FutureDiary"],"picked":"Calling Bell"}],"items_purged_floors":[21,21,39],"is_endless":false,"potions_floor_spawned":[7,10,11,14,24,28,31,37,38,47,52,60],"ascension_level":9}}