{"host":"rmsq46plbpwfbxcc","time":1607540351,"event":{"gold_per_floor":[113,113,133,133,55,55,90,90,168,202,220,232,71,87,87,163,163,175,175,192,89,89,89,109,137,137,156,156,181,181,201,201,201,201],"floor_reached":33,"playtime":879,"items_purged":["Strike_G+1"],"score":711,"play_id":"4ad09985-eeed-4588-a128-01feaeaf2f7c","local_time":"20201210035911","is_ascension_mode":true,"campfire_choices":[{"data":"Neutralize","floor":6.0,"key":"SMITH"},{"data":"Finisher","floor":8.0,"key":"SMITH"},{"data":"Blade Dance","floor":15.0,"key":"SMITH"},{"data":"Blade Dance","floor":23.0,"key":"SMITH"},{"data":"Accuracy","floor":28,"key":"SMITH"},{"data":"Cloak And Dagger","floor":30,"key":"SMITH"},{"data":"Escape Plan","floor":32,"key":"SMITH"}],"neow_cost":"NONE","seed_source_timestamp":1924829253588100,"circlet_count":0,"master_deck":["AscendersBane","Strike_G+1","Strike_G+1","Strike_G+1","Strike_G+1","Defend_G+1","Defend_G+1","Defend_G+1","Defend_G+1","Defend_G+1","Survivor","Neutralize+1","Backflip","Dagger Spray","Finisher+1","Blade Dance+1","Accuracy+1","Corpse Explosion","Blade Dance+1","Choke+1","Cloak And Dagger+1","Escape Plan+1","Dash+1"],"special_seed":0,"relics":["Ring of the Snake","NeowsBlessing","Boot","Happy Flower","Molten Egg 2","White Beast Statue","Pen Nib","SlaversCollar","Matryoshka","Toy Ornithopter","Blue Candle","The Courier"],"potions_floor_usage":[29,33],"damage_taken":[{"damage":0.0,"enemies":"Cultist","floor":1.0,"turns":1.0},{"damage":0.0,"enemies":"2 Louse","floor":3.0,"turns":1.0},{"damage":0.0,"enemies":"Gremlin Nob","floor":7.0,"turns":1.0},{"damage":14.0,"enemies":"3 Sentries","floor":10.0,"turns":7.0},{"damage":0.0,"enemies":"Jaw Worm","floor":11.0,"turns":3.0},{"damage":0.0,"enemies":"Lots of Slimes","floor":12.0,"turns":1.0},{"damage":0.0,"enemies":"Blue Slaver","floor":14.0,"turns":2.0},{"damage":9.0,"enemies":"Hexaghost","floor":16.0,"turns":9.0},{"damage":1.0,"enemies":"Shell Parasite","floor":18.0,"turns":4.0},{"damage":0.0,"enemies":"Chosen","floor":20.0,"turns":3.0},{"damage":6.0,"enemies":"3 Cultists","floor":24.0,"turns":4.0},{"damage":0,"enemies":"Slavers","floor":25,"turns":1},{"damage":1,"enemies":"Centurion and Healer","floor":27,"turns":3},{"damage":1,"enemies":"Gremlin Leader","floor":29,"turns":3},{"damage":6,"enemies":"Cultist and Chosen","floor":31,"turns":3},{"damage":66,"enemies":"Champ","floor":33,"turns":6}],"seed_played":"-7399117588305050715","potions_obtained":[{"floor":3.0,"key":"LiquidMemories"},{"floor":10.0,"key":"PowerPotion"},{"floor":11.0,"key":"BlessingOfTheForge"},{"floor":12.0,"key":"Block Potion"},{"floor":16.0,"key":"Dexterity Potion"},{"floor":18.0,"key":"Strength Potion"},{"floor":20.0,"key":"Dexterity Potion"},{"floor":24.0,"key":"SpeedPotion"},{"floor":25,"key":"AttackPotion"},{"floor":27,"key":"DistilledChaos"},{"floor":29,"key":"SpeedPotion"},{"floor":31,"key":"Explosive Potion"}],"is_trial":false,"path_per_floor":["M","?","M","?","$","R","E","R","T","E","M","M","$","M","R","B",null,"M","?","M","$","?","R","M","E","T","M","R","E","R","M","R","B"],"character_chosen":"THE_SILENT","items_purchased":["Finisher","Pen Nib","Cloak And Dagger"],"campfire_rested":0,"item_purchase_floors":[5,13,21],"current_hp_per_floor":[59,54,54,54,54,54,54,54,54,40,40,40,40,40,40,31,57,56,56,56,56,56,56,50,50,50,49,49,53,53,47,47,0,0],"gold":201,"neow_bonus":"THREE_ENEMY_KILL","is_prod":false,"is_daily":false,"chose_seed":false,"campfire_upgraded":7,"win_rate":0,"timestamp":1607540351,"path_taken":["M","?","M","?","?","R","E","R","T","E","M","?","$","M","R","BOSS","M","?","M","$","?","R","M","E","T","M","R","E","R","M","R","BOSS"],"build_version":"2020-11-30","purchased_purges":1,"victory":false,"max_hp_per_floor":[66,66,66,66,66,66,66,66,66,66,66,66,66,66,66,66,66,66,66,66,66,66,66,66,66,66,66,66,66,66,66,66,66,66],"card_choices":[{"not_picked":["Poisoned Stab","Expertise"],"picked":"Backflip","floor":1.0},{"not_picked":["Riddle With Holes","PiercingWail"],"picked":"Dagger Spray","floor":3.0},{"not_picked":["Setup","Expertise","Riddle With Holes"],"picked":"SKIP","floor":7.0},{"not_picked":["Deadly Poison","Backflip"],"picked":"Blade Dance","floor":10.0},{"not_picked":["Acrobatics","Dash+1"],"picked":"Accuracy","floor":11.0},{"not_picked":["Heel Hook+1","Corpse Explosion","Dagger Spray+1"],"picked":"SKIP","floor":12.0},{"not_picked":["Distraction","Underhanded Strike+1","Reflex"],"picked":"SKIP","floor":14.0},{"not_picked":["Venomology","Unload+1"],"picked":"Corpse Explosion","floor":16.0},{"not_picked":["Escape Plan","Crippling Poison+1"],"picked":"Blade Dance","floor":18.0},{"not_picked":["Infinite Blades","Cloak And Dagger"],"picked":"Choke+1","floor":20.0},{"not_picked":["Outmaneuver+1","Footwork"],"picked":"Dash+1","floor":24.0},{"not_picked":["Bouncing Flask","Noxious Fumes","Footwork"],"picked":"SKIP","floor":25},{"not_picked":["Heel Hook+1","Blade Dance","Prepared"],"picked":"SKIP","floor":27},{"not_picked":["Wraith Form v2","Caltrops","Skewer+1"],"picked":"SKIP","floor":29},{"not_picked":["Quick Slash+1","Underhanded Strike+1","Poisoned Stab+1"],"picked":"SKIP","floor":31}],"player_experience":1301233,"relics_obtained":[{"floor":7.0,"key":"Happy Flower"},{"floor":9.0,"key":"Molten Egg 2"},{"floor":10.0,"key":"White Beast Statue"},{"floor":25,"key":"Matryoshka"},{"floor":26,"key":"Toy Ornithopter"},{"floor":26,"key":"Blue Candle"},{"floor":29,"key":"The Courier"}],"event_choices":[{"damage_healed":0.0,"max_hp_gain":0.0,"max_hp_loss":0.0,"gold_gain":0.0,"event_name":"Scrap Ooze","player_choice":"Success","floor":2.0,"gold_loss":0.0,"damage_taken":5.0,"relics_obtained":["Boot"]},{"damage_healed":0.0,"max_hp_gain":0.0,"max_hp_loss":0.0,"gold_gain":0.0,"event_name":"Shining Light","player_choice":"Ignored","floor":4.0,"gold_loss":0.0,"damage_taken":0.0},{"damage_healed":0.0,"max_hp_gain":0.0,"max_hp_loss":0.0,"gold_gain":0.0,"event_name":"Back to Basics","player_choice":"Simplicity","floor":19.0,"gold_loss":0.0,"damage_taken":0.0,"cards_upgraded":["Strike_G","Strike_G","Strike_G","Strike_G","Strike_G","Defend_G","Defend_G","Defend_G","Defend_G","Defend_G"]},{"damage_healed":0.0,"max_hp_gain":0.0,"max_hp_loss":0.0,"gold_gain":0.0,"event_name":"The Library","player_choice":"Read","floor":22.0,"gold_loss":0.0,"damage_taken":0.0,"cards_obtained":["Escape Plan"]}],"is_beta":false,"boss_relics":[{"not_picked":["Pandora\u0027s Box","Busted Crown"],"picked":"SlaversCollar"}],"items_purged_floors":[21],"is_endless":false,"potions_floor_spawned":[3,10,11,12,14,16,18,20,24,25,27,29,31],"killed_by":"Champ","ascension_level":16}}