{"host":"jmj81tjjbuqnwhnf","time":1607544067,"event":{"gold_per_floor":[117,137,157,177,48,59,59,59,59,71,83,97,51,51,51],"floor_reached":14,"playtime":1061,"items_purged":[],"score":86,"play_id":"a08412b8-8029-407c-8798-19c1441c4fc8","local_time":"20201209210107","is_ascension_mode":false,"campfire_choices":[{"floor":7.0,"key":"REST"}],"neow_cost":"NONE","seed_source_timestamp":0,"circlet_count":0,"master_deck":["Strike_B","Strike_B","Strike_B+1","Strike_B","Defend_B","Defend_B","Defend_B","Defend_B","Zap","Dualcast","Coolheaded","Conserve Battery","Redo","Sweeping Beam","Thunder Strike+1","Ball Lightning","Conserve Battery","Sweeping Beam","Leap"],"special_seed":0,"relics":["Cracked Core","Ornamental Fan"],"potions_floor_usage":[],"damage_taken":[{"damage":3.0,"enemies":"Jaw Worm","floor":1.0,"turns":3.0},{"damage":0.0,"enemies":"Small Slimes","floor":2.0,"turns":2.0},{"damage":0.0,"enemies":"Cultist","floor":3.0,"turns":3.0},{"damage":29.0,"enemies":"Large Slime","floor":4.0,"turns":7.0},{"damage":17.0,"enemies":"Gremlin Gang","floor":6.0,"turns":4.0},{"damage":0.0,"enemies":"Looter","floor":10.0,"turns":2.0},{"damage":4.0,"enemies":"Large Slime","floor":11.0,"turns":5.0},{"damage":17.0,"enemies":"Lots of Slimes","floor":12.0,"turns":3.0},{"damage":0,"enemies":"Gremlin Nob","floor":14,"turns":2}],"seed_played":"7536984881786853230","potions_obtained":[{"floor":0.0,"key":"Strength Potion"},{"floor":0.0,"key":"LiquidBronze"},{"floor":0.0,"key":"Weak Potion"},{"floor":3.0,"key":"FairyPotion"},{"floor":6.0,"key":"SteroidPotion"},{"floor":11.0,"key":"Ancient Potion"}],"is_trial":false,"path_per_floor":["M","M","M","M","$","M","R","?","T","M","M","M","?","E"],"character_chosen":"DEFECT","items_purchased":["Thunder Strike","Ball Lightning"],"campfire_rested":1,"item_purchase_floors":[5,5],"current_hp_per_floor":[72,72,72,43,43,26,48,33,33,33,29,12,12,12,12],"gold":51,"neow_bonus":"THREE_SMALL_POTIONS","is_prod":false,"is_daily":false,"chose_seed":false,"campfire_upgraded":0,"win_rate":0.0,"timestamp":1607544067,"path_taken":["M","M","M","M","$","M","R","?","T","M","M","M","?","E"],"build_version":"2020-11-30","purchased_purges":0,"victory":false,"max_hp_per_floor":[75,75,75,75,75,75,75,75,75,75,75,75,75,75,75],"relic_stats":{"counters":[9,31],"Ornamental Fan":[4],"obtain_stats":[{"Ornamental Fan":9,"Cracked Core":0},{"Ornamental Fan":5,"Cracked Core":0},{"Ornamental Fan":19,"Cracked Core":0}]},"card_choices":[{"not_picked":["Melter","Rip and Tear"],"picked":"Coolheaded","floor":1.0},{"not_picked":["Leap","Reprogram"],"picked":"Conserve Battery","floor":2.0},{"not_picked":["Steam Power","Rip and Tear"],"picked":"Redo","floor":3.0},{"not_picked":["Gash","Rip and Tear"],"picked":"Sweeping Beam","floor":4.0},{"not_picked":["Go for the Eyes","Barrage"],"picked":"Conserve Battery","floor":6.0},{"not_picked":["Skim","Multi-Cast","Gash"],"picked":"SKIP","floor":10.0},{"not_picked":["Coolheaded","Go for the Eyes"],"picked":"Sweeping Beam","floor":11.0},{"not_picked":["Storm","Rebound"],"picked":"Leap","floor":12.0}],"player_experience":41982,"relics_obtained":[{"floor":9.0,"key":"Ornamental Fan"}],"event_choices":[{"damage_healed":0.0,"max_hp_gain":0.0,"max_hp_loss":0.0,"gold_gain":0.0,"event_name":"Shining Light","player_choice":"Entered Light","floor":8.0,"gold_loss":0.0,"damage_taken":15.0,"cards_upgraded":["Thunder Strike","Strike_B"]},{"damage_healed":0,"gold_gain":0,"player_choice":"Left Gold","damage_taken":0,"max_hp_gain":0,"max_hp_loss":0,"event_name":"World of Goop","floor":13,"gold_loss":46}],"is_beta":false,"boss_relics":[],"items_purged_floors":[],"is_endless":false,"potions_floor_spawned":[3,6,11],"killed_by":"Gremlin Nob","ascension_level":0}}