{"host":"djrarsjwv6revew5","time":1607533380,"event":{"gold_per_floor":[110,110,110,125,125,156,156,156,156,166,17,31,49,67,67,67,67],"floor_reached":16,"playtime":529,"items_purged":[],"score":127,"play_id":"5f1b32cc-3098-413e-9545-65be0b2f6f37","local_time":"20201209180300","is_ascension_mode":false,"campfire_choices":[{"data":"Shrug It Off","floor":7,"key":"SMITH"},{"data":"Rage","floor":15,"key":"SMITH"}],"neow_cost":"NONE","seed_source_timestamp":6184398342100,"circlet_count":0,"master_deck":["Strike_R","Strike_R","Strike_R","Strike_R","Strike_R","Defend_R","Defend_R","Defend_R","Defend_R","Anger","Armaments","Shrug It Off+1","Rage+1","Clash","Body Slam","Heavy Blade"],"special_seed":0,"relics":["Burning Blood","NeowsBlessing","Pocketwatch","Happy Flower","Dream Catcher","Oddly Smooth Stone"],"potions_floor_usage":[],"damage_taken":[{"damage":0,"enemies":"Cultist","floor":1,"turns":1},{"damage":0,"enemies":"2 Louse","floor":4,"turns":1},{"damage":0,"enemies":"Lagavulin","floor":6,"turns":1},{"damage":5,"enemies":"Small Slimes","floor":10,"turns":3},{"damage":11,"enemies":"Gremlin Gang","floor":12,"turns":6},{"damage":12,"enemies":"Large Slime","floor":13,"turns":7},{"damage":0,"enemies":"Blue Slaver","floor":14,"turns":4},{"damage":85,"enemies":"Slime Boss","floor":16,"turns":10}],"seed_played":"2565370737685094502","potions_obtained":[{"floor":10,"key":"DuplicationPotion"},{"floor":13,"key":"Explosive Potion"}],"is_trial":false,"path_per_floor":["M","T","?","M","?","E","R","?","T","M","$","M","M","M","R","B"],"character_chosen":"IRONCLAD","items_purchased":["Oddly Smooth Stone"],"campfire_rested":0,"item_purchase_floors":[11],"current_hp_per_floor":[80,80,80,80,85,85,85,85,85,85,85,80,74,80,80,0,0],"gold":67,"neow_bonus":"THREE_ENEMY_KILL","is_prod":false,"is_daily":false,"chose_seed":false,"campfire_upgraded":2,"win_rate":0.0,"timestamp":1607533380,"path_taken":["M","?","?","M","?","E","R","?","T","M","$","?","M","M","R","BOSS"],"build_version":"2020-11-30","purchased_purges":0,"victory":false,"max_hp_per_floor":[80,80,80,80,85,85,85,85,85,85,85,85,85,85,85,85,85],"relic_stats":{"Dream Catcher":0,"Happy Flower":[10],"counters":[8,33],"obtain_stats":[{"Dream Catcher":9,"NeowsBlessing":0,"Happy Flower":6,"Oddly Smooth Stone":11,"Burning Blood":0,"Pocketwatch":2},{"Dream Catcher":3,"NeowsBlessing":0,"Happy Flower":3,"Oddly Smooth Stone":4,"Burning Blood":0,"Pocketwatch":1},{"Dream Catcher":3,"NeowsBlessing":0,"Happy Flower":3,"Oddly Smooth Stone":6,"Burning Blood":0,"Pocketwatch":1}],"Burning Blood":23,"Pocketwatch":[18]},"card_choices":[{"not_picked":["Armaments","Iron Wave"],"picked":"Anger","floor":1},{"not_picked":["Perfected Strike","Havoc"],"picked":"Armaments","floor":4},{"not_picked":["Headbutt","Havoc"],"picked":"Shrug It Off","floor":6},{"not_picked":["Flex","Pommel Strike"],"picked":"Rage","floor":10},{"not_picked":["Armaments","Heavy Blade"],"picked":"Clash","floor":12},{"not_picked":["Havoc","Corruption"],"picked":"Body Slam","floor":13},{"not_picked":["Body Slam","Feel No Pain"],"picked":"Heavy Blade","floor":14}],"player_experience":77690,"relics_obtained":[{"floor":2,"key":"Pocketwatch"},{"floor":6,"key":"Happy Flower"},{"floor":9,"key":"Dream Catcher"}],"event_choices":[{"damage_healed":0,"gold_gain":0,"player_choice":"Ignored","damage_taken":0,"max_hp_gain":0,"max_hp_loss":0,"event_name":"Shining Light","floor":3,"gold_loss":0},{"damage_healed":0,"gold_gain":0,"player_choice":"Donut","damage_taken":0,"max_hp_gain":5,"max_hp_loss":0,"event_name":"Big Fish","floor":5,"gold_loss":0},{"cards_removed":["Bash"],"damage_healed":0,"gold_gain":0,"player_choice":"Offered Basic","damage_taken":0,"max_hp_gain":0,"max_hp_loss":0,"event_name":"Bonfire Elementals","floor":8,"gold_loss":0}],"is_beta":false,"boss_relics":[],"items_purged_floors":[],"is_endless":false,"potions_floor_spawned":[10,13],"killed_by":"Slime Boss","ascension_level":0}}