{"host":"90396wkrku3on26u","time":1607521880,"event":{"gold_per_floor":[117,117,117,117,132,132,132,161,209,221,235,235,235,235,235,337,337,350,369,379,379,379,379,397,397,423,453,498,533,533,122,122,122,122],"floor_reached":33,"playtime":2169,"items_purged":["HollowMod:NailStrikeStart"],"score":368,"play_id":"6ea8822c-b91d-448f-9641-86066062ff22","local_time":"20201209215120","is_ascension_mode":true,"campfire_choices":[{"data":"HollowMod:FocusHealStart","floor":6,"key":"SMITH"},{"data":"HollowMod:LifebloodCocoon","floor":15,"key":"SMITH"},{"data":"HollowMod:Hiveblood","floor":23,"key":"SMITH"},{"data":"Hallownest:skillSlugHide","floor":30,"key":"SMITH"},{"data":"Thinking Ahead","floor":32,"key":"SMITH"}],"neow_cost":"NONE","seed_source_timestamp":30641631398000,"circlet_count":1,"master_deck":["HollowMod:NailStrikeStart+1","HollowMod:NailStrikeStart+1","HollowMod:FocusHealStart+1","HollowMod:PogoStrike","Hallownest:skillSlugHide+1","Hallownest:skillSlugHide","Hallownest:skillSlugHide","Hallownest:skillSlugHide","HollowMod:LifebloodCocoon+1","HollowMod:DashSlash+1","HollowMod:FastStrike+1","HollowMod:Hiveblood+1","HollowMod:InfectedCysts+1","HollowMod:InfectedAttack+1","HollowMod:GreatSlash+1","HollowMod:InfectedCysts+1","HollowMod:InfectedAttack+1","Thinking Ahead+1"],"relics":["Coffee Dripper","Hallownest:DreamNailRelic","Toy Ornithopter","Omamori","Molten Egg 2","Circlet","Black Star","Hallownest:WatcherSealRelic","Whetstone","Gremlin Horn","Tiny Chest","Bottled Lightning","Meat on the Bone","Lee\u0027s Waffle"],"potions_floor_usage":[27,33],"damage_taken":[{"damage":0,"enemies":"Hallownest:monsterHuskGuard","floor":1,"turns":4},{"damage":4,"enemies":"Hallownest:2_Tiktiks_and_1_Crawlid","floor":5,"turns":3},{"damage":24,"enemies":"Hallownest:eliteCrystalGuardian","floor":8,"turns":6},{"damage":0,"enemies":"Hallownest:2_MossCreeps","floor":10,"turns":5},{"damage":0,"enemies":"Hallownest:Wandering_and_Horned","floor":11,"turns":5},{"damage":5,"enemies":"Hallownest:BossFalseKnight","floor":16,"turns":8},{"damage":10,"enemies":"Hallownest:Flukemon_and_Top","floor":18,"turns":6},{"damage":34,"enemies":"Hallownest:2_Mistakes","floor":19,"turns":5},{"damage":35,"enemies":"Hallownest:monsterMisterMushroom","floor":20,"turns":6},{"damage":56,"enemies":"Hallownest:Master_and_Novice","floor":24,"turns":4},{"damage":51,"enemies":"Hallownest:eliteWatcherKnight","floor":27,"turns":12},{"damage":51,"enemies":"Hallownest:Glutton_and_Coward","floor":28,"turns":3},{"damage":33,"enemies":"Hallownest:eliteSoulWarrior","floor":29,"turns":6},{"damage":132,"enemies":"Hallownest:BossGrimm","floor":33,"turns":7}],"seed_played":"1105823005148096080","potions_obtained":[{"floor":1,"key":"Explosive Potion"},{"floor":8,"key":"Strength Potion"},{"floor":19,"key":"LiquidMemories"},{"floor":24,"key":"PowerPotion"},{"floor":27,"key":"EssenceOfSteel"}],"is_trial":false,"path_per_floor":["M","?","?","?","M","R","?","E","T","M","M","T","?","?","R","B",null,"M","M","M","?","?","R","M","?","T","E","M","E","R","$","R","B"],"character_chosen":"THE_BUGKNIGHT","items_purchased":["Lee\u0027s Waffle","Thinking Ahead"],"campfire_rested":0,"item_purchase_floors":[31,31],"current_hp_per_floor":[75,75,84,84,80,80,80,62,62,72,84,84,84,84,84,84,84,84,64,56,56,52,52,19,84,84,68,30,31,31,91,91,0,0],"gold":122,"neow_bonus":"BOSS_RELIC","is_prod":false,"is_daily":false,"chose_seed":false,"campfire_upgraded":5,"win_rate":0,"timestamp":1607521880,"path_taken":["M","?","?","?","M","R","?","E","T","?","M","?","?","?","R","BOSS","M","M","?","?","?","R","?","?","T","E","?","E","R","$","R","BOSS"],"build_version":"2020-11-30","purchased_purges":1,"victory":false,"max_hp_per_floor":[75,75,84,84,84,84,84,84,84,84,84,84,84,84,84,84,84,84,84,84,84,84,84,84,84,84,84,84,84,84,91,91,91,91],"card_choices":[{"not_picked":["HollowMod:LifebloodCocoon","HollowMod:GreatSlash"],"picked":"HollowMod:MonarchWings","floor":1},{"not_picked":["HollowMod:DoubleDash","HollowMod:ChannelNail"],"picked":"HollowMod:CloakDash","floor":5},{"not_picked":["HollowMod:MonarchWings","HollowMod:ShadowDash"],"picked":"HollowMod:LifebloodCocoon","floor":8},{"not_picked":["HollowMod:NewJinnsSoul","HollowMod:SiblingsShadow"],"picked":"HollowMod:DashSlash","floor":10},{"not_picked":["HollowMod:SoulSplash","HollowMod:GoodIntentions"],"picked":"HollowMod:FastStrike","floor":11},{"not_picked":["HollowMod:RadiancesLament","HollowMod:PureVessel"],"picked":"HollowMod:Hiveblood","floor":16},{"not_picked":["HollowMod:NewJinnsSoul","HollowMod:DoubleDash+1"],"picked":"HollowMod:InfectedCysts+1","floor":18},{"not_picked":["HollowMod:GoodIntentions","HollowMod:ShadowDash"],"picked":"HollowMod:InfectedAttack+1","floor":19},{"not_picked":["HollowMod:VengefulVoid+1","HollowMod:SoulEater+1","HollowMod:LordofShades"],"picked":"SKIP","floor":20},{"not_picked":["HollowMod:SharpenedNail+1","HollowMod:DescendingDark+1"],"picked":"HollowMod:GreatSlash+1","floor":24},{"not_picked":["HollowMod:QuirrelsAssistance+1","HollowMod:GreatSlash+1"],"picked":"HollowMod:InfectedCysts+1","floor":27},{"not_picked":["HollowMod:SoulEater","HollowMod:ChannelNail"],"picked":"HollowMod:InfectedAttack+1","floor":28},{"not_picked":["HollowMod:GoodIntentions","HollowMod:VengefulVoid+1","HollowMod:WraithStrike+1"],"picked":"SKIP","floor":29}],"player_experience":596269,"relics_obtained":[{"floor":8,"key":"Toy Ornithopter"},{"floor":9,"key":"Omamori"},{"floor":12,"key":"Molten Egg 2"},{"floor":26,"key":"Whetstone"},{"floor":27,"key":"Gremlin Horn"},{"floor":27,"key":"Tiny Chest"},{"floor":29,"key":"Bottled Lightning"},{"floor":29,"key":"Meat on the Bone"}],"event_choices":[],"is_beta":false,"boss_relics":[{"not_picked":["Tiny House","Runic Dome"],"picked":"Black Star"}],"items_purged_floors":[31],"is_endless":false,"potions_floor_spawned":[1,8,19,24,27],"killed_by":"Hallownest:BossGrimm","ascension_level":3}}