{"host":"ya062ahhhuj9au1o","time":1607483556,"event":{"gold_per_floor":[412,70,145,145,145,145,155,155,178,189,200,230,230,249,249,325,325,343,393,405,405,73,107,107,121,148,148,148,165,191,38,38,110,110,123,135,160,170,184,184,184,184,208,220,230,230,0,11,11,11,11,11],"floor_reached":51,"playtime":3270,"items_purged":["RobotSpaceExplorer:Defend","RobotSpaceExplorer:Defend","RobotSpaceExplorer:Defend"],"score":1499,"play_id":"5950f315-363a-4270-90b8-99ca993f26a0","local_time":"20201208221236","daily_mods":["Heirloom"],"is_ascension_mode":true,"campfire_choices":[{"data":"RobotSpaceExplorer:PowerGlove","floor":6,"key":"SMITH"},{"data":"RobotSpaceExplorer:MiniLasers","floor":8,"key":"SMITH"},{"data":"RobotSpaceExplorer:LuckyStrike","floor":15,"key":"SMITH"},{"data":"Deep Breath","floor":24,"key":"SMITH"},{"data":"RobotSpaceExplorer:ScrapToss","floor":28,"key":"SMITH"},{"data":"RobotSpaceExplorer:MiniBoosters","floor":32,"key":"SMITH"},{"floor":40,"key":"REST"},{"floor":42,"key":"REST"},{"floor":49,"key":"REST"}],"neow_cost":"","seed_source_timestamp":-8187730933410286468,"circlet_count":0,"master_deck":["AscendersBane","RobotSpaceExplorer:Strike","RobotSpaceExplorer:Strike","RobotSpaceExplorer:Strike","RobotSpaceExplorer:Scan","RobotSpaceExplorer:MiniLasers+1","RobotSpaceExplorer:ScrapToss+1","RobotSpaceExplorer:PowerGlove+1","RobotSpaceExplorer:LuckyStrike+1","Dark Shackles","RobotSpaceExplorer:GearShield","RobotSpaceExplorer:Fix","RobotSpaceExplorer:ScrapMissile","RobotSpaceExplorer:ScrapMissile","RobotSpaceExplorer:MiniBoosters+1","Deep Breath+1","RobotSpaceExplorer:ScrapMissile","RobotSpaceExplorer:Probe+1","RobotSpaceExplorer:MiniDrones+1","RobotSpaceExplorer:Accelerator","RobotSpaceExplorer:PowerGlove+1","RobotSpaceExplorer:GlueShot","RobotSpaceExplorer:SurgingShield","Metamorphosis","RobotSpaceExplorer:MiniDrones+1"],"special_seed":0,"relics":["Unceasing Top","Old Coin","Bag of Marbles","CaptainsWheel","RobotSpaceExplorer:PlasmaHourglass","Sozu","MutagenicStrength","Molten Egg 2","Regal Pillow","Orichalcum","Fusion Hammer","StoneCalendar","HollowMod:PaleOreRelic","Red Mask"],"potions_floor_usage":[12,29,30],"damage_taken":[{"damage":2.0,"enemies":"2 Louse","floor":1.0,"turns":3.0},{"damage":5,"enemies":"Small Slimes","floor":7,"turns":4},{"damage":0,"enemies":"Cultist","floor":10,"turns":1},{"damage":0,"enemies":"3 Louse","floor":11,"turns":2},{"damage":0,"enemies":"HollowMod:MossKnight","floor":12,"turns":7},{"damage":8,"enemies":"Gremlin Gang","floor":14,"turns":4},{"damage":27,"enemies":"Hexaghost","floor":16,"turns":9},{"damage":2,"enemies":"Shell Parasite","floor":18,"turns":3},{"damage":4,"enemies":"Cultist and Chosen","floor":20,"turns":5},{"damage":1,"enemies":"HollowMod:Nosk","floor":23,"turns":4},{"damage":0,"enemies":"Snake Plant","floor":25,"turns":2},{"damage":7,"enemies":"Snecko","floor":29,"turns":4},{"damage":13,"enemies":"Slavers","floor":30,"turns":3},{"damage":0,"enemies":"Collector","floor":33,"turns":5},{"damage":10,"enemies":"Orb Walker","floor":35,"turns":2},{"damage":0,"enemies":"3 Darklings","floor":36,"turns":2},{"damage":0,"enemies":"Mind Bloom Boss Battle","floor":37,"turns":4},{"damage":46,"enemies":"4 Shapes","floor":38,"turns":2},{"damage":0,"enemies":"Transient","floor":39,"turns":6},{"damage":0,"enemies":"Spire Growth","floor":44,"turns":2},{"damage":10,"enemies":"3 Darklings","floor":45,"turns":3},{"damage":0,"enemies":"Jaw Worm Horde","floor":48,"turns":2},{"damage":40,"enemies":"Donu and Deca","floor":50,"turns":5},{"damage":24,"enemies":"Time Eater","floor":51,"turns":3}],"seed_played":"-8091510151582150664","potions_obtained":[{"floor":1.0,"key":"SpeedPotion"},{"floor":11,"key":"Dexterity Potion"},{"floor":12,"key":"Block Potion"},{"floor":14,"key":"Energy Potion"}],"is_trial":true,"path_per_floor":["M","$","?","?","?","R","M","R","T","M","M","E","?","M","R","B",null,"M","?","M","?","$","E","R","M","T","?","R","M","E","$","R","B",null,"M","M","?","M","M","R","?","R","T","M","M","?","?","M","R","B","B"],"character_chosen":"RobotSpaceExplorer","items_purchased":["RobotSpaceExplorer:PowerGlove","RobotSpaceExplorer:LuckyStrike","Dark Shackles","RobotSpaceExplorer:MiniBoosters","Deep Breath","RobotSpaceExplorer:ScrapMissile","RobotSpaceExplorer:MiniDrones+1"],"campfire_rested":3,"item_purchase_floors":[2,2,2,22,22,22,31],"current_hp_per_floor":[62,62,51,51,51,51,46,46,46,46,46,46,46,42,42,19,58,56,49,49,49,49,48,48,48,48,48,48,45,36,36,36,40,63,53,53,57,11,15,51,51,71,71,71,61,61,61,65,71,35,15,15],"gold":11,"neow_bonus":"","is_prod":false,"is_daily":false,"chose_seed":false,"campfire_upgraded":6,"win_rate":0,"timestamp":1607483556,"path_taken":["M","$","?","?","?","R","M","R","T","M","M","E","?","?","R","BOSS","M","?","?","?","?","E","R","M","T","?","R","?","E","$","R","BOSS","M","M","?","M","M","R","?","R","T","?","M","?","?","?","R","BOSS","BOSS"],"build_version":"2020-11-30","purchased_purges":3,"victory":false,"max_hp_per_floor":[71,71,71,71,71,71,71,71,71,71,71,71,71,71,71,71,71,71,71,71,71,71,71,71,71,71,71,71,71,71,71,71,71,71,71,71,71,71,71,71,71,71,71,71,71,71,71,71,71,71,71,71],"card_choices":[{"not_picked":["RobotSpaceExplorer:JunkDive","RobotSpaceExplorer:ShovelStrike"],"picked":"RobotSpaceExplorer:ScrapToss","floor":1.0},{"not_picked":["RobotSpaceExplorer:ShockKick","RobotSpaceExplorer:SwiftStep"],"picked":"RobotSpaceExplorer:GearShield","floor":7},{"not_picked":["RobotSpaceExplorer:Discharger","RobotSpaceExplorer:TrailblazerForm","RobotSpaceExplorer:GlueSpray"],"picked":"SKIP","floor":10},{"not_picked":["RobotSpaceExplorer:ShockKick","RobotSpaceExplorer:SurgingStrike","RobotSpaceExplorer:MetalStrike"],"picked":"SKIP","floor":11},{"not_picked":["RobotSpaceExplorer:SurgingStrike","RobotSpaceExplorer:DoubleBlock"],"picked":"RobotSpaceExplorer:Fix","floor":12},{"not_picked":["RobotSpaceExplorer:ImprovisedAttack","RobotSpaceExplorer:StarLightning"],"picked":"RobotSpaceExplorer:ScrapMissile","floor":14},{"not_picked":["RobotSpaceExplorer:ShovelStrike","RobotSpaceExplorer:GlueShot"],"picked":"RobotSpaceExplorer:ScrapMissile","floor":18},{"not_picked":["RobotSpaceExplorer:LaserBurst","RobotSpaceExplorer:SwiftStep","RobotSpaceExplorer:SurgingStrike"],"picked":"SKIP","floor":20},{"not_picked":["RobotSpaceExplorer:Asteroid+1","RobotSpaceExplorer:StunGrenade+1","RobotSpaceExplorer:ImprovisedAttack+1"],"picked":"SKIP","floor":23},{"not_picked":["RobotSpaceExplorer:Blitz+1","RobotSpaceExplorer:ImprovisedAttack+1","RobotSpaceExplorer:MetalStrike+1"],"picked":"SKIP","floor":25},{"not_picked":["RobotSpaceExplorer:SwiftStep","RobotSpaceExplorer:Asteroid+1"],"picked":"RobotSpaceExplorer:Probe+1","floor":29},{"not_picked":["RobotSpaceExplorer:ShovelStrike+1","RobotSpaceExplorer:Fix","RobotSpaceExplorer:DroneSwarm"],"picked":"SKIP","floor":30},{"not_picked":["RobotSpaceExplorer:Scanner","RobotSpaceExplorer:Autoloader"],"picked":"RobotSpaceExplorer:Accelerator","floor":33},{"not_picked":["RobotSpaceExplorer:GlueShot","RobotSpaceExplorer:FreezingShield+1"],"picked":"RobotSpaceExplorer:PowerGlove+1","floor":35},{"not_picked":["RobotSpaceExplorer:ShockKick+1","RobotSpaceExplorer:Reload","RobotSpaceExplorer:Calculate"],"picked":"SKIP","floor":36},{"not_picked":["RobotSpaceExplorer:Reload+1","RobotSpaceExplorer:GearShield","RobotSpaceExplorer:FrostMissile+1"],"picked":"SKIP","floor":38},{"not_picked":["RobotSpaceExplorer:PowerCollector","RobotSpaceExplorer:Blitz+1"],"picked":"RobotSpaceExplorer:GlueShot","floor":39},{"not_picked":["RobotSpaceExplorer:SwiftStep","RobotSpaceExplorer:ShockKick+1","RobotSpaceExplorer:Counterblock+1"],"picked":"SKIP","floor":44},{"not_picked":["RobotSpaceExplorer:ShockKick+1","RobotSpaceExplorer:SelfCleaning+1","RobotSpaceExplorer:MetalStrike+1"],"picked":"SKIP","floor":45},{"not_picked":["Enlightenment","The Bomb"],"picked":"Metamorphosis","floor":46},{"not_picked":["RobotSpaceExplorer:GlueShot+1","RobotSpaceExplorer:Discharger+1"],"picked":"RobotSpaceExplorer:MiniDrones+1","floor":48}],"player_experience":1594243,"relics_obtained":[{"floor":9,"key":"Bag of Marbles"},{"floor":12,"key":"CaptainsWheel"},{"floor":23,"key":"Molten Egg 2"},{"floor":26,"key":"Regal Pillow"},{"floor":30,"key":"Orichalcum"},{"floor":37,"key":"StoneCalendar"},{"floor":43,"key":"HollowMod:PaleOreRelic"}],"event_choices":[{"damage_healed":0,"gold_gain":75,"player_choice":"Gold","damage_taken":11,"max_hp_gain":0,"max_hp_loss":0,"event_name":"betterThird:BetterGoop","floor":3,"gold_loss":0},{"damage_healed":0,"gold_gain":0,"player_choice":"Ignored","damage_taken":145,"max_hp_gain":0,"max_hp_loss":0,"event_name":"betterThird:BetterSerpent","floor":4,"gold_loss":0},{"cards_removed":["RobotSpaceExplorer:Defend"],"damage_healed":0,"gold_gain":0,"player_choice":"Forget","damage_taken":0,"max_hp_gain":0,"max_hp_loss":0,"event_name":"Living Wall","floor":5,"gold_loss":0},{"damage_healed":0,"gold_gain":0,"player_choice":"Gave Potion","damage_taken":0,"relics_obtained":["RobotSpaceExplorer:PlasmaHourglass"],"max_hp_gain":0,"max_hp_loss":0,"event_name":"WeMeetAgain","floor":13,"gold_loss":0},{"damage_healed":0,"gold_gain":50,"player_choice":"Touch","damage_taken":7,"max_hp_gain":0,"max_hp_loss":0,"event_name":"FaceTrader","floor":19,"gold_loss":0},{"damage_healed":0,"gold_gain":0,"player_choice":"Inject Mutagens","damage_taken":0,"relics_obtained":["MutagenicStrength"],"max_hp_gain":0,"max_hp_loss":0,"event_name":"Drug Dealer","floor":21,"gold_loss":0},{"damage_healed":0,"gold_gain":0,"player_choice":"Got Potions","damage_taken":0,"max_hp_gain":0,"max_hp_loss":0,"event_name":"Lab","floor":27,"gold_loss":0},{"damage_healed":0,"gold_gain":0,"player_choice":"Fight","damage_taken":0,"max_hp_gain":0,"max_hp_loss":0,"event_name":"MindBloom","floor":37,"gold_loss":0},{"damage_healed":0,"gold_gain":0,"cards_transformed":["RobotSpaceExplorer:Strike"],"player_choice":"Transformed","damage_taken":0,"max_hp_gain":0,"max_hp_loss":0,"event_name":"Transmorgrifier","floor":41,"gold_loss":0,"cards_obtained":["RobotSpaceExplorer:SurgingShield"]},{"damage_healed":0,"gold_gain":0,"player_choice":"Memory 1","damage_taken":0,"max_hp_gain":0,"max_hp_loss":0,"event_name":"SensoryStone","floor":46,"gold_loss":0},{"damage_healed":0,"gold_gain":0,"player_choice":"Paid","damage_taken":0,"relics_obtained":["Red Mask"],"max_hp_gain":0,"max_hp_loss":0,"event_name":"Tomb of Lord Red Mask","floor":47,"gold_loss":230}],"is_beta":false,"boss_relics":[{"not_picked":["Astrolabe","SacredBark"],"picked":"Sozu"},{"not_picked":["Cursed Key","Busted Crown"],"picked":"Fusion Hammer"}],"items_purged_floors":[2,22,31],"is_endless":false,"potions_floor_spawned":[1,11,12,14,18,29,30,33,35,36,39,48],"killed_by":"Time Eater","ascension_level":20}}