{"host":"llpusn9usp8rznkj","time":1607545901,"event":{"gold_per_floor":[113,93,104,122,133,160,160,192,192,192,216,135,135,153,153,227,227,227,227],"floor_reached":18,"playtime":537,"items_purged":[],"score":340,"play_id":"a1dd307e-26c3-402b-bec0-8abaf4afa616","local_time":"20201209153141","is_ascension_mode":true,"campfire_choices":[{"floor":7.0,"key":"REST"},{"data":"Inflame","floor":13.0,"key":"SMITH"},{"floor":15.0,"key":"REST"}],"neow_cost":"NONE","seed_source_timestamp":0,"circlet_count":0,"master_deck":["AscendersBane","Strike_R+1","Strike_R+1","Strike_R+1","Strike_R+1","Strike_R+1","Defend_R","Defend_R","Defend_R","Defend_R","Bash","Sword Boomerang","Inflame+1","Perfected Strike","Whirlwind"],"special_seed":0,"relics":["Burning Blood","NeowsBlessing","Akabeko","Replay:Bottled Eggs","conspire:TopHat","Odd Mushroom","Sozu"],"potions_floor_usage":[],"damage_taken":[{"damage":0.0,"enemies":"Jaw Worm","floor":1.0,"turns":1.0},{"damage":0.0,"enemies":"Cultist","floor":3.0,"turns":1.0},{"damage":0.0,"enemies":"2 Louse","floor":4.0,"turns":1.0},{"damage":13.0,"enemies":"Blue Slaver","floor":5.0,"turns":2.0},{"damage":40.0,"enemies":"3 Sentries","floor":6.0,"turns":5.0},{"damage":35.0,"enemies":"Lagavulin","floor":8.0,"turns":5.0},{"damage":23.0,"enemies":"The Mushroom Lair","floor":11.0,"turns":4.0},{"damage":0.0,"enemies":"3 Louse","floor":14.0,"turns":1.0},{"damage":33.0,"enemies":"Slime Boss","floor":16.0,"turns":8.0},{"damage":0,"enemies":"2 Thieves","floor":18,"turns":1}],"seed_played":"-4802920363090503800","potions_obtained":[{"floor":1.0,"key":"SpeedPotion"},{"floor":2.0,"key":"LiquidBronze"},{"floor":4.0,"key":"SteroidPotion"},{"floor":11.0,"key":"FearPotion"},{"floor":16.0,"key":"Ancient Potion"}],"is_trial":false,"path_per_floor":["M","?","M","M","M","E","R","E","T","T","?","$","R","M","R","B",null,"M"],"character_chosen":"IRONCLAD","items_purchased":["Whirlwind"],"campfire_rested":2,"item_purchase_floors":[12],"current_hp_per_floor":[74,74,75,75,68,34,56,27,27,27,10,10,10,16,38,11,59,59,59],"gold":227,"neow_bonus":"THREE_ENEMY_KILL","is_prod":false,"is_daily":false,"chose_seed":false,"campfire_upgraded":1,"win_rate":0,"timestamp":1607545901,"path_taken":["M","?","M","M","?","E","R","E","T","?","?","?","R","M","R","BOSS","M"],"build_version":"2020-11-30","purchased_purges":0,"victory":false,"max_hp_per_floor":[75,75,75,75,75,75,75,75,75,75,75,75,75,75,75,75,75,75,75],"card_choices":[{"not_picked":["Burning Pact","Body Slam"],"picked":"Sword Boomerang","floor":1.0},{"not_picked":["Pommel Strike","Havoc"],"picked":"Inflame","floor":3.0},{"not_picked":["True Grit","Thunderclap","Pommel Strike"],"picked":"SKIP","floor":4.0},{"not_picked":["Pommel Strike","Entrench"],"picked":"Perfected Strike","floor":5.0},{"not_picked":["Seeing Red","Hemogenesis","Thunderclap"],"picked":"SKIP","floor":6.0},{"not_picked":["Clash","Anger","Armaments"],"picked":"SKIP","floor":8.0},{"not_picked":["Clothesline","ReplayTheSpireMod:Corrosion Curse","True Grit"],"picked":"SKIP","floor":14.0}],"player_experience":911504,"relics_obtained":[{"floor":6.0,"key":"Akabeko"},{"floor":8.0,"key":"Replay:Bottled Eggs"},{"floor":10.0,"key":"conspire:TopHat"},{"floor":11.0,"key":"Odd Mushroom"}],"event_choices":[{"damage_healed":0.0,"max_hp_gain":0.0,"max_hp_loss":0.0,"gold_gain":0.0,"event_name":"The Woman in Blue","player_choice":"Bought 1 Potion","floor":2.0,"gold_loss":0.0,"damage_taken":0.0},{"damage_healed":0.0,"max_hp_gain":0.0,"max_hp_loss":0.0,"gold_gain":0.0,"event_name":"Mushrooms","player_choice":"Fought Mushrooms","floor":11.0,"gold_loss":0.0,"damage_taken":0.0}],"is_beta":false,"boss_relics":[{"not_picked":["hubris:HollowSoul","Empty Cage"],"picked":"Sozu"}],"items_purged_floors":[],"is_endless":false,"potions_floor_spawned":[1,4,11,16],"killed_by":"2 Thieves","ascension_level":20}}