{"host":"tfkz8stxzb1up54p","time":1607477631,"event":{"gold_per_floor":[985,985,458,481,497,531,531,531,531,548,565,599,616,651,651,725,775,788,470,490,506,506,506,431,431,431],"floor_reached":25,"playtime":2325,"items_purged":["Defend_B","Defend_B"],"score":542,"play_id":"3e121b9c-92f5-444e-b0a3-0e1f80486aca","local_time":"20201209013351","is_ascension_mode":true,"campfire_choices":[{"data":"Thinking Ahead","floor":7,"key":"SMITH"},{"floor":15,"key":"REST"},{"floor":23,"key":"REST"}],"neow_cost":"TEN_PERCENT_HP_LOSS","seed_source_timestamp":142841173635400,"circlet_count":0,"master_deck":["AscendersBane","Strike_B","Strike_B","Strike_B","Strike_B","Zap+1","Dualcast+1","Thinking Ahead+1","Steam","BootSequence","Melter","Conserve Battery+1","Darkness+1","Multi-Cast+1","Turbo+1","Coolheaded+1","Conserve Battery+1","All For One","Beam Cell","Redo+1","Steam+1","Chill+1"],"relics":["Cracked Core","Art of War","Orichalcum","Bag of Marbles","Toxic Egg 2","Oddly Smooth Stone","Boot","StrikeDummy","Tiny House","Happy Flower"],"potions_floor_usage":[12,12,14,16,18],"damage_taken":[{"damage":4,"enemies":"Jaw Worm","floor":1,"turns":4},{"damage":1,"enemies":"Cultist","floor":5,"turns":3},{"damage":33,"enemies":"Lagavulin","floor":6,"turns":6},{"damage":0,"enemies":"2 Louse","floor":10,"turns":2},{"damage":5,"enemies":"2 Fungi Beasts","floor":11,"turns":3},{"damage":7,"enemies":"Gremlin Nob","floor":12,"turns":3},{"damage":0,"enemies":"Blue Slaver","floor":13,"turns":1},{"damage":6,"enemies":"3 Sentries","floor":14,"turns":8},{"damage":0,"enemies":"Hexaghost","floor":16,"turns":6},{"damage":0,"enemies":"3 Byrds","floor":18,"turns":3},{"damage":0,"enemies":"Shell Parasite","floor":20,"turns":2},{"damage":25,"enemies":"Chosen and Byrds","floor":21,"turns":6},{"damage":60,"enemies":"Gremlin Leader","floor":25,"turns":8}],"seed_played":"4475634202914042305","potions_obtained":[{"floor":5,"key":"Explosive Potion"},{"floor":10,"key":"Swift Potion"},{"floor":13,"key":"Swift Potion"},{"floor":14,"key":"Block Potion"},{"floor":17,"key":"Fruit Juice"}],"is_trial":false,"path_per_floor":["M","?","$","T","M","E","R","?","T","M","M","E","M","E","R","B",null,"M","$","M","M","?","R","?","E"],"character_chosen":"DEFECT","items_purchased":["BootSequence","Melter","Art of War","Orichalcum","Happy Flower","Steam+1"],"campfire_rested":2,"item_purchase_floors":[3,3,3,3,19,19],"current_hp_per_floor":[60,60,60,60,59,26,26,26,26,26,21,14,14,8,27,27,60,65,65,65,40,19,42,42,0,0],"gold":431,"neow_bonus":"RANDOM_COLORLESS_2","is_prod":false,"is_daily":false,"chose_seed":false,"campfire_upgraded":1,"win_rate":0,"timestamp":1607477631,"path_taken":["M","?","$","?","M","E","R","?","T","M","M","E","M","E","R","BOSS","M","?","M","M","?","R","?","E"],"build_version":"2020-11-30","purchased_purges":2,"victory":false,"max_hp_per_floor":[64,64,64,64,64,64,64,64,64,64,64,64,64,64,64,64,69,74,74,74,74,79,79,79,79,79],"card_choices":[{"not_picked":["Secret Technique","Secret Weapon"],"picked":"Thinking Ahead","floor":0},{"not_picked":["Conserve Battery","Streamline"],"picked":"Steam","floor":1},{"not_picked":["Leap","Streamline","Rainbow"],"picked":"SKIP","floor":5},{"not_picked":["Rip and Tear","Hello World"],"picked":"Conserve Battery+1","floor":6},{"not_picked":["Streamline","Leap+1"],"picked":"Darkness+1","floor":10},{"not_picked":["Gash","Streamline"],"picked":"Multi-Cast+1","floor":11},{"not_picked":["Rebound","Sweeping Beam"],"picked":"Turbo+1","floor":12},{"not_picked":["Cold Snap","Multi-Cast+1"],"picked":"Coolheaded+1","floor":13},{"not_picked":["Cold Snap","Recycle+1"],"picked":"Conserve Battery+1","floor":14},{"not_picked":["Reboot+1","Fission+1"],"picked":"All For One","floor":16},{"not_picked":["Gash","Streamline"],"picked":"Beam Cell","floor":17},{"not_picked":["Ball Lightning","Turbo+1"],"picked":"Redo+1","floor":18},{"not_picked":["Doom and Gloom","Auto Shields+1"],"picked":"Chill+1","floor":20},{"not_picked":["Coolheaded+1","Rebound+1","Go for the Eyes"],"picked":"SKIP","floor":21}],"player_experience":1181497,"relics_obtained":[{"floor":4,"key":"Bag of Marbles"},{"floor":6,"key":"Toxic Egg 2"},{"floor":9,"key":"Oddly Smooth Stone"},{"floor":12,"key":"Boot"},{"floor":14,"key":"StrikeDummy"}],"event_choices":[{"damage_healed":0,"gold_gain":0,"player_choice":"Upgraded","damage_taken":0,"max_hp_gain":0,"max_hp_loss":0,"event_name":"Upgrade Shrine","floor":2,"gold_loss":0,"cards_upgraded":["Zap"]},{"cards_removed":["Defend_B"],"damage_healed":0,"gold_gain":0,"player_choice":"Offered Basic","damage_taken":0,"max_hp_gain":0,"max_hp_loss":0,"event_name":"Bonfire Elementals","floor":8,"gold_loss":0},{"damage_healed":0,"gold_gain":0,"player_choice":"Shed Blood","damage_taken":26,"max_hp_gain":5,"max_hp_loss":0,"event_name":"Forgotten Altar","floor":22,"gold_loss":0},{"cards_removed":["Defend_B"],"damage_healed":0,"gold_gain":0,"player_choice":"Gave Gold","damage_taken":0,"max_hp_gain":0,"max_hp_loss":0,"event_name":"Beggar","floor":24,"gold_loss":75}],"is_beta":false,"boss_relics":[{"not_picked":["Calling Bell","SacredBark"],"picked":"Tiny House"}],"items_purged_floors":[3,19],"is_endless":false,"potions_floor_spawned":[5,10,13,14],"killed_by":"Gremlin Leader","ascension_level":20}}