{"host":"d8hh7rr4yzitjeuj","time":1607512376,"event":{"gold_per_floor":[115,127,127,140,155,155,155,155,204,129,157,177,190,206,206,206,206],"floor_reached":16,"playtime":416,"items_purged":["Strike_G"],"score":208,"play_id":"0a80f172-cecd-4b00-9f56-3eb87fce9a9b","local_time":"20201209201256","is_ascension_mode":true,"campfire_choices":[{"data":"Skewer","floor":6.0,"key":"SMITH"},{"floor":8.0,"key":"REST"},{"floor":15,"key":"REST"}],"neow_cost":"NONE","seed_source_timestamp":4922855032000,"circlet_count":0,"master_deck":["AscendersBane","Strike_G","Strike_G+1","Strike_G","Strike_G","Defend_G","Defend_G","Defend_G","Defend_G","Defend_G+1","Survivor","Neutralize+1","Flying Knee","Poisoned Stab","Skewer+1","Backflip","Dagger Spray","Outmaneuver","Backflip"],"special_seed":0,"relics":["Ring of the Snake","NeowsBlessing","Anchor","Art of War"],"potions_floor_usage":[11,16,16],"damage_taken":[{"damage":0.0,"enemies":"2 Louse","floor":1.0,"turns":1.0},{"damage":0.0,"enemies":"Jaw Worm","floor":2.0,"turns":1.0},{"damage":0.0,"enemies":"Small Slimes","floor":4.0,"turns":1.0},{"damage":21.0,"enemies":"Exordium Thugs","floor":5.0,"turns":8.0},{"damage":31,"enemies":"Gremlin Nob","floor":11,"turns":5},{"damage":0,"enemies":"Red Slaver","floor":12,"turns":3},{"damage":0,"enemies":"Blue Slaver","floor":13,"turns":2},{"damage":3,"enemies":"Exordium Wildlife","floor":14,"turns":5},{"damage":26,"enemies":"Slime Boss","floor":16,"turns":10}],"seed_played":"337825937989796996","potions_obtained":[{"floor":5.0,"key":"PowerPotion"},{"floor":11,"key":"SkillPotion"},{"floor":12,"key":"Weak Potion"},{"floor":14,"key":"GhostInAJar"}],"is_trial":false,"path_per_floor":["M","M","?","M","M","R","?","R","T","$","E","M","M","M","R","B"],"character_chosen":"THE_SILENT","items_purchased":[],"campfire_rested":2,"item_purchase_floors":[],"current_hp_per_floor":[59,59,39,39,18,18,18,37,37,37,6,6,6,3,22,0,0],"gold":206,"neow_bonus":"THREE_ENEMY_KILL","is_prod":false,"is_daily":false,"chose_seed":false,"campfire_upgraded":1,"win_rate":0,"timestamp":1607512376,"path_taken":["M","M","?","M","M","R","?","R","T","?","E","M","M","M","R","BOSS"],"build_version":"2020-11-30","purchased_purges":1,"victory":false,"max_hp_per_floor":[66,66,66,66,66,66,66,66,66,66,66,66,66,66,66,66,66],"card_choices":[{"not_picked":["Slice","PiercingWail"],"picked":"Flying Knee","floor":1.0},{"not_picked":["PiercingWail","Underhanded Strike"],"picked":"Poisoned Stab","floor":2.0},{"not_picked":["Acrobatics","Bouncing Flask"],"picked":"Skewer","floor":4.0},{"not_picked":["Underhanded Strike","Bane"],"picked":"Backflip","floor":5.0},{"not_picked":["Heel Hook","Choke"],"picked":"Dagger Spray","floor":11},{"not_picked":["Flying Knee","Reflex"],"picked":"Outmaneuver","floor":12},{"not_picked":["Prepared","Sucker Punch","Blade Dance"],"picked":"SKIP","floor":13},{"not_picked":["Dagger Throw","Cloak And Dagger"],"picked":"Backflip","floor":14}],"player_experience":1310985,"relics_obtained":[{"floor":9.0,"key":"Anchor"},{"floor":11,"key":"Art of War"}],"event_choices":[{"damage_healed":0.0,"max_hp_gain":0.0,"max_hp_loss":0.0,"gold_gain":0.0,"event_name":"Shining Light","player_choice":"Entered Light","floor":3.0,"gold_loss":0.0,"damage_taken":20.0,"cards_upgraded":["Defend_G","Strike_G"]},{"damage_healed":0.0,"max_hp_gain":0.0,"max_hp_loss":0.0,"gold_gain":0.0,"event_name":"Living Wall","player_choice":"Grow","floor":7.0,"gold_loss":0.0,"damage_taken":0.0,"cards_upgraded":["Neutralize"]}],"is_beta":false,"boss_relics":[],"items_purged_floors":[10],"is_endless":false,"potions_floor_spawned":[5,11,12,14],"killed_by":"Slime Boss","ascension_level":20}}