{"host":"l8lm1goh5xm9tkuw","time":1607498312,"event":{"gold_per_floor":[119,69,89,107,125,159,159,334,334,363,363,374,407,32,32,136,136,136,136,346,445,455,455,469,489,505,530,530,562,585,505,517,548,565,585,585,689,689],"floor_reached":18,"playtime":856,"items_purged":["Doubt","SharpenedBlade"],"score":765,"play_id":"3215568f-1acd-498d-9f25-018889df010b","local_time":"20201209151832","is_ascension_mode":true,"campfire_choices":[{"data":"GuidanceOfTheGears","floor":7,"key":"SMITH"},{"data":"TraceOfFumes","floor":11,"key":"SMITH"},{"data":"SmokingPipe","floor":15,"key":"SMITH"},{"data":"CENSORED_ego","floor":7,"key":"SMITH"},{"data":"CleanUp","floor":15,"key":"SMITH"}],"neow_cost":"NONE","seed_source_timestamp":3338633972939,"circlet_count":0,"master_deck":["Dodge","LightDefense","LightDefense","LightDefense","LightDefense","ChargeAndCover","FocusedStrikes","CENSORED_ego+1","vexMod:EmailVexCard","FlashOfSunup","TraceOfFumes+1","GuidanceOfTheGears+1","SmokingPipe+1","DefenseOrder","SilentMist","HiddenBlade","CrackOfDawn","TheRedNotes","RulesOfTheBackstreets","RulesOfTheBackstreets","CleanUp+1","LeRegole"],"relics":["PageOfLibrarian","DaveBox","testmod-TestBox","REME_ComplimentaryCards","testmod-GiftOfSatan","PatriotShield","DemoMod:GlassGuonStoneRelic","Question Card","Prayer Wheel","PageOfUniverseFragment","DemoMod:MemoryAlloy","REME_HandOfSuture","ClockworkSouvenir","ImportantClient","Runic Pyramid","Heaven_r","Question Card","LetterFromLob","Mercury Hourglass","testmod-Nyarlathotep","Tiny Chest","ImportantClient"],"potions_floor_usage":[16],"damage_taken":[{"damage":0,"enemies":"Small Slimes","floor":1,"turns":2},{"damage":0,"enemies":"Jaw Worm","floor":3,"turns":1},{"damage":0,"enemies":"2 Louse","floor":4,"turns":1},{"damage":0,"enemies":"Blue Slaver","floor":5,"turns":1},{"damage":0,"enemies":"3 Sentries","floor":6,"turns":1},{"damage":0,"enemies":"Lagavulin","floor":10,"turns":2},{"damage":0,"enemies":"Large Slime","floor":12,"turns":1},{"damage":0,"enemies":"3 Sentries","floor":13,"turns":6},{"damage":0,"enemies":"Hexaghost","floor":16,"turns":4},{"damage":0,"enemies":"Shell Parasite","floor":18,"turns":1},{"damage":0,"enemies":"Small Slimes","floor":1,"turns":1},{"damage":0,"enemies":"Jaw Worm","floor":3,"turns":1},{"damage":0,"enemies":"2 Louse","floor":4,"turns":1},{"damage":0,"enemies":"2 Fungi Beasts","floor":5,"turns":1},{"damage":0,"enemies":"Gremlin Nob","floor":6,"turns":1},{"damage":0,"enemies":"3 Sentries","floor":8,"turns":1},{"damage":0,"enemies":"Looter","floor":11,"turns":2},{"damage":0,"enemies":"Lagavulin","floor":12,"turns":2},{"damage":0,"enemies":"Exordium Thugs","floor":13,"turns":1},{"damage":0,"enemies":"Gremlin Gang","floor":14,"turns":2},{"damage":0,"enemies":"The Guardian","floor":16,"turns":2}],"seed_played":"-6049408541590807682","potions_obtained":[{"floor":10,"key":"BlessingOfTheForge"},{"floor":12,"key":"DemoMod:BlankPotion"},{"floor":13,"key":"Adrenaline Potion"},{"floor":16,"key":"Fire Potion"}],"is_trial":false,"path_per_floor":["M","?","M","M","M","E","R","?","T","E","R","M","E","$","R","B",null,"M","?","?","?","?","M","?","M","M","M","E","R","E","T","$","M","E","M","M","R","B",null,null],"character_chosen":"Librarian","items_purchased":["REME_HandOfSuture","ClockworkSouvenir"],"campfire_rested":0,"item_purchase_floors":[14,14],"current_hp_per_floor":[54,54,54,54,54,54,54,54,54,54,54,54,94,94,94,101,101,101,101,101,101,101,101,101,101,101,101,101,101,101,101,106,106,106,111,111,111,111],"gold":689,"neow_bonus":"RANDOM_COLORLESS","is_prod":false,"is_daily":false,"chose_seed":false,"campfire_upgraded":5,"win_rate":0,"timestamp":1607498312,"path_taken":["M","?","M","M","M","E","R","?","T","E","R","M","E","$","R","BOSS","M","?","?","?","?","M","?","M","M","M","E","R","E","T","?","M","E","M","M","R","BOSS"],"build_version":"2020-11-30","purchased_purges":2,"victory":true,"max_hp_per_floor":[60,60,68,79,79,79,79,79,79,79,79,79,96,96,96,101,101,101,101,101,101,101,101,101,101,101,101,101,101,101,101,106,106,106,111,111,111,111],"card_choices":[{"not_picked":["testmod-HandmadeProducts","REME_FirmDetermination"],"picked":"vexMod:EmailVexCard","floor":0},{"not_picked":["ScratchThat","DesperateStruggle","Gamble"],"picked":"FlashOfSunup","floor":1},{"not_picked":["SmokingPipe","StayCalm","ButterflySlash","WaitUp"],"picked":"TraceOfFumes","floor":3},{"not_picked":["Diversion","DesperateStruggle","SharpSwipe","EndlessBattle"],"picked":"GuidanceOfTheGears","floor":4},{"not_picked":["DesperateStruggle","Unlock1","BackAttack","DefenseOrder"],"picked":"SmokingPipe","floor":5},{"not_picked":["DesperateStruggle","ChopItOff","DestructiveImpact","Eject"],"picked":"DefenseOrder","floor":6},{"not_picked":["UnavoidableGaze","Unlock1","WaitUp","EnergyShield"],"picked":"SilentMist","floor":10},{"not_picked":["ForcefulGesture","DarkCloud","HandleRequest","ScratchThat"],"picked":"HiddenBlade","floor":12},{"not_picked":["Observe","DarkCloud","Standoff","SunsetBlade","Outburst"],"picked":"SKIP","floor":12},{"not_picked":["DefenseOrder","ButterflySlash","Zzzzzap","AGoldenOpportunity","HandleRequest"],"picked":"SKIP","floor":13},{"not_picked":["EnergyBeam","BoundaryOfDeath","GutHarvesting"],"picked":"CrackOfDawn","floor":16},{"not_picked":["Reload","HighKick","FeelinGood","Commandeering","SunsetBlade"],"picked":"SKIP","floor":1},{"not_picked":["SkyClearingCut","ClassAndRespect","SkitterAway","GuardingStance","Pound"],"picked":"SKIP","floor":1},{"not_picked":["BackstreetsDash","Crush","SummaryJudgment","DarkCloud","ScratchThat"],"picked":"RulesOfTheBackstreets","floor":3},{"not_picked":["SuppressingShot","UpbeatPerformance","BackstreetsDash","AlloutWar","Retaliate","Collision"],"picked":"SKIP","floor":3},{"not_picked":["TimeForALittleTest","SuppressingShot","Crush","ChargeUp","GuardingStance","CircusKnives"],"picked":"SKIP","floor":4},{"not_picked":["ClassAndRespect","CircusKnives","ScatteringSlash","DimensionalRift","StrongStrike","DirtyBlow"],"picked":"SKIP","floor":4},{"not_picked":["SharpenedBlade","SunsetBlade","SuppressingShot","QuickAttack","LeRegole","Reload"],"picked":"SKIP","floor":5},{"not_picked":["HardRehearsal","TheArtOfRapidSteps","EnergyCycle","FeelinGood","TendonChords","LoosenUp"],"picked":"SKIP","floor":5},{"not_picked":["SunsetBlade","SpearedSweep","GuardingStance","DarkCloud","StayCalm","Juggling"],"picked":"SKIP","floor":6},{"not_picked":["TieShanKao","BackstreetsDash","Brawl","HighKick","Leap_lor","StrongStrike"],"picked":"SKIP","floor":8},{"not_picked":["GuardingStance","Leap_lor","HighKick","TendonChords","DarkCloud","SunsetBlade"],"picked":"SKIP","floor":11},{"not_picked":["Rewind","TheArtOfRapidSteps","SkitterAway","HighSpeedStabbing","HighKick","DaringDecision"],"picked":"SKIP","floor":11},{"not_picked":["MultiBlock","ClassAndRespect","FocusFire","HeavyPeaks","SparkingSpear"],"picked":"RulesOfTheBackstreets","floor":12},{"not_picked":["DestructiveImpact","Reload","Pound","StrongStrike","QuickAttack"],"picked":"CleanUp","floor":13},{"not_picked":["Retaliate","GuardingStance","MultiHit","DarkCloud","ForTheFamily","SuppressingShot"],"picked":"SKIP","floor":13},{"not_picked":["MultiBlock","SkyClearingCut","UpbeatPerformance","SummaryJudgment","ShockRound","GuardingStance"],"picked":"SKIP","floor":14},{"not_picked":["MultiBlock","GuardingStance","SunsetBlade","LawAndOrder","SteelKnuckles","BayonetCombat"],"picked":"SKIP","floor":14},{"not_picked":["Commandeering","TieShanKao","FormingStorm","CleanUp"],"picked":"LeRegole","floor":16}],"player_experience":297380,"relics_obtained":[{"floor":1,"key":"Question Card"},{"floor":1,"key":"LetterFromLob"},{"floor":6,"key":"Prayer Wheel"},{"floor":9,"key":"PageOfUniverseFragment"},{"floor":10,"key":"DemoMod:MemoryAlloy"},{"floor":16,"key":"ImportantClient"},{"floor":1,"key":"Question Card"},{"floor":3,"key":"LetterFromLob"},{"floor":6,"key":"Mercury Hourglass"},{"floor":8,"key":"testmod-Nyarlathotep"},{"floor":12,"key":"Tiny Chest"},{"floor":16,"key":"ImportantClient"}],"event_choices":[{"cards_removed":["LightAttack"],"damage_healed":0,"gold_gain":0,"player_choice":"Card Removal","damage_taken":0,"max_hp_gain":0,"max_hp_loss":0,"event_name":"The Cleric","floor":2,"gold_loss":50},{"damage_healed":0,"gold_gain":175,"player_choice":"AGREE","damage_taken":0,"max_hp_gain":0,"max_hp_loss":0,"event_name":"Liars Game","floor":8,"gold_loss":0,"cards_obtained":["Doubt"]},{"damage_healed":0,"gold_gain":0,"player_choice":"Read","damage_taken":0,"max_hp_gain":0,"max_hp_loss":0,"event_name":"The Library","floor":19,"gold_loss":0,"cards_obtained":["TheRedNotes"]},{"damage_healed":0,"gold_gain":99,"player_choice":"Stole From Cult","damage_taken":0,"max_hp_gain":0,"max_hp_loss":0,"event_name":"Nest","floor":21,"gold_loss":0},{"damage_healed":0,"gold_gain":0,"cards_transformed":["LightAttack"],"player_choice":"Transformed","damage_taken":0,"max_hp_gain":0,"max_hp_loss":0,"event_name":"Transmorgrifier","floor":2,"gold_loss":0,"cards_obtained":["SharpenedBlade"]}],"is_beta":false,"boss_relics":[{"not_picked":["FrostBlade","HaiYi:Twilight"],"picked":"Runic Pyramid"}],"items_purged_floors":[14,10],"is_endless":false,"potions_floor_spawned":[10,12,13,16,18,3,5,8,16],"ascension_level":7}}