{"host":"wl5kcyk3ocgwii71","time":1607495149,"event":{"gold_per_floor":[109,109,109,109,129,129,158,176,176,207,239,288,321,373,373,481,481,519,519,72,95,95,95,130,130,130,184,219,245,274,318,318,439,439,466,466,210,251,163,227,227,227,227,227,274,274,343,418,418,494,494,494,35,88,118],"floor_reached":56,"playtime":2657,"items_purged":[],"score":1694,"play_id":"8ae0538a-a31e-4f2a-94c8-a3b02ff17444","local_time":"20201208222549","is_ascension_mode":true,"campfire_choices":[{"floor":6,"key":"DIG"},{"floor":15,"key":"REST"},{"data":"True Grit","floor":23,"key":"SMITH"},{"data":"True Grit","floor":25,"key":"SMITH"},{"floor":32,"key":"DIG"},{"floor":41,"key":"RECALL"},{"data":"Demon Form","floor":49,"key":"SMITH"}],"neow_cost":"NONE","seed_source_timestamp":388260001529500,"circlet_count":0,"master_deck":["Strike_R+1","Strike_R","Defend_R","Defend_R","Defend_R","Bash","Wild Strike+1","Impatience","Twin Strike","Pommel Strike","Burning Pact","ReplayReversal","True Grit+1","Whirlwind","True Grit+1","Demon Form+1","Seeing Red+1","Ghostly Armor","Life Link+1","Iron Wave+1","Iron Wave","Offering","Offering","ReplayTheSpireMod:Strike From Hell+1","ReplayTheSpireMod:IOU","Perfected Strike","Offering","Shrug It Off+1","Apotheosis","Dark Embrace","Rupture","Feel No Pain","Evolve","True Grit"],"relics":["Burning Blood","Shovel","Sundial","Replay:Bottled Snecko","Torii","Replay:Bandana","CeramicFish","Pocketwatch","Black Star","Bloody Idol","Ice Cream","Shuriken","Red Mask","Replay:Multitool","Replay:Bottled Steam","Darkstone Periapt","Replay:Grab Bag","Philosopher\u0027s Stone","Electric Blood","Replay:Drink Me","SlaversCollar","Bottled Lightning","Replay:Wax Seal","Chemical X","Divine Protection","Juzu Bracelet","Mummified Hand","The Courier","Akabeko","White Beast Statue","Bird Faced Urn"],"potions_floor_usage":[12,14,14,33,35,35,55,55,55],"damage_taken":[{"damage":1,"enemies":"Cultist","floor":1,"turns":4},{"damage":0,"enemies":"2 Louse","floor":5,"turns":3},{"damage":30,"enemies":"Lagavulin","floor":7,"turns":5},{"damage":10,"enemies":"Small Slimes","floor":8,"turns":3},{"damage":14,"enemies":"3 Sentries","floor":10,"turns":7},{"damage":2,"enemies":"3 Louse","floor":11,"turns":3},{"damage":23,"enemies":"Lagavulin","floor":12,"turns":5},{"damage":2,"enemies":"Blue Slaver","floor":13,"turns":4},{"damage":14,"enemies":"Gremlin Nob","floor":14,"turns":4},{"damage":33,"enemies":"The Guardian","floor":16,"turns":7},{"damage":0,"enemies":"Chosen","floor":18,"turns":4},{"damage":3,"enemies":"Shell Parasite","floor":21,"turns":6},{"damage":2,"enemies":"Cultist and Chosen","floor":24,"turns":5},{"damage":0,"enemies":"Masked Bandits","floor":27,"turns":4},{"damage":2,"enemies":"Centurion and Healer","floor":28,"turns":6},{"damage":7,"enemies":"Chosen and Byrds","floor":29,"turns":6},{"damage":6,"enemies":"Shelled Parasite and Fungi","floor":30,"turns":7},{"damage":16,"enemies":"Book of Stabbing","floor":31,"turns":4},{"damage":54,"enemies":"Champ","floor":33,"turns":9},{"damage":10,"enemies":"3 Shapes","floor":35,"turns":4},{"damage":3,"enemies":"Orb Walker","floor":38,"turns":3},{"damage":5,"enemies":"Giant Head","floor":40,"turns":5},{"damage":2,"enemies":"Maw","floor":45,"turns":5},{"damage":17,"enemies":"4 Shapes","floor":47,"turns":3},{"damage":11,"enemies":"R_Hoarder","floor":48,"turns":3},{"damage":18,"enemies":"Donu and Deca","floor":50,"turns":4},{"damage":18,"enemies":"Shield and Spear","floor":54,"turns":3},{"damage":84,"enemies":"The Heart","floor":55,"turns":5}],"seed_played":"-8953367568224166324","potions_obtained":[{"floor":7,"key":"BloodPotion"},{"floor":10,"key":"SteroidPotion"},{"floor":13,"key":"Languid Potion"},{"floor":16,"key":"Flashbang"},{"floor":18,"key":"AttackPotion"},{"floor":30,"key":"Elixir"},{"floor":33,"key":"Slimebound:ThreeZeroPotion"},{"floor":35,"key":"Fruit Juice"},{"floor":38,"key":"BlessingOfTheForge"},{"floor":48,"key":"Energy Potion"},{"floor":52,"key":"BloodPotion"}],"is_trial":false,"path_per_floor":["M","?","?","?","M","R","E","M","T","E","M","E","M","E","R","B",null,"M","?","$","M","$","R","M","R","T","?","M","M","M","E","R","B",null,"M","?","$","M","$","E","R","?","T","R","M","R","M","E","R","B",null,"R","$","E","B",null],"character_chosen":"IRONCLAD","items_purchased":["Ice Cream","Ghostly Armor","Life Link","Bottled Lightning","Replay:Wax Seal","Chemical X","Apotheosis","Dark Embrace","Akabeko","Rupture","Feel No Pain","Evolve","True Grit"],"campfire_rested":1,"item_purchase_floors":[20,20,20,37,39,39,53,53,53,53,53,53,53],"current_hp_per_floor":[80,80,55,55,61,61,37,33,33,25,29,12,16,24,48,21,65,71,31,41,49,49,49,63,63,63,79,80,80,80,75,75,37,54,60,60,60,65,71,71,71,71,71,71,71,67,67,67,67,55,64,64,67,67,12],"gold":118,"neow_bonus":"RANDOM_EVENT","is_prod":false,"is_daily":false,"chose_seed":false,"campfire_upgraded":3,"win_rate":0,"timestamp":1607495149,"path_taken":["M","?","?","?","M","R","E","M","T","E","M","E","?","E","R","BOSS","M","?","$","M","$","R","M","R","T","?","?","M","M","E","R","BOSS","M","?","$","?","?","E","R","?","T","R","M","R","M","E","R","BOSS","R","$","E","BOSS"],"build_version":"2020-11-30","purchased_purges":0,"victory":true,"max_hp_per_floor":[80,80,80,80,80,80,80,80,80,80,80,80,80,80,80,80,80,80,80,80,80,80,80,80,80,80,80,80,80,80,80,80,80,60,65,65,65,65,71,71,71,71,71,71,71,67,67,67,67,67,67,67,67,67,67],"card_choices":[{"not_picked":["Body Slam","Twin Strike"],"picked":"Wild Strike","floor":1},{"not_picked":["Thinking Ahead","Replay:Parry"],"picked":"Impatience","floor":4},{"not_picked":["ReplayTheSpireMod:Strike From Hell","Flex"],"picked":"Twin Strike","floor":5},{"not_picked":["Iron Wave","Thunderclap"],"picked":"Pommel Strike","floor":7},{"not_picked":["Run Through","Wild Strike"],"picked":"Burning Pact","floor":8},{"not_picked":["Havoc","Reckless Charge"],"picked":"ReplayReversal","floor":10},{"not_picked":["Perfected Strike","Power Through"],"picked":"True Grit","floor":11},{"not_picked":["Headbutt","Clash"],"picked":"Whirlwind","floor":12},{"not_picked":["Headbutt","Whirlwind"],"picked":"True Grit","floor":13},{"not_picked":["Burning Pact","Body Slam"],"picked":"Demon Form","floor":14},{"not_picked":["Burning Pact+1","ReplayReversal+1"],"picked":"Seeing Red+1","floor":18},{"not_picked":["Anger","Thunderclap","Sever Soul+1"],"picked":"SKIP","floor":21},{"not_picked":["Dropkick","True Grit"],"picked":"Iron Wave+1","floor":24},{"not_picked":["Headbutt","Dual Wield"],"picked":"Iron Wave","floor":27},{"not_picked":["ReplayTheSpireMod:Strike From Hell+1","Sentinel+1"],"picked":"Offering","floor":28},{"not_picked":["Flex","Inflame","Headbutt+1"],"picked":"SKIP","floor":29},{"not_picked":["Carnage","Flex","Run Through"],"picked":"SKIP","floor":30},{"not_picked":["Clothesline","Ghostly Armor","Sword Boomerang+1"],"picked":"SKIP","floor":31},{"not_picked":["Eclipse","Demonic Infusion"],"picked":"Offering","floor":33},{"not_picked":["Run Through","Combust+1","Sever Soul+1"],"picked":"SKIP","floor":35},{"not_picked":["Anger+1","Body Slam+1"],"picked":"ReplayTheSpireMod:Strike From Hell+1","floor":38},{"not_picked":["Bloodletting+1","Armaments"],"picked":"Perfected Strike","floor":40},{"not_picked":["Intimidate","Armaments"],"picked":"Offering","floor":45},{"not_picked":["Twin Strike+1","Run Through","True Grit+1"],"picked":"SKIP","floor":47},{"not_picked":["Wild Strike+1","Whirlwind+1"],"picked":"Shrug It Off+1","floor":48},{"not_picked":["Carnage","ReplayTheSpireMod:Strike From Hell+1","Thunderclap"],"picked":"SKIP","floor":54}],"player_experience":335357,"relics_obtained":[{"floor":6,"key":"Sundial"},{"floor":7,"key":"Replay:Bottled Snecko"},{"floor":9,"key":"Torii"},{"floor":10,"key":"Replay:Bandana"},{"floor":12,"key":"CeramicFish"},{"floor":14,"key":"Pocketwatch"},{"floor":26,"key":"Shuriken"},{"floor":27,"key":"Red Mask"},{"floor":31,"key":"Replay:Multitool"},{"floor":31,"key":"Replay:Bottled Steam"},{"floor":32,"key":"Darkstone Periapt"},{"floor":40,"key":"Divine Protection"},{"floor":40,"key":"Juzu Bracelet"},{"floor":48,"key":"Mummified Hand"},{"floor":48,"key":"The Courier"},{"floor":54,"key":"White Beast Statue"},{"floor":54,"key":"Bird Faced Urn"}],"event_choices":[{"damage_healed":0,"gold_gain":0,"player_choice":"Grow","damage_taken":0,"max_hp_gain":0,"max_hp_loss":0,"event_name":"Living Wall","floor":2,"gold_loss":0,"cards_upgraded":["Wild Strike"]},{"damage_healed":0,"gold_gain":0,"player_choice":"Relic ","damage_taken":25,"max_hp_gain":0,"max_hp_loss":0,"event_name":"betterThird:BetterScrap","floor":3,"gold_loss":0,"cards_obtained":["Night Terror"]},{"damage_healed":0,"gold_gain":1,"player_choice":"1","damage_taken":0,"max_hp_gain":0,"max_hp_loss":0,"event_name":"betterStone:BetterStone","floor":4,"gold_loss":0},{"damage_healed":0,"gold_gain":0,"player_choice":" Idol ","damage_taken":40,"relics_obtained":["Bloody Idol"],"max_hp_gain":71,"max_hp_loss":31,"event_name":"betterAltar:BetterAltar","floor":19,"potions_obtained":[],"relics_lost":[],"gold_loss":0},{"damage_healed":0,"gold_gain":0,"player_choice":"Fought Bandits","damage_taken":0,"max_hp_gain":0,"max_hp_loss":0,"event_name":"Masked Bandits","floor":27,"gold_loss":0},{"damage_healed":0,"gold_gain":0,"player_choice":"Ignored","damage_taken":0,"max_hp_gain":0,"max_hp_loss":0,"event_name":"Purifier","floor":36,"gold_loss":0},{"cards_removed":["Defend_R"],"damage_healed":0,"gold_gain":0,"player_choice":"Removed Skill","damage_taken":0,"max_hp_gain":0,"max_hp_loss":0,"event_name":"Falling","floor":42,"gold_loss":0},{"damage_healed":0,"gold_gain":0,"player_choice":"Max HP","damage_taken":0,"max_hp_gain":0,"max_hp_loss":4,"event_name":"Winding Halls","floor":46,"gold_loss":0}],"is_beta":false,"boss_relics":[{"not_picked":["Fusion Hammer","Busted Crown"],"picked":"Black Star"},{"not_picked":["Runic Cube","Astrolabe"],"picked":"Replay:Grab Bag"},{"not_picked":["Replay:Wanted Poster","Replay:Bronze Core"],"picked":"Philosopher\u0027s Stone"},{"not_picked":["Painkiller Herb","Ooze Armor"],"picked":"Electric Blood"},{"not_picked":["Runic Pyramid","Snecko Eye"],"picked":"Replay:Drink Me"},{"not_picked":["Kintsugi","Empty Cage"],"picked":"SlaversCollar"}],"items_purged_floors":[],"is_endless":false,"potions_floor_spawned":[7,10,13,16,18,30,33,35,38,48],"ascension_level":5}}