{"host":"y9jgkjnf95sujozk","time":1607535229,"event":{"gold_per_floor":[128,146,146,164,164,164,176,204,228,242,265,275,275,88,88,184,184,202,202,219,219,219],"floor_reached":21,"playtime":824,"items_purged":[],"score":200,"play_id":"59ae677b-01da-4438-9e9a-cc510adac232","local_time":"20201209183349","is_ascension_mode":false,"campfire_choices":[{"floor":6.0,"key":"REST"},{"floor":13.0,"key":"REST"},{"floor":15.0,"key":"REST"}],"neow_cost":"NONE","seed_source_timestamp":2478497570603100,"circlet_count":0,"master_deck":["animator:Strike_NoGameNoLife","animator:Defend_NoGameNoLife","animator:Strike","animator:Strike","animator:Strike","animator:Defend","animator:Defend","animator:Defend","animator:DolaSchwi","animator:DolaCouronne","animator:ChlammyZell","Replay:Sluggish","animator:Mitsurugi","animator:FielNirvalen","animator:IzunaHatsuse","animator:ZankiKiguchi","animator:MumenRider","animator:DolaSchwi","animator:Kira","animator:DolaCouronne","Biased Cognition","animator:DolaCouronne"],"special_seed":0,"relics":["animator:LivingPicture","animator:TheMissingPiece","animator:PurgingStone","Matryoshka","Strawberry","Happy Flower","ChewingGum"],"potions_floor_usage":[16,16,16],"damage_taken":[{"damage":0.0,"enemies":"Small Slimes","floor":1.0,"turns":5.0},{"damage":0.0,"enemies":"Jaw Worm","floor":2.0,"turns":7.0},{"damage":17.0,"enemies":"Cultist","floor":4.0,"turns":7.0},{"damage":6.0,"enemies":"3 Louse","floor":7.0,"turns":4.0},{"damage":16.0,"enemies":"Lots of Slimes","floor":8.0,"turns":6.0},{"damage":9.0,"enemies":"Exordium Wildlife","floor":10.0,"turns":5.0},{"damage":12.0,"enemies":"Large Slime","floor":11.0,"turns":6.0},{"damage":0.0,"enemies":"Looter","floor":12.0,"turns":4.0},{"damage":44,"enemies":"Fading Forest","floor":16,"turns":8},{"damage":36,"enemies":"2 Thieves","floor":18,"turns":3},{"damage":26,"enemies":"Shell Parasite","floor":20,"turns":5},{"damage":19,"enemies":"Snake Plant","floor":21,"turns":2}],"seed_played":"8315505447129522149","potions_obtained":[{"floor":1.0,"key":"Explosive Potion"},{"floor":2.0,"key":"Explosive Potion"},{"floor":8.0,"key":"BlessingOfTheForge"},{"floor":12.0,"key":"SteroidPotion"},{"floor":18,"key":"SpeedPotion"}],"is_trial":false,"path_per_floor":["M","M","?","M","?","R","M","M","T","M","M","M","R","$","R","B",null,"M","?","M","M"],"character_chosen":"THE_ANIMATOR","items_purchased":["animator:Kira"],"campfire_rested":3,"item_purchase_floors":[14],"current_hp_per_floor":[71,71,71,54,54,71,66,50,57,48,36,36,59,59,79,37,79,43,43,17,0,0],"gold":219,"neow_bonus":"RANDOM_EVENT","is_prod":false,"is_daily":false,"chose_seed":false,"campfire_upgraded":0,"win_rate":0.0,"timestamp":1607535229,"path_taken":["M","M","?","M","?","R","M","M","T","M","?","M","R","$","R","BOSS","M","?","M","M"],"build_version":"2020-11-30","purchased_purges":0,"victory":false,"max_hp_per_floor":[71,71,71,71,71,71,72,72,79,79,79,79,79,79,79,79,79,79,79,79,79,79],"card_choices":[{"not_picked":["animator:Tatsumaki","animator:Kaijin"],"picked":"animator:ChlammyZell","floor":1.0},{"not_picked":["animator:Azekura","animator:Kaijin"],"picked":"animator:Togame","floor":2.0},{"not_picked":["animator:Mikaela","animator:Biyorigo"],"picked":"animator:Mitsurugi","floor":4.0},{"not_picked":["animator:DolaRiku","animator:DolaStephanie"],"picked":"animator:FielNirvalen","floor":7.0},{"not_picked":["animator:Konayuki","animator:PandorasActor"],"picked":"animator:IzunaHatsuse","floor":8.0},{"not_picked":["animator:Emonzaemon","animator:Hakurou"],"picked":"animator:ZankiKiguchi","floor":10.0},{"not_picked":["animator:Shion","animator:Shuna"],"picked":"animator:MumenRider","floor":11.0},{"not_picked":["animator:ChlammyZell","animator:Jibril"],"picked":"animator:DolaSchwi","floor":12.0},{"not_picked":["animator:Elesis","animator:FeridBathory"],"picked":"animator:ChaikaTrabant","floor":16},{"not_picked":["animator:MumenRider","animator:Verdia"],"picked":"animator:DolaCouronne","floor":18},{"not_picked":["animator:Raven+1","animator:Biyorigo"],"picked":"animator:DolaCouronne","floor":20}],"player_experience":81021,"relics_obtained":[{"floor":9.0,"key":"Strawberry"},{"floor":9.0,"key":"Happy Flower"}],"event_choices":[{"damage_healed":0.0,"max_hp_gain":5.0,"max_hp_loss":0.0,"gold_gain":0.0,"event_name":"Big Fish","player_choice":"Donut","floor":0.0,"gold_loss":0.0,"damage_taken":0.0},{"cards_removed":["animator:Togame"],"damage_healed":0.0,"max_hp_gain":0.0,"max_hp_loss":0.0,"gold_gain":0.0,"event_name":"WeMeetAgain","player_choice":"Gave Card","floor":5.0,"gold_loss":0.0,"damage_taken":0.0,"relics_obtained":["Matryoshka"]},{"cards_removed":["animator:ChaikaTrabant"],"damage_healed":0,"gold_gain":0,"player_choice":"Took Card","damage_taken":0,"max_hp_gain":0,"max_hp_loss":0,"event_name":"NoteForYourself","floor":19,"gold_loss":0,"cards_obtained":["Biased Cognition"]}],"is_beta":false,"boss_relics":[{"not_picked":["ReplayTheSpireMod:DimensionalGlitch","animator:RacePiece"],"picked":"ChewingGum"}],"items_purged_floors":[],"is_endless":false,"potions_floor_spawned":[1,2,8,12,18],"killed_by":"Snake Plant","ascension_level":0}}