{"host":"8b6x5jh5dgxmxtlw","time":1607546339,"event":{"gold_per_floor":[112,112,130,142,160,185,185,199,199,199,232,232,252,269,269,370,470,485,371,387,387,401,428,428,428,428,330,365,365,365,375,375,375,375],"floor_reached":33,"playtime":2490,"items_purged":[],"score":322,"play_id":"1b09ef73-9c0b-4e13-a694-4b20d7e933aa","local_time":"20201209153859","is_ascension_mode":false,"campfire_choices":[{"floor":7,"key":"REST"},{"floor":10,"key":"REST"},{"floor":12,"key":"REST"},{"data":"hermit:LoneWolf","floor":15,"key":"SMITH"},{"floor":24,"key":"REST"},{"floor":32,"key":"REST"}],"neow_cost":"NONE","seed_source_timestamp":42759178058500,"circlet_count":0,"master_deck":["hermit:Strike_Hermit","hermit:Strike_Hermit","hermit:Strike_Hermit","hermit:Strike_Hermit","hermit:Defend_Hermit","hermit:Defend_Hermit","hermit:Defend_Hermit","hermit:Defend_Hermit","hermit:Snapshot","hermit:Covet","hermit:Ricochet","hermit:Determination","hermit:ItchyTrigger","hermit:Ricochet","hermit:Misfire","hermit:LoneWolf+1","hermit:PistolWhip","hermit:Vantage","hermit:LuckOfTheDraw","hermit:Gambit","hermit:Ricochet+1","hermit:PistolWhip","hermit:Misfire","hermit:Snipe","hermit:Snipe","infinitespire:DeathsTouch","Parasite","hermit:Vantage","Pain","hermit:Ricochet"],"relics":["hermit:Momento","aspiration:ChemicalBlood","infinitespire:ShieldingShard","CCEMRelics:GrindingGear","Replay:Wanted Poster","hermit:CharredGlove","CCEMRelics:JestersCrown","Blue Candle","infinitespire:FocusingShard","Replay:Bottled Steam","WarpedTongs"],"potions_floor_usage":[11,11,16,16,16,20,22,22,22,23,23,28,33,33,33],"damage_taken":[{"damage":6,"enemies":"Jaw Worm","floor":1,"turns":4},{"damage":0,"enemies":"Cultist","floor":3,"turns":3},{"damage":11,"enemies":"infinitespire:Voidling","floor":4,"turns":3},{"damage":21,"enemies":"Red Slaver","floor":5,"turns":4},{"damage":25,"enemies":"Gremlin Nob","floor":6,"turns":4},{"damage":10,"enemies":"conspire:2 RoseBushes","floor":8,"turns":3},{"damage":10,"enemies":"3 Sentries","floor":11,"turns":6},{"damage":7,"enemies":"Exordium Thugs","floor":13,"turns":4},{"damage":0,"enemies":"Exordium Wildlife","floor":14,"turns":3},{"damage":33,"enemies":"Slime Boss","floor":16,"turns":7},{"damage":2,"enemies":"conspire:FuzzyDice","floor":18,"turns":6},{"damage":18,"enemies":"Spheric Guardian","floor":20,"turns":4},{"damage":12,"enemies":"Shelled Parasite and Fungi","floor":22,"turns":4},{"damage":31,"enemies":"Gremlin Leader","floor":23,"turns":7},{"damage":16,"enemies":"conspire:Head Lice","floor":28,"turns":5},{"damage":24,"enemies":"Centurion and Healer","floor":31,"turns":3},{"damage":60,"enemies":"Collector","floor":33,"turns":7}],"seed_played":"-8834175844115398778","potions_obtained":[{"floor":6,"key":"Energy Potion"},{"floor":8,"key":"Block Potion"},{"floor":11,"key":"Fire Potion"},{"floor":13,"key":"LiquidBronze"},{"floor":16,"key":"Energy Potion"},{"floor":20,"key":"SkillPotion"},{"floor":23,"key":"GamblersBrew"}],"is_trial":false,"path_per_floor":["M","?","M","M","M","E","R","M","T","R","E","R","M","M","R","B",null,"M","$","M","$","M","E","R","AVR","T","$","E","?","?","M","R","B"],"character_chosen":"HERMIT","items_purchased":["hermit:PistolWhip","infinitespire:FocusingShard"],"campfire_rested":5,"item_purchase_floors":[19,27],"current_hp_per_floor":[69,69,69,58,37,12,34,24,24,46,36,58,51,51,51,18,75,73,73,55,55,43,31,53,53,53,53,37,37,34,10,32,0,0],"gold":375,"neow_bonus":"ONE_RANDOM_RARE_CARD","is_prod":false,"is_daily":false,"chose_seed":false,"campfire_upgraded":1,"win_rate":0.0,"timestamp":1607546339,"path_taken":["M","?","M","M","?","E","R","?","T","R","E","R","M","M","R","BOSS","M","?","M","$","M","E","R","AVR","T","?","E","?","?","M","R","BOSS"],"build_version":"2020-11-30","purchased_purges":0,"victory":false,"max_hp_per_floor":[75,75,75,75,75,75,75,75,75,75,75,75,75,75,75,75,75,75,75,75,75,75,75,75,75,75,75,75,75,75,75,75,75,75],"card_choices":[{"not_picked":["hermit:Vantage","hermit:FlashPowder"],"picked":"hermit:Ricochet","floor":1},{"not_picked":["hermit:TakeAim","hermit:CursedWeapon"],"picked":"hermit:Determination","floor":3},{"not_picked":["hermit:Manifest","hermit:TakeAim"],"picked":"hermit:ItchyTrigger","floor":4},{"not_picked":["hermit:Misfire","hermit:ShadowCloak"],"picked":"hermit:Ricochet","floor":5},{"not_picked":["hermit:HighNoon","hermit:Cheat"],"picked":"hermit:Misfire","floor":6},{"not_picked":["hermit:HoleUp","hermit:BigShot"],"picked":"hermit:LoneWolf","floor":8},{"not_picked":["hermit:Manifest","hermit:LowProfile"],"picked":"hermit:PistolWhip","floor":11},{"not_picked":["hermit:Roulette","hermit:Maintenance"],"picked":"hermit:Vantage","floor":13},{"not_picked":["hermit:Shortfuse","hermit:DeadMansHand"],"picked":"hermit:LuckOfTheDraw","floor":14},{"not_picked":["hermit:OverwhelmingPower","hermit:Purgatory"],"picked":"hermit:Gambit","floor":16},{"not_picked":["hermit:Quickdraw","hermit:BigShot"],"picked":"hermit:Ricochet+1","floor":18},{"not_picked":["hermit:Shortfuse","hermit:TrackingShot"],"picked":"hermit:Misfire","floor":20},{"not_picked":["hermit:Roulette","hermit:CalledShot"],"picked":"hermit:Snipe","floor":22},{"not_picked":["hermit:Coalescence+1","hermit:Roughhouse"],"picked":"hermit:Snipe","floor":23},{"not_picked":["hermit:Determination","hermit:Feint"],"picked":"hermit:Vantage","floor":28},{"not_picked":["hermit:Vantage+1","hermit:TrackingShot"],"picked":"hermit:Ricochet","floor":31}],"player_experience":78446,"relics_obtained":[{"floor":6,"key":"aspiration:ChemicalBlood"},{"floor":9,"key":"infinitespire:ShieldingShard"},{"floor":11,"key":"CCEMRelics:GrindingGear"},{"floor":23,"key":"hermit:CharredGlove"},{"floor":26,"key":"Blue Candle"},{"floor":28,"key":"Replay:Bottled Steam"}],"event_choices":[{"cards_removed":["hermit:Adapt"],"damage_healed":0,"gold_gain":0,"player_choice":"Card Removal","damage_taken":0,"max_hp_gain":0,"max_hp_loss":0,"event_name":"Wheel of Change","floor":2,"gold_loss":0},{"damage_healed":0,"gold_gain":0,"player_choice":"Rummage","damage_taken":0,"relics_obtained":["WarpedTongs"],"max_hp_gain":0,"max_hp_loss":0,"event_name":"Accursed Blacksmith","floor":29,"gold_loss":0,"cards_obtained":["Pain"]},{"damage_healed":0,"gold_gain":0,"player_choice":"Punched","damage_taken":3,"max_hp_gain":0,"max_hp_loss":0,"event_name":"Designer","floor":30,"gold_loss":0}],"is_beta":false,"boss_relics":[{"not_picked":["Runic Pyramid","Snecko Eye"],"picked":"Replay:Wanted Poster"}],"items_purged_floors":[],"is_endless":false,"potions_floor_spawned":[6,8,11,13,16,18,23],"killed_by":"Collector","ascension_level":0}}