{"host":"u0xal07c9acliyus","time":1607496153,"event":{"gold_per_floor":[115,133,145,158,8,35,46,63,63,82,82,115,115,136,136,249,249,273,273,306,306,332,369,369,369,369,402,434,459,459,465,465],"floor_reached":31,"playtime":2405,"items_purged":[],"score":431,"play_id":"88b1c24c-d68a-479c-a0b2-ff9a5d5ff5df","local_time":"20201208234233","is_ascension_mode":false,"campfire_choices":[{"data":"BattleHymn","floor":11.0,"key":"SMITH"},{"data":"BattleHymn","floor":13.0,"key":"SMITH"},{"data":"Eruption","floor":15.0,"key":"SMITH"},{"floor":24.0,"key":"REST"}],"neow_cost":"","seed_source_timestamp":611366246709116852,"circlet_count":0,"master_deck":["Strike_P","Strike_P","Strike_P","Defend_P","Defend_P","Defend_P","Defend_P+1","Eruption+1","Vigilance+1","BattleHymn+1","Consecrate","Replay:DivineShield","FearNoEvil","Collect","CutThroughFate","Worship","Nirvana","Replay:Anticipation","BattleHymn+1","CrushJoints","Establishment+1","Study","WreathOfFlame","Pray+1","Consecrate","Replay:Hum"],"special_seed":0,"relics":["PureWater","War Paint","Blue Doll","Replay:Ringing Soul","conspire:DecoderRing","Replay:Bandana","Runic Pyramid","Matryoshka","infinitespire:Golems Mask","Vajra","Juzu Bracelet","ReplayTheSpireMod:Ninjato"],"potions_floor_usage":[28,28],"damage_taken":[{"damage":0.0,"enemies":"2 Louse","floor":1.0,"turns":2.0},{"damage":0.0,"enemies":"Cultist","floor":2.0,"turns":3.0},{"damage":0.0,"enemies":"Jaw Worm","floor":3.0,"turns":4.0},{"damage":2.0,"enemies":"2 Fungi Beasts","floor":4.0,"turns":3.0},{"damage":7.0,"enemies":"Gremlin Nob","floor":6.0,"turns":3.0},{"damage":4.0,"enemies":"Blue Slaver","floor":7.0,"turns":3.0},{"damage":5.0,"enemies":"Gremlin Gang","floor":8.0,"turns":4.0},{"damage":3.0,"enemies":"Lots of Slimes","floor":10.0,"turns":2.0},{"damage":6.0,"enemies":"conspire:MimicChest","floor":12.0,"turns":4.0},{"damage":0.0,"enemies":"2 Fungi Beasts","floor":14.0,"turns":2.0},{"damage":49.0,"enemies":"Hexaghost","floor":16.0,"turns":7.0},{"damage":0.0,"enemies":"Spheric Guardian","floor":18.0,"turns":2.0},{"damage":8.0,"enemies":"Shell Parasite","floor":20.0,"turns":4.0},{"damage":66.0,"enemies":"Snake Plant","floor":22.0,"turns":8.0},{"damage":13.0,"enemies":"conspire:Head Lice","floor":23.0,"turns":8.0},{"damage":0.0,"enemies":"Centurion and Healer","floor":27.0,"turns":4.0},{"damage":36,"enemies":"Slavers","floor":28,"turns":4},{"damage":13,"enemies":"Snecko","floor":29,"turns":5},{"damage":14,"enemies":"Snake Plant","floor":31,"turns":2}],"seed_played":"706789221011672687","potions_obtained":[{"floor":1.0,"key":"Swift Potion"},{"floor":3.0,"key":"SteroidPotion"},{"floor":7.0,"key":"FearPotion"},{"floor":10.0,"key":"AttackPotion"},{"floor":16.0,"key":"Energy Potion"},{"floor":18.0,"key":"AttackPotion"},{"floor":20.0,"key":"Weak Potion"},{"floor":25.0,"key":"Regen Potion"},{"floor":25.0,"key":"Guardian:BlockOnCardUsePotion"},{"floor":25.0,"key":"Ambrosia"},{"floor":29,"key":"ColorlessPotion"}],"is_trial":false,"path_per_floor":["M","M","M","M","$","E","M","M","T","M","R","?","R","M","R","B",null,"M","?","M","AVR","M","E","R","?","T","M","E","M","?","M"],"character_chosen":"WATCHER","items_purchased":["BattleHymn","War Paint","Blue Doll"],"campfire_rested":1,"item_purchase_floors":[0,0,5],"current_hp_per_floor":[72,72,72,70,70,66,65,63,63,63,63,60,60,63,63,17,93,96,96,91,91,25,15,45,45,45,45,24,11,14,0,0],"gold":465,"neow_bonus":"","is_prod":false,"is_daily":false,"chose_seed":false,"campfire_upgraded":3,"win_rate":0.0,"timestamp":1607496153,"path_taken":["M","M","M","M","$","E","M","M","T","M","R","?","R","M","R","BOSS","M","?","M","AVR","M","E","R","?","T","M","E","M","?","M"],"build_version":"2020-11-30","purchased_purges":0,"victory":false,"max_hp_per_floor":[72,72,72,72,72,75,78,81,81,84,84,87,87,90,90,93,93,96,96,99,99,99,102,102,102,102,102,105,105,108,108,108],"relic_stats":{"counters":[221,981],"Juzu Bracelet":1,"War Paint":["Vigilance","Defend_P"],"obtain_stats":[{"Vajra":26,"Whetstone":28,"Bottled Tornado":12,"Sling":46,"Blood Vial":26,"Replay:Ringing Soul":6,"Centennial Puzzle":8,"downfall:BrokenWingStatue":0,"DollysMirror":20,"Strawberry":26,"conspire:DecoderRing":9,"infinitespire:Golems Mask":23,"Toxic Egg 2":26,"MerchantsRug":0,"Pear":28,"Astrolabe":17,"Oddly Smooth Stone":0,"Eternal Feather":19,"Pen Nib":8,"War Paint":0,"Question Card":30,"SlaversCollar":17,"Shuriken":9,"Bronze Scales":9,"Molten Egg 2":26,"Darkstone Periapt":6,"Lantern":10,"SacredBark":0,"StoneCalendar":41,"Mango":26,"Blue Doll":5,"Juzu Bracelet":9,"Bag of Preparation":9,"Ancient Tea Set":6,"Burning Blood":0,"Dream Catcher":43,"Nunchaku":29,"Replay:Bandana":12,"TheAbacus":0,"Matryoshka":21,"Mummified Hand":34,"Pantograph":14,"Red Mask":48,"Chemical X":19,"Cracked Core":0,"Runic Pyramid":17,"Potion Belt":34,"ReplayTheSpireMod:Ninjato":28,"Golden Idol":5,"Self Forming Clay":8,"Damaru":19,"PreservedInsect":0,"Frozen Egg 2":12,"Orichalcum":9,"MawBank":25,"White Beast Statue":38,"Nuclear Battery":34,"Peace Pipe":0,"Calling Bell":34,"Strange Spoon":0,"Anchor":23,"Ornamental Fan":9,"Bag of Marbles":9,"Bottled Lightning":22,"PureWater":18,"TungstenRod":7,"FossilizedHelix":0},{"Vajra":217,"Whetstone":155,"Bottled Tornado":112,"Sling":191,"Blood Vial":120,"Replay:Ringing Soul":207,"Centennial Puzzle":92,"downfall:BrokenWingStatue":193,"DollysMirror":97,"Strawberry":139,"conspire:DecoderRing":209,"infinitespire:Golems Mask":217,"Toxic Egg 2":155,"MerchantsRug":46,"Pear":122,"Astrolabe":55,"Oddly Smooth Stone":104,"Eternal Feather":83,"Pen Nib":110,"War Paint":202,"Question Card":156,"SlaversCollar":82,"Shuriken":163,"Bronze Scales":51,"Molten Egg 2":60,"Darkstone Periapt":109,"Lantern":92,"SacredBark":46,"StoneCalendar":69,"Mango":100,"Blue Doll":206,"Juzu Bracelet":79,"Bag of Preparation":130,"Ancient Tea Set":91,"Burning Blood":0,"Dream Catcher":70,"Nunchaku":101,"Replay:Bandana":211,"TheAbacus":157,"Matryoshka":215,"Mummified Hand":186,"Pantograph":148,"Red Mask":192,"Chemical X":201,"Cracked Core":0,"Runic Pyramid":149,"Potion Belt":186,"ReplayTheSpireMod:Ninjato":219,"Golden Idol":145,"Self Forming Clay":175,"Damaru":201,"PreservedInsect":142,"Frozen Egg 2":80,"Orichalcum":92,"MawBank":120,"White Beast Statue":188,"Nuclear Battery":63,"Peace Pipe":86,"Calling Bell":186,"Strange Spoon":46,"Anchor":183,"Ornamental Fan":145,"Bag of Marbles":175,"Bottled Lightning":59,"PureWater":201,"TungstenRod":79,"FossilizedHelix":193},{"Vajra":966,"Whetstone":693,"Bottled Tornado":508,"Sling":843,"Blood Vial":543,"Replay:Ringing Soul":922,"Centennial Puzzle":422,"downfall:BrokenWingStatue":856,"DollysMirror":451,"Strawberry":622,"conspire:DecoderRing":929,"infinitespire:Golems Mask":966,"Toxic Egg 2":693,"MerchantsRug":207,"Pear":556,"Astrolabe":234,"Oddly Smooth Stone":480,"Eternal Feather":383,"Pen Nib":501,"War Paint":907,"Question Card":697,"SlaversCollar":379,"Shuriken":723,"Bronze Scales":221,"Molten Egg 2":261,"Darkstone Periapt":496,"Lantern":422,"SacredBark":207,"StoneCalendar":315,"Mango":462,"Blue Doll":919,"Juzu Bracelet":364,"Bag of Preparation":588,"Ancient Tea Set":416,"Burning Blood":0,"Dream Catcher":324,"Nunchaku":467,"Replay:Bandana":935,"TheAbacus":707,"Matryoshka":950,"Mummified Hand":820,"Pantograph":658,"Red Mask":847,"Chemical X":900,"Cracked Core":0,"Runic Pyramid":667,"Potion Belt":820,"ReplayTheSpireMod:Ninjato":974,"Golden Idol":648,"Self Forming Clay":772,"Damaru":900,"PreservedInsect":641,"Frozen Egg 2":368,"Orichalcum":422,"MawBank":543,"White Beast Statue":828,"Nuclear Battery":284,"Peace Pipe":400,"Calling Bell":820,"Strange Spoon":207,"Anchor":802,"Ornamental Fan":648,"Bag of Marbles":772,"Bottled Lightning":255,"PureWater":899,"TungstenRod":364,"FossilizedHelix":856}]},"card_choices":[{"not_picked":["BowlingBash","ThirdEye"],"picked":"Consecrate","floor":1.0},{"not_picked":["FlyingSleeves","ClearTheMind"],"picked":"Replay:DivineShield","floor":2.0},{"not_picked":["Swivel","Nirvana"],"picked":"FearNoEvil","floor":3.0},{"not_picked":["CrushJoints","Vault"],"picked":"Collect","floor":4.0},{"not_picked":["Replay:ManipulateFuture","WindmillStrike"],"picked":"CutThroughFate","floor":6.0},{"not_picked":["Protect","Replay:BluntJabs"],"picked":"Worship","floor":7.0},{"not_picked":["FollowUp","CrushJoints"],"picked":"Nirvana","floor":8.0},{"not_picked":["DeceiveReality","PathToVictory"],"picked":"Replay:Anticipation","floor":10.0},{"not_picked":["SashWhip","CarveReality"],"picked":"BattleHymn","floor":12.0},{"not_picked":["Protect","Evaluate"],"picked":"CrushJoints","floor":14.0},{"not_picked":["Replay:LoomingThreat","Omniscience"],"picked":"Establishment","floor":16.0},{"not_picked":["Replay:BluntJabs","EmptyFist"],"picked":"Study","floor":18.0},{"not_picked":["ClearTheMind","SignatureMove"],"picked":"WreathOfFlame","floor":20.0},{"not_picked":["CutThroughFate","BowlingBash","Halt"],"picked":"SKIP","floor":22.0},{"not_picked":["WreathOfFlame+1","PathToVictory"],"picked":"Pray+1","floor":23.0},{"not_picked":["WaveOfTheHand","Replay:Battleflow","Protect"],"picked":"SKIP","floor":27.0},{"not_picked":["PathToVictory","Nirvana+1"],"picked":"Consecrate","floor":28},{"not_picked":["Omniscience","EmptyBody","FollowUp"],"picked":"SKIP","floor":29}],"player_experience":65986,"relics_obtained":[{"floor":6.0,"key":"Replay:Ringing Soul"},{"floor":9.0,"key":"conspire:DecoderRing"},{"floor":12.0,"key":"Replay:Bandana"},{"floor":23.0,"key":"infinitespire:Golems Mask"},{"floor":26.0,"key":"Vajra"},{"floor":26.0,"key":"Juzu Bracelet"},{"floor":28,"key":"ReplayTheSpireMod:Ninjato"}],"event_choices":[{"damage_healed":0.0,"max_hp_gain":0.0,"max_hp_loss":0.0,"gold_gain":0.0,"event_name":"Accursed Blacksmith","player_choice":"Forge","floor":19.0,"gold_loss":0.0,"damage_taken":0.0,"cards_upgraded":["Establishment"]},{"damage_healed":0.0,"max_hp_gain":0.0,"max_hp_loss":0.0,"gold_gain":0.0,"event_name":"Lab","player_choice":"Got Potions","floor":25.0,"gold_loss":0.0,"damage_taken":0.0},{"damage_healed":0,"gold_gain":0,"cards_transformed":["Strike_P"],"player_choice":"Transformed","damage_taken":0,"max_hp_gain":0,"max_hp_loss":0,"event_name":"Transmorgrifier","floor":30,"gold_loss":0,"cards_obtained":["Replay:Hum"]}],"is_beta":false,"boss_relics":[{"not_picked":["Calling Bell","Ring of Chaos"],"picked":"Runic Pyramid"}],"items_purged_floors":[],"is_endless":false,"potions_floor_spawned":[1,3,7,10,16,18,20,29],"killed_by":"Snake Plant","ascension_level":0}}