{"host":"gc0o0aftdpafl7it","time":1607530790,"event":{"gold_per_floor":[118,118,134,148,159,159,159],"floor_reached":6,"playtime":295,"items_purged":[],"score":48,"play_id":"d72d4f84-819c-4ce3-99a1-c910709b71b6","local_time":"20201209171950","is_ascension_mode":true,"campfire_choices":[],"neow_cost":"NONE","seed_source_timestamp":169690119472400,"circlet_count":0,"master_deck":["Strike_G","Strike_G","Strike_G","Strike_G","Strike_G","Defend_G","Defend_G","Defend_G","Defend_G","Defend_G","Survivor","Neutralize","CurseOfTheBell","Footwork","PiercingWail","Escape Plan"],"relics":["Calling Bell","Boot","InkBottle","Gambling Chip","Dream Catcher"],"potions_floor_usage":[],"damage_taken":[{"damage":2,"enemies":"Jaw Worm","floor":1,"turns":4},{"damage":1,"enemies":"Small Slimes","floor":3,"turns":5},{"damage":7,"enemies":"2 Louse","floor":4,"turns":3},{"damage":6,"enemies":"Looter","floor":5,"turns":4},{"damage":60,"enemies":"Gremlin Nob","floor":6,"turns":5}],"seed_played":"2652965383032860996","potions_obtained":[],"is_trial":false,"path_per_floor":["M","?","M","M","M","E"],"character_chosen":"THE_SILENT","items_purchased":[],"campfire_rested":0,"item_purchase_floors":[],"current_hp_per_floor":[68,61,60,53,47,0,0],"gold":159,"neow_bonus":"BOSS_RELIC","is_prod":false,"is_daily":false,"chose_seed":false,"campfire_upgraded":0,"win_rate":0,"timestamp":1607530790,"path_taken":["M","?","M","M","M","E"],"build_version":"2020-11-30","purchased_purges":0,"victory":false,"max_hp_per_floor":[70,70,70,70,70,70,70],"relic_stats":{"Dream Catcher":0,"counters":[5,21],"Gambling Chip":[11],"Boot":[29],"obtain_stats":[{"Calling Bell":0,"Dream Catcher":2,"Gambling Chip":0,"Boot":0,"InkBottle":0,"Ring of the Snake":0},{"Calling Bell":0,"Dream Catcher":1,"Gambling Chip":0,"Boot":0,"InkBottle":0,"Ring of the Snake":0},{"Calling Bell":0,"Dream Catcher":4,"Gambling Chip":0,"Boot":0,"InkBottle":0,"Ring of the Snake":0}],"InkBottle":[6]},"card_choices":[{"not_picked":["Deflect","Dodge and Roll","Outmaneuver"],"picked":"SKIP","floor":1},{"not_picked":["Poisoned Stab","Bane"],"picked":"Footwork","floor":3},{"not_picked":["Skewer","Distraction"],"picked":"PiercingWail","floor":4},{"not_picked":["Outmaneuver","Leg Sweep"],"picked":"Escape Plan","floor":5}],"player_experience":338354,"relics_obtained":[{"floor":0,"key":"Boot"},{"floor":0,"key":"InkBottle"},{"floor":0,"key":"Gambling Chip"}],"event_choices":[{"damage_healed":0,"gold_gain":0,"player_choice":"Success","damage_taken":7,"relics_obtained":["Dream Catcher"],"max_hp_gain":0,"max_hp_loss":0,"event_name":"Scrap Ooze","floor":2,"gold_loss":0}],"is_beta":false,"boss_relics":[],"items_purged_floors":[],"is_endless":false,"potions_floor_spawned":[],"killed_by":"Gremlin Nob","ascension_level":5}}