{"host":"womlpxqjjlvrjm57","time":1607490217,"event":{"gold_per_floor":[109,319,319,330,341,372,372,140,140,155,175,189,364,14,14,109,59,71,88,88,88,88,88,101,101,101,119,119,119,23,23,23,23,23],"floor_reached":33,"playtime":2461,"items_purged":[],"score":456,"play_id":"719e14a9-543a-48b0-9054-52b2390fc347","local_time":"20201209000337","is_ascension_mode":true,"campfire_choices":[{"floor":7.0,"key":"REST"},{"data":"TheCursedMod:Evocation","floor":15.0,"key":"SMITH"},{"data":"TheCursedMod:WearCloak","floor":23.0,"key":"SMITH"},{"floor":25.0,"key":"REST"},{"floor":32,"key":"REST"}],"neow_cost":"NONE","seed_source_timestamp":212144951047947,"circlet_count":0,"master_deck":["TheCursedMod:Strike_TheCursed","TheCursedMod:Strike_TheCursed","TheCursedMod:Strike_TheCursed","TheCursedMod:Strike_TheCursed","TheCursedMod:Defend_TheCursed","TheCursedMod:Defend_TheCursed","TheCursedMod:Defend_TheCursed","TheCursedMod:Defend_TheCursed","TheCursedMod:CursedWand","TheCursedMod:CleanUpWorkshop+1","TheCursedMod:Dregs","TheCursedMod:TroublousMinions","ReplayTheSpireMod:Splinters","TheCursedMod:FuryStrike","TheCursedMod:CursedAmulet","TheCursedMod:RavingStaff","TheCursedMod:CursedBoomerang","TheCursedMod:CursedStaff","TheCursedMod:WearCloak+1","TheCursedMod:CursedShiv","TheCursedMod:Evocation+1","TheCursedMod:CircleOfFlame","Doubt","TheCursedMod:AbyssShockwave","TheCursedMod:CircleOfFlame","TheCursedMod:ShockAndAwe","TheCursedMod:Strike_TheCursed","TheCursedMod:CircleOfFlame","TheCursedMod:LuckyCharm","TheCursedMod:CursedBoomerang","J.A.X.","StuffTheSpire:Deluminance","StuffTheSpire:Deluminance","StuffTheSpire:Deluminance","StuffTheSpire:Deluminance","StuffTheSpire:Deluminance","TheCursedMod:CursedBlade","TheCursedMod:CursedArmor","Shame","Shame","TheCursedMod:CursedAmulet","TheCursedMod:CursedMace","Slimebound:CheckThePlaybook","Slimebound:Icky"],"special_seed":0,"relics":["TheCursedMod:BlackMagic101","theForsaken:ScaryMask","Juzu Bracelet","StuffTheSpire:OldFever","Regal Pillow","energizedSpire:HugeHouse","StuffTheSpire:BlackoutCurse","relicPack:AllForOne","HollowMod:PaleOreRelic"],"potions_floor_usage":[33],"damage_taken":[{"damage":0.0,"enemies":"Cultist","floor":1.0,"turns":5.0},{"damage":0.0,"enemies":"Jaw Worm","floor":4.0,"turns":3.0},{"damage":2.0,"enemies":"2 Louse","floor":5.0,"turns":3.0},{"damage":41.0,"enemies":"Gremlin Nob","floor":6.0,"turns":4.0},{"damage":0.0,"enemies":"Red Slaver","floor":10.0,"turns":3.0},{"damage":3.0,"enemies":"Blue Slaver","floor":11.0,"turns":3.0},{"damage":0.0,"enemies":"Exordium Wildlife","floor":12.0,"turns":3.0},{"damage":10.0,"enemies":"Slime Boss","floor":16.0,"turns":7.0},{"damage":0.0,"enemies":"2 Thieves","floor":18.0,"turns":2.0},{"damage":12.0,"enemies":"Shell Parasite","floor":19.0,"turns":4.0},{"damage":44.0,"enemies":"Snake Plant","floor":24.0,"turns":8.0},{"damage":26,"enemies":"Centurion and Healer","floor":27,"turns":6},{"damage":72,"enemies":"Champ","floor":33,"turns":8}],"seed_played":"-7679639026862329768","potions_obtained":[{"floor":4.0,"key":"Fire Potion"},{"floor":5.0,"key":"blueLaboratory:BottledHope"},{"floor":10.0,"key":"Toxic Potion"},{"floor":12.0,"key":"Regen Potion"},{"floor":19.0,"key":"sneckomod:MuddlingPotion"},{"floor":27,"key":"blueLaboratory:PolymorphPotion"}],"is_trial":false,"path_per_floor":["M","?","?","M","M","E","R","$","T","M","M","M","?","$","R","B",null,"M","M","?","?","?","R","M","R","T","M","?","?","$","?","R","B"],"character_chosen":"THE_CURSED","items_purchased":["TheCursedMod:CursedStaff","TheCursedMod:WearCloak","Juzu Bracelet","Regal Pillow","TheCursedMod:AbyssShockwave","TheCursedMod:SpitefulPlan","TheCursedMod:CircleOfFlame","TheCursedMod:CursedAmulet","TheCursedMod:CursedMace"],"campfire_rested":3,"item_purchase_floors":[8,8,8,14,14,14,14,30,30],"current_hp_per_floor":[75,75,75,75,73,32,54,54,54,54,51,51,51,51,51,50,65,65,53,53,53,53,53,9,45,45,19,19,19,19,19,55,0,0],"gold":23,"neow_bonus":"UPGRADE_CARD","is_prod":false,"is_daily":false,"chose_seed":false,"campfire_upgraded":2,"win_rate":0,"timestamp":1607490217,"path_taken":["M","?","?","?","M","E","R","$","T","M","M","M","?","?","R","BOSS","M","M","?","?","?","R","M","R","T","M","?","?","$","?","R","BOSS"],"build_version":"2020-11-30","purchased_purges":0,"victory":false,"max_hp_per_floor":[75,75,75,75,75,75,75,75,75,75,75,75,75,75,75,75,70,70,70,70,70,70,70,70,70,70,70,70,70,70,70,70,70,70],"relic_stats":{"Regal Pillow":30,"counters":[13,59],"Juzu Bracelet":1,"obtain_stats":[{"TheCursedMod:BlackMagic101":0,"theForsaken:ScaryMask":6,"Regal Pillow":14,"StuffTheSpire:BlackoutCurse":21,"Juzu Bracelet":8,"energizedSpire:HugeHouse":17,"relicPack:AllForOne":22,"HollowMod:PaleOreRelic":29,"StuffTheSpire:OldFever":9},{"TheCursedMod:BlackMagic101":0,"theForsaken:ScaryMask":4,"Regal Pillow":7,"StuffTheSpire:BlackoutCurse":10,"Juzu Bracelet":4,"energizedSpire:HugeHouse":8,"relicPack:AllForOne":10,"HollowMod:PaleOreRelic":12,"StuffTheSpire:OldFever":4},{"TheCursedMod:BlackMagic101":0,"theForsaken:ScaryMask":15,"Regal Pillow":24,"StuffTheSpire:BlackoutCurse":37,"Juzu Bracelet":15,"energizedSpire:HugeHouse":31,"relicPack:AllForOne":37,"HollowMod:PaleOreRelic":51,"StuffTheSpire:OldFever":15}]},"card_choices":[{"not_picked":["TheCursedMod:SaltUponWound","TheCursedMod:TacticalStrike"],"picked":"TheCursedMod:TroublousMinions","floor":1.0},{"not_picked":["TheCursedMod:CircleOfFlame","TheCursedMod:Torture"],"picked":"TheCursedMod:FuryStrike","floor":2.0},{"not_picked":["TheCursedMod:Torture","TheCursedMod:Stretching"],"picked":"TheCursedMod:CursedAmulet","floor":4.0},{"not_picked":["TheCursedMod:CursedAmulet","TheCursedMod:Stigma"],"picked":"TheCursedMod:RavingStaff","floor":5.0},{"not_picked":["TheCursedMod:ParallelWorld","TheCursedMod:FleshFromBone"],"picked":"TheCursedMod:CursedBoomerang","floor":6.0},{"not_picked":["TheCursedMod:Mangle","TheCursedMod:FleshFromBone"],"picked":"TheCursedMod:CursedShiv","floor":10.0},{"not_picked":["TheCursedMod:Torture","TheCursedMod:CircleOfCorruption"],"picked":"TheCursedMod:Evocation","floor":11.0},{"not_picked":["TheCursedMod:TacticalStrike","TheCursedMod:SoulCrush"],"picked":"TheCursedMod:CircleOfFlame","floor":12.0},{"not_picked":["TheCursedMod:ParallelWorld","TheCursedMod:Neurasthenia"],"picked":"TheCursedMod:ShockAndAwe","floor":16.0},{"not_picked":["TheCursedMod:TroublousMinions+1","TheCursedMod:Stretching+1"],"picked":"TheCursedMod:LuckyCharm","floor":18.0},{"not_picked":["TheCursedMod:Stretching","TheCursedMod:Wield"],"picked":"TheCursedMod:CursedBoomerang","floor":19.0},{"not_picked":["TheCursedMod:TacticalStrike+1","TheCursedMod:AshesToAshes"],"picked":"TheCursedMod:CursedBlade","floor":24.0},{"not_picked":["TheCursedMod:WearCloak","TheCursedMod:Hemoplague"],"picked":"TheCursedMod:CursedArmor","floor":27}],"player_experience":500626,"relics_obtained":[{"floor":6.0,"key":"theForsaken:ScaryMask"},{"floor":9.0,"key":"StuffTheSpire:OldFever"}],"event_choices":[{"damage_healed":0.0,"max_hp_gain":0.0,"max_hp_loss":0.0,"gold_gain":0.0,"event_name":"Purifier","player_choice":"Ignored","floor":3.0,"gold_loss":0.0,"damage_taken":0.0},{"damage_healed":0.0,"max_hp_gain":0.0,"max_hp_loss":0.0,"gold_gain":175.0,"event_name":"betterThird:BetterSerpent","player_choice":"AGREE","floor":13.0,"gold_loss":0.0,"damage_taken":189.0},{"damage_healed":0.0,"max_hp_gain":0.0,"max_hp_loss":0.0,"gold_gain":0.0,"event_name":"Drug Dealer","player_choice":"Obtain J.A.X.","floor":20.0,"gold_loss":0.0,"damage_taken":0.0,"cards_obtained":["J.A.X."]},{"damage_healed":0,"gold_gain":0,"player_choice":"Stole Relic","damage_taken":0,"relics_obtained":["HollowMod:PaleOreRelic"],"max_hp_gain":0,"max_hp_loss":0,"event_name":"Addict","floor":29,"gold_loss":0,"cards_obtained":["Shame"]}],"is_beta":false,"boss_relics":[{"not_picked":["energizedSpire:RedRose","conspire:RunicOctahedron"],"picked":"energizedSpire:HugeHouse"}],"items_purged_floors":[],"is_endless":false,"potions_floor_spawned":[4,5,10,12,19,27],"killed_by":"Champ","ascension_level":5}}