{"host":"kux12pw67lc1ca9q","time":1607540556,"event":{"gold_per_floor":[118,118,58,58,58,58,58,84,84,84,84],"floor_reached":10,"playtime":12641,"items_purged":[],"score":124,"play_id":"b2e0d4ec-cfd6-4df9-a769-c624cabdfc95","local_time":"20201209190236","is_ascension_mode":true,"campfire_choices":[{"data":"stsjorbsmod:FreshAdventure","floor":6,"key":"SMITH"}],"neow_cost":"NONE","seed_source_timestamp":343038756588300,"circlet_count":0,"master_deck":["AscendersBane","stsjorbsmod:ForbiddenGrimoire+1","stsjorbsmod:Strike_Wanderer","stsjorbsmod:Strike_Wanderer","stsjorbsmod:Strike_Wanderer","stsjorbsmod:Strike_Wanderer","stsjorbsmod:Defend_Wanderer","stsjorbsmod:Defend_Wanderer","stsjorbsmod:Defend_Wanderer","stsjorbsmod:Defend_Wanderer","stsjorbsmod:FreshAdventure+1","stsjorbsmod:EyeOfTheStorm","stsjorbsmod:FranticSearch","Pain","stsjorbsmod:HedgeWizard"],"special_seed":0,"relics":["stsjorbsmod:GrimoireRelic","aspiration:Nostalgia","Cracked Core","PaintedHorse:ReiMu","StuffTheSpire:Barrel","WarpedTongs","Mastiff:ReiMu","Matryoshka"],"potions_floor_usage":[1,8],"damage_taken":[{"damage":3,"enemies":"2 Louse","floor":1,"turns":3},{"damage":10,"enemies":"Gremlin Nob","floor":8,"turns":3},{"damage":2,"enemies":"3 Sentries","floor":10,"turns":2}],"seed_played":"2984702850409028495","potions_obtained":[{"floor":1,"key":"potionbrewer:SplittingPotion"}],"is_trial":false,"path_per_floor":["M","?","?","?","$","R","?","E","T","E"],"character_chosen":"WANDERER","items_purchased":[],"campfire_rested":0,"item_purchase_floors":[],"current_hp_per_floor":[56,56,56,56,56,56,56,48,48,46,46],"gold":84,"neow_bonus":"NOSTALGIA","is_prod":false,"is_daily":false,"chose_seed":false,"campfire_upgraded":1,"win_rate":0,"timestamp":1607540556,"path_taken":["M","?","?","?","?","R","?","E","T","E"],"build_version":"2020-11-30","purchased_purges":0,"victory":false,"max_hp_per_floor":[64,64,64,64,64,64,64,64,64,64,64],"card_choices":[{"not_picked":["stsjorbsmod:Index","stsjorbsmod:ChainLightning"],"picked":"stsjorbsmod:FranticSearch","floor":1},{"not_picked":["stsjorbsmod:FranticSearch","stsjorbsmod:Prepare"],"picked":"stsjorbsmod:HedgeWizard","floor":8}],"player_experience":1289556,"relics_obtained":[{"floor":4,"key":"StuffTheSpire:Barrel"},{"floor":8,"key":"Mastiff:ReiMu"},{"floor":9,"key":"Matryoshka"}],"event_choices":[{"damage_healed":0,"gold_gain":0,"player_choice":"Donate","damage_taken":0,"relics_obtained":["PaintedHorse:ReiMu"],"max_hp_gain":0,"max_hp_loss":0,"event_name":"yidonshenshe","floor":3,"gold_loss":60},{"damage_healed":0,"gold_gain":0,"player_choice":"Rummage","damage_taken":0,"relics_obtained":["WarpedTongs"],"max_hp_gain":0,"max_hp_loss":0,"event_name":"Accursed Blacksmith","floor":7,"gold_loss":0,"cards_obtained":["Pain"]}],"is_beta":false,"boss_relics":[],"items_purged_floors":[],"is_endless":false,"potions_floor_spawned":[1],"killed_by":"3 Sentries","ascension_level":20}}