{"host":"5gc11emcm5chfr5t","time":1607550101,"event":{"gold_per_floor":[112,123,138,138,149,181,181,194,245,2,2,37,54,84,84,188,188,202,188,103,118,118,118],"floor_reached":22,"playtime":777,"items_purged":[],"score":239,"play_id":"6b08e51d-53fc-47df-a2e7-a45698e62bad","local_time":"20201209164141","is_ascension_mode":true,"campfire_choices":[{"floor":7,"key":"REST"},{"floor":15,"key":"REST"}],"neow_cost":"PERCENT_DAMAGE","seed_source_timestamp":240832449039700,"circlet_count":0,"master_deck":["Strike_R","Strike_R","Strike_R","Strike_R","Strike_R","Defend_R","Defend_R","Defend_R+1","Bash","Feed","Perfected Strike","Uppercut","Twin Strike","Flex","Shrug It Off","Armaments+1","Apotheosis","Shockwave","Pommel Strike","Fire Breathing","Reaper","Iron Wave+1","Pommel Strike","Rage+1"],"relics":["Burning Blood","Blood Vial","Darkstone Periapt","War Paint","Toy Ornithopter","Black Star","PreservedInsect"],"potions_floor_usage":[6,8,13],"damage_taken":[{"damage":0,"enemies":"Cultist","floor":1,"turns":2},{"damage":7,"enemies":"Jaw Worm","floor":2,"turns":3},{"damage":0,"enemies":"Small Slimes","floor":3,"turns":2},{"damage":13,"enemies":"Blue Slaver","floor":5,"turns":2},{"damage":29,"enemies":"Lagavulin","floor":6,"turns":4},{"damage":7,"enemies":"Exordium Wildlife","floor":8,"turns":3},{"damage":30,"enemies":"Gremlin Nob","floor":12,"turns":5},{"damage":11,"enemies":"Looter","floor":13,"turns":2},{"damage":18,"enemies":"3 Sentries","floor":14,"turns":5},{"damage":32,"enemies":"The Guardian","floor":16,"turns":12},{"damage":46,"enemies":"Spheric Guardian","floor":18,"turns":6},{"damage":16,"enemies":"2 Thieves","floor":19,"turns":4},{"damage":49,"enemies":"Cultist and Chosen","floor":21,"turns":8},{"damage":16,"enemies":"Shelled Parasite and Fungi","floor":22,"turns":3}],"seed_played":"-7007958482696997928","potions_obtained":[{"floor":3,"key":"PowerPotion"},{"floor":6,"key":"Fire Potion"},{"floor":12,"key":"AttackPotion"}],"is_trial":false,"path_per_floor":["M","M","M","?","M","E","R","M","T","$","?","E","M","E","R","B",null,"M","M","?","M","M"],"character_chosen":"IRONCLAD","items_purchased":["Apotheosis","Shockwave"],"campfire_rested":2,"item_purchase_floors":[10,10],"current_hp_per_floor":[65,64,70,70,63,40,64,68,68,68,65,43,40,30,55,35,90,50,42,42,9,0,0],"gold":118,"neow_bonus":"THREE_RARE_CARDS","is_prod":false,"is_daily":false,"chose_seed":false,"campfire_upgraded":0,"win_rate":0,"timestamp":1607550101,"path_taken":["M","?","M","?","?","E","R","M","T","$","?","E","M","E","R","BOSS","M","M","?","M","M"],"build_version":"2020-11-30","purchased_purges":0,"victory":false,"max_hp_per_floor":[83,83,83,83,83,83,83,86,86,86,86,86,86,86,86,90,90,90,90,90,90,90,90],"card_choices":[{"not_picked":["Brutality","Exhume"],"picked":"Feed","floor":0},{"not_picked":["Body Slam","Sever Soul"],"picked":"Perfected Strike","floor":1},{"not_picked":["Heavy Blade","Burning Pact"],"picked":"Uppercut","floor":2},{"not_picked":["Body Slam","Feel No Pain"],"picked":"Twin Strike","floor":3},{"not_picked":["Havoc","True Grit"],"picked":"Flex","floor":5},{"not_picked":["Rampage","Searing Blow"],"picked":"Shrug It Off","floor":6},{"not_picked":["Infernal Blade","Whirlwind"],"picked":"Armaments","floor":8},{"not_picked":["Warcry","Hemokinesis"],"picked":"Pommel Strike","floor":12},{"not_picked":["Armaments","Sentinel"],"picked":"Fire Breathing","floor":13},{"not_picked":["Shrug It Off","Battle Trance","Clash"],"picked":"SKIP","floor":14},{"not_picked":["Brutality","Offering"],"picked":"Reaper","floor":16},{"not_picked":["Clash","Headbutt"],"picked":"Iron Wave+1","floor":18},{"not_picked":["Body Slam","Second Wind"],"picked":"Pommel Strike","floor":19},{"not_picked":["Pummel+1","Iron Wave+1"],"picked":"Rage+1","floor":21}],"player_experience":305286,"relics_obtained":[{"floor":6,"key":"Blood Vial"},{"floor":12,"key":"War Paint"},{"floor":14,"key":"Toy Ornithopter"}],"event_choices":[{"cards_removed":["Defend_R"],"damage_healed":0,"gold_gain":0,"player_choice":"Purged","damage_taken":0,"max_hp_gain":0,"max_hp_loss":0,"event_name":"Purifier","floor":4,"gold_loss":0},{"damage_healed":0,"gold_gain":0,"player_choice":"Success","damage_taken":3,"relics_obtained":["Darkstone Periapt"],"max_hp_gain":0,"max_hp_loss":0,"event_name":"Scrap Ooze","floor":11,"gold_loss":0},{"damage_healed":0,"gold_gain":0,"player_choice":"Obtained Relic","damage_taken":0,"relics_obtained":["PreservedInsect"],"max_hp_gain":0,"max_hp_loss":0,"event_name":"Addict","floor":20,"gold_loss":85}],"is_beta":false,"boss_relics":[{"not_picked":["Fusion Hammer","SacredBark"],"picked":"Black Star"}],"items_purged_floors":[],"is_endless":false,"potions_floor_spawned":[3,6,12],"killed_by":"Shelled Parasite and Fungi","ascension_level":3}}