{"host":"rantoq7h0pygex6x","time":1607522213,"event":{"gold_per_floor":[115,125,0,17,17,45,55,86,86,119,62,62,62,82,82,159,159,170,1,276,289,60,60,93,93,120,120,42,53,53,53],"floor_reached":30,"playtime":767,"items_purged":["Strike_G","Defend_G","Enlightenment","Regret"],"score":757,"play_id":"5d3a4d9f-3874-4a54-8205-86b0761fb8c4","local_time":"20201209215653","is_ascension_mode":true,"campfire_choices":[{"floor":12.0,"key":"REST"},{"data":"Footwork","floor":15.0,"key":"SMITH"},{"data":"Footwork","floor":23.0,"key":"SMITH"},{"floor":25.0,"key":"REST"},{"floor":27.0,"key":"REST"}],"neow_cost":"","seed_source_timestamp":9084171164300,"circlet_count":0,"master_deck":["AscendersBane","Strike_G","Strike_G","Strike_G","Defend_G","Defend_G","Defend_G+1","Defend_G","Survivor","Neutralize","Poisoned Stab","Backflip","Tactician","Dagger Spray","Bane","Footwork+1","Noxious Fumes","Catalyst+1","Poisoned Stab","Bane","Escape Plan","Adrenaline","CurseOfTheBell","Footwork+1","Backflip","Footwork","Caltrops+1"],"special_seed":0,"relics":["Ring of the Snake","PreservedInsect","StoneCalendar","Dream Catcher","Darkstone Periapt","Singing Bowl","Calling Bell","Happy Flower","Pantograph","WingedGreaves","Anchor","Peace Pipe","War Paint"],"potions_floor_usage":[30,30],"damage_taken":[{"damage":1.0,"enemies":"Small Slimes","floor":1.0,"turns":5.0},{"damage":1.0,"enemies":"Cultist","floor":2.0,"turns":4.0},{"damage":2.0,"enemies":"2 Louse","floor":4.0,"turns":2.0},{"damage":4.0,"enemies":"Gremlin Nob","floor":6.0,"turns":3.0},{"damage":3.0,"enemies":"Large Slime","floor":7.0,"turns":6.0},{"damage":9.0,"enemies":"3 Sentries","floor":8.0,"turns":5.0},{"damage":4.0,"enemies":"Gremlin Nob","floor":10.0,"turns":4.0},{"damage":17.0,"enemies":"Exordium Thugs","floor":14.0,"turns":4.0},{"damage":36.0,"enemies":"The Guardian","floor":16.0,"turns":8.0},{"damage":8.0,"enemies":"Chosen","floor":18.0,"turns":5.0},{"damage":10.0,"enemies":"Shell Parasite","floor":21.0,"turns":5.0},{"damage":47.0,"enemies":"Slavers","floor":24.0,"turns":6.0},{"damage":26.0,"enemies":"Cultist and Chosen","floor":29.0,"turns":7.0},{"damage":38,"enemies":"Gremlin Leader","floor":30,"turns":5}],"seed_played":"-6596562456940277350","potions_obtained":[{"floor":2.0,"key":"GhostInAJar"},{"floor":4.0,"key":"DistilledChaos"},{"floor":6.0,"key":"Energy Potion"},{"floor":7.0,"key":"DuplicationPotion"},{"floor":16.0,"key":"Dexterity Potion"},{"floor":24.0,"key":"Ancient Potion"},{"floor":29.0,"key":"GamblersBrew"}],"is_trial":false,"path_per_floor":["M","M","$","M","?","E","M","E","T","E","$","R","?","M","R","B",null,"M","$","?","M","$","R","E","R","T","R","$","M","E"],"character_chosen":"THE_SILENT","items_purchased":["Poisoned Stab","PreservedInsect","Backflip","Tactician","Bane","Anchor","Footwork","Footwork"],"campfire_rested":3,"item_purchase_floors":[0,0,0,0,11,19,22,28],"current_hp_per_floor":[35,34,34,32,32,28,25,16,16,12,12,31,53,38,38,2,58,52,52,58,50,50,50,3,30,30,57,57,31,0,0],"gold":53,"neow_bonus":"","is_prod":false,"is_daily":false,"chose_seed":false,"campfire_upgraded":2,"win_rate":0,"timestamp":1607522213,"path_taken":["M","M","$","M","?","E","?","E","T","E","$","R","?","M","R","BOSS","M","$","?","M","$","R","E","R","T","R","?","?","E"],"build_version":"2020-11-30","purchased_purges":4,"victory":false,"max_hp_per_floor":[66,66,66,66,66,66,66,66,66,66,66,66,66,68,68,68,74,76,76,82,84,84,84,84,86,86,88,88,88,88,88],"card_choices":[{"not_picked":["Sucker Punch","PiercingWail"],"picked":"Dagger Spray","floor":1.0},{"not_picked":["Poisoned Stab","Infinite Blades"],"picked":"Bane","floor":2.0},{"not_picked":["Crippling Poison","Venomology"],"picked":"Footwork","floor":4.0},{"not_picked":["Expertise","PiercingWail"],"picked":"Noxious Fumes","floor":6.0},{"not_picked":["Calculated Gamble","Sucker Punch","Blade Dance"],"picked":"SKIP","floor":7.0},{"not_picked":["Slice","Blade Dance"],"picked":"Catalyst","floor":8.0},{"not_picked":["Crippling Poison","Backflip"],"picked":"Poisoned Stab","floor":10.0},{"not_picked":["Quick Slash","Flying Knee"],"picked":"Escape Plan","floor":12.0},{"not_picked":["Quick Slash","Dagger Spray","Setup"],"picked":"Singing Bowl","floor":14.0},{"not_picked":["Grand Finale","Burst"],"picked":"Adrenaline","floor":16.0},{"not_picked":["Cloak And Dagger","Deadly Poison","Bane"],"picked":"Singing Bowl","floor":18.0},{"not_picked":["Outmaneuver","Cloak And Dagger","Deadly Poison"],"picked":"Singing Bowl","floor":21.0},{"not_picked":["Backstab","Envenom"],"picked":"Backflip","floor":24.0},{"not_picked":["Cloak And Dagger","Outmaneuver+1","PiercingWail"],"picked":"Singing Bowl","floor":25.0},{"not_picked":["Infinite Blades","Flying Knee","Acrobatics"],"picked":"Singing Bowl","floor":27.0},{"not_picked":["Prepared","Burst"],"picked":"Caltrops+1","floor":29.0}],"player_experience":965541,"relics_obtained":[{"floor":6.0,"key":"StoneCalendar"},{"floor":8.0,"key":"Dream Catcher"},{"floor":9.0,"key":"Darkstone Periapt"},{"floor":10.0,"key":"Singing Bowl"},{"floor":17.0,"key":"Happy Flower"},{"floor":17.0,"key":"Pantograph"},{"floor":17.0,"key":"WingedGreaves"},{"floor":24.0,"key":"Peace Pipe"},{"floor":26.0,"key":"War Paint"}],"event_choices":[{"cards_removed":["Strike_G"],"damage_healed":0.0,"max_hp_gain":0.0,"max_hp_loss":0.0,"gold_gain":0.0,"event_name":"Bonfire Elementals","player_choice":"Offered Basic","floor":5.0,"gold_loss":0.0,"damage_taken":0.0},{"damage_healed":22.0,"max_hp_gain":0.0,"max_hp_loss":0.0,"gold_gain":0.0,"event_name":"Big Fish","player_choice":"Banana","floor":13.0,"gold_loss":0.0,"damage_taken":0.0},{"damage_healed":0.0,"max_hp_gain":0.0,"max_hp_loss":0.0,"gold_gain":275.0,"event_name":"Golden Shrine","player_choice":"Desecrate","floor":20.0,"gold_loss":0.0,"damage_taken":0.0,"cards_obtained":["Regret"]}],"is_beta":false,"boss_relics":[{"not_picked":["Ectoplasm","Black Star"],"picked":"Calling Bell"}],"items_purged_floors":[0,0,3,22],"is_endless":false,"potions_floor_spawned":[2,4,6,7,16,24,29],"killed_by":"Gremlin Leader","ascension_level":20}}