{"host":"lhth1efayex2023z","time":1607546087,"event":{"gold_per_floor":[359,434,434,450,420,420,455,44,67,79,79,89,119,131,131,226,226,237,255,615,615,615],"floor_reached":21,"playtime":992,"items_purged":[],"score":284,"play_id":"771a8519-f1cd-4deb-8a83-c3fcab7ca43e","local_time":"20201209133447","is_ascension_mode":true,"campfire_choices":[{"floor":6.0,"key":"REST"},{"floor":11.0,"key":"REST"},{"data":"Fission","floor":15.0,"key":"SMITH"}],"neow_cost":"PERCENT_DAMAGE","seed_source_timestamp":1387375691353400,"circlet_count":0,"master_deck":["AscendersBane","Strike_B","Strike_B","Strike_B","Strike_B","Defend_B","Defend_B","Defend_B+1","Defend_B","Zap+1","Dualcast","Melter","Ball Lightning","Echo Form","Capacitor","Auto Shields","Barrage+1","Fission+1","Fission","Self Repair+1"],"special_seed":0,"relics":["Cracked Core","The Courier","PreservedInsect","Bird Faced Urn","Happy Flower","Molten Egg 2","Coffee Dripper"],"potions_floor_usage":[21],"damage_taken":[{"damage":1.0,"enemies":"Cultist","floor":1.0,"turns":3.0},{"damage":9.0,"enemies":"Small Slimes","floor":4.0,"turns":3.0},{"damage":22.0,"enemies":"Lagavulin","floor":7.0,"turns":6.0},{"damage":0.0,"enemies":"2 Louse","floor":10.0,"turns":2.0},{"damage":13.0,"enemies":"Lots of Slimes","floor":12.0,"turns":4.0},{"damage":19.0,"enemies":"3 Sentries","floor":13.0,"turns":6.0},{"damage":0.0,"enemies":"3 Louse","floor":14.0,"turns":4.0},{"damage":22.0,"enemies":"The Guardian","floor":16.0,"turns":10.0},{"damage":15.0,"enemies":"Chosen","floor":18.0,"turns":5.0},{"damage":0.0,"enemies":"Spheric Guardian","floor":19.0,"turns":1.0},{"damage":41,"enemies":"Shelled Parasite and Fungi","floor":21,"turns":3}],"seed_played":"4987120918483801450","potions_obtained":[{"floor":4.0,"key":"EssenceOfDarkness"},{"floor":5.0,"key":"GamblersBrew"},{"floor":5.0,"key":"Energy Potion"},{"floor":13.0,"key":"Regen Potion"}],"is_trial":false,"path_per_floor":["M","?","?","M","?","R","E","$","T","M","R","M","E","M","R","B",null,"M","M","?","M"],"character_chosen":"DEFECT","items_purchased":["PreservedInsect","Bird Faced Urn","Capacitor"],"campfire_rested":2,"item_purchase_floors":[8,8,8],"current_hp_per_floor":[49,49,34,25,25,47,25,25,25,27,49,38,23,25,25,7,58,47,47,11,0,0],"gold":615,"neow_bonus":"TWO_FIFTY_GOLD","is_prod":false,"is_daily":false,"chose_seed":false,"campfire_upgraded":1,"win_rate":0,"timestamp":1607546087,"path_taken":["M","?","?","M","?","R","E","$","T","?","R","M","E","M","R","BOSS","M","M","?","M"],"build_version":"2020-11-30","purchased_purges":0,"victory":false,"max_hp_per_floor":[75,75,75,75,75,75,75,75,75,75,75,75,75,75,75,75,75,75,75,75,75,75],"card_choices":[{"not_picked":["Leap","Rebound"],"picked":"Melter","floor":1.0},{"not_picked":["Barrage","Leap"],"picked":"Ball Lightning","floor":4.0},{"not_picked":["Meteor Strike","All For One"],"picked":"Echo Form","floor":7.0},{"not_picked":["Turbo","Barrage"],"picked":"Auto Shields","floor":10.0},{"not_picked":["Tempest","Rebound","Reinforced Body"],"picked":"SKIP","floor":12.0},{"not_picked":["Compile Driver+1","Gash+1"],"picked":"Barrage+1","floor":13.0},{"not_picked":["FTL+1","Redo"],"picked":"Fission","floor":14.0},{"not_picked":["Multi-Cast","Creative AI"],"picked":"Fission","floor":16.0},{"not_picked":["Gash+1","Steam Power"],"picked":"Self Repair+1","floor":18.0},{"not_picked":["Redo","Barrage+1","Steam Power"],"picked":"SKIP","floor":19.0}],"player_experience":343874,"relics_obtained":[{"floor":7.0,"key":"The Courier"},{"floor":9.0,"key":"Happy Flower"},{"floor":13.0,"key":"Molten Egg 2"}],"event_choices":[{"damage_healed":0.0,"max_hp_gain":0.0,"max_hp_loss":0.0,"gold_gain":75.0,"event_name":"Golden Wing","player_choice":"Gained Gold","floor":2.0,"gold_loss":0.0,"damage_taken":0.0},{"damage_healed":0.0,"max_hp_gain":0.0,"max_hp_loss":0.0,"gold_gain":0.0,"event_name":"Shining Light","player_choice":"Entered Light","floor":3.0,"gold_loss":0.0,"damage_taken":15.0,"cards_upgraded":["Defend_B","Zap"]},{"damage_healed":0.0,"max_hp_gain":0.0,"max_hp_loss":0.0,"gold_gain":0.0,"event_name":"The Woman in Blue","player_choice":"Bought 2 Potions","floor":5.0,"gold_loss":0.0,"damage_taken":0.0},{"damage_healed":0.0,"max_hp_gain":0.0,"max_hp_loss":0.0,"gold_gain":360.0,"event_name":"Knowing Skull","player_choice":"GOLD GOLD GOLD GOLD ","floor":20.0,"potions_obtained":[],"gold_loss":0.0,"damage_taken":36.0,"cards_obtained":[]}],"is_beta":false,"boss_relics":[{"not_picked":["Busted Crown","Tiny House"],"picked":"Coffee Dripper"}],"items_purged_floors":[],"is_endless":false,"potions_floor_spawned":[4,10,13],"killed_by":"Shelled Parasite and Fungi","ascension_level":10}}