{"host":"rmsq46plbpwfbxcc","time":1607531208,"event":{"gold_per_floor":[115,40,115,115,26,26,57,57,80,80,80,91,91,109,109,181,181,201,251,301,274,291,321,321,355,355,385,385,400,434,449,449,449,449],"floor_reached":33,"playtime":1009,"items_purged":[],"score":623,"play_id":"e0c27f39-72ac-4fad-9c3c-c5d231052214","local_time":"20201210012648","is_ascension_mode":true,"campfire_choices":[{"data":"Neutralize","floor":6.0,"key":"SMITH"},{"data":"Eviscerate","floor":8.0,"key":"SMITH"},{"data":"Strike_G","floor":11.0,"key":"PURGE"},{"data":"Defend_G","floor":13.0,"key":"PURGE"},{"data":"Noxious Fumes","floor":15.0,"key":"SMITH"},{"data":"After Image","floor":24,"key":"SMITH"},{"floor":28,"key":"REST"},{"floor":32,"key":"REST"}],"neow_cost":"NONE","seed_source_timestamp":1915596978033100,"circlet_count":0,"master_deck":["AscendersBane","Strike_G","Strike_G","Strike_G","Defend_G","Defend_G","Defend_G","Defend_G","Survivor","Neutralize+1","Eviscerate+1","Deadly Poison","Crippling Poison","Noxious Fumes+1","After Image+1","Acrobatics","PiercingWail","After Image","Blur","Catalyst"],"special_seed":0,"relics":["Ring of the Snake","NeowsBlessing","Peace Pipe","Lantern","Gremlin Horn","Philosopher\u0027s Stone","Darkstone Periapt","Torii","Ninja Scroll","InkBottle","Smiling Mask"],"potions_floor_usage":[21,25,27,30],"damage_taken":[{"damage":0.0,"enemies":"Small Slimes","floor":1.0,"turns":1.0},{"damage":0.0,"enemies":"Gremlin Nob","floor":7.0,"turns":1.0},{"damage":0.0,"enemies":"2 Louse","floor":12.0,"turns":1.0},{"damage":0.0,"enemies":"Jaw Worm","floor":14.0,"turns":3.0},{"damage":25.0,"enemies":"Hexaghost","floor":16.0,"turns":10.0},{"damage":5.0,"enemies":"Chosen","floor":18.0,"turns":5.0},{"damage":18,"enemies":"2 Thieves","floor":21,"turns":5},{"damage":2,"enemies":"Sentry and Sphere","floor":22,"turns":5},{"damage":7,"enemies":"Gremlin Leader","floor":23,"turns":7},{"damage":29,"enemies":"Slavers","floor":25,"turns":7},{"damage":1,"enemies":"Gremlin Leader","floor":27,"turns":7},{"damage":1,"enemies":"3 Cultists","floor":29,"turns":6},{"damage":1,"enemies":"Book of Stabbing","floor":30,"turns":7},{"damage":0,"enemies":"Centurion and Healer","floor":31,"turns":6},{"damage":39,"enemies":"Collector","floor":33,"turns":6}],"seed_played":"-9141365185937885462","potions_obtained":[{"floor":12.0,"key":"Weak Potion"},{"floor":16.0,"key":"Regen Potion"},{"floor":18.0,"key":"Block Potion"},{"floor":25,"key":"CunningPotion"},{"floor":27,"key":"Weak Potion"},{"floor":29,"key":"Dexterity Potion"}],"is_trial":false,"path_per_floor":["M","?","?","$","$","R","E","R","T","T","R","M","R","M","R","B",null,"M","?","?","M","M","E","R","E","T","E","R","M","E","M","R","B"],"character_chosen":"THE_SILENT","items_purchased":["Eviscerate"],"campfire_rested":2,"item_purchase_floors":[5],"current_hp_per_floor":[59,59,48,48,48,48,48,48,48,48,48,48,48,48,48,23,55,50,50,44,41,39,32,32,3,3,2,21,20,19,19,38,0,0],"gold":449,"neow_bonus":"THREE_ENEMY_KILL","is_prod":false,"is_daily":false,"chose_seed":false,"campfire_upgraded":4,"win_rate":0,"timestamp":1607531208,"path_taken":["M","?","?","?","$","R","E","R","T","?","R","M","R","?","R","BOSS","M","?","?","M","M","E","R","E","T","E","R","M","E","M","R","BOSS"],"build_version":"2020-11-30","purchased_purges":0,"victory":false,"max_hp_per_floor":[66,66,66,66,66,66,66,66,66,66,66,66,66,66,66,66,66,66,66,66,66,66,66,66,66,66,66,66,66,66,66,66,66,66],"card_choices":[{"not_picked":["Acrobatics","Calculated Gamble","Skewer"],"picked":"SKIP","floor":1.0},{"not_picked":["Poisoned Stab","Quick Slash"],"picked":"Deadly Poison","floor":7.0},{"not_picked":["Deadly Poison","Deflect"],"picked":"Crippling Poison","floor":12.0},{"not_picked":["Underhanded Strike","Bane"],"picked":"Noxious Fumes","floor":14.0},{"not_picked":["Unload","Corpse Explosion"],"picked":"After Image","floor":16.0},{"not_picked":["Concentrate","Dagger Throw"],"picked":"Acrobatics","floor":18.0},{"not_picked":["Dagger Spray","Riddle With Holes"],"picked":"PiercingWail","floor":21},{"not_picked":["Distraction+1","Riddle With Holes","Deflect"],"picked":"SKIP","floor":22},{"not_picked":["Backflip","Riddle With Holes"],"picked":"After Image","floor":23},{"not_picked":["Underhanded Strike","Distraction","Cloak And Dagger"],"picked":"SKIP","floor":25},{"not_picked":["Poisoned Stab","Prepared"],"picked":"Blur","floor":27},{"not_picked":["Deflect+1","Underhanded Strike","Flying Knee+1"],"picked":"SKIP","floor":29},{"not_picked":["Accuracy","Flying Knee"],"picked":"Catalyst","floor":30},{"not_picked":["Masterful Stab","Infinite Blades","Deflect"],"picked":"SKIP","floor":31}],"player_experience":1299149,"relics_obtained":[{"floor":7.0,"key":"Peace Pipe"},{"floor":9.0,"key":"Lantern"},{"floor":10.0,"key":"Gremlin Horn"},{"floor":23,"key":"Darkstone Periapt"},{"floor":25,"key":"Torii"},{"floor":26,"key":"Ninja Scroll"},{"floor":27,"key":"InkBottle"},{"floor":30,"key":"Smiling Mask"}],"event_choices":[{"cards_removed":["Strike_G"],"damage_healed":0.0,"max_hp_gain":0.0,"max_hp_loss":0.0,"gold_gain":0.0,"event_name":"The Cleric","player_choice":"Card Removal","floor":2.0,"gold_loss":75.0,"damage_taken":0.0},{"damage_healed":0.0,"max_hp_gain":0.0,"max_hp_loss":0.0,"gold_gain":75.0,"event_name":"World of Goop","player_choice":"Gather Gold","floor":3.0,"gold_loss":0.0,"damage_taken":11.0},{"damage_healed":0.0,"max_hp_gain":0.0,"max_hp_loss":0.0,"gold_gain":50.0,"event_name":"Nest","player_choice":"Stole From Cult","floor":19.0,"gold_loss":0.0,"damage_taken":0.0},{"damage_healed":0,"gold_gain":50,"player_choice":"Touch","damage_taken":6,"max_hp_gain":0,"max_hp_loss":0,"event_name":"FaceTrader","floor":20,"gold_loss":0}],"is_beta":false,"boss_relics":[{"not_picked":["Busted Crown","SacredBark"],"picked":"Philosopher\u0027s Stone"}],"items_purged_floors":[],"is_endless":false,"potions_floor_spawned":[12,16,18,25,27,29],"killed_by":"Collector","ascension_level":16}}