{"host":"rmsq46plbpwfbxcc","time":1607477914,"event":{"gold_per_floor":[111,111,125,125,138,138,152,180,192,204,226,270,282,311,323,411,423,447,474,411,423,41,41,73,73,96,131,143,60,160,173,173,249,249,263,263,281,181,181,181,208,227,227,239,274,274,149,178,178,178],"floor_reached":51,"playtime":1959,"items_purged":["Defend_G","Strike_G","Defend_G"],"score":1504,"play_id":"2e35294d-f02e-4a4d-b067-bc8bc04f27f5","local_time":"20201209103834","is_ascension_mode":true,"campfire_choices":[{"data":"Neutralize","floor":6.0,"key":"SMITH"},{"data":"Envenom","floor":10.0,"key":"SMITH"},{"data":"Blade Dance","floor":15.0,"key":"SMITH"},{"data":"Bane","floor":23.0,"key":"SMITH"},{"data":"Dash","floor":25,"key":"SMITH"},{"floor":32,"key":"REST"},{"data":"Cloak And Dagger","floor":40,"key":"SMITH"},{"data":"Adrenaline","floor":46,"key":"SMITH"},{"data":"Accuracy","floor":49,"key":"SMITH"}],"neow_cost":"NONE","seed_source_timestamp":1861277780722900,"circlet_count":0,"master_deck":["AscendersBane","Strike_G","Strike_G","Defend_G","Defend_G","Defend_G","Survivor","Neutralize+1","Dash+1","Blade Dance+1","Envenom+1","Blade Dance+1","Backflip","Bane+1","Backstab","PiercingWail","After Image+1","Cloak And Dagger+1","Die Die Die","Madness","Madness","Terror+1","Choke+1","Adrenaline+1","Accuracy+1"],"special_seed":0,"relics":["Ring of the Serpent","Pen Nib","MawBank","Orichalcum","Ornamental Fan","Tough Bandages","Blue Candle","Happy Flower","Bottled Tornado","The Specimen","Singing Bowl","WristBlade","Kunai","InkBottle","Snake Skull","Ancient Tea Set"],"potions_floor_usage":[24,30,33,33,42,48,50],"damage_taken":[{"damage":0.0,"enemies":"Jaw Worm","floor":1.0,"turns":6.0},{"damage":0.0,"enemies":"2 Louse","floor":3.0,"turns":4.0},{"damage":0.0,"enemies":"Small Slimes","floor":5.0,"turns":5.0},{"damage":1.0,"enemies":"Red Slaver","floor":7.0,"turns":3.0},{"damage":3.0,"enemies":"Gremlin Nob","floor":8.0,"turns":3.0},{"damage":5.0,"enemies":"Looter","floor":11.0,"turns":3.0},{"damage":6.0,"enemies":"3 Sentries","floor":12.0,"turns":5.0},{"damage":5.0,"enemies":"Exordium Wildlife","floor":14.0,"turns":4.0},{"damage":12.0,"enemies":"Hexaghost","floor":16.0,"turns":7.0},{"damage":7.0,"enemies":"Shell Parasite","floor":18.0,"turns":6.0},{"damage":8.0,"enemies":"Spheric Guardian","floor":19.0,"turns":5.0},{"damage":14,"enemies":"Book of Stabbing","floor":24,"turns":4},{"damage":12,"enemies":"Gremlin Leader","floor":27,"turns":7},{"damage":0,"enemies":"Snecko","floor":28,"turns":4},{"damage":2,"enemies":"Colosseum Slavers","floor":30,"turns":4},{"damage":0,"enemies":"Colosseum Nobs","floor":30,"turns":3},{"damage":0,"enemies":"Snake Plant","floor":31,"turns":4},{"damage":30,"enemies":"Automaton","floor":33,"turns":9},{"damage":0,"enemies":"3 Shapes","floor":35,"turns":5},{"damage":1,"enemies":"Orb Walker","floor":37,"turns":2},{"damage":0,"enemies":"Giant Head","floor":41,"turns":5},{"damage":0,"enemies":"Transient","floor":42,"turns":5},{"damage":7,"enemies":"Maw","floor":44,"turns":5},{"damage":0,"enemies":"Reptomancer","floor":45,"turns":5},{"damage":0,"enemies":"Giant Head","floor":48,"turns":5},{"damage":15,"enemies":"Awakened One","floor":50,"turns":7}],"seed_played":"8520368016079074106","potions_obtained":[{"floor":3.0,"key":"PowerPotion"},{"floor":5.0,"key":"FearPotion"},{"floor":11.0,"key":"Weak Potion"},{"floor":12.0,"key":"Strength Potion"},{"floor":14.0,"key":"Strength Potion"},{"floor":18.0,"key":"Weak Potion"},{"floor":19.0,"key":"CultistPotion"},{"floor":27,"key":"EntropicBrew"},{"floor":31,"key":"BlessingOfTheForge"},{"floor":42,"key":"Energy Potion"},{"floor":44,"key":"Poison Potion"},{"floor":48,"key":"BlessingOfTheForge"}],"is_trial":false,"path_per_floor":["M","?","M","?","M","R","M","E","T","R","M","E","$","M","R","B",null,"M","M","?","?","$","R","E","R","T","E","M","$","?","M","R","B",null,"M","?","M","$","?","R","E","M","T","M","E","R","$","E","R","B",null],"character_chosen":"THE_SILENT","items_purchased":["Tough Bandages","After Image"],"campfire_rested":1,"item_purchase_floors":[22,29],"current_hp_per_floor":[59,52,52,57,57,57,56,53,53,53,48,42,42,37,37,25,60,53,45,45,45,45,45,31,31,31,19,19,19,17,19,40,10,57,59,45,44,44,44,44,46,46,46,41,41,41,41,41,41,26],"gold":178,"neow_bonus":"RANDOM_COMMON_RELIC","is_prod":false,"is_daily":false,"chose_seed":false,"campfire_upgraded":8,"win_rate":0,"timestamp":1607477914,"path_taken":["M","?","M","?","M","R","M","E","T","R","M","E","$","M","R","BOSS","M","M","?","?","$","R","E","R","T","E","?","$","?","M","R","BOSS","M","?","M","$","?","R","E","?","T","M","E","R","$","E","R","BOSS"],"build_version":"2020-11-30","purchased_purges":3,"victory":true,"max_hp_per_floor":[66,66,66,71,71,71,71,71,71,71,71,71,71,71,71,71,71,71,71,71,71,71,71,71,71,71,71,71,71,71,73,73,73,73,75,75,75,75,75,75,77,77,77,79,79,79,79,79,79,79],"card_choices":[{"not_picked":["Sucker Punch","Prepared","Bane"],"picked":"SKIP","floor":1.0},{"not_picked":["Dagger Throw","Footwork"],"picked":"Dash","floor":3.0},{"not_picked":["Flechettes","Deflect"],"picked":"Blade Dance","floor":5.0},{"not_picked":["Blade Dance","Escape Plan"],"picked":"Envenom","floor":7.0},{"not_picked":["Noxious Fumes","All Out Attack","Underhanded Strike"],"picked":"SKIP","floor":8.0},{"not_picked":["Leg Sweep","Noxious Fumes"],"picked":"Blade Dance","floor":11.0},{"not_picked":["Crippling Poison","Blade Dance"],"picked":"Backflip","floor":12.0},{"not_picked":["Catalyst","Dagger Throw"],"picked":"Bane","floor":14.0},{"not_picked":["Cloak And Dagger","Well Laid Plans"],"picked":"Backstab","floor":18.0},{"not_picked":["Caltrops","Prepared"],"picked":"PiercingWail","floor":19.0},{"not_picked":["Prepared","Sucker Punch+1","Poisoned Stab"],"picked":"SKIP","floor":24},{"not_picked":["Masterful Stab+1","Backflip","Quick Slash+1"],"picked":"SKIP","floor":27},{"not_picked":["Dagger Spray","Flying Knee+1","Reflex+1"],"picked":"SKIP","floor":28},{"not_picked":["Underhanded Strike","PiercingWail"],"picked":"Cloak And Dagger","floor":30},{"not_picked":["Underhanded Strike","Dagger Throw","Prepared"],"picked":"Singing Bowl","floor":31},{"not_picked":["Unload","Corpse Explosion"],"picked":"Die Die Die","floor":33},{"not_picked":["Acrobatics","Bane","Cloak And Dagger"],"picked":"Singing Bowl","floor":35},{"not_picked":["Skewer+1","Sucker Punch"],"picked":"Terror+1","floor":37},{"not_picked":["Underhanded Strike","Sucker Punch","Setup+1"],"picked":"Singing Bowl","floor":41},{"not_picked":["Prepared","Deadly Poison"],"picked":"Choke+1","floor":42},{"not_picked":["Dagger Throw+1","Dodge and Roll+1","All Out Attack"],"picked":"Singing Bowl","floor":44},{"not_picked":["Flying Knee","Bane"],"picked":"Adrenaline","floor":45},{"not_picked":["All Out Attack","Bouncing Flask"],"picked":"Accuracy","floor":48}],"player_experience":1287009,"relics_obtained":[{"floor":8.0,"key":"MawBank"},{"floor":9.0,"key":"Orichalcum"},{"floor":12.0,"key":"Ornamental Fan"},{"floor":24,"key":"Blue Candle"},{"floor":26,"key":"Happy Flower"},{"floor":27,"key":"Bottled Tornado"},{"floor":30,"key":"The Specimen"},{"floor":30,"key":"Singing Bowl"},{"floor":41,"key":"Kunai"},{"floor":43,"key":"InkBottle"},{"floor":45,"key":"Snake Skull"},{"floor":48,"key":"Ancient Tea Set"}],"event_choices":[{"cards_removed":["Strike_G"],"damage_healed":0.0,"max_hp_gain":0.0,"max_hp_loss":0.0,"gold_gain":0.0,"event_name":"Golden Wing","player_choice":"Card Removal","floor":2.0,"gold_loss":0.0,"damage_taken":7.0},{"damage_healed":0.0,"max_hp_gain":5.0,"max_hp_loss":0.0,"gold_gain":0.0,"event_name":"Big Fish","player_choice":"Donut","floor":4.0,"gold_loss":0.0,"damage_taken":0.0},{"cards_removed":["Strike_G"],"damage_healed":0.0,"max_hp_gain":0.0,"max_hp_loss":0.0,"gold_gain":0.0,"event_name":"Beggar","player_choice":"Gave Gold","floor":20.0,"gold_loss":75.0,"damage_taken":0.0},{"damage_healed":0.0,"max_hp_gain":0.0,"max_hp_loss":0.0,"gold_gain":0.0,"event_name":"Upgrade Shrine","player_choice":"Upgraded","floor":21.0,"gold_loss":0.0,"damage_taken":0.0,"cards_upgraded":["Blade Dance"]},{"damage_healed":0,"gold_gain":0,"player_choice":"Fight","damage_taken":0,"max_hp_gain":0,"max_hp_loss":0,"event_name":"Colosseum","floor":30,"gold_loss":0},{"damage_healed":0,"gold_gain":0,"player_choice":"Fought Nobs","damage_taken":0,"max_hp_gain":0,"max_hp_loss":0,"event_name":"Colosseum","floor":30,"gold_loss":0},{"damage_healed":0,"gold_gain":0,"player_choice":"Embrace Madness","damage_taken":14,"max_hp_gain":0,"max_hp_loss":0,"event_name":"Winding Halls","floor":36,"gold_loss":0,"cards_obtained":["Madness","Madness"]},{"damage_healed":0,"gold_gain":0,"player_choice":"Upgraded","damage_taken":0,"max_hp_gain":0,"max_hp_loss":0,"event_name":"Upgrade Shrine","floor":39,"gold_loss":0,"cards_upgraded":["After Image"]}],"is_beta":false,"boss_relics":[{"not_picked":["Ectoplasm","Fusion Hammer"],"picked":"Ring of the Serpent"},{"not_picked":["SlaversCollar","SacredBark"],"picked":"WristBlade"}],"items_purged_floors":[22,38,47],"is_endless":false,"potions_floor_spawned":[3,5,11,12,14,18,19,27,30,31,35,42,44,48],"ascension_level":16}}