{"host":"4a74ahoqn3axhnkt","time":1607479555,"event":{"gold_per_floor":[111,111,121,132,145,145,17,32,56,88,88,119,119,131,131],"floor_reached":14,"playtime":659,"items_purged":[],"score":110,"play_id":"0c742084-553f-495b-99a9-758b7501da97","local_time":"20201208200555","is_ascension_mode":true,"campfire_choices":[{"floor":6,"key":"REST"}],"neow_cost":"NONE","seed_source_timestamp":17467472014600,"circlet_count":0,"master_deck":["Strike_P","Strike_P","Strike_P","Strike_P+1","Defend_P","Defend_P","Defend_P+1","Defend_P","Eruption","Vigilance","JustLucky","CutThroughFate","Tantrum","Replay:DivineShield","Nirvana","Weave+1","JustLucky","ThirdEye","CrushJoints"],"relics":["PureWater","Anchor","Replay:Bandana","Sundial"],"potions_floor_usage":[12,14,14],"damage_taken":[{"damage":3,"enemies":"Jaw Worm","floor":1,"turns":3},{"damage":5,"enemies":"2 Louse","floor":3,"turns":2},{"damage":0,"enemies":"Small Slimes","floor":4,"turns":1},{"damage":30,"enemies":"3 Louse","floor":5,"turns":2},{"damage":15,"enemies":"Looter","floor":8,"turns":3},{"damage":12,"enemies":"Gremlin Nob","floor":10,"turns":3},{"damage":4,"enemies":"Blue Slaver","floor":12,"turns":3},{"damage":30,"enemies":"Lagavulin","floor":14,"turns":2}],"seed_played":"-3676538210416680233","potions_obtained":[{"floor":5,"key":"Energy Potion"},{"floor":8,"key":"Toxic Potion"},{"floor":10,"key":"PowerPotion"},{"floor":12,"key":"Elixir"}],"is_trial":false,"path_per_floor":["M","?","M","M","M","R","$","M","T","E","?","M","T","E"],"character_chosen":"WATCHER","items_purchased":["Nirvana","Weave+1"],"campfire_rested":1,"item_purchase_floors":[7,7],"current_hp_per_floor":[76,60,55,55,25,48,48,33,33,21,21,17,17,0,0],"gold":131,"neow_bonus":"TEN_PERCENT_HP_BONUS","is_prod":false,"is_daily":false,"chose_seed":false,"campfire_upgraded":0,"win_rate":0,"timestamp":1607479555,"path_taken":["M","?","M","M","M","R","$","M","T","E","?","M","?","E"],"build_version":"2020-11-30","purchased_purges":0,"victory":false,"max_hp_per_floor":[79,79,79,79,79,79,79,79,79,79,79,79,79,79,79],"card_choices":[{"not_picked":["Crescendo","Replay:Cycle"],"picked":"JustLucky","floor":1},{"not_picked":["Consecrate","Halt"],"picked":"CutThroughFate","floor":3},{"not_picked":["PathToVictory","EmptyBody"],"picked":"Tantrum","floor":4},{"not_picked":["Replay:Cycle","SashWhip"],"picked":"Replay:DivineShield","floor":5},{"not_picked":["MasterReality","EmptyMind"],"picked":"JustLucky","floor":8},{"not_picked":["SashWhip","Fasting2"],"picked":"ThirdEye","floor":10},{"not_picked":["EmptyFist","Crescendo"],"picked":"CrushJoints","floor":12}],"player_experience":270219,"relics_obtained":[{"floor":9,"key":"Anchor"},{"floor":10,"key":"Replay:Bandana"},{"floor":13,"key":"Sundial"}],"event_choices":[{"damage_healed":0,"gold_gain":0,"player_choice":"Entered Light","damage_taken":16,"max_hp_gain":0,"max_hp_loss":0,"event_name":"Shining Light","floor":2,"gold_loss":0,"cards_upgraded":["Strike_P","Defend_P"]},{"damage_healed":0,"gold_gain":0,"player_choice":"Ignored","damage_taken":0,"max_hp_gain":0,"max_hp_loss":0,"event_name":"Golden Wing","floor":11,"gold_loss":0}],"is_beta":false,"boss_relics":[],"items_purged_floors":[],"is_endless":false,"potions_floor_spawned":[5,8,10,12],"killed_by":"Lagavulin","ascension_level":4}}