{"host":"bg0cyinkrjnqf173","time":1607497846,"event":{"gold_per_floor":[115,129,145,145,159,185,185,219,268,294,313,393,393,406,406,509,509,520,520,530,530,298,326,326,351,376,476,495,514,514,532,532,665,665,725,725,725,790,853,934,1017,1130,1142,1154,1166,1269,1380,1510,1522,1733,1745,1875,1887,1899,2033,2045,2057,2222,2389,2401,1961,1961,2097,2130,2274,2274,2500,2500,2667,2667,2439,2583,2683,2867,2867,3041,3041,3225,3225,3426,3426,3426,3426,3715,3715,3953,3953,4207,4207,4442,4442,3583,3840,3840,3840,4116,4116,3188,3419,3419,3654,3654,3902,3902,3926,3926,4197,4197,4508,4508,4508,4058,4362,4654,4970,5318,5318,5768,5768,6157,6578,7026,6537,6537,6537,6969,6969,6969,7436,7961,8008,8008,8544,8544,9153,9153,9759,9818,10463,8865,8865,9477,9504,9504,9504,10131,10801,11518,11518,12273,12273,13287,13287,13287,13182,14076,15033],"floor_reached":159,"playtime":11243,"items_purged":["blademaster:Defend","Delirium","Voices"],"score":5591,"play_id":"4e668f87-f6d9-4ef7-82c3-71faaaa550b5","local_time":"20201209021046","is_ascension_mode":true,"campfire_choices":[{"data":"blademaster:ThunderSlash","floor":7.0,"key":"SMITH"},{"data":"blademaster:Blockade","floor":13.0,"key":"SMITH"},{"data":"blademaster:Havoc","floor":15.0,"key":"SMITH"},{"data":"blademaster:Havoc","floor":24.0,"key":"SMITH"},{"data":"blademaster:Safeguard","floor":32.0,"key":"SMITH"},{"floor":44.0,"key":"REST"},{"data":"blademaster:FlockOfBlades","floor":49.0,"key":"SMITH"},{"data":"blademaster:Strike","floor":57.0,"key":"SMITH"},{"data":"blademaster:Strike","floor":66.0,"key":"SMITH"},{"data":"blademaster:Blockade","floor":81.0,"key":"SMITH"},{"data":"blademaster:ThunderingOpener","floor":83.0,"key":"SMITH"},{"data":"blademaster:FlockOfBlades","floor":91.0,"key":"SMITH"},{"data":"blademaster:Strike","floor":97.0,"key":"SMITH"},{"data":"blademaster:Strike","floor":100.0,"key":"SMITH"},{"data":"blademaster:Defend","floor":108.0,"key":"SMITH"},{"data":"blademaster:Defend","floor":110.0,"key":"SMITH"},{"data":"blademaster:HighVoltage","floor":117.0,"key":"SMITH"},{"data":"blademaster:Cut","floor":125.0,"key":"SMITH"},{"data":"blademaster:ThunderSlash","floor":127.0,"key":"SMITH"},{"data":"blademaster:ColdBlood","floor":132.0,"key":"SMITH"},{"data":"ReplayTheSpireMod:??????????????????????","floor":134.0,"key":"SMITH"},{"data":"blademaster:AwakeningDefend","floor":152.0,"key":"SMITH"},{"data":"blademaster:ThreePointStrike","floor":155,"key":"SMITH"}],"neow_cost":"NONE","seed_source_timestamp":0,"circlet_count":0,"master_deck":["blademaster:Strike+1","blademaster:Strike+1","blademaster:Strike+1","blademaster:Strike+1","blademaster:Defend+1","blademaster:Defend+1","blademaster:RagingBlow+1","blademaster:HighVoltage+1","blademaster:ThunderingOpener+1","blademaster:Havoc+1","blademaster:Cut+1","blademaster:ThunderSlash+1","blademaster:Havoc+1","blademaster:ThunderSlash+1","blademaster:Stormstrike+1","blademaster:Blockade+1","blademaster:AwakeningDefend+1","blademaster:ThreePointStrike+1","blademaster:Flurry","blademaster:CloudOfSteel+1","blademaster:Cut","blademaster:Cut+1","blademaster:Safeguard","blademaster:Overcharge+1","blademaster:DaggerAndCloak+1","blademaster:Strike","blademaster:Strike","blademaster:Strike","blademaster:Strike","blademaster:Defend","blademaster:Defend","blademaster:Defend+1","blademaster:RagingBlow","blademaster:HighVoltage","blademaster:ThunderingOpener","blademaster:Havoc+1","blademaster:Cut","blademaster:ThunderSlash+1","blademaster:Havoc+1","blademaster:ThunderSlash","blademaster:Stormstrike","blademaster:Blockade+1","blademaster:AwakeningDefend","blademaster:ThreePointStrike","blademaster:Flurry","blademaster:CloudOfSteel+1","blademaster:Cut","blademaster:Cut+1","blademaster:Safeguard+1","blademaster:Overcharge+1","blademaster:DaggerAndCloak+1","blademaster:LightningDraw","blademaster:Stormstrike","blademaster:ThunderSlash+1","blademaster:EyeOfTheTornado+1","blademaster:LeechingStrike","blademaster:FlockOfBlades+1","blademaster:Blockade+1","blademaster:Breeze","blademaster:EnchantedCuirass","blademaster:AwakeningDefend","blademaster:DancingEdge+1","blademaster:AwakeningStrike","blademaster:LeechingStrike","Inflame","blademaster:FlockOfBlades","blademaster:Blockade+1","blademaster:EyeOfTheStorm","blademaster:FlockOfBlades+1","blademaster:Cut+1","blademaster:ThunderSlash","blademaster:Blindside","blademaster:Havoc+1","blademaster:ChargingUp+1","ReplayTheSpireMod:??????????????????????+1","blademaster:Safeguard","blademaster:Empower+1","blademaster:EyeOfTheStorm","blademaster:BrainBloom","blademaster:LightningDraw","blademaster:EyeOfTheTornado","infinitespire:Menacing","blademaster:BloodyBlow","blademaster:ColdBlood+1","ReplayTheSpireMod:??????????????????????","blademaster:BloodyBlow","blademaster:Safeguard","blademaster:TraverseCut","blademaster:Sunder","blademaster:LeechingStrike","blademaster:Sharpen","blademaster:BladeMastery","blademaster:StanceMastery","beaked:Tweet","beaked:BloodRitual","Rainbow"],"special_seed":0,"relics":["blademaster:DancersAmulet","aspiration:DSix","aspiration:Nostalgia","Sizzling Blood","infinitespire:Eraser","Quantum Egg","infinitespire:PuzzleCube","Bronze Scales","Chameleon Ring","hubris:Icosahedron","Replay:Wax Seal","Orichalcum","ReplayTheSpireMod:Lightbulb","infinitespire:EvilPickle","Sozu","Ring of Searing","MawBank","Replay:Ringing Soul","Dead Branch","halation:PapillonHeart","Bag of Preparation","conspire:RunicOctahedron","halation:PinkSoulGem","Pet Ghost","CherryCoatedStake","halation:PromiseList","aspiration:SeaSaltIceCream","aspiration:Nostalgia","m_ByrdBlood","Busted Crown","Boot","MealTicket","Nunchaku","aspiration:PoetsPen_weak","ReplayTheSpireMod:ShopPack","Bottled Tornado","Winged Necklace","OrangePellets","Replay:Bandana","DollysMirror","Replay:Rubber Ducky","Strange Spoon","halation:Komachan","MiniBlackHole","aspiration:FrozenJewel","Oddly Smooth Stone","hubris:Potato","Philosopher\u0027s Stone","Replay:Mystery Machine","Smiling Mask","hubris:64BitClover","infinitespire:Lucky Rock","ZombieTooth","Blood Vial","Thread and Needle","hubris:TerracottaHorce","GiantMaggot","Pondfish Scales","halation:AfternoonTea","HornCleat","ReplayTheSpireMod:Onyx Gauntlets","Prayer Beads","Blue Candle","Replay:Accelerometer","PrismaticShard","halation:Convergence","ReplayTheSpireMod:TigerMarble","construct:RocketBooster","Odd Mushroom","hubris:BundleOfHerbs","halation:LettersToHer","conspire:RoyalGoblet","Prayer Wheel"],"potions_floor_usage":[157,157],"damage_taken":[{"damage":0.0,"enemies":"Cultist","floor":1.0,"turns":4.0},{"damage":0.0,"enemies":"Small Slimes","floor":2.0,"turns":3.0},{"damage":4.0,"enemies":"conspire:RoseBush","floor":3.0,"turns":2.0},{"damage":2.0,"enemies":"Looter","floor":5.0,"turns":2.0},{"damage":0.0,"enemies":"Lagavulin","floor":6.0,"turns":3.0},{"damage":0.0,"enemies":"Gremlin Nob","floor":8.0,"turns":2.0},{"damage":18.0,"enemies":"Lagavulin","floor":10.0,"turns":3.0},{"damage":0.0,"enemies":"Blue Slaver","floor":11.0,"turns":2.0},{"damage":8.0,"enemies":"Exordium Thugs","floor":14.0,"turns":2.0},{"damage":20.0,"enemies":"The Guardian","floor":16.0,"turns":8.0},{"damage":11.0,"enemies":"3 Byrds","floor":18.0,"turns":3.0},{"damage":4.0,"enemies":"Spheric Guardian","floor":20.0,"turns":4.0},{"damage":5.0,"enemies":"Book of Stabbing","floor":23.0,"turns":2.0},{"damage":10.0,"enemies":"conspire:Head Lice","floor":25.0,"turns":4.0},{"damage":5.0,"enemies":"3 Cultists","floor":28.0,"turns":3.0},{"damage":1.0,"enemies":"Snecko","floor":29.0,"turns":4.0},{"damage":0.0,"enemies":"conspire:HollyBat","floor":31.0,"turns":11.0},{"damage":5.0,"enemies":"Pondfish","floor":33.0,"turns":5.0},{"damage":5.0,"enemies":"Orb Walker","floor":35.0,"turns":2.0},{"damage":20.0,"enemies":"3 Darklings","floor":38.0,"turns":2.0},{"damage":4.0,"enemies":"Maw","floor":39.0,"turns":3.0},{"damage":4.0,"enemies":"Nightmare","floor":40.0,"turns":5.0},{"damage":5.0,"enemies":"Transient","floor":41.0,"turns":5.0},{"damage":7.0,"enemies":"Giant Head","floor":42.0,"turns":4.0},{"damage":19.0,"enemies":"4 Shapes","floor":46.0,"turns":2.0},{"damage":5.0,"enemies":"Spire Growth","floor":47.0,"turns":2.0},{"damage":8.0,"enemies":"Nemesis","floor":48.0,"turns":3.0},{"damage":5.0,"enemies":"Replay:Hell Engine","floor":50.0,"turns":4.0},{"damage":0.0,"enemies":"Small Slimes","floor":52.0,"turns":1.0},{"damage":12.0,"enemies":"Jaw Worm","floor":55.0,"turns":2.0},{"damage":11.0,"enemies":"Replay:BlueRogue","floor":58.0,"turns":2.0},{"damage":0.0,"enemies":"2 Louse","floor":59.0,"turns":1.0},{"damage":0.0,"enemies":"Large Slime","floor":63.0,"turns":1.0},{"damage":0.0,"enemies":"Looter","floor":65.0,"turns":1.0},{"damage":4.0,"enemies":"The Guardian","floor":67.0,"turns":2.0},{"damage":5.0,"enemies":"Spheric Guardian","floor":69.0,"turns":2.0},{"damage":4.0,"enemies":"conspire:FuzzyDice","floor":72.0,"turns":2.0},{"damage":36.0,"enemies":"conspire:HollyBat","floor":73.0,"turns":11.0},{"damage":5.0,"enemies":"Slavers","floor":74.0,"turns":2.0},{"damage":2.0,"enemies":"Cultist and Chosen","floor":76.0,"turns":2.0},{"damage":4.0,"enemies":"Centurion and Healer","floor":78.0,"turns":2.0},{"damage":62.0,"enemies":"3 Cultists","floor":80.0,"turns":2.0},{"damage":6.0,"enemies":"Champ","floor":84.0,"turns":3.0},{"damage":0.0,"enemies":"Orb Walker","floor":86.0,"turns":1.0},{"damage":0.0,"enemies":"3 Shapes","floor":88.0,"turns":1.0},{"damage":10.0,"enemies":"Transient","floor":90.0,"turns":3.0},{"damage":5.0,"enemies":"4 Shapes","floor":93.0,"turns":2.0},{"damage":0.0,"enemies":"Sphere and 2 Shapes","floor":96.0,"turns":1.0},{"damage":0.0,"enemies":"Writhing Mass","floor":99.0,"turns":1.0},{"damage":0.0,"enemies":"infinitespire:LordOfFortification","floor":101.0,"turns":8.0},{"damage":0.0,"enemies":"Cultist","floor":103.0,"turns":1.0},{"damage":0.0,"enemies":"Small Slimes","floor":107.0,"turns":1.0},{"damage":0.0,"enemies":"Lagavulin","floor":109.0,"turns":1.0},{"damage":0.0,"enemies":"3 Sentries","floor":113.0,"turns":1.0},{"damage":0.0,"enemies":"conspire:RoseBush","floor":114.0,"turns":1.0},{"damage":0.0,"enemies":"Large Slime","floor":115.0,"turns":1.0},{"damage":0.0,"enemies":"Replay:BlueRogue","floor":116.0,"turns":1.0},{"damage":0.0,"enemies":"infinitespire:LordOfFortification","floor":118.0,"turns":5.0},{"damage":0.0,"enemies":"Shell Parasite","floor":120.0,"turns":1.0},{"damage":0.0,"enemies":"conspire:FuzzyDice","floor":121.0,"turns":1.0},{"damage":0.0,"enemies":"Snecko","floor":122.0,"turns":1.0},{"damage":0.0,"enemies":"Sentry and Sphere","floor":126.0,"turns":1.0},{"damage":0.0,"enemies":"conspire:HollyBat","floor":129.0,"turns":4.0},{"damage":0.0,"enemies":"Nightmare","floor":130.0,"turns":1.0},{"damage":0.0,"enemies":"conspire:MimicChest","floor":131.0,"turns":2.0},{"damage":0.0,"enemies":"Snake Plant","floor":133.0,"turns":1.0},{"damage":0.0,"enemies":"infinitespire:LordOfFortification","floor":135.0,"turns":7.0},{"damage":0.0,"enemies":"Jaw Worm","floor":138.0,"turns":1.0},{"damage":0.0,"enemies":"Small Slimes","floor":140.0,"turns":1.0},{"damage":0.0,"enemies":"Nightmare","floor":143.0,"turns":1.0},{"damage":0.0,"enemies":"The Mushroom Lair","floor":144.0,"turns":1.0},{"damage":0.0,"enemies":"Cultist","floor":147.0,"turns":1.0},{"damage":0.0,"enemies":"3 Louse","floor":148.0,"turns":1.0},{"damage":0.0,"enemies":"Large Slime","floor":149.0,"turns":1.0},{"damage":0.0,"enemies":"Blue Slaver","floor":151.0,"turns":1.0},{"damage":0.0,"enemies":"infinitespire:LordOfFortification","floor":153.0,"turns":3.0},{"damage":0,"enemies":"Shield and Spear","floor":157,"turns":1},{"damage":144,"enemies":"The Heart","floor":158,"turns":6}],"seed_played":"-5127078921184345011","potions_obtained":[{"floor":2.0,"key":"SteroidPotion"},{"floor":5.0,"key":"jedi:StrikingPotion"},{"floor":6.0,"key":"SkillPotion"},{"floor":10.0,"key":"Block Potion"},{"floor":14.0,"key":"Dexterity Potion"},{"floor":23.0,"key":"jedi:tentaclejuice"}],"is_trial":false,"path_per_floor":["M","M","M","?","M","E","R","E","T","E","M","?","R","M","R","B",null,"M","AVR","M","?","$","E","R","E","T","?","M","M","?","M","R","B",null,"M","?","AVR","M","M","NM","M","E","T","R","?","M","M","E","R","B",null,"M","?","?","M","?","R","E","M","T","$","?","M","?","M","R","B",null,"M","?","$","M","M","E","?","M","T","M","?","M","R","?","R","B",null,"M","?","M","AVR","M","R","$","M","T","?","M","R","$","M","R","B",null,"M","?","T","?","M","R","E","R","T","$","E","M","M","E","R","B",null,"M","M","M","?","?","R","M","R","T","M","NM","?","R","M","R","B",null,"M","?","M","$","?","NM","?","?","T","M","M","M","?","M","R","B",null,"R","$","E","B",null],"character_chosen":"THE_BLADEMASTER","items_purchased":["blademaster:CloudOfSteel+1","blademaster:Cut","halation:PromiseList","aspiration:SeaSaltIceCream","blademaster:DancingEdge+1","blademaster:EyeOfTheStorm","Bottled Tornado","Winged Necklace","OrangePellets","Replay:Bandana","DollysMirror","Strange Spoon","halation:Komachan","MiniBlackHole","aspiration:FrozenJewel","Oddly Smooth Stone","hubris:Potato","infinitespire:Lucky Rock","ZombieTooth","blademaster:Sunder","blademaster:LeechingStrike","blademaster:Sharpen","blademaster:BladeMastery","blademaster:StanceMastery","Prayer Beads","Blue Candle","Replay:Accelerometer","PrismaticShard","halation:Convergence","ReplayTheSpireMod:TigerMarble","beaked:BloodRitual"],"campfire_rested":1,"item_purchase_floors":[22,22,61,61,61,71,92,92,92,92,92,98,98,98,98,98,98,112,112,141,141,141,141,141,141,141,141,141,141,141,156],"current_hp_per_floor":[79,79,79,79,79,79,79,79,79,65,69,69,69,65,65,49,79,72,72,72,72,72,71,71,65,65,65,64,67,67,71,71,70,79,78,78,78,62,62,62,61,61,61,82,78,66,68,64,64,66,87,90,90,95,87,87,87,80,84,84,87,78,95,73,90,90,108,110,110,113,116,116,113,119,119,119,119,119,119,86,86,86,86,102,125,128,128,128,128,131,131,134,137,137,137,140,140,140,140,140,143,143,143,143,143,143,143,143,143,143,143,143,146,146,146,149,149,152,152,155,155,155,158,152,152,158,158,158,161,164,164,164,167,167,167,167,167,167,167,167,167,167,167,167,167,167,167,167,167,167,167,167,167,167,167,167,100],"gold":15033,"neow_bonus":"NOSTALGIA","is_prod":false,"is_daily":false,"chose_seed":false,"campfire_upgraded":22,"win_rate":0,"timestamp":1607497846,"path_taken":["M","?","M","?","M","E","R","E","T","E","M","?","R","M","R","BOSS","M","AVR","M","?","$","E","R","E","T","?","M","?","?","M","R","BOSS","M","?","AVR","M","M","NM","M","E","T","R","?","?","M","E","R","BOSS","M","?","?","?","?","R","E","M","T","$","?","?","?","M","R","BOSS","M","?","$","M","M","E","?","?","T","M","?","M","R","?","R","BOSS","M","?","M","AVR","?","R","$","M","T","?","?","R","$","M","R","BOSS","M","?","?","?","M","R","E","R","T","$","E","M","?","E","R","BOSS","M","M","M","?","?","R","?","R","T","M","NM","?","R","M","R","BOSS","M","?","M","$","?","NM","?","?","T","M","M","?","?","M","R","BOSS","R","$","E","BOSS"],"build_version":"2020-11-30","purchased_purges":3,"victory":true,"max_hp_per_floor":[79,79,79,79,79,79,79,79,79,79,79,79,79,79,79,79,79,79,79,79,79,79,79,79,79,79,79,79,79,79,79,79,79,79,79,79,79,79,79,79,79,82,82,82,78,81,84,84,84,87,87,90,90,95,95,95,95,95,95,95,98,98,101,104,107,107,110,110,110,113,116,116,119,119,119,119,119,119,119,122,122,122,122,125,125,128,128,128,128,131,131,134,137,137,137,140,140,140,140,140,143,143,143,143,143,143,143,143,143,143,143,143,146,146,146,149,149,152,152,155,155,155,158,158,158,158,158,158,161,164,164,164,167,167,167,167,167,167,167,167,167,167,167,167,167,167,167,167,167,167,167,167,167,167,167,167,167],"card_choices":[{"not_picked":["blademaster:BladeMastery","blademaster:Cut"],"picked":"blademaster:ThunderingOpener","floor":1.0},{"not_picked":["blademaster:AwakeningDefend","blademaster:ChargingUp"],"picked":"blademaster:Havoc","floor":2.0},{"not_picked":["blademaster:AspectOfWind","blademaster:Sunder"],"picked":"blademaster:Cut","floor":3.0},{"not_picked":["blademaster:Sharpen","blademaster:CombatPrep"],"picked":"blademaster:Havoc","floor":5.0},{"not_picked":["blademaster:DeadlyDance","blademaster:Slice"],"picked":"blademaster:ThunderSlash","floor":6.0},{"not_picked":["blademaster:AspectOfWind","blademaster:Stability","blademaster:Sunder"],"picked":"SKIP","floor":8.0},{"not_picked":["blademaster:Blindside","blademaster:Sharpen"],"picked":"blademaster:Stormstrike","floor":10.0},{"not_picked":["blademaster:ThunderingOpener","blademaster:ParryingStrike"],"picked":"blademaster:Blockade","floor":11.0},{"not_picked":["blademaster:HighVoltage","blademaster:BloodyBlow"],"picked":"blademaster:AwakeningDefend","floor":14.0},{"not_picked":["blademaster:EnchantedCuirass","blademaster:UnrelentingWind"],"picked":"blademaster:ThreePointStrike","floor":16.0},{"not_picked":["blademaster:ParryingStrike","blademaster:WindSlash+1"],"picked":"blademaster:Flurry","floor":18.0},{"not_picked":["blademaster:AncestralHealing","blademaster:ThreePointStrike","blademaster:Quickstep"],"picked":"SKIP","floor":20.0},{"not_picked":["blademaster:ThunderSlash","blademaster:FuriousStrike"],"picked":"blademaster:Cut+1","floor":23.0},{"not_picked":["blademaster:Sharpen","blademaster:BloodyBlow"],"picked":"blademaster:Safeguard","floor":25.0},{"not_picked":["blademaster:ParryingStrike","blademaster:HighVoltage"],"picked":"blademaster:Overcharge+1","floor":28.0},{"not_picked":["blademaster:Frenzy+1","blademaster:DragonStrike"],"picked":"blademaster:DaggerAndCloak+1","floor":29.0},{"not_picked":["blademaster:ChargingUp+1","blademaster:BloodyBlow","blademaster:KiBarrier"],"picked":"SKIP","floor":31.0},{"not_picked":["blademaster:EnchantedCuirass","blademaster:StanceMastery"],"picked":"blademaster:LightningDraw","floor":33.0},{"not_picked":["blademaster:Vortex","blademaster:Quickstep"],"picked":"blademaster:Stormstrike","floor":35.0},{"not_picked":["blademaster:RagingBlow","blademaster:Frontflip"],"picked":"blademaster:ThunderSlash+1","floor":38.0},{"not_picked":["blademaster:Sunder+1","blademaster:Thrust+1"],"picked":"blademaster:EyeOfTheTornado+1","floor":39.0},{"not_picked":["blademaster:FuriousStrike+1","blademaster:Thrust"],"picked":"blademaster:LeechingStrike","floor":40.0},{"not_picked":["blademaster:ChargingUp+1","blademaster:WindSlash","blademaster:Quickness+1"],"picked":"SKIP","floor":41.0},{"not_picked":["blademaster:Slice+1","blademaster:AspectOfLightning"],"picked":"blademaster:FlockOfBlades","floor":42.0},{"not_picked":["blademaster:WindSlash+1","blademaster:Meditate+1"],"picked":"blademaster:Blockade+1","floor":46.0},{"not_picked":["blademaster:CombatPrep","blademaster:RagingBlow"],"picked":"blademaster:Breeze","floor":47.0},{"not_picked":["blademaster:ThunderingOpener+1","blademaster:AncestralHealing+1","blademaster:Sunder+1"],"picked":"SKIP","floor":48.0},{"not_picked":["blademaster:Flash","blademaster:LightningDraw"],"picked":"blademaster:EnchantedCuirass","floor":50.0},{"not_picked":["blademaster:Stability","blademaster:Safeguard"],"picked":"blademaster:AwakeningDefend","floor":52.0},{"not_picked":["blademaster:ChargingUp","blademaster:AwakeningStrike","blademaster:ParryingStrike"],"picked":"SKIP","floor":55.0},{"not_picked":["blademaster:Overcharge","blademaster:Slice","blademaster:AirSlash"],"picked":"SKIP","floor":58.0},{"not_picked":["blademaster:AwakeningDefend","blademaster:ParryingStrike","blademaster:Rupture"],"picked":"SKIP","floor":59.0},{"not_picked":["blademaster:Sharpen","Massacre"],"picked":"blademaster:AwakeningStrike","floor":63.0},{"not_picked":["blademaster:Quickness","blademaster:Discharge"],"picked":"blademaster:LeechingStrike","floor":64.0},{"not_picked":["blademaster:CombatPrep","blademaster:WindSlash"],"picked":"Inflame","floor":65.0},{"not_picked":["blademaster:EnchantedCuirass","blademaster:RagingBlow"],"picked":"blademaster:FlockOfBlades","floor":67.0},{"not_picked":["blademaster:ThunderSlash+1"],"picked":"SKIP","floor":69.0},{"not_picked":["blademaster:AspectOfLightning"],"picked":"SKIP","floor":72.0},{"not_picked":[],"picked":"blademaster:FlockOfBlades","floor":73.0},{"not_picked":["blademaster:AspectOfLightning"],"picked":"SKIP","floor":74.0},{"not_picked":["blademaster:LeechingStrike"],"picked":"SKIP","floor":76.0},{"not_picked":["blademaster:CombatPrep"],"picked":"SKIP","floor":78.0},{"not_picked":[],"picked":"blademaster:Cut+1","floor":80.0},{"not_picked":[],"picked":"blademaster:ThunderSlash","floor":86.0},{"not_picked":["blademaster:Sunder+1"],"picked":"SKIP","floor":88.0},{"not_picked":[],"picked":"blademaster:Blindside","floor":90.0},{"not_picked":[],"picked":"blademaster:ChargingUp+1","floor":93.0},{"not_picked":["infinitespire:DeathsTouch","infinitespire:Fortify"],"picked":"ReplayTheSpireMod:??????????????????????","floor":93.0},{"not_picked":[],"picked":"blademaster:Safeguard","floor":96.0},{"not_picked":["blademaster:Sunder"],"picked":"SKIP","floor":99.0},{"not_picked":[],"picked":"blademaster:Empower","floor":101.0},{"not_picked":["blademaster:Vortex"],"picked":"SKIP","floor":103.0},{"not_picked":["blademaster:BladeCross"],"picked":"SKIP","floor":107.0},{"not_picked":["blademaster:CombatPrep"],"picked":"SKIP","floor":109.0},{"not_picked":[],"picked":"blademaster:EyeOfTheStorm","floor":113.0},{"not_picked":["blademaster:Quickstep"],"picked":"SKIP","floor":114.0},{"not_picked":["blademaster:AwakeningStrike"],"picked":"SKIP","floor":115.0},{"not_picked":[],"picked":"blademaster:BrainBloom","floor":116.0},{"not_picked":[],"picked":"blademaster:LightningDraw","floor":118.0},{"not_picked":[],"picked":"blademaster:EyeOfTheTornado","floor":120.0},{"not_picked":["blademaster:ChargingUp+1"],"picked":"SKIP","floor":121.0},{"not_picked":["blademaster:Flurry"],"picked":"SKIP","floor":122.0},{"not_picked":["infinitespire:DeathsTouch","infinitespire:Starlight"],"picked":"infinitespire:Menacing","floor":123.0},{"not_picked":["blademaster:Slice+1"],"picked":"SKIP","floor":126.0},{"not_picked":[],"picked":"blademaster:BloodyBlow","floor":129.0},{"not_picked":[],"picked":"blademaster:ColdBlood","floor":130.0},{"not_picked":["infinitespire:Gouge","infinitespire:Collect"],"picked":"ReplayTheSpireMod:??????????????????????","floor":130.0},{"not_picked":[],"picked":"blademaster:BloodyBlow","floor":133.0},{"not_picked":[],"picked":"blademaster:Safeguard","floor":138.0},{"not_picked":[],"picked":"blademaster:TraverseCut","floor":140.0},{"not_picked":[],"picked":"beaked:Tweet","floor":143.0},{"not_picked":["construct:SyphonStrike"],"picked":"SKIP","floor":147.0},{"not_picked":["Quickstep"],"picked":"SKIP","floor":148.0},{"not_picked":["Sadistic Nature"],"picked":"SKIP","floor":149.0},{"not_picked":["Survey Options"],"picked":"SKIP","floor":151.0},{"not_picked":["Rampage"],"picked":"SKIP","floor":157},{"not_picked":[],"picked":"Rainbow","floor":158}],"player_experience":718323,"relics_obtained":[{"floor":6.0,"key":"infinitespire:Eraser"},{"floor":6.0,"key":"blademaster:OnAttackedChargePerk"},{"floor":8.0,"key":"Quantum Egg"},{"floor":8.0,"key":"blademaster:RandomBladePerk"},{"floor":9.0,"key":"infinitespire:PuzzleCube"},{"floor":10.0,"key":"Bronze Scales"},{"floor":10.0,"key":"blademaster:BonusComboPerk"},{"floor":23.0,"key":"Replay:Wax Seal"},{"floor":23.0,"key":"blademaster:FinisherDrawCardPerk"},{"floor":25.0,"key":"Orichalcum"},{"floor":25.0,"key":"blademaster:ComboEveryTurnPerk"},{"floor":26.0,"key":"ReplayTheSpireMod:Lightbulb"},{"floor":36.0,"key":"Ring of Searing"},{"floor":40.0,"key":"MawBank"},{"floor":40.0,"key":"blademaster:BleedingLaceratePerk"},{"floor":42.0,"key":"Replay:Ringing Soul"},{"floor":42.0,"key":"blademaster:StrongPerk"},{"floor":43.0,"key":"Dead Branch"},{"floor":48.0,"key":"Bag of Preparation"},{"floor":48.0,"key":"blademaster:LightningChargePerk"},{"floor":56.0,"key":"Pet Ghost"},{"floor":58.0,"key":"aspiration:DSix"},{"floor":58.0,"key":"blademaster:DextrousPerk"},{"floor":60.0,"key":"CherryCoatedStake"},{"floor":74.0,"key":"Boot"},{"floor":74.0,"key":"blademaster:BleedingMoreDamagePerk"},{"floor":77.0,"key":"MealTicket"},{"floor":82.0,"key":"Nunchaku"},{"floor":94.0,"key":"Replay:Rubber Ducky"},{"floor":105.0,"key":"Replay:Mystery Machine"},{"floor":109.0,"key":"Smiling Mask"},{"floor":109.0,"key":"blademaster:RandomStancePerk"},{"floor":111.0,"key":"hubris:64BitClover"},{"floor":113.0,"key":"Blood Vial"},{"floor":113.0,"key":"blademaster:BonusFuryPerk"},{"floor":116.0,"key":"Thread and Needle"},{"floor":116.0,"key":"blademaster:FuryEveryTurnPerk"},{"floor":126.0,"key":"GiantMaggot"},{"floor":126.0,"key":"blademaster:StanceHealPerk"},{"floor":128.0,"key":"Pondfish Scales"},{"floor":130.0,"key":"halation:AfternoonTea"},{"floor":130.0,"key":"blademaster:WindChargePerk"},{"floor":131.0,"key":"HornCleat"},{"floor":143.0,"key":"construct:RocketBooster"},{"floor":144.0,"key":"Odd Mushroom"},{"floor":146.0,"key":"hubris:BundleOfHerbs"},{"floor":148.0,"key":"halation:LettersToHer"},{"floor":157,"key":"Prayer Wheel"}],"event_choices":[{"damage_healed":0.0,"max_hp_gain":0.0,"max_hp_loss":0.0,"gold_gain":100.0,"event_name":"Golden Shrine","player_choice":"Pray","floor":27.0,"gold_loss":0.0,"damage_taken":0.0},{"damage_healed":0.0,"max_hp_gain":5.0,"max_hp_loss":0.0,"gold_gain":0.0,"event_name":"Big Fish","player_choice":"Donut","floor":54.0,"gold_loss":0.0,"damage_taken":0.0},{"damage_healed":0.0,"max_hp_gain":0.0,"max_hp_loss":0.0,"gold_gain":0.0,"event_name":"Wheel of Change","player_choice":"Damaged","floor":62.0,"gold_loss":0.0,"damage_taken":9.0},{"damage_healed":0.0,"max_hp_gain":0.0,"max_hp_loss":0.0,"gold_gain":0.0,"event_name":"The Library","player_choice":"Read","floor":70.0,"gold_loss":0.0,"damage_taken":0.0,"cards_obtained":["blademaster:Blockade"]},{"damage_healed":0.0,"max_hp_gain":0.0,"max_hp_loss":0.0,"gold_gain":0.0,"event_name":"Lab","player_choice":"Got Potions","floor":75.0,"gold_loss":0.0,"damage_taken":0.0},{"damage_healed":0.0,"max_hp_gain":0.0,"max_hp_loss":0.0,"gold_gain":0.0,"event_name":"Wheel of Change","player_choice":"Full Heal","floor":87.0,"gold_loss":0.0,"damage_taken":0.0},{"damage_healed":0.0,"max_hp_gain":0.0,"max_hp_loss":0.0,"gold_gain":0.0,"event_name":"Accursed Blacksmith","player_choice":"Forge","floor":95.0,"gold_loss":0.0,"damage_taken":0.0,"cards_upgraded":["blademaster:RagingBlow"]},{"cards_removed":["blademaster:Defend"],"damage_healed":0.0,"max_hp_gain":0.0,"max_hp_loss":0.0,"gold_gain":0.0,"event_name":"Wheel of Change","player_choice":"Card Removal","floor":106.0,"gold_loss":0.0,"damage_taken":0.0},{"damage_healed":0.0,"max_hp_gain":0.0,"max_hp_loss":0.0,"gold_gain":0.0,"event_name":"Knowing Skull","player_choice":"","floor":124.0,"potions_obtained":[],"gold_loss":0.0,"damage_taken":6.0,"cards_obtained":[]},{"damage_healed":0.0,"max_hp_gain":0.0,"max_hp_loss":0.0,"gold_gain":59.0,"event_name":"Golden Wing","player_choice":"Gained Gold","floor":139.0,"gold_loss":0.0,"damage_taken":0.0},{"damage_healed":0.0,"max_hp_gain":0.0,"max_hp_loss":0.0,"gold_gain":0.0,"event_name":"conspire:LoneGhost","player_choice":"Disagree","floor":142.0,"gold_loss":0.0,"damage_taken":0.0},{"damage_healed":0.0,"max_hp_gain":0.0,"max_hp_loss":0.0,"gold_gain":0.0,"event_name":"Mushrooms","player_choice":"Fought Mushrooms","floor":144.0,"gold_loss":0.0,"damage_taken":0.0},{"damage_healed":0.0,"max_hp_gain":0.0,"max_hp_loss":0.0,"gold_gain":0.0,"event_name":"Accursed Blacksmith","player_choice":"Forge","floor":145.0,"gold_loss":0.0,"damage_taken":0.0,"cards_upgraded":["blademaster:Stormstrike"]},{"damage_healed":0.0,"max_hp_gain":0.0,"max_hp_loss":0.0,"gold_gain":0.0,"event_name":"The Cleric","player_choice":"Leave","floor":150.0,"gold_loss":0.0,"damage_taken":0.0}],"is_beta":false,"boss_relics":[{"not_picked":["hubris:RunicObelisk","hubris:HollowSoul","jedi:hotpepper"]},{"not_picked":["Astrolabe","Pandora\u0027s Box"],"picked":"Sozu"},{"not_picked":["beaked:SacredDeck","Honey Jar"],"picked":"conspire:RunicOctahedron"},{"not_picked":["halation:MonkeysPaw","Runic Pyramid"],"picked":"Busted Crown"},{"not_picked":["aspiration:SilentSkillbook","Painkiller Herb"],"picked":"aspiration:PoetsPen_weak"},{"not_picked":["SlaversCollar","Replay:Wanted Poster"],"picked":"Philosopher\u0027s Stone"},{"not_picked":["Painkiller Herb","Snecko Eye"],"picked":"hubris:TerracottaHorce"},{"not_picked":["Astrolabe","ReplayTheSpireMod:SealedPack","Velvet Choker"]},{"not_picked":["Astrolabe","ReplayTheSpireMod:SealedPack","Velvet Choker"]},{"not_picked":["infinitespire:Cupcake","halation:Risk"],"picked":"conspire:RoyalGoblet"}],"items_purged_floors":[19,22,37],"is_endless":true,"potions_floor_spawned":[2,5,6,10,14,23,28,29,35,42,47,50,55,58,59,67,69,74,76,84,93,101,103,113,116,118,120,121,129,138,143,147,148,153,158],"ascension_level":6}}