{"host":"iy58fyt9wsbv4cf1","time":1607491134,"event":{"gold_per_floor":[115,115,17,17,17,17,30,30,30,30,49,68,68,85,85,187,187,197,107,7,25,43,43,43,59,85,85,96,96,116,130,130,228,228,246,266,266,281,281,281,57,71,71,101,101,134,150,163,163,163,163,163,14,40,40],"floor_reached":56,"playtime":1727,"items_purged":["Strike_R","Strike_R","Normality"],"score":1426,"play_id":"a17255a4-a979-49ba-826a-f8d143caa85e","local_time":"20201209001854","is_ascension_mode":false,"campfire_choices":[{"data":"Dropkick","floor":6.0,"key":"SMITH"},{"data":"Bash","floor":8.0,"key":"SMITH"},{"floor":13.0,"key":"REST"},{"data":"Body Slam","floor":15.0,"key":"SMITH"},{"data":"Double Tap","floor":23.0,"key":"SMITH"},{"data":"Shrug It Off","floor":27.0,"key":"SMITH"},{"floor":32.0,"key":"RECALL"},{"data":"Shrug It Off","floor":40.0,"key":"SMITH"},{"data":"conspire:Purge","floor":49.0,"key":"SMITH"},{"floor":52.0,"key":"REST"}],"neow_cost":"","seed_source_timestamp":455137471294400,"circlet_count":0,"master_deck":["Shrug It Off+1","conspire:Purge+1","Dropkick+1","Trip+1","Shrug It Off+1","Body Slam+1","Double Tap+1","Dropkick+1"],"special_seed":0,"relics":["Burning Blood","hubris:MysteriousPyramids","conspire:RunicOctahedron","Nloth\u0027s Gift","hubris:ToyBattleship","Sozu","Ornamental Fan","hubris:TenFootPole","PreservedInsect","Omamori","Oddly Smooth Stone","hubris:Reverence"],"potions_floor_usage":[],"damage_taken":[{"damage":11.0,"enemies":"Jaw Worm","floor":1.0,"turns":3.0},{"damage":5.0,"enemies":"Small Slimes","floor":7.0,"turns":3.0},{"damage":5.0,"enemies":"2 Louse","floor":11.0,"turns":2.0},{"damage":28.0,"enemies":"Gremlin Gang","floor":12.0,"turns":6.0},{"damage":1.0,"enemies":"Exordium Thugs","floor":14.0,"turns":4.0},{"damage":22.0,"enemies":"Hexaghost","floor":16.0,"turns":7.0},{"damage":22.0,"enemies":"3 Byrds","floor":18.0,"turns":6.0},{"damage":5.0,"enemies":"conspire:FuzzyDice","floor":21.0,"turns":2.0},{"damage":5.0,"enemies":"Snecko","floor":22.0,"turns":2.0},{"damage":5.0,"enemies":"3 Cultists","floor":25.0,"turns":1.0},{"damage":0.0,"enemies":"Shelled Parasite and Fungi","floor":28.0,"turns":1.0},{"damage":5.0,"enemies":"Snecko","floor":30.0,"turns":1.0},{"damage":0.0,"enemies":"Cultist and Chosen","floor":31.0,"turns":1.0},{"damage":0.0,"enemies":"Collector","floor":33.0,"turns":1.0},{"damage":0.0,"enemies":"3 Darklings","floor":35.0,"turns":1.0},{"damage":0.0,"enemies":"3 Shapes","floor":36.0,"turns":1.0},{"damage":0.0,"enemies":"Transient","floor":38.0,"turns":1.0},{"damage":0.0,"enemies":"Jaw Worm Horde","floor":42.0,"turns":1.0},{"damage":0.0,"enemies":"Nemesis","floor":44.0,"turns":1.0},{"damage":0.0,"enemies":"Giant Head","floor":46.0,"turns":1.0},{"damage":0.0,"enemies":"4 Shapes","floor":47.0,"turns":1.0},{"damage":0.0,"enemies":"Sphere and 2 Shapes","floor":48.0,"turns":1.0},{"damage":0.0,"enemies":"hubris:GrandSnecko","floor":50.0,"turns":1.0},{"damage":5.0,"enemies":"Shield and Spear","floor":54.0,"turns":1.0},{"damage":50,"enemies":"The Heart","floor":55,"turns":4}],"seed_played":"1955618616392054656","potions_obtained":[{"floor":1.0,"key":"SpeedPotion"},{"floor":7.0,"key":"LiquidBronze"},{"floor":11.0,"key":"PowerPotion"},{"floor":16.0,"key":"HeartOfIron"},{"floor":18.0,"key":"Fire Potion"},{"floor":22.0,"key":"SpeedPotion"}],"is_trial":false,"path_per_floor":["M","?","$","?","?","R","M","R","T","$","M","M","R","M","R","B",null,"M","?","$","M","M","R","?","M","T","R","M","$","M","M","R","B",null,"M","M","?","M","?","R","$","M","T","E","?","E","M","M","R","B",null,"R","$","E","B",null],"character_chosen":"IRONCLAD","items_purchased":["Shrug It Off","conspire:Purge","Dropkick","Trip","hubris:MysteriousPyramids","Shrug It Off","Ornamental Fan","Oddly Smooth Stone"],"campfire_rested":2,"item_purchase_floors":[0,0,0,0,0,3,41,53],"current_hp_per_floor":[39,39,39,39,39,39,40,40,40,40,41,19,43,48,48,32,80,64,64,64,65,66,66,66,67,67,67,73,73,74,80,80,80,80,80,80,80,80,80,80,80,80,80,80,80,80,80,80,80,80,80,80,80,80,36],"gold":40,"neow_bonus":"","is_prod":false,"is_daily":false,"chose_seed":false,"campfire_upgraded":7,"win_rate":0,"timestamp":1607491134,"path_taken":["M","?","$","?","?","R","?","R","T","?","M","?","R","M","R","BOSS","M","?","?","?","M","R","?","M","T","R","M","$","?","M","R","BOSS","M","M","?","M","?","R","$","M","T","E","?","E","?","M","R","BOSS","R","$","E","BOSS"],"build_version":"2020-11-30","purchased_purges":3,"victory":true,"max_hp_per_floor":[80,80,80,80,80,80,80,80,80,80,80,80,80,80,80,80,80,80,80,80,80,80,80,80,80,80,80,80,80,80,80,80,80,80,80,80,80,80,80,80,80,80,80,80,80,80,80,80,80,80,80,80,80,80,80],"card_choices":[{"not_picked":["Rupture","Warcry","Flex"],"picked":"SKIP","floor":1.0},{"not_picked":["True Grit","conspire:ExplosiveBarrier","Uppercut"],"picked":"SKIP","floor":7.0},{"not_picked":["Wild Strike","Shrug It Off","Anger"],"picked":"SKIP","floor":11.0},{"not_picked":["Uppercut","Cleave"],"picked":"Thunderclap","floor":12.0},{"not_picked":["Flame Barrier","hubris:CleavingFinish"],"picked":"Body Slam","floor":14.0},{"not_picked":["Bludgeon","Immolate"],"picked":"Double Tap","floor":16.0},{"not_picked":["Flex+1","Pommel Strike"],"picked":"Dropkick+1","floor":18.0},{"not_picked":["Hemokinesis","Disarm","Cleave"],"picked":"SKIP","floor":21.0},{"not_picked":["Infernal Blade","Warcry","Evolve"],"picked":"SKIP","floor":22.0},{"not_picked":["Corruption","Blood for Blood+1","hubris:ReadiedAction"],"picked":"SKIP","floor":25.0},{"not_picked":["Flame Barrier","Pommel Strike","Offering"],"picked":"SKIP","floor":28.0},{"not_picked":["Feel No Pain","Pummel","hubris:ReadiedAction"],"picked":"SKIP","floor":30.0},{"not_picked":["Anger+1","Second Wind","Shrug It Off"],"picked":"SKIP","floor":31.0},{"not_picked":["Cleave+1","Shrug It Off","Seeing Red+1"],"picked":"SKIP","floor":35.0},{"not_picked":["Perfected Strike+1","Sword Boomerang+1","Second Wind+1"],"picked":"SKIP","floor":36.0},{"not_picked":["Pummel+1","Carnage","Twin Strike+1"],"picked":"SKIP","floor":38.0},{"not_picked":["hubris:StunningStrike","Cleave+1","Armaments"],"picked":"SKIP","floor":42.0},{"not_picked":["Hemokinesis+1","Brutality","Seeing Red+1"],"picked":"SKIP","floor":44.0},{"not_picked":["Carnage+1","Heavy Blade+1","Exhume"],"picked":"SKIP","floor":46.0},{"not_picked":["Armaments","Clothesline+1","Anger"],"picked":"SKIP","floor":47.0},{"not_picked":["Offering","hubris:ReadiedAction+1","hubris:SharpeningStone+1"],"picked":"SKIP","floor":48.0},{"not_picked":["Headbutt+1","Bloodletting+1","Dark Embrace+1"],"picked":"SKIP","floor":54.0}],"player_experience":88224,"relics_obtained":[{"floor":26.0,"key":"hubris:ToyBattleship"},{"floor":43.0,"key":"hubris:TenFootPole"},{"floor":44.0,"key":"PreservedInsect"},{"floor":46.0,"key":"Omamori"},{"floor":54.0,"key":"hubris:Reverence"}],"event_choices":[{"damage_healed":0.0,"max_hp_gain":0.0,"max_hp_loss":0.0,"gold_gain":0.0,"event_name":"NoteForYourself","player_choice":"Ignored","floor":5.0,"gold_loss":0.0,"damage_taken":0.0},{"cards_removed":["Strike_R"],"damage_healed":0.0,"max_hp_gain":0.0,"max_hp_loss":0.0,"gold_gain":0.0,"event_name":"Designer","player_choice":"Upgrade and Remove","floor":19.0,"gold_loss":90.0,"damage_taken":0.0,"cards_upgraded":["Thunderclap"]},{"damage_healed":0.0,"max_hp_gain":0.0,"max_hp_loss":0.0,"gold_gain":0.0,"event_name":"N\u0027loth","player_choice":"Traded Relic","floor":24.0,"relics_lost":["hubris:Icosahedron"],"gold_loss":0.0,"damage_taken":0.0,"relics_obtained":["Nloth\u0027s Gift"]},{"damage_healed":0.0,"max_hp_gain":0.0,"max_hp_loss":0.0,"gold_gain":0.0,"event_name":"Tomb of Lord Red Mask","player_choice":"Ignored","floor":37.0,"gold_loss":0.0,"damage_taken":0.0},{"damage_healed":0.0,"max_hp_gain":0.0,"max_hp_loss":0.0,"gold_gain":0.0,"event_name":"SensoryStone","player_choice":"Memory 1","floor":39.0,"gold_loss":0.0,"damage_taken":0.0},{"damage_healed":0.0,"max_hp_gain":0.0,"max_hp_loss":0.0,"gold_gain":0.0,"event_name":"Wheel of Change","player_choice":"Cursed","floor":45.0,"gold_loss":0.0,"damage_taken":0.0,"cards_obtained":["Decay"]}],"is_beta":false,"boss_relics":[{"not_picked":["SlaversCollar","hubris:CrackedHourglass"],"picked":"conspire:RunicOctahedron"},{"not_picked":["Runic Dome","Philosopher\u0027s Stone"],"picked":"Sozu"}],"items_purged_floors":[3,20,41],"is_endless":false,"potions_floor_spawned":[1,7,11,16,18,22,31,33,36,46,47],"ascension_level":0}}