{"host":"rpu0b34yn88n8zeb","time":1607552526,"event":{"gold_per_floor":[114,114,3,20,37,68,68,68,68,68,98,112,126,137,137,241,291,276,276,191,22,33,64,64,64,64,64,7,36,36,36,36,140,140,156,28,28,48,102,102,130,130,157,157,157,157],"floor_reached":45,"playtime":2147,"items_purged":[],"score":534,"play_id":"9785b23f-8866-4c54-aa11-353d3a0d0039","local_time":"20201209152206","is_ascension_mode":true,"campfire_choices":[{"data":"UniversalSpiritual:ReiMu","floor":7.0,"key":"SMITH"},{"data":"SealNeedle:ReiMu","floor":10.0,"key":"SMITH"},{"data":"Determination:ReiMu","floor":15.0,"key":"SMITH"},{"data":"ForcedLanding:ReiMu","floor":25.0,"key":"SMITH"},{"data":"Determination:ReiMu","floor":27.0,"key":"SMITH"},{"data":"Amulet:ReiMu","floor":30.0,"key":"SMITH"},{"floor":32.0,"key":"REST"},{"data":"AlertArray:ReiMu","floor":40.0,"key":"SMITH"},{"data":"FantasyMoon:ReiMu","floor":42.0,"key":"SMITH"},{"data":"Dreaming2:ReiMu","floor":44.0,"key":"SMITH"}],"neow_cost":"NONE","seed_source_timestamp":5456759375600,"circlet_count":0,"master_deck":["Strike_Lin:ReiMu","Strike_Lin:ReiMu","Strike_Lin:ReiMu","Strike_Lin:ReiMu","Defend_Lin:ReiMu+1","Defend_Lin:ReiMu","Defend_Lin:ReiMu","Defend_Lin:ReiMu","NB:ReiMu+1","Stagnation:ReiMu","AirStrike:ReiMu","ShadowOfCrow2:ReiMu","SealNeedle:ReiMu+1","UniversalSpiritual:ReiMu+1","Determination:ReiMu+1","RainPray2:ReiMu","Amulet:ReiMu+1","FantasyMoon:ReiMu+1","Determination:ReiMu+1","AlertArray:ReiMu+1","Dreaming2:ReiMu+1","SubAcupoint:ReiMu","ForcedLanding:ReiMu+1","RainPray2:ReiMu","Necronomicurse","FineLineFantasy:ReiMu+1","KamiRite:ReiMu+1","PassingAway:ReiMu+1","YinYangSange:ReiMu+1","SealNeedle:ReiMu+1"],"special_seed":0,"relics":["FlyPower:ReiMu","NeowsBlessing","Peace Pipe","Shuriken","Mango","Meat on the Bone","Tiny House","Ornamental Fan","Juzu Bracelet","Bottled Tornado","Necronomicon","Frozen Egg 2","Mastiff:ReiMu","Coffee Dripper","Question Card","CatCart","Pear"],"potions_floor_usage":[],"damage_taken":[{"damage":0.0,"enemies":"Small Slimes","floor":1.0,"turns":1.0},{"damage":0.0,"enemies":"2 Louse","floor":4.0,"turns":1.0},{"damage":0.0,"enemies":"Cultist","floor":5.0,"turns":1.0},{"damage":28.0,"enemies":"Lagavulin","floor":6.0,"turns":9.0},{"damage":25.0,"enemies":"Gremlin Nob","floor":11.0,"turns":6.0},{"damage":1.0,"enemies":"Exordium Thugs","floor":12.0,"turns":5.0},{"damage":0.0,"enemies":"Large Slime","floor":13.0,"turns":3.0},{"damage":0.0,"enemies":"Looter","floor":14.0,"turns":4.0},{"damage":4.0,"enemies":"Slime Boss","floor":16.0,"turns":9.0},{"damage":5.0,"enemies":"Spheric Guardian","floor":18.0,"turns":7.0},{"damage":0.0,"enemies":"Shell Parasite","floor":22.0,"turns":4.0},{"damage":52.0,"enemies":"Gremlin Leader","floor":23.0,"turns":9.0},{"damage":13.0,"enemies":"Slavers","floor":29.0,"turns":6.0},{"damage":6.0,"enemies":"Champ","floor":33.0,"turns":8.0},{"damage":1.0,"enemies":"Orb Walker","floor":35.0,"turns":3.0},{"damage":23.0,"enemies":"3 Darklings","floor":38.0,"turns":5.0},{"damage":23.0,"enemies":"Orin","floor":39.0,"turns":8.0},{"damage":27.0,"enemies":"Reptomancer","floor":41.0,"turns":6.0},{"damage":61,"enemies":"Reptomancer","floor":45,"turns":17}],"seed_played":"5220212216252455490","potions_obtained":[{"floor":5.0,"key":"SmokeBomb"},{"floor":12.0,"key":"LiquidFlight:ReiMu"},{"floor":13.0,"key":"PinkPotion:ReiMu"},{"floor":16.0,"key":"Block Potion"},{"floor":22.0,"key":"Strength Potion"},{"floor":38.0,"key":"EssenceOfSteel"}],"is_trial":false,"path_per_floor":["M","?","?","M","M","E","R","$","T","R","E","M","M","M","R","B",null,"M","?","?","$","M","E","?","R","T","R","$","E","R","$","R","B",null,"M","$","?","M","?","R","E","R","T","R","?"],"character_chosen":"REIMU","items_purchased":["SubAcupoint:ReiMu","Juzu Bracelet","FineLineFantasy:ReiMu+1","Question Card"],"campfire_rested":1,"item_purchase_floors":[21,21,28,36],"current_hp_per_floor":[65,65,65,65,65,37,37,37,51,51,26,37,49,49,49,45,84,79,79,79,79,79,39,23,23,23,23,23,22,22,22,47,53,84,83,83,83,60,49,49,44,44,44,44,0,0],"gold":157,"neow_bonus":"THREE_ENEMY_KILL","is_prod":false,"is_daily":false,"chose_seed":false,"campfire_upgraded":9,"win_rate":0,"timestamp":1607552526,"path_taken":["M","?","?","M","?","E","R","?","T","R","E","M","M","M","R","BOSS","M","?","?","?","M","E","?","R","T","R","$","E","R","$","R","BOSS","M","$","?","M","?","R","E","R","T","R","?"],"build_version":"2020-11-30","purchased_purges":0,"victory":false,"max_hp_per_floor":[65,65,65,65,65,65,65,65,79,79,79,79,79,79,79,79,84,84,84,84,84,84,84,84,84,84,84,84,84,84,84,84,84,84,84,84,84,84,84,84,94,94,94,94,94,94],"card_choices":[{"not_picked":["SubcavityInstant:ReiMu","SpringWay:ReiMu"],"picked":"AirStrike:ReiMu","floor":1.0},{"not_picked":["WonderfulDomain:ReiMu","OrbThrow:ReiMu"],"picked":"ShadowOfCrow2:ReiMu","floor":4.0},{"not_picked":["UniversalSpiritual:ReiMu","RunawayExorcism:ReiMu"],"picked":"SealNeedle:ReiMu","floor":5.0},{"not_picked":["Meditation:ReiMu","SafetyPray:ReiMu"],"picked":"UniversalSpiritual:ReiMu","floor":6.0},{"not_picked":["FantasyMoon:ReiMu","MikOfLucky:ReiMu"],"picked":"Determination:ReiMu","floor":11.0},{"not_picked":["EmergencyTakeOff:ReiMu","SafetyPray:ReiMu"],"picked":"RainPray2:ReiMu","floor":12.0},{"not_picked":["CareerPray:ReiMu","OctopathBindingBorder2:ReiMu"],"picked":"Amulet:ReiMu","floor":13.0},{"not_picked":["SpreadBorder2:ReiMu","Meditation:ReiMu"],"picked":"FantasyMoon:ReiMu","floor":14.0},{"not_picked":["OctopathSalyBorderN:ReiMu","RunawayExorcism:ReiMu"],"picked":"Determination:ReiMu","floor":16.0},{"not_picked":["SpreadBorder2:ReiMu","Meditation:ReiMu"],"picked":"AlertArray:ReiMu","floor":17.0},{"not_picked":["YinYangSign:ReiMu+1","TightArray:ReiMu"],"picked":"Dreaming2:ReiMu","floor":18.0},{"not_picked":["AlertArray:ReiMu","Intuition:ReiMu"],"picked":"ForcedLanding:ReiMu","floor":22.0},{"not_picked":["YinYangSign:ReiMu","SpreadBorder2:ReiMu"],"picked":"RainPray2:ReiMu","floor":23.0},{"not_picked":["CollectionFlower2:ReiMu","MountainWay:ReiMu","AirStrike:ReiMu"],"picked":"SKIP","floor":29.0},{"not_picked":["PrayRite:ReiMu","CeremonyResonance:ReiMu"],"picked":"KamiRite:ReiMu","floor":33.0},{"not_picked":["SubcavityInstant:ReiMu+1","UniversalSpiritual:ReiMu+1","Gathering:ReiMu+1"],"picked":"SKIP","floor":35.0},{"not_picked":["FineLineFantasy:ReiMu+1","EmergencyTakeOff:ReiMu","MountainWay:ReiMu"],"picked":"PassingAway:ReiMu+1","floor":38.0},{"not_picked":["SpringWay:ReiMu","PhosphorusFlame:ReiMu","TakeOff:ReiMu"],"picked":"YinYangSange:ReiMu+1","floor":39.0},{"not_picked":["Revelation:ReiMu+1","SubcavityInstant:ReiMu","AirStrike:ReiMu"],"picked":"SealNeedle:ReiMu+1","floor":41.0}],"player_experience":511885,"relics_obtained":[{"floor":6.0,"key":"Shuriken"},{"floor":9.0,"key":"Mango"},{"floor":11.0,"key":"Meat on the Bone"},{"floor":23.0,"key":"Bottled Tornado"},{"floor":24.0,"key":"Necronomicon"},{"floor":26.0,"key":"Frozen Egg 2"},{"floor":29.0,"key":"Mastiff:ReiMu"},{"floor":39.0,"key":"CatCart"},{"floor":41.0,"key":"Pear"}],"event_choices":[{"damage_healed":0.0,"max_hp_gain":0.0,"max_hp_loss":0.0,"gold_gain":0.0,"event_name":"Living Wall","player_choice":"Grow","floor":2.0,"gold_loss":0.0,"damage_taken":0.0,"cards_upgraded":["NB:ReiMu"]},{"damage_healed":0.0,"max_hp_gain":0.0,"max_hp_loss":0.0,"gold_gain":0.0,"event_name":"WeMeetAgain","player_choice":"Paid Gold","floor":3.0,"gold_loss":111.0,"damage_taken":0.0,"relics_obtained":["Peace Pipe"]},{"damage_healed":0.0,"max_hp_gain":0.0,"max_hp_loss":0.0,"gold_gain":0.0,"event_name":"Beggar","player_choice":"Ignored","floor":19.0,"gold_loss":0.0,"damage_taken":0.0},{"damage_healed":0.0,"max_hp_gain":0.0,"max_hp_loss":0.0,"gold_gain":0.0,"event_name":"Addict","player_choice":"Obtained Relic","floor":20.0,"gold_loss":85.0,"damage_taken":0.0,"relics_obtained":["Ornamental Fan"]},{"damage_healed":0.0,"max_hp_gain":0.0,"max_hp_loss":0.0,"gold_gain":0.0,"event_name":"Cursed Tome","player_choice":"Obtained Book","floor":24.0,"gold_loss":0.0,"damage_taken":16.0},{"damage_healed":0.0,"max_hp_gain":0.0,"max_hp_loss":0.0,"gold_gain":0.0,"event_name":"Upgrade Shrine","player_choice":"Upgraded","floor":37.0,"gold_loss":0.0,"damage_taken":0.0,"cards_upgraded":["KamiRite:ReiMu"]},{"damage_healed":0.0,"max_hp_gain":0.0,"max_hp_loss":0.0,"gold_gain":0.0,"event_name":"OrinTheCat","player_choice":"Fight","floor":39.0,"gold_loss":0.0,"damage_taken":0.0}],"is_beta":false,"boss_relics":[{"not_picked":["Ectoplasm","Empty Cage"],"picked":"Tiny House"},{"not_picked":["Busted Crown","SacredBark"],"picked":"Coffee Dripper"}],"items_purged_floors":[],"is_endless":false,"potions_floor_spawned":[5,12,13,16,22,38],"killed_by":"Reptomancer","ascension_level":1}}