{"host":"v0byp44r5syn346h","time":1607544419,"event":{"gold_per_floor":[119,132,132,132,145,145,179,179,179,179,191,191,222,239,219,320,320,331,344,354,354,354,380,380,393,393,393,407,407,439,458,458,458,458],"floor_reached":33,"playtime":1892,"items_purged":[],"score":631,"play_id":"003cbb51-7128-475c-b9d7-f2d2c9525b42","local_time":"20201209210659","is_ascension_mode":true,"campfire_choices":[{"data":"Eruption","floor":6,"key":"SMITH"},{"data":"Vigilance","floor":12,"key":"SMITH"},{"data":"Vault","floor":24,"key":"SMITH"},{"data":"WindmillStrike","floor":27,"key":"SMITH"},{"data":"ReplayTheSpireMod:Faulty Equipment","floor":29,"key":"SMITH"},{"data":"Prostrate","floor":32,"key":"SMITH"}],"neow_cost":"","seed_source_timestamp":766768812297800,"circlet_count":0,"master_deck":["conspire:GhostlyStrike","conspire:GhostlyStrike","conspire:GhostlyStrike","conspire:GhostlyDefend","conspire:GhostlyDefend","conspire:GhostlyDefend","Eruption+1","Vigilance+1","ThirdEye","ClearTheMind","FearNoEvil","CutThroughFate","FearNoEvil","Vault+1","Prostrate+1","CutThroughFate","WindmillStrike+1","ConjureBlade+1","Necronomicurse"],"special_seed":0,"relics":["PureWater","PreservedInsect","Pondfish Scales","trackpad:Mousetrap","Replay:Ringing Soul","halation:RedSoulGem","vexMod:MemoryStick","Cursed Key","Necronomicon","Snack Pack","Question Card","Strawberry"],"potions_floor_usage":[16,16,33,33],"damage_taken":[{"damage":0,"enemies":"Small Slimes","floor":1,"turns":2},{"damage":7,"enemies":"Jaw Worm","floor":2,"turns":6},{"damage":0,"enemies":"Cultist","floor":5,"turns":3},{"damage":4,"enemies":"3 Sentries","floor":7,"turns":8},{"damage":8,"enemies":"Exordium Wildlife","floor":11,"turns":4},{"damage":13,"enemies":"Gremlin Nob","floor":13,"turns":2},{"damage":10,"enemies":"Gremlin Gang","floor":14,"turns":4},{"damage":0,"enemies":"Hexaghost","floor":16,"turns":6},{"damage":7,"enemies":"2 Thieves","floor":18,"turns":4},{"damage":5,"enemies":"Chosen","floor":19,"turns":7},{"damage":7,"enemies":"Snecko","floor":20,"turns":4},{"damage":3,"enemies":"Book of Stabbing","floor":23,"turns":4},{"damage":1,"enemies":"Cultist and Chosen","floor":25,"turns":4},{"damage":14,"enemies":"Shelled Parasite and Fungi","floor":28,"turns":4},{"damage":19,"enemies":"Slavers","floor":30,"turns":5},{"damage":14,"enemies":"Snecko","floor":31,"turns":4},{"damage":21,"enemies":"hubris:MusketHawk","floor":33,"turns":5}],"seed_played":"4772505210435340477","potions_obtained":[{"floor":1,"key":"Elixir"},{"floor":14,"key":"construct:ShiftPotion"},{"floor":15,"key":"Cursed Concoction"},{"floor":16,"key":"Dexterity Potion"},{"floor":18,"key":"PowerPotion"}],"is_trial":false,"path_per_floor":["M","M","?","?","M","R","E","?","T","?","M","R","E","M","R_BF","B",null,"M","M","M","?","?","E","R","M","T","R","M","R","E","M","R","B"],"character_chosen":"WATCHER","items_purchased":["PreservedInsect","Pondfish Scales","ThirdEye"],"campfire_rested":0,"item_purchase_floors":[0,0,0],"current_hp_per_floor":[47,40,40,40,40,40,36,29,29,29,21,21,11,1,1,4,60,56,54,50,53,40,37,37,40,43,43,31,31,23,13,13,0,0],"gold":458,"neow_bonus":"","is_prod":false,"is_daily":false,"chose_seed":false,"campfire_upgraded":6,"win_rate":0,"timestamp":1607544419,"path_taken":["M","M","?","?","M","R","E","?","T","?","?","R","E","M","R_BF","BOSS","M","?","?","?","?","E","R","M","T","R","M","R","E","M","R","BOSS"],"build_version":"2020-11-30","purchased_purges":0,"victory":false,"max_hp_per_floor":[72,72,72,72,72,72,72,72,72,72,72,72,75,75,75,78,78,81,84,87,90,93,93,93,93,96,96,96,96,103,103,103,103,103],"relic_stats":{"counters":[29,114],"PreservedInsect":132,"Necronomicon":[6],"Cursed Key":1,"Question Card":4,"obtain_stats":[{"Golden Egg":9,"trackpad:Mousetrap":7,"vexMod:MemoryStick":13,"NeowsBlessing":0,"trackpad:Trackpad":17,"vexMod:MysteryBossChallenge":17,"Oddly Smooth Stone":22,"infinitespire:Joker Card":8,"PreservedInsect":0,"aspiration:HiddenCompartment":6,"Cursed Key":17,"Question Card":26,"halation:RedSoulGem":2,"Replay:Ringing Soul":9,"Pondfish Scales":0,"Strawberry":30,"Necronomicon":22,"Snack Pack":23,"trackpad:AdjectivePendant":3,"halation:AfternoonTea":13,"PureWater":0},{"Golden Egg":4,"trackpad:Mousetrap":16,"vexMod:MemoryStick":18,"NeowsBlessing":0,"trackpad:Trackpad":8,"vexMod:MysteryBossChallenge":8,"Oddly Smooth Stone":11,"infinitespire:Joker Card":4,"PreservedInsect":12,"aspiration:HiddenCompartment":3,"Cursed Key":20,"Question Card":25,"halation:RedSoulGem":1,"Replay:Ringing Soul":16,"Pondfish Scales":12,"Strawberry":27,"Necronomicon":23,"Snack Pack":24,"trackpad:AdjectivePendant":1,"halation:AfternoonTea":6,"PureWater":0},{"Golden Egg":6,"trackpad:Mousetrap":57,"vexMod:MemoryStick":63,"NeowsBlessing":0,"trackpad:Trackpad":22,"vexMod:MysteryBossChallenge":22,"Oddly Smooth Stone":35,"infinitespire:Joker Card":6,"PreservedInsect":38,"aspiration:HiddenCompartment":3,"Cursed Key":73,"Question Card":96,"halation:RedSoulGem":1,"Replay:Ringing Soul":57,"Pondfish Scales":38,"Strawberry":105,"Necronomicon":88,"Snack Pack":92,"trackpad:AdjectivePendant":1,"halation:AfternoonTea":12,"PureWater":0}]},"card_choices":[{"not_picked":["FollowUp","Nirvana"],"picked":"ClearTheMind","floor":1},{"not_picked":["SignatureMove","Replay:AtTheReady"],"picked":"FearNoEvil","floor":2},{"not_picked":["InnerPeace","CrushJoints"],"picked":"CutThroughFate","floor":5},{"not_picked":["Replay:Hum","Perseverance","Nirvana"],"picked":"SKIP","floor":7},{"not_picked":["JustLucky","Adaptation","FlyingSleeves"],"picked":"SKIP","floor":11},{"not_picked":["TalkToTheHand","Judgement"],"picked":"FearNoEvil","floor":13},{"not_picked":["Evaluate","Replay:Battleflow","Replay:ManipulateFuture"],"picked":"SKIP","floor":14},{"not_picked":["Alpha","ConjureBlade"],"picked":"Vault","floor":16},{"not_picked":["Fasting2","ThirdEye"],"picked":"Prostrate","floor":18},{"not_picked":["Protect","Nirvana"],"picked":"CutThroughFate","floor":19},{"not_picked":["Consecrate","Worship"],"picked":"WindmillStrike","floor":20},{"not_picked":["FlurryOfBlows","Fasting2","SashWhip"],"picked":"SKIP","floor":23},{"not_picked":["WreathOfFlame+1","FlyingSleeves+1","Weave"],"picked":"SKIP","floor":25},{"not_picked":["EmptyBody","Replay:Hum","Prostrate","Halt"],"picked":"SKIP","floor":28},{"not_picked":["Replay:Battleflow","Replay:Anticipation+1","Worship+1","Crescendo"],"picked":"SKIP","floor":30},{"not_picked":["BowlingBash+1","Replay:Hum","EmptyBody","Evaluate"],"picked":"SKIP","floor":31}],"player_experience":808749,"relics_obtained":[{"floor":7,"key":"trackpad:Mousetrap"},{"floor":9,"key":"Replay:Ringing Soul"},{"floor":13,"key":"vexMod:MemoryStick"},{"floor":23,"key":"Snack Pack"},{"floor":26,"key":"Question Card"},{"floor":30,"key":"Strawberry"}],"event_choices":[{"damage_healed":0,"gold_gain":0,"player_choice":"Agree","damage_taken":0,"max_hp_gain":0,"max_hp_loss":0,"event_name":"conspire:LoneGhost","floor":3,"gold_loss":0},{"cards_removed":["conspire:GhostlyStrike"],"damage_healed":0,"gold_gain":0,"player_choice":"Card Removal","damage_taken":7,"max_hp_gain":0,"max_hp_loss":0,"event_name":"Golden Wing","floor":8,"gold_loss":0},{"damage_healed":0,"gold_gain":0,"player_choice":"Bought 1 Potion","damage_taken":0,"max_hp_gain":0,"max_hp_loss":0,"event_name":"The Woman in Blue","floor":15,"gold_loss":0},{"damage_healed":0,"gold_gain":0,"player_choice":"Take","damage_taken":0,"max_hp_gain":0,"max_hp_loss":0,"event_name":"betterNote:BetterNote","floor":21,"gold_loss":0,"cards_obtained":["ConjureBlade"]},{"damage_healed":0,"gold_gain":0,"player_choice":"Obtained Book","damage_taken":16,"max_hp_gain":0,"max_hp_loss":0,"event_name":"Cursed Tome","floor":22,"gold_loss":0}],"is_beta":false,"boss_relics":[{"not_picked":["Snecko Heart","aspiration:RunicSpoon"],"picked":"Cursed Key"}],"items_purged_floors":[],"is_endless":false,"potions_floor_spawned":[1,14,16,18,30,31],"killed_by":"hubris:MusketHawk","ascension_level":6}}