{"host":"d6jq5n191gimxfx1","time":1607543257,"event":{"gold_per_floor":[110,110,120,135,187,212,230,230,256,267,217,217,233,263,263,358,358,369,70,59,69,69,69],"floor_reached":22,"playtime":965,"items_purged":["Strike_R"],"score":277,"play_id":"b379d43a-f194-437b-aac6-8c1f96be20f7","local_time":"20201209204737","is_ascension_mode":true,"campfire_choices":[{"data":"Metallicize","floor":8,"key":"SMITH"},{"data":"Cleave","floor":15,"key":"SMITH"}],"neow_cost":"NONE","seed_source_timestamp":2341553677948700,"circlet_count":0,"master_deck":["Strike_R","Strike_R+1","Strike_R+1","Defend_R","Defend_R","Defend_R","Defend_R","Bash+1","Metallicize+1","Cleave+1","Shrug It Off","Juggernaut","Metallicize+1","Berserk","Seeing Red+1"],"relics":["Burning Blood","Art of War","Strawberry","Red Skull","TungstenRod","Runic Cube","DollysMirror"],"potions_floor_usage":[6,10,13,14,18],"damage_taken":[{"damage":1,"enemies":"Cultist","floor":1,"turns":3},{"damage":2,"enemies":"Jaw Worm","floor":3,"turns":3},{"damage":0,"enemies":"Small Slimes","floor":4,"turns":3},{"damage":32,"enemies":"Gremlin Nob","floor":6,"turns":4},{"damage":4,"enemies":"3 Louse","floor":7,"turns":3},{"damage":5,"enemies":"Gremlin Gang","floor":10,"turns":2},{"damage":0,"enemies":"Large Slime","floor":13,"turns":6},{"damage":35,"enemies":"Lagavulin","floor":14,"turns":7},{"damage":37,"enemies":"Slime Boss","floor":16,"turns":10},{"damage":1,"enemies":"3 Byrds","floor":18,"turns":3},{"damage":27,"enemies":"2 Thieves","floor":20,"turns":4},{"damage":26,"enemies":"Centurion and Healer","floor":21,"turns":6},{"damage":43,"enemies":"3 Cultists","floor":22,"turns":4}],"seed_played":"1839775799214282113","potions_obtained":[{"floor":4,"key":"Regen Potion"},{"floor":6,"key":"Explosive Potion"},{"floor":7,"key":"FearPotion"},{"floor":12,"key":"LiquidBronze"},{"floor":12,"key":"Weak Potion"},{"floor":20,"key":"BlessingOfTheForge"}],"is_trial":false,"path_per_floor":["M","?","M","M","T","E","M","R","T","M","?","?","M","E","R","B",null,"M","$","M","M","M"],"character_chosen":"IRONCLAD","items_purchased":["DollysMirror","Berserk"],"campfire_rested":0,"item_purchase_floors":[19,19],"current_hp_per_floor":[77,61,65,71,71,64,66,66,66,67,67,67,73,44,44,13,69,74,74,53,33,0,0],"gold":69,"neow_bonus":"UPGRADE_CARD","is_prod":false,"is_daily":false,"chose_seed":false,"campfire_upgraded":2,"win_rate":0,"timestamp":1607543257,"path_taken":["M","?","M","M","?","E","M","R","T","M","?","?","M","E","R","BOSS","M","$","M","?","M"],"build_version":"2020-11-30","purchased_purges":1,"victory":false,"max_hp_per_floor":[80,80,80,80,80,87,87,87,87,87,87,87,87,87,87,87,87,87,87,87,87,87,87],"card_choices":[{"not_picked":["Thunderclap","Rupture"],"picked":"Metallicize","floor":1},{"not_picked":["Clash","Body Slam","Feel No Pain"],"picked":"SKIP","floor":3},{"not_picked":["Twin Strike","Dark Embrace","Warcry"],"picked":"SKIP","floor":4},{"not_picked":["Headbutt","Wild Strike"],"picked":"Cleave","floor":6},{"not_picked":["Spot Weakness","Armaments"],"picked":"Shrug It Off","floor":7},{"not_picked":["Iron Wave","Blood for Blood","Dark Embrace"],"picked":"SKIP","floor":10},{"not_picked":["Twin Strike","Dual Wield","Anger"],"picked":"SKIP","floor":13},{"not_picked":["Thunderclap","Battle Trance","Sentinel"],"picked":"SKIP","floor":14},{"not_picked":["Corruption","Offering"],"picked":"Juggernaut","floor":16},{"not_picked":["Clothesline","Havoc","Wild Strike"],"picked":"SKIP","floor":18},{"not_picked":["Cleave","Feel No Pain","Evolve"],"picked":"SKIP","floor":20},{"not_picked":["Havoc","Thunderclap"],"picked":"Seeing Red+1","floor":21}],"player_experience":566518,"relics_obtained":[{"floor":5,"key":"Art of War"},{"floor":6,"key":"Strawberry"},{"floor":9,"key":"Red Skull"},{"floor":14,"key":"TungstenRod"}],"event_choices":[{"damage_healed":0,"gold_gain":0,"player_choice":"Entered Light","damage_taken":16,"max_hp_gain":0,"max_hp_loss":0,"event_name":"Shining Light","floor":2,"gold_loss":0,"cards_upgraded":["Strike_R","Strike_R"]},{"cards_removed":["Strike_R"],"damage_healed":0,"gold_gain":0,"player_choice":"Card Removal","damage_taken":0,"max_hp_gain":0,"max_hp_loss":0,"event_name":"The Cleric","floor":11,"gold_loss":50},{"damage_healed":0,"gold_gain":0,"player_choice":"Got Potions","damage_taken":0,"max_hp_gain":0,"max_hp_loss":0,"event_name":"Lab","floor":12,"gold_loss":0}],"is_beta":false,"boss_relics":[{"not_picked":["Pandora\u0027s Box","Coffee Dripper"],"picked":"Runic Cube"}],"items_purged_floors":[19],"is_endless":false,"potions_floor_spawned":[4,6,7,20],"killed_by":"3 Cultists","ascension_level":8}}