{"host":"kw4o7b3ro2ktmmbe","time":1607522115,"event":{"gold_per_floor":[111,336,346,20,20,20,20,34,34,34,34,34,55,76,76,186,186,200,213,213,133,133,133,180,207,219,262,274,315,341,402,414,539,551,596,608,620,632,22,22,88,88,88,148,197,243,302,335,335,366],"floor_reached":51,"playtime":5648,"items_purged":[],"score":940,"play_id":"a597dc10-f73b-493d-97e0-af63480e27b8","local_time":"20201210025515","is_ascension_mode":true,"campfire_choices":[{"floor":6.0,"key":"DIG"},{"floor":10.0,"key":"DIG"},{"floor":12.0,"key":"DIG"},{"floor":15.0,"key":"DIG"},{"floor":23.0,"key":"DIG"},{"floor":28.0,"key":"DIG"},{"floor":32,"key":"DIG"},{"floor":40,"key":"DIG"},{"floor":42,"key":"DIG"},{"floor":49,"key":"DIG"}],"neow_cost":"PERCENT_DAMAGE","seed_source_timestamp":654644486628882,"circlet_count":0,"master_deck":["blackbeard:BlackbeardStrike+1","blackbeard:BlackbeardStrike+1","blackbeard:BlackbeardStrike+1","blackbeard:BlackbeardStrike+1","blackbeard:BlackbeardDefend+1","blackbeard:BlackbeardDefend+1","blackbeard:BlackbeardDefend+1","blackbeard:Cutlass","blackbeard:ChaoticDefense","blackbeard:BrownPants","blackbeard:Rum","blackbeard:Shrapnel","TH:CopperCoins","blackbeard:Toast","TH:ArmorSpikes","blackbeard:PirateStrength","blackbeard:Shrapnel+1","blackbeard:Toast","blackbeard:Rum","TH:TreasureMap","blackbeard:InfiniteBarrage+1","blackbeard:Toast","TH:DeckOfManyThings","TH:DeckOfManyThings","blackbeard:DoubleBottom+1","TH:ArmorSpikes","blackbeard:CannonBarrage+1","blackbeard:BuriedTreasure","TH:PixieDust","blackbeard:FinalBarrage","TH:BikiniMail","blackbeard:TheDrunkenSailor+1","blackbeard:PowderKeg+1","Good Instincts","Transmutation","Master of Strategy","blackbeard:BuriedTreasure","TH:BikiniMail","TH:BikiniMail","TH:DeckOfManyThings","blackbeard:BlindAttacks+1","blackbeard:Fencing+1","TH:DeckOfManyThings","blackbeard:Lifeboat","blackbeard:FieryDefense+1"],"special_seed":0,"relics":["blackbeard:LoadTheCannons","Shovel","blackbeard:WhitePearl","Matryoshka","Lantern","Darkstone Periapt","blackbeard:GoldenRing","White Beast Statue","TH:Strongbox","Calipers","SacredBark","Anchor","MawBank","Frozen Egg 2","Toy Ornithopter","Pen Nib","blackbeard:Spearhead","Meat on the Bone","Regal Pillow","Bag of Marbles","Bag of Preparation","Coffee Dripper","TH:HealthInsurance","TungstenRod","blackbeard:CannonballsOfSteel","InkBottle","CaptainsWheel","Smiling Mask","Unceasing Top","Boot","Potion Belt","Pear"],"potions_floor_usage":[29,30,31,33,35,41,44,46,47,50,50,50],"damage_taken":[{"damage":1.0,"enemies":"Jaw Worm","floor":1.0,"turns":3.0},{"damage":0.0,"enemies":"2 Louse","floor":3.0,"turns":2.0},{"damage":0.0,"enemies":"Cultist","floor":8.0,"turns":4.0},{"damage":1.0,"enemies":"3 Louse","floor":13.0,"turns":4.0},{"damage":0.0,"enemies":"Large Slime","floor":14.0,"turns":4.0},{"damage":4.0,"enemies":"The Guardian","floor":16.0,"turns":13.0},{"damage":0.0,"enemies":"Spheric Guardian","floor":18.0,"turns":1.0},{"damage":2.0,"enemies":"2 Thieves","floor":19.0,"turns":3.0},{"damage":5.0,"enemies":"Slavers","floor":24.0,"turns":6.0},{"damage":0.0,"enemies":"Snake Plant","floor":25.0,"turns":6.0},{"damage":9.0,"enemies":"Gremlin Leader","floor":27.0,"turns":7.0},{"damage":1,"enemies":"Slavers","floor":29,"turns":5},{"damage":0,"enemies":"Centurion and Healer","floor":30,"turns":4},{"damage":2,"enemies":"Gremlin Leader","floor":31,"turns":9},{"damage":15,"enemies":"Automaton","floor":33,"turns":9},{"damage":0,"enemies":"Orb Walker","floor":35,"turns":4},{"damage":20,"enemies":"Reptomancer","floor":41,"turns":5},{"damage":4,"enemies":"Giant Head","floor":44,"turns":9},{"damage":0,"enemies":"3 Shapes","floor":45,"turns":7},{"damage":0,"enemies":"Maw","floor":46,"turns":8},{"damage":11,"enemies":"Reptomancer","floor":47,"turns":5},{"damage":16,"enemies":"Jaw Worm Horde","floor":48,"turns":5},{"damage":131,"enemies":"Awakened One","floor":50,"turns":9}],"seed_played":"3388057958522445963","potions_obtained":[{"floor":1.0,"key":"BlessingOfTheForge"},{"floor":3.0,"key":"SneckoOil"},{"floor":7.0,"key":"Fire Potion"},{"floor":7.0,"key":"EssenceOfSteel"},{"floor":14.0,"key":"Fire Potion"},{"floor":16.0,"key":"blackbeard:RumPotion"},{"floor":18.0,"key":"Fire Potion"},{"floor":19.0,"key":"Weak Potion"},{"floor":24.0,"key":"Regen Potion"},{"floor":25.0,"key":"DistilledChaos"},{"floor":27.0,"key":"GamblersBrew"},{"floor":29,"key":"FairyPotion"},{"floor":30,"key":"GamblersBrew"},{"floor":31,"key":"AttackPotion"},{"floor":33,"key":"ColorlessPotion"},{"floor":35,"key":"ColorlessPotion"},{"floor":41,"key":"Weak Potion"},{"floor":44,"key":"Regen Potion"},{"floor":45,"key":"Dexterity Potion"},{"floor":46,"key":"SteroidPotion"},{"floor":47,"key":"GamblersBrew"},{"floor":48,"key":"PowerPotion"}],"is_trial":false,"path_per_floor":["M","?","M","$","?","R","?","M","T","R","$","R","M","M","R","B",null,"M","M","?","$","?","R","E","M","T","E","R","E","M","E","R","B",null,"M","?","?","?","$","R","E","R","T","E","M","M","E","M","R","B",null],"character_chosen":"BLACKBEARD_CLASS","items_purchased":["Matryoshka","blackbeard:Rum","blackbeard:Rum","TH:HealthInsurance","TungstenRod","blackbeard:CannonballsOfSteel","blackbeard:BuriedTreasure"],"campfire_rested":0,"item_purchase_floors":[4,4,21,39,39,39,39],"current_hp_per_floor":[53,53,53,53,46,46,46,46,46,46,46,46,45,45,45,41,75,75,73,73,73,66,66,61,61,61,57,57,61,66,69,69,59,75,75,75,65,65,65,65,50,50,50,51,51,56,50,46,56,83],"gold":366,"neow_bonus":"ONE_RARE_RELIC","is_prod":false,"is_daily":false,"chose_seed":false,"campfire_upgraded":0,"win_rate":0,"timestamp":1607522115,"path_taken":["M","?","M","$","?","R","?","M","T","R","$","R","?","M","R","BOSS","M","M","?","$","?","R","E","M","T","E","R","E","M","E","R","BOSS","M","?","?","?","$","R","E","R","T","E","M","M","E","?","R","BOSS"],"build_version":"2020-11-30","purchased_purges":0,"victory":true,"max_hp_per_floor":[75,75,75,75,75,75,75,75,75,75,75,75,75,75,75,75,75,75,75,75,75,75,75,75,75,75,75,75,75,75,75,75,75,75,75,75,75,75,75,75,75,75,75,75,75,75,75,75,85,85],"card_choices":[{"not_picked":["blackbeard:WiseDefense","blackbeard:Sharpening"],"picked":"blackbeard:ChaoticDefense","floor":1.0},{"not_picked":["blackbeard:Shrapnel","blackbeard:Sharpening"],"picked":"blackbeard:BrownPants","floor":3.0},{"not_picked":["blackbeard:BlindAttacks","blackbeard:Scrap"],"picked":"blackbeard:Shrapnel","floor":8.0},{"not_picked":["TH:CursedSword"],"picked":"TH:CopperCoins","floor":9.0},{"not_picked":["blackbeard:Upgrade","blackbeard:Recklessness"],"picked":"blackbeard:Toast","floor":13.0},{"not_picked":["blackbeard:GoldenDefense","blackbeard:DeadlyArsenal","blackbeard:FieryDefense"],"picked":"SKIP","floor":14.0},{"not_picked":["TH:PixieDust"],"picked":"TH:ArmorSpikes","floor":16.0},{"not_picked":["blackbeard:MegaUpgrade","blackbeard:Lifeboat"],"picked":"blackbeard:PirateStrength","floor":16.0},{"not_picked":["blackbeard:TacticalRetreat","blackbeard:Sword"],"picked":"blackbeard:Shrapnel+1","floor":18.0},{"not_picked":["blackbeard:CloakAndCannonball","blackbeard:DoubleCannonball"],"picked":"blackbeard:Toast","floor":19.0},{"not_picked":["TH:PixieDust"],"picked":"TH:TreasureMap","floor":24.0},{"not_picked":["blackbeard:GoldenStrike","blackbeard:ArmorUp"],"picked":"blackbeard:InfiniteBarrage+1","floor":24.0},{"not_picked":["blackbeard:Boarding","blackbeard:GoldenDefense"],"picked":"blackbeard:Toast","floor":25.0},{"not_picked":["TH:PixieDust"],"picked":"TH:DeckOfManyThings","floor":26.0},{"not_picked":["TH:Mimic"],"picked":"TH:DeckOfManyThings","floor":27.0},{"not_picked":["blackbeard:Spear","blackbeard:Murder"],"picked":"blackbeard:DoubleBottom+1","floor":27.0},{"not_picked":["TH:BikiniMail"],"picked":"TH:ArmorSpikes","floor":29},{"not_picked":["blackbeard:BeatUp","blackbeard:DangerousBlow"],"picked":"blackbeard:CannonBarrage+1","floor":29},{"not_picked":["blackbeard:Recklessness","blackbeard:PiratesWill"],"picked":"blackbeard:BuriedTreasure","floor":30},{"not_picked":["TH:ElvenBoots"],"picked":"TH:PixieDust","floor":31},{"not_picked":["blackbeard:SwordDance","blackbeard:Sharpening+1"],"picked":"blackbeard:FinalBarrage","floor":31},{"not_picked":["TH:CursedSword"],"picked":"TH:BikiniMail","floor":33},{"not_picked":["blackbeard:Halberd","blackbeard:GoldenGuillotine"],"picked":"blackbeard:TheDrunkenSailor+1","floor":33},{"not_picked":["blackbeard:Sword+1","blackbeard:Shrapnel"],"picked":"blackbeard:PowderKeg+1","floor":35},{"not_picked":["Master of Strategy","Violence"],"picked":"Good Instincts","floor":37},{"not_picked":["Good Instincts","Deep Breath"],"picked":"Transmutation","floor":37},{"not_picked":["PanicButton","Impatience"],"picked":"Master of Strategy","floor":37},{"not_picked":["TH:PixieDust"],"picked":"TH:BikiniMail","floor":41},{"not_picked":["blackbeard:Boarding","blackbeard:TerrorOfTheSeas+1","blackbeard:Spear"],"picked":"SKIP","floor":41},{"not_picked":["TH:ElvenBoots"],"picked":"TH:BikiniMail","floor":43},{"not_picked":["TH:PixieDust"],"picked":"TH:DeckOfManyThings","floor":44},{"not_picked":["blackbeard:Dagger+1","blackbeard:TacticalRetreat"],"picked":"blackbeard:BlindAttacks+1","floor":44},{"not_picked":["blackbeard:WiseDefense","blackbeard:PiratesWill+1"],"picked":"blackbeard:Fencing+1","floor":45},{"not_picked":["blackbeard:Fencing","blackbeard:DeadlyArsenal+1","blackbeard:PiratesWill"],"picked":"SKIP","floor":46},{"not_picked":["TH:BikiniMail"],"picked":"TH:DeckOfManyThings","floor":47},{"not_picked":["blackbeard:DoubleBottom","blackbeard:Bandana+1"],"picked":"blackbeard:Lifeboat","floor":47},{"not_picked":["blackbeard:Fencing","blackbeard:RearmingStrike+1"],"picked":"blackbeard:FieryDefense+1","floor":48}],"player_experience":1744098,"relics_obtained":[{"floor":6.0,"key":"Lantern"},{"floor":9.0,"key":"Darkstone Periapt"},{"floor":9.0,"key":"blackbeard:GoldenRing"},{"floor":10.0,"key":"White Beast Statue"},{"floor":12.0,"key":"TH:Strongbox"},{"floor":15.0,"key":"Calipers"},{"floor":23.0,"key":"MawBank"},{"floor":24.0,"key":"Frozen Egg 2"},{"floor":26.0,"key":"Toy Ornithopter"},{"floor":26.0,"key":"Pen Nib"},{"floor":27.0,"key":"blackbeard:Spearhead"},{"floor":28.0,"key":"Meat on the Bone"},{"floor":29,"key":"Regal Pillow"},{"floor":31,"key":"Bag of Marbles"},{"floor":32,"key":"Bag of Preparation"},{"floor":40,"key":"InkBottle"},{"floor":41,"key":"CaptainsWheel"},{"floor":42,"key":"Smiling Mask"},{"floor":43,"key":"Unceasing Top"},{"floor":44,"key":"Boot"},{"floor":47,"key":"Potion Belt"},{"floor":49,"key":"Pear"}],"event_choices":[{"damage_healed":0.0,"max_hp_gain":0.0,"max_hp_loss":0.0,"gold_gain":225.0,"event_name":"blackbeard:Ssssserpent","player_choice":"YARR","floor":2.0,"gold_loss":0.0,"damage_taken":0.0,"relics_obtained":["blackbeard:WhitePearl"]},{"cards_removed":["blackbeard:BlackbeardDefend"],"damage_healed":0.0,"max_hp_gain":0.0,"max_hp_loss":0.0,"gold_gain":0.0,"event_name":"Golden Wing","player_choice":"Card Removal","floor":5.0,"gold_loss":0.0,"damage_taken":7.0},{"damage_healed":0.0,"max_hp_gain":0.0,"max_hp_loss":0.0,"gold_gain":0.0,"event_name":"Lab","player_choice":"Got Potions","floor":7.0,"gold_loss":0.0,"damage_taken":0.0},{"damage_healed":0.0,"max_hp_gain":0.0,"max_hp_loss":0.0,"gold_gain":0.0,"event_name":"Back to Basics","player_choice":"Simplicity","floor":20.0,"gold_loss":0.0,"damage_taken":0.0,"cards_upgraded":["blackbeard:BlackbeardStrike","blackbeard:BlackbeardStrike","blackbeard:BlackbeardStrike","blackbeard:BlackbeardStrike","blackbeard:BlackbeardDefend","blackbeard:BlackbeardDefend","blackbeard:BlackbeardDefend"]},{"damage_healed":0.0,"max_hp_gain":0.0,"max_hp_loss":0.0,"gold_gain":0.0,"event_name":"blackbeard:ShipwreckEvent","player_choice":"Anchor","floor":22.0,"gold_loss":0.0,"damage_taken":0.0,"relics_obtained":["Anchor"]},{"cards_removed":["blackbeard:IntimidatingStrike"],"damage_healed":0,"gold_gain":0,"player_choice":"Removed Attack","damage_taken":0,"max_hp_gain":0,"max_hp_loss":0,"event_name":"Falling","floor":36,"gold_loss":0},{"damage_healed":0,"gold_gain":0,"player_choice":"Memory 3","damage_taken":10,"max_hp_gain":0,"max_hp_loss":0,"event_name":"SensoryStone","floor":37,"gold_loss":0},{"damage_healed":0,"gold_gain":0,"player_choice":"Ignored","damage_taken":0,"max_hp_gain":0,"max_hp_loss":0,"event_name":"Tomb of Lord Red Mask","floor":38,"gold_loss":0}],"is_beta":false,"boss_relics":[{"not_picked":["Pandora\u0027s Box","blackbeard:LoadTheGoldenCannons"],"picked":"SacredBark"},{"not_picked":["blackbeard:Karategi","Black Star"],"picked":"Coffee Dripper"}],"items_purged_floors":[],"is_endless":false,"potions_floor_spawned":[1,3,13,14,16,18,19,24,25,27,29,30,31,33,35,41,44,45,46,47,48],"ascension_level":1}}