{"host":"oeh4wb93hhtrshvk","time":1607547795,"event":{"gold_per_floor":[111,129,139,158,158,190,190,206,230,259,259,274,294,321,321,323,323],"floor_reached":16,"playtime":1192,"items_purged":[],"score":124,"play_id":"bcac9bc9-48ab-4c9a-b0f1-5f312da93c16","local_time":"20201209220315","daily_mods":["Heirloom","DeadlyEvents"],"is_ascension_mode":false,"campfire_choices":[{"data":"LessonLearned","floor":7,"key":"SMITH"},{"data":"hermit:Brawl","floor":11,"key":"SMITH"},{"data":"hermit:Scavenge","floor":15,"key":"SMITH"}],"neow_cost":"","seed_source_timestamp":0,"circlet_count":0,"master_deck":["hermit:Strike_Hermit","hermit:Strike_Hermit","hermit:Strike_Hermit","hermit:Strike_Hermit","hermit:Defend_Hermit","hermit:Defend_Hermit","hermit:Defend_Hermit","hermit:Defend_Hermit+1","hermit:Snapshot+1","hermit:Covet","hermit:Virtue","hermit:Determination","hermit:Brawl+1","hermit:FinalCanter","LessonLearned+1","hermit:Spite+1","hermit:Grudge","hermit:Scavenge+1"],"relics":["hermit:Momento","Thread and Needle","Happy Flower","Bottled Tornado","Akabeko","The Courier","infinitespire:Midas Blood"],"potions_floor_usage":[6,6,10],"damage_taken":[{"damage":0,"enemies":"Cultist","floor":1,"turns":3},{"damage":7,"enemies":"infinitespire:Voidling","floor":2,"turns":4},{"damage":0,"enemies":"conspire:RoseBush","floor":3,"turns":2},{"damage":3,"enemies":"3 Louse","floor":4,"turns":4},{"damage":16,"enemies":"Lagavulin","floor":6,"turns":9},{"damage":7,"enemies":"Exordium Wildlife","floor":8,"turns":5},{"damage":7,"enemies":"Gremlin Nob","floor":10,"turns":3},{"damage":4,"enemies":"Red Slaver","floor":12,"turns":2},{"damage":4,"enemies":"3 Louse","floor":13,"turns":7},{"damage":11,"enemies":"Lagavulin","floor":14,"turns":7},{"damage":16,"enemies":"Slime Boss","floor":16,"turns":3}],"seed_played":"-3579191038379769680","potions_obtained":[{"floor":2,"key":"Block Potion"},{"floor":4,"key":"Fire Potion"},{"floor":8,"key":"hermit:BlackBile"},{"floor":14,"key":"SteroidPotion"}],"is_trial":true,"path_per_floor":["M","M","M","M","?","E","R","M","T","E","R","M","M","E","R","B"],"character_chosen":"HERMIT","items_purchased":[],"campfire_rested":0,"item_purchase_floors":[],"current_hp_per_floor":[75,75,75,72,63,47,47,40,40,33,33,29,25,14,14,0,0],"gold":323,"neow_bonus":"","is_prod":false,"is_daily":false,"chose_seed":false,"campfire_upgraded":3,"win_rate":0.0,"timestamp":1607547795,"path_taken":["M","?","?","M","?","E","R","M","T","E","R","M","?","?","R","BOSS"],"build_version":"2020-11-30","purchased_purges":0,"victory":false,"max_hp_per_floor":[75,75,75,75,75,75,75,75,75,75,75,75,75,75,75,75,75],"card_choices":[{"not_picked":["hermit:Desperado","hermit:HighCaliber"],"picked":"hermit:Virtue","floor":1},{"not_picked":["hermit:WideOpen","hermit:LowProfile"],"picked":"hermit:Determination","floor":2},{"not_picked":["hermit:Glare","hermit:LowProfile"],"picked":"hermit:Brawl","floor":3},{"not_picked":["hermit:Spite","hermit:BodyArmor"],"picked":"hermit:FinalCanter","floor":4},{"not_picked":["hermit:Roulette","hermit:Gestalt"],"picked":"hermit:Spite","floor":6},{"not_picked":["hermit:Determination","hermit:Ricochet"],"picked":"hermit:Grudge","floor":8},{"not_picked":["hermit:HighCaliber","hermit:Vantage","hermit:BodyArmor"],"picked":"SKIP","floor":10},{"not_picked":["hermit:Coalescence","hermit:Glare","hermit:Adapt"],"picked":"SKIP","floor":12},{"not_picked":["hermit:Showdown","hermit:Coalescence","hermit:Manifest"],"picked":"SKIP","floor":13},{"not_picked":["hermit:LowProfile","hermit:Spite"],"picked":"hermit:Scavenge","floor":14}],"player_experience":622699,"relics_obtained":[{"floor":6,"key":"Bottled Tornado"},{"floor":9,"key":"Akabeko"},{"floor":10,"key":"The Courier"},{"floor":14,"key":"infinitespire:Midas Blood"}],"event_choices":[],"is_beta":false,"boss_relics":[],"items_purged_floors":[],"is_endless":false,"potions_floor_spawned":[2,4,8,14],"killed_by":"Slime Boss","ascension_level":0}}