{"host":"Berg","time":1607474110,"event":{"gold_per_floor":[117,97,113,36,47,47,62,88,88,123,123,152,168,93,93,93,93],"floor_reached":16,"playtime":565,"items_purged":[],"score":265,"play_id":"f5b8aea8-40a4-4d43-b594-65c24d833ea2","local_time":"20201208193510","is_ascension_mode":true,"campfire_choices":[{"data":"Streamline","floor":6,"key":"SMITH"},{"floor":11,"key":"REST"},{"data":"Rainbow","floor":15,"key":"SMITH"}],"neow_cost":"NONE","seed_source_timestamp":10682218155200,"circlet_count":0,"master_deck":["AscendersBane","Strike_B","Strike_B","Strike_B","Defend_B","Defend_B","Defend_B","Defend_B","Zap","Dualcast","FTL","Rebound","Ball Lightning","Streamline+1","Conserve Battery","Genetic Algorithm","Rainbow+1","Double Energy"],"relics":["Cracked Core","Ancient Tea Set","Strawberry","Art of War","Matryoshka","Mango"],"potions_floor_usage":[8,12,16],"damage_taken":[{"damage":2,"enemies":"Jaw Worm","floor":1,"turns":3},{"damage":1,"enemies":"Cultist","floor":3,"turns":3},{"damage":0,"enemies":"Small Slimes","floor":5,"turns":2},{"damage":8,"enemies":"Blue Slaver","floor":7,"turns":3},{"damage":8,"enemies":"Gremlin Nob","floor":8,"turns":3},{"damage":37,"enemies":"3 Sentries","floor":10,"turns":8},{"damage":14,"enemies":"Lagavulin","floor":12,"turns":4},{"damage":16,"enemies":"Exordium Thugs","floor":13,"turns":3},{"damage":25,"enemies":"Hexaghost","floor":16,"turns":9}],"seed_played":"-8025740370005234352","potions_obtained":[{"floor":2,"key":"Explosive Potion"},{"floor":3,"key":"Weak Potion"},{"floor":8,"key":"EssenceOfDarkness"},{"floor":13,"key":"LiquidBronze"}],"is_trial":false,"path_per_floor":["M","?","M","$","M","R","M","E","T","E","R","E","M","?","R","B"],"character_chosen":"DEFECT","items_purchased":["Ball Lightning","Streamline"],"campfire_rested":1,"item_purchase_floors":[4,4],"current_hp_per_floor":[62,62,61,61,61,61,53,52,52,15,38,38,22,22,22,0,0],"gold":93,"neow_bonus":"RANDOM_COMMON_RELIC","is_prod":false,"is_daily":false,"chose_seed":false,"campfire_upgraded":2,"win_rate":0,"timestamp":1607474110,"path_taken":["M","?","M","$","M","R","M","E","T","E","R","E","?","?","R","BOSS"],"build_version":"2020-12-07","purchased_purges":0,"victory":false,"max_hp_per_floor":[71,71,71,71,71,71,71,78,78,78,78,92,92,92,92,92,92],"relic_stats":{"counters":[9,38],"Art of War":[1],"obtain_stats":[{"Matryoshka":10,"Strawberry":8,"Mango":12,"Art of War":9,"Cracked Core":0,"Ancient Tea Set":0},{"Matryoshka":6,"Strawberry":5,"Mango":7,"Art of War":5,"Cracked Core":0,"Ancient Tea Set":0},{"Matryoshka":22,"Strawberry":14,"Mango":26,"Art of War":14,"Cracked Core":0,"Ancient Tea Set":0}]},"card_choices":[{"not_picked":["Go for the Eyes","Static Discharge"],"picked":"FTL","floor":1},{"not_picked":["Barrage","Tempest"],"picked":"Rebound","floor":3},{"not_picked":["Aggregate","BootSequence","Lockon"],"picked":"SKIP","floor":5},{"not_picked":["Hologram","Steam"],"picked":"Conserve Battery","floor":7},{"not_picked":["Sweeping Beam","Capacitor"],"picked":"Genetic Algorithm","floor":8},{"not_picked":["White Noise","Coolheaded"],"picked":"Rainbow","floor":10},{"not_picked":["Redo","BootSequence"],"picked":"Double Energy","floor":12},{"not_picked":["Rip and Tear","Chill","Barrage"],"picked":"SKIP","floor":13}],"player_experience":1308147,"relics_obtained":[{"floor":8,"key":"Strawberry"},{"floor":9,"key":"Art of War"},{"floor":10,"key":"Matryoshka"},{"floor":12,"key":"Mango"}],"event_choices":[{"damage_healed":0,"gold_gain":0,"player_choice":"Bought 1 Potion","damage_taken":0,"max_hp_gain":0,"max_hp_loss":0,"event_name":"The Woman in Blue","floor":2,"gold_loss":0},{"cards_removed":["Strike_B"],"damage_healed":0,"gold_gain":0,"player_choice":"Card Removal","damage_taken":0,"max_hp_gain":0,"max_hp_loss":0,"event_name":"The Cleric","floor":14,"gold_loss":75}],"is_beta":true,"boss_relics":[],"items_purged_floors":[],"is_endless":false,"potions_floor_spawned":[3,8,10,13],"killed_by":"Hexaghost","ascension_level":20}}