{"host":"dlyy4wv9zatha4f7","time":1607530750,"event":{"gold_per_floor":[118,135,147,247,266,297,297,327,354,59,87,113,113,113,113,222,222,248,278,338,338,338,338,382,5,14,48,48,64,64,74,74,178,178,190,190,127,141,141,181,9,9,70,80,105,327,34,54,54,54],"floor_reached":51,"playtime":3134,"items_purged":["Writhe","Normality","Strike_P+1","Writhe"],"score":1220,"play_id":"2d19ffea-4cf1-4cb3-902d-7ed3ef4eaf54","local_time":"20201209181910","is_ascension_mode":true,"campfire_choices":[{"data":"Eruption","floor":7.0,"key":"SMITH"},{"floor":13.0,"key":"REST"},{"data":"CrushJoints","floor":15.0,"key":"SMITH"},{"data":"Vault","floor":23.0,"key":"SMITH"},{"data":"Blasphemy","floor":28,"key":"SMITH"},{"data":"ForeignInfluence","floor":32,"key":"SMITH"},{"data":"Ragnarok","floor":42,"key":"SMITH"},{"floor":49,"key":"REST"}],"neow_cost":"PERCENT_DAMAGE","seed_source_timestamp":0,"circlet_count":0,"master_deck":["Strike_P+1","Strike_P+1","Strike_P+1","Defend_P+1","Defend_P+1","Defend_P+1","Eruption+1","Vigilance","CrushJoints+1","ClearTheMind","FlurryOfBlows","SpiritShield","CutThroughFate","Protect","SashWhip+1","BattleHymn","DeusExMachina","Vault+1","Blasphemy+1","Vault+1","ForeignInfluence+1","Protect+1","Fasting2","WheelKick","Ragnarok+1","EmptyMind","Protect+1"],"special_seed":0,"relics":["PureWater","Sundial","Akabeko","Regal Pillow","Juzu Bracelet","CeramicFish","Cursed Key","Red Mask","Nunchaku","vexMod:InvisibilityCloak","Membership Card","DollysMirror","Potion Belt","Bag of Marbles","Bottled Tornado","Oddly Smooth Stone","SlaversCollar","Smiling Mask","vexMod:Cooldron","Centennial Puzzle","Toxic Egg 2","vexMod:RetaliationKit"],"potions_floor_usage":[33,33,48,50,50,50,50,50,50,50,50,50,50,50,50,50],"damage_taken":[{"damage":0.0,"enemies":"Cultist","floor":1.0,"turns":3.0},{"damage":0.0,"enemies":"Small Slimes","floor":2.0,"turns":2.0},{"damage":14.0,"enemies":"2 Louse","floor":3.0,"turns":2.0},{"damage":0.0,"enemies":"Large Slime","floor":5.0,"turns":3.0},{"damage":12.0,"enemies":"Lagavulin","floor":6.0,"turns":4.0},{"damage":14.0,"enemies":"3 Sentries","floor":8.0,"turns":9.0},{"damage":16.0,"enemies":"Gremlin Nob","floor":11.0,"turns":4.0},{"damage":1.0,"enemies":"Hexaghost","floor":16.0,"turns":6.0},{"damage":9.0,"enemies":"2 Thieves","floor":18.0,"turns":4.0},{"damage":0.0,"enemies":"Masked Bandits","floor":19.0,"turns":3.0},{"damage":9.0,"enemies":"Gremlin Leader","floor":24.0,"turns":5.0},{"damage":1,"enemies":"Slavers","floor":27,"turns":5},{"damage":6,"enemies":"3 Byrds","floor":29,"turns":4},{"damage":0,"enemies":"Shelled Parasite and Fungi","floor":31,"turns":4},{"damage":6,"enemies":"Automaton","floor":33,"turns":7},{"damage":0,"enemies":"3 Darklings","floor":35,"turns":3},{"damage":0,"enemies":"3 Shapes","floor":38,"turns":6},{"damage":0,"enemies":"Nemesis","floor":40,"turns":5},{"damage":3,"enemies":"Transient","floor":44,"turns":6},{"damage":0,"enemies":"Giant Head","floor":45,"turns":5},{"damage":28,"enemies":"Jaw Worm Horde","floor":48,"turns":4},{"damage":0,"enemies":"Awakened One","floor":50,"turns":9}],"seed_played":"2106119255189421972","potions_obtained":[{"floor":5.0,"key":"FearPotion"},{"floor":8.0,"key":"BlessingOfTheForge"},{"floor":16.0,"key":"SkillPotion"},{"floor":18.0,"key":"Strength Potion"},{"floor":24.0,"key":"Dexterity Potion"},{"floor":27,"key":"FearPotion"},{"floor":30,"key":"Strength Potion"},{"floor":45,"key":"EntropicBrew"},{"floor":48,"key":"EntropicBrew"}],"is_trial":false,"path_per_floor":["M","M","M","?","M","E","R","E","T","$","E","T","R","?","R","B",null,"M","?","T","?","?","R","E","$","T","E","R","M","?","M","R","B",null,"M","?","$","M","?","E","$","R","T","M","E","?","$","M","R","B",null],"character_chosen":"WATCHER","items_purchased":["SashWhip","BattleHymn","DeusExMachina","Membership Card","DollysMirror","ForeignInfluence","Potion Belt","Bag of Marbles","Fasting2","vexMod:Cooldron","Ragnarok","EmptyMind","vexMod:RetaliationKit","EntropicBrew","EntropicBrew","EntropicBrew","Protect+1"],"campfire_rested":2,"item_purchase_floors":[10,10,10,25,25,25,25,25,37,41,41,41,47,47,47,47,47],"current_hp_per_floor":[61,61,47,47,47,35,35,21,21,21,5,5,45,38,38,37,74,65,65,65,65,65,65,56,56,56,55,55,49,49,49,49,43,75,75,75,75,75,75,75,75,75,75,72,72,72,72,44,84,84],"gold":54,"neow_bonus":"TWENTY_PERCENT_HP_BONUS","is_prod":false,"is_daily":false,"chose_seed":false,"campfire_upgraded":6,"win_rate":0,"timestamp":1607530750,"path_taken":["M","M","?","?","?","E","R","E","T","$","E","?","R","?","R","BOSS","M","?","?","?","?","R","E","$","T","E","R","M","?","M","R","BOSS","M","?","$","M","?","E","$","R","T","M","E","?","?","M","R","BOSS"],"build_version":"2020-11-30","purchased_purges":4,"victory":true,"max_hp_per_floor":[86,86,86,86,86,86,86,86,86,86,86,86,86,86,86,86,86,86,86,86,86,86,86,86,86,86,86,86,86,86,86,86,86,86,86,86,86,86,86,86,86,86,86,86,86,86,86,86,86,86],"card_choices":[{"not_picked":["Consecrate","FlyingSleeves"],"picked":"CrushJoints","floor":1.0},{"not_picked":["Collect","MentalFortress"],"picked":"ClearTheMind","floor":2.0},{"not_picked":["Fasting2","PathToVictory"],"picked":"FlurryOfBlows","floor":3.0},{"not_picked":["Weave","Consecrate"],"picked":"SpiritShield","floor":5.0},{"not_picked":["InnerPeace","Perseverance"],"picked":"CutThroughFate","floor":6.0},{"not_picked":["Swivel","FlurryOfBlows"],"picked":"Protect","floor":8.0},{"not_picked":["EmptyBody","ThirdEye","Nirvana"],"picked":"SKIP","floor":11.0},{"not_picked":["Omniscience","DeusExMachina"],"picked":"Vault","floor":16.0},{"not_picked":["CarveReality","Prostrate+1"],"picked":"Sanctity+1","floor":18.0},{"not_picked":["BowlingBash","Swivel"],"picked":"Blasphemy","floor":24.0},{"not_picked":["FlurryOfBlows+1","ForeignInfluence"],"picked":"Protect+1","floor":27},{"not_picked":["EmptyFist","Indignation+1","Halt+1"],"picked":"SKIP","floor":29},{"not_picked":["Halt+1","SashWhip","EmptyMind"],"picked":"SKIP","floor":31},{"not_picked":["Indignation+1","FollowUp+1","Evaluate+1"],"picked":"SKIP","floor":35},{"not_picked":["Evaluate","Meditate+1","Swivel+1"],"picked":"SKIP","floor":38},{"not_picked":["Swivel","Meditate"],"picked":"WheelKick","floor":40},{"not_picked":["Halt","CrushJoints","CutThroughFate+1"],"picked":"SKIP","floor":44},{"not_picked":["PathToVictory+1","Consecrate","CutThroughFate+1"],"picked":"SKIP","floor":45},{"not_picked":["InnerPeace+1","Consecrate","Protect+1"],"picked":"SKIP","floor":48}],"player_experience":2199247,"relics_obtained":[{"floor":6.0,"key":"Sundial"},{"floor":8.0,"key":"Akabeko"},{"floor":9.0,"key":"Regal Pillow"},{"floor":11.0,"key":"Juzu Bracelet"},{"floor":12.0,"key":"CeramicFish"},{"floor":19.0,"key":"Red Mask"},{"floor":20.0,"key":"Nunchaku"},{"floor":24.0,"key":"vexMod:InvisibilityCloak"},{"floor":26.0,"key":"Bottled Tornado"},{"floor":27,"key":"Oddly Smooth Stone"},{"floor":40,"key":"Smiling Mask"},{"floor":43,"key":"Centennial Puzzle"},{"floor":45,"key":"Toxic Egg 2"}],"event_choices":[{"damage_healed":0.0,"max_hp_gain":0.0,"max_hp_loss":0.0,"gold_gain":100.0,"event_name":"Golden Shrine","player_choice":"Pray","floor":4.0,"gold_loss":0.0,"damage_taken":0.0},{"cards_removed":["Defend_P"],"damage_healed":0.0,"max_hp_gain":0.0,"max_hp_loss":0.0,"gold_gain":0.0,"event_name":"Golden Wing","player_choice":"Card Removal","floor":14.0,"gold_loss":0.0,"damage_taken":7.0},{"damage_healed":0.0,"max_hp_gain":0.0,"max_hp_loss":0.0,"gold_gain":0.0,"event_name":"Masked Bandits","player_choice":"Fought Bandits","floor":19.0,"gold_loss":0.0,"damage_taken":0.0},{"damage_healed":0.0,"max_hp_gain":0.0,"max_hp_loss":7.0,"gold_gain":0.0,"event_name":"betterThird:BetterWriting","player_choice":"Simplicity","floor":21.0,"gold_loss":0.0,"damage_taken":0.0},{"damage_healed":0.0,"max_hp_gain":0.0,"max_hp_loss":0.0,"gold_gain":0.0,"event_name":"Ghosts","player_choice":"Ignored","floor":22.0,"gold_loss":0.0,"damage_taken":0.0},{"damage_healed":0,"gold_gain":0,"player_choice":"Upgraded","damage_taken":0,"max_hp_gain":0,"max_hp_loss":0,"event_name":"Upgrade Shrine","floor":36,"gold_loss":0,"cards_upgraded":["SashWhip"]},{"cards_removed":["Sanctity"],"damage_healed":0,"gold_gain":0,"player_choice":"Removed Skill","damage_taken":0,"max_hp_gain":0,"max_hp_loss":0,"event_name":"Falling","floor":39,"gold_loss":0},{"damage_healed":0,"gold_gain":222,"player_choice":"Wore Mask","damage_taken":0,"max_hp_gain":0,"max_hp_loss":0,"event_name":"Tomb of Lord Red Mask","floor":46,"gold_loss":0}],"is_beta":false,"boss_relics":[{"not_picked":["Calling Bell","vexMod:EndlessSickness"],"picked":"Cursed Key"},{"not_picked":["Runic Pyramid","vexMod:TanglingVine"],"picked":"SlaversCollar"}],"items_purged_floors":[25,37,41,47],"is_endless":false,"potions_floor_spawned":[5,8,16,18,24,27,45,48],"ascension_level":9}}