{"host":"ds28d883r3sz42zs","time":1607511728,"event":{"gold_per_floor":[117,137,156,351,351,351,366,366,366,546,546,602,602,792,792,1018,1018,1122,1122,1206,1302,853,853,503,618,618,741,741,841,841,937,937,1241,1341,1424,1524,1640,1760,1427,1427,1427,1427,1427,1672,1672,1766,1869,2029,2029,2204],"floor_reached":51,"playtime":2663,"items_purged":["Defend_G"],"score":1068,"play_id":"0815fd9a-9d18-41d5-b034-b37a4069fa60","local_time":"20201209060208","daily_mods":["Vintage"],"is_ascension_mode":false,"campfire_choices":[{"data":"Neutralize","floor":6,"key":"SMITH"},{"data":"Strike_G","floor":8,"key":"SMITH"},{"data":"Strike_G","floor":11,"key":"SMITH"},{"data":"Strike_G","floor":15,"key":"SMITH"},{"data":"Defend_G","floor":23,"key":"SMITH"},{"data":"Strike_G","floor":28,"key":"SMITH"},{"data":"Strike_G","floor":30,"key":"SMITH"},{"data":"Defend_G","floor":32,"key":"SMITH"},{"data":"Survivor","floor":40,"key":"SMITH"},{"data":"Defend_G","floor":40,"key":"SMITH"},{"data":"Defend_G","floor":49,"key":"SMITH"}],"neow_cost":"","seed_source_timestamp":0,"circlet_count":0,"master_deck":["Strike_G+1","Strike_G+1","Strike_G+1","Strike_G+1","Defend_G+1","Defend_G+1","Defend_G+1","Defend_G+1","Survivor+1","Neutralize+1","Strike_G+1"],"relics":["Ring of the Snake","infinitespire:Satchel","Mercury Hourglass","StuffTheSpire:TintedRock","Replay:Bandana","Question Card","Blue Candle","Regal Pillow","Golden Idol","Tough Bandages","hubris:RunicObelisk","Pet Ghost","Durian","Replay:Towering Pillar of Hats","StoneCalendar","Guardian:BottledAnomaly","Membership Card","StuffTheSpire:Wildfire","hubris:AncientText","Orichalcum","Pocketwatch","White Beast Statue","StuffTheSpire:OldFever","Replay:Wanted Poster","Letter Opener","aspiration:SeaSaltIceCream","test447","Replay:Arrowhead","StuffTheSpire:Mouthbags","hubris:CuriousFeather","Oddly Smooth Stone","conspire:TreasureMap","Replay:Mystery Machine","Ancient Tea Set","infinitespire:CursedDice","infinitespire:PuzzleCube","hubris:TenFootPole","Darkstone Periapt"],"potions_floor_usage":[16,21,33,50],"damage_taken":[{"damage":5,"enemies":"Small Slimes","floor":1,"turns":4},{"damage":0,"enemies":"2 Louse","floor":2,"turns":3},{"damage":0,"enemies":"conspire:RoseBush","floor":3,"turns":3},{"damage":0,"enemies":"2 Fungi Beasts","floor":7,"turns":3},{"damage":9,"enemies":"3 Sentries","floor":10,"turns":9},{"damage":1,"enemies":"Large Slime","floor":12,"turns":6},{"damage":10,"enemies":"Gremlin Nob","floor":14,"turns":4},{"damage":11,"enemies":"Slime Boss","floor":16,"turns":10},{"damage":4,"enemies":"Shell Parasite","floor":18,"turns":7},{"damage":0,"enemies":"3 Byrds","floor":20,"turns":6},{"damage":0,"enemies":"Shelled Parasite and Fungi","floor":21,"turns":7},{"damage":0,"enemies":"Cultist and Chosen","floor":25,"turns":7},{"damage":0,"enemies":"Centurion and Healer","floor":27,"turns":7},{"damage":0,"enemies":"3 Cultists","floor":29,"turns":5},{"damage":0,"enemies":"Chosen and Byrds","floor":31,"turns":5},{"damage":14,"enemies":"Automaton","floor":33,"turns":12},{"damage":0,"enemies":"3 Shapes","floor":35,"turns":6},{"damage":1,"enemies":"3 Darklings","floor":36,"turns":6},{"damage":4,"enemies":"Transient","floor":37,"turns":5},{"damage":0,"enemies":"Writhing Mass","floor":38,"turns":7},{"damage":0,"enemies":"Nemesis","floor":44,"turns":7},{"damage":0,"enemies":"3 Darklings","floor":46,"turns":4},{"damage":0,"enemies":"Spire Growth","floor":47,"turns":5},{"damage":0,"enemies":"Writhing Mass","floor":48,"turns":7},{"damage":0,"enemies":"infinitespire:MassOfShapes","floor":50,"turns":11}],"seed_played":"-5606683955751706823","potions_obtained":[{"floor":3,"key":"Dexterity Potion"},{"floor":12,"key":"Doom Potion"},{"floor":14,"key":"Strength Potion"},{"floor":20,"key":"Toxic Potion"},{"floor":27,"key":"Toxic Potion"},{"floor":33,"key":"BlessingOfTheForge"},{"floor":36,"key":"Doom Potion"}],"is_trial":true,"path_per_floor":["M","M","M","?","?","R","M","R","T","E","R","M","?","E","R","B",null,"M","?","M","M","$","R","$","M","T","M","R","M","R","M","R_BF","B",null,"M","M","M","M","$","R","?","?","T","E","T","M","M","M","R","B",null],"character_chosen":"THE_SILENT","items_purchased":["StoneCalendar","Guardian:BottledAnomaly","Membership Card","StuffTheSpire:Wildfire","Flashbang","hubris:CuriousFeather","Oddly Smooth Stone","conspire:TreasureMap"],"campfire_rested":0,"item_purchase_floors":[22,22,24,24,24,39,39,39],"current_hp_per_floor":[65,65,65,65,65,65,65,65,65,56,56,55,38,28,28,17,70,66,66,71,71,71,71,71,71,71,71,71,71,71,71,71,57,75,75,74,70,70,70,70,70,70,70,70,70,70,70,70,70,70],"gold":2204,"neow_bonus":"","is_prod":false,"is_daily":false,"chose_seed":false,"campfire_upgraded":11,"win_rate":0,"timestamp":1607511728,"path_taken":["M","M","M","?","?","R","M","R","T","E","R","M","?","E","R","BOSS","M","?","M","M","$","R","$","M","T","M","R","M","R","M","R_BF","BOSS","M","M","M","M","$","R","?","?","T","E","?","M","M","M","R","BOSS"],"build_version":"2020-11-30","purchased_purges":1,"victory":true,"max_hp_per_floor":[70,70,70,70,70,70,70,70,70,70,70,70,70,70,70,70,70,70,70,75,75,75,75,75,75,75,75,75,75,75,75,75,75,75,75,75,75,75,75,75,75,75,75,75,75,75,75,75,75,75],"relic_stats":{"Darkstone Periapt":0,"Regal Pillow":0,"counters":[25,152],"Golden Idol":197,"Blue Candle":[0],"StoneCalendar":[211],"Letter Opener":[173],"Orichalcum":[90],"Question Card":13,"Mercury Hourglass":[587],"Tough Bandages":[153],"obtain_stats":[{"Darkstone Periapt":48,"Regal Pillow":12,"StoneCalendar":22,"hubris:RunicObelisk":17,"Replay:Mystery Machine":43,"Ancient Tea Set":44,"Pet Ghost":18,"Replay:Wanted Poster":34,"Replay:Bandana":7,"Tough Bandages":14,"test447":36,"hubris:CuriousFeather":39,"Guardian:BottledAnomaly":22,"Ring of the Snake":0,"StuffTheSpire:TintedRock":3,"conspire:TreasureMap":39,"Replay:Towering Pillar of Hats":21,"Golden Idol":13,"infinitespire:CursedDice":45,"Blue Candle":10,"Oddly Smooth Stone":39,"StuffTheSpire:Wildfire":24,"Letter Opener":35,"aspiration:SeaSaltIceCream":36,"Orichalcum":26,"Question Card":9,"White Beast Statue":29,"Replay:Arrowhead":37,"Mercury Hourglass":2,"StuffTheSpire:Mouthbags":38,"infinitespire:Satchel":1,"Durian":20,"hubris:TenFootPole":47,"Membership Card":24,"hubris:AncientText":25,"StuffTheSpire:OldFever":31,"infinitespire:PuzzleCube":46,"Pocketwatch":27},{"Darkstone Periapt":24,"Regal Pillow":6,"StoneCalendar":11,"hubris:RunicObelisk":8,"Replay:Mystery Machine":20,"Ancient Tea Set":21,"Pet Ghost":9,"Replay:Wanted Poster":16,"Replay:Bandana":4,"Tough Bandages":7,"test447":18,"hubris:CuriousFeather":20,"Guardian:BottledAnomaly":11,"Ring of the Snake":0,"StuffTheSpire:TintedRock":3,"conspire:TreasureMap":20,"Replay:Towering Pillar of Hats":11,"Golden Idol":6,"infinitespire:CursedDice":21,"Blue Candle":5,"Oddly Smooth Stone":20,"StuffTheSpire:Wildfire":11,"Letter Opener":17,"aspiration:SeaSaltIceCream":18,"Orichalcum":12,"Question Card":4,"White Beast Statue":14,"Replay:Arrowhead":19,"Mercury Hourglass":2,"StuffTheSpire:Mouthbags":20,"infinitespire:Satchel":1,"Durian":10,"hubris:TenFootPole":23,"Membership Card":11,"hubris:AncientText":12,"StuffTheSpire:OldFever":15,"infinitespire:PuzzleCube":22,"Pocketwatch":13},{"Darkstone Periapt":142,"Regal Pillow":27,"StoneCalendar":60,"hubris:RunicObelisk":40,"Replay:Mystery Machine":119,"Ancient Tea Set":126,"Pet Ghost":47,"Replay:Wanted Poster":96,"Replay:Bandana":13,"Tough Bandages":31,"test447":107,"hubris:CuriousFeather":119,"Guardian:BottledAnomaly":60,"Ring of the Snake":0,"StuffTheSpire:TintedRock":10,"conspire:TreasureMap":119,"Replay:Towering Pillar of Hats":60,"Golden Idol":27,"infinitespire:CursedDice":126,"Blue Candle":21,"Oddly Smooth Stone":119,"StuffTheSpire:Wildfire":60,"Letter Opener":101,"aspiration:SeaSaltIceCream":107,"Orichalcum":67,"Question Card":13,"White Beast Statue":79,"Replay:Arrowhead":112,"Mercury Hourglass":7,"StuffTheSpire:Mouthbags":119,"infinitespire:Satchel":4,"Durian":53,"hubris:TenFootPole":135,"Membership Card":60,"hubris:AncientText":67,"StuffTheSpire:OldFever":84,"infinitespire:PuzzleCube":130,"Pocketwatch":74}],"Ring of the Snake":[50],"Pocketwatch":[4]},"card_choices":[{"not_picked":["Infinite Blades","Crippling Poison","Poisoned Stab","Dagger Spray"],"picked":"SKIP","floor":10},{"not_picked":["StuffTheSpire:BumpUp","Riddle With Holes","Well Laid Plans","Dagger Spray"],"picked":"SKIP","floor":14},{"not_picked":["Reflex+1","Bane","Distraction+1","Infinite Blades+1"],"picked":"SKIP","floor":44}],"player_experience":703136,"relics_obtained":[{"floor":1,"key":"infinitespire:Satchel"},{"floor":2,"key":"Mercury Hourglass"},{"floor":3,"key":"StuffTheSpire:TintedRock"},{"floor":7,"key":"Replay:Bandana"},{"floor":9,"key":"Question Card"},{"floor":10,"key":"Blue Candle"},{"floor":12,"key":"Regal Pillow"},{"floor":14,"key":"Tough Bandages"},{"floor":18,"key":"Pet Ghost"},{"floor":20,"key":"Durian"},{"floor":21,"key":"Replay:Towering Pillar of Hats"},{"floor":25,"key":"hubris:AncientText"},{"floor":26,"key":"Orichalcum"},{"floor":27,"key":"Pocketwatch"},{"floor":29,"key":"White Beast Statue"},{"floor":31,"key":"StuffTheSpire:OldFever"},{"floor":35,"key":"Letter Opener"},{"floor":36,"key":"aspiration:SeaSaltIceCream"},{"floor":37,"key":"Replay:Arrowhead"},{"floor":38,"key":"StuffTheSpire:Mouthbags"},{"floor":43,"key":"Replay:Mystery Machine"},{"floor":44,"key":"Ancient Tea Set"},{"floor":45,"key":"infinitespire:CursedDice"},{"floor":46,"key":"infinitespire:PuzzleCube"},{"floor":47,"key":"hubris:TenFootPole"},{"floor":48,"key":"Darkstone Periapt"}],"event_choices":[{"damage_healed":0,"gold_gain":0,"player_choice":"Take Damage","damage_taken":17,"relics_obtained":["Golden Idol"],"max_hp_gain":0,"max_hp_loss":0,"event_name":"Golden Idol","floor":13,"gold_loss":0},{"cards_removed":["Neutralize"],"damage_healed":0,"gold_gain":0,"player_choice":"Give","damage_taken":0,"max_hp_gain":0,"max_hp_loss":0,"event_name":"betterNote:BetterNote","floor":19,"gold_loss":0,"cards_obtained":["None"]},{"damage_healed":0,"gold_gain":3,"player_choice":"1","damage_taken":0,"max_hp_gain":0,"max_hp_loss":0,"event_name":"betterStone:BetterStone","floor":41,"gold_loss":0}],"is_beta":false,"boss_relics":[{"not_picked":["aspiration:RandomNobGenerator","Fusion Hammer"],"picked":"hubris:RunicObelisk"},{"not_picked":["aspiration:SecretTechniqueScroll","Painkiller Herb"],"picked":"Replay:Wanted Poster"}],"items_purged_floors":[39],"is_endless":false,"potions_floor_spawned":[3,12,14,20,27,29,31,33,35,36,37,38,44,46,47,48],"ascension_level":0}}