{"host":"fq1bpa5mgr3rtgnr","time":1607521651,"event":{"gold_per_floor":[18,18,18,31,55,55,96,21,21,21,21,21,59,74,74,74,74],"floor_reached":16,"playtime":636,"items_purged":["Strike_P"],"score":118,"play_id":"2ba185a3-17a5-4f74-80b3-6468902c086e","local_time":"20201209084731","is_ascension_mode":true,"campfire_choices":[{"data":"LikeWater","floor":6,"key":"SMITH"},{"data":"Conclude","floor":12,"key":"SMITH"},{"data":"Eruption","floor":15,"key":"SMITH"}],"neow_cost":"NO_GOLD","seed_source_timestamp":193369989570000,"circlet_count":0,"master_deck":["Strike_P","Strike_P","Defend_P","Defend_P","Defend_P","Eruption+1","Vigilance","LikeWater+1","PathToVictory","Conclude+1","MasterReality","ClearTheMind","ClearTheMind"],"relics":["PureWater","Golden Idol","NlothsMask","Unceasing Top","Odd Mushroom"],"potions_floor_usage":[],"damage_taken":[{"damage":2,"enemies":"Jaw Worm","floor":1,"turns":3},{"damage":5,"enemies":"Small Slimes","floor":4,"turns":3},{"damage":0,"enemies":"Cultist","floor":5,"turns":4},{"damage":38,"enemies":"Gremlin Nob","floor":7,"turns":6},{"damage":0,"enemies":"The Mushroom Lair","floor":13,"turns":2},{"damage":11,"enemies":"Lots of Slimes","floor":14,"turns":3},{"damage":23,"enemies":"Hexaghost","floor":16,"turns":9}],"seed_played":"7338280543431190032","potions_obtained":[{"floor":4,"key":"FearPotion"},{"floor":13,"key":"PowerPotion"},{"floor":14,"key":"Fire Potion"}],"is_trial":false,"path_per_floor":["M","?","?","M","M","R","E","$","T","?","?","R","?","M","R","B"],"character_chosen":"WATCHER","items_purchased":[],"campfire_rested":0,"item_purchase_floors":[],"current_hp_per_floor":[70,52,52,47,47,47,9,9,9,33,33,33,33,22,22,0,0],"gold":74,"neow_bonus":"REMOVE_TWO","is_prod":false,"is_daily":false,"chose_seed":false,"campfire_upgraded":3,"win_rate":0,"timestamp":1607521651,"path_taken":["M","?","?","?","M","R","E","?","T","?","?","R","?","M","R","BOSS"],"build_version":"2020-11-30","purchased_purges":1,"victory":false,"max_hp_per_floor":[72,72,72,72,72,72,72,72,72,72,72,72,72,72,72,72,72],"relic_stats":{"counters":[7,30],"Golden Idol":27,"obtain_stats":[{"Golden Idol":2,"PureWater":0,"Odd Mushroom":13,"Unceasing Top":7,"NlothsMask":3},{"Golden Idol":1,"PureWater":0,"Odd Mushroom":5,"Unceasing Top":4,"NlothsMask":1},{"Golden Idol":3,"PureWater":0,"Odd Mushroom":18,"Unceasing Top":16,"NlothsMask":3}],"Unceasing Top":[0]},"card_choices":[{"not_picked":["Evaluate","PathToVictory"],"picked":"LikeWater","floor":1},{"not_picked":["SashWhip","Crescendo"],"picked":"PathToVictory","floor":4},{"not_picked":["Weave","Fasting2"],"picked":"Conclude","floor":5},{"not_picked":["ReachHeaven","Adaptation"],"picked":"MasterReality","floor":7},{"not_picked":["PathToVictory","Consecrate"],"picked":"ClearTheMind","floor":13},{"not_picked":["PathToVictory","Weave"],"picked":"ClearTheMind","floor":14}],"player_experience":319959,"relics_obtained":[{"floor":7,"key":"Unceasing Top"},{"floor":13,"key":"Odd Mushroom"}],"event_choices":[{"damage_healed":0,"gold_gain":0,"player_choice":"Take Damage","damage_taken":18,"relics_obtained":["Golden Idol"],"max_hp_gain":0,"max_hp_loss":0,"event_name":"Golden Idol","floor":2,"gold_loss":0},{"damage_healed":0,"gold_gain":0,"player_choice":"Trade","damage_taken":0,"relics_obtained":["NlothsMask"],"max_hp_gain":0,"max_hp_loss":0,"event_name":"FaceTrader","floor":3,"gold_loss":0},{"damage_healed":24,"gold_gain":0,"player_choice":"Banana","damage_taken":0,"max_hp_gain":0,"max_hp_loss":0,"event_name":"Big Fish","floor":10,"gold_loss":0},{"damage_healed":0,"gold_gain":0,"player_choice":"Ignored","damage_taken":0,"max_hp_gain":0,"max_hp_loss":0,"event_name":"Liars Game","floor":11,"gold_loss":0},{"damage_healed":0,"gold_gain":0,"player_choice":"Fought Mushrooms","damage_taken":0,"max_hp_gain":0,"max_hp_loss":0,"event_name":"Mushrooms","floor":13,"gold_loss":0}],"is_beta":false,"boss_relics":[],"items_purged_floors":[8],"is_endless":false,"potions_floor_spawned":[4,13,14],"killed_by":"Hexaghost","ascension_level":4}}