{"host":"87fdiiwflhrwsj8a","time":1607540855,"event":{"gold_per_floor":[363,378,378,392,392,392,422,422,422,440,450,480,495,495,495,566,566,578,597,612,630,101,101,101],"floor_reached":23,"playtime":920,"items_purged":[],"score":460,"play_id":"a6fcaeb5-a375-42ae-a2cf-c20539cc951b","local_time":"20201209140735","is_ascension_mode":true,"campfire_choices":[{"data":"StuffTheSpire:GlassShard","floor":6,"key":"SMITH"}],"neow_cost":"TEN_PERCENT_HP_LOSS","seed_source_timestamp":94941569309400,"circlet_count":0,"master_deck":["AscendersBane","Strike_B","Strike_B+1","Strike_B","Strike_B","Defend_B","Defend_B","Defend_B","Zap","Dualcast","StuffTheSpire:GlassShard+1","Ball Lightning+1","ReplayTheSpireMod:Omega Cannon","BootSequence","StuffTheSpire:GlassShard","Seek","StuffTheSpire:Plugnplay"],"relics":["Cracked Core","MealTicket","aspiration:HummingbirdHeart","Eternal Feather","Mummified Hand","aspiration:SilentSkillbook","Divine Protection","Matryoshka"],"potions_floor_usage":[7,16,23],"damage_taken":[{"damage":0,"enemies":"Cultist","floor":1,"turns":3},{"damage":3,"enemies":"2 Louse","floor":2,"turns":3},{"damage":3,"enemies":"Small Slimes","floor":4,"turns":3},{"damage":11,"enemies":"Gremlin Nob","floor":7,"turns":3},{"damage":2,"enemies":"Red Slaver","floor":10,"turns":2},{"damage":1,"enemies":"2 Fungi Beasts","floor":11,"turns":2},{"damage":0,"enemies":"3 Sentries","floor":12,"turns":3},{"damage":0,"enemies":"Looter","floor":13,"turns":2},{"damage":72,"enemies":"Fading Forest","floor":16,"turns":13},{"damage":0,"enemies":"3 Byrds","floor":18,"turns":3},{"damage":6,"enemies":"Shell Parasite","floor":19,"turns":3},{"damage":10,"enemies":"Shelled Parasite and Fungi","floor":20,"turns":3},{"damage":7,"enemies":"Centurion and Healer","floor":21,"turns":3},{"damage":48,"enemies":"Slavers","floor":23,"turns":4}],"seed_played":"7537803536751753461","potions_obtained":[{"floor":1,"key":"Weak Potion"},{"floor":4,"key":"DistilledChaos"},{"floor":7,"key":"Elixir"}],"is_trial":false,"path_per_floor":["M","M","?","M","?","R","E","?","T","M","M","E","M","?","R_BF","B",null,"M","M","M","M","$","E"],"character_chosen":"DEFECT","items_purchased":["Divine Protection","Matryoshka"],"campfire_rested":0,"item_purchase_floors":[22,22],"current_hp_per_floor":[64,61,61,58,61,61,50,50,50,48,47,47,47,47,56,4,49,49,43,33,26,41,0,0],"gold":101,"neow_bonus":"TWO_FIFTY_GOLD","is_prod":false,"is_daily":false,"chose_seed":false,"campfire_upgraded":1,"win_rate":0,"timestamp":1607540855,"path_taken":["M","?","?","M","?","R","E","?","T","M","M","E","?","?","R_BF","BOSS","M","M","M","M","$","E"],"build_version":"2020-11-30","purchased_purges":0,"victory":false,"max_hp_per_floor":[64,64,64,64,64,64,64,64,64,64,64,64,64,64,64,64,64,64,64,64,64,64,64,64],"card_choices":[{"not_picked":["Time Bomb","Beam Cell"],"picked":"StuffTheSpire:GlassShard","floor":1},{"not_picked":["Leap","Turbo"],"picked":"Ball Lightning","floor":2},{"not_picked":["Rebound","Cold Snap","Panic Button"],"picked":"SKIP","floor":4},{"not_picked":["Glacier","ReplayTheSpireMod:System Scan","Steam"],"picked":"SKIP","floor":7},{"not_picked":["Ball Lightning","Steam"],"picked":"ReplayTheSpireMod:Omega Cannon","floor":10},{"not_picked":["Hologram","Streamline"],"picked":"BootSequence","floor":11},{"not_picked":["Cold Snap","Ball Lightning"],"picked":"StuffTheSpire:GlassShard","floor":12},{"not_picked":["Conserve Battery","Stack","Panic Button"],"picked":"SKIP","floor":13},{"not_picked":["Hyperbeam","ReplayTheSpireMod:Fabricate Wheel"],"picked":"Seek","floor":16},{"not_picked":["Outmaneuver","ReplayTheSpireMod:System Scan","Acrobatics","Hello World"],"picked":"SKIP","floor":18},{"not_picked":["Bane+1","Panic Button","Sweeping Beam"],"picked":"StuffTheSpire:Plugnplay","floor":19},{"not_picked":["BasicCrystalCard","StuffTheSpire:Synthwave","StuffTheSpire:BumpUp","StuffTheSpire:BrimstoneBlast+1"],"picked":"SKIP","floor":20},{"not_picked":["Malaise","StuffTheSpire:Sprint","Cold Snap","Skim"],"picked":"SKIP","floor":21}],"player_experience":2506079,"relics_obtained":[{"floor":7,"key":"MealTicket"},{"floor":9,"key":"aspiration:HummingbirdHeart"},{"floor":12,"key":"Eternal Feather"},{"floor":15,"key":"Mummified Hand"}],"event_choices":[{"damage_healed":0,"gold_gain":0,"player_choice":"Upgraded","damage_taken":0,"max_hp_gain":0,"max_hp_loss":0,"event_name":"Upgrade Shrine","floor":8,"gold_loss":0,"cards_upgraded":["Ball Lightning"]},{"cards_removed":["Defend_B"],"damage_healed":0,"gold_gain":0,"player_choice":"Purged","damage_taken":0,"max_hp_gain":0,"max_hp_loss":0,"event_name":"Purifier","floor":14,"gold_loss":0},{"damage_healed":0,"gold_gain":0,"player_choice":"Relic","damage_taken":0,"max_hp_gain":0,"max_hp_loss":0,"event_name":"Wheel of Change","floor":15,"gold_loss":0}],"is_beta":false,"boss_relics":[{"not_picked":["ReplayTheSpireMod:DimensionalGlitch","ChewingGum"],"picked":"aspiration:SilentSkillbook"}],"items_purged_floors":[],"is_endless":false,"potions_floor_spawned":[1,4,7],"killed_by":"Slavers","ascension_level":20}}