{"host":"htpechobqgpaugnv","time":1607499250,"event":{"gold_per_floor":[111,91,108,108,108,141,161,4,78,95,95,130,130,142,142,142,142],"floor_reached":16,"playtime":358,"items_purged":[],"score":270,"play_id":"5710b39c-b08a-49e2-ac19-817c57462391","local_time":"20201209013410","is_ascension_mode":true,"campfire_choices":[{"data":"Deadly Poison","floor":11.0,"key":"SMITH"},{"data":"Dagger Spray","floor":13.0,"key":"SMITH"},{"data":"Dagger Spray","floor":15.0,"key":"SMITH"}],"neow_cost":"NONE","seed_source_timestamp":79084096139600,"circlet_count":0,"master_deck":["AscendersBane","Strike_G","Strike_G","Strike_G","Strike_G","Defend_G","Defend_G","Defend_G","Defend_G","Defend_G","Survivor","Neutralize","Dagger Spray+1","Backstab","Pain","Burst","Acrobatics","Deadly Poison+1","Dagger Spray+1"],"special_seed":0,"relics":["Ring of the Snake","NeowsBlessing","WarpedTongs","MealTicket","PreservedInsect","Happy Flower"],"potions_floor_usage":[16,16],"damage_taken":[{"damage":0.0,"enemies":"Cultist","floor":1.0,"turns":1.0},{"damage":0.0,"enemies":"Small Slimes","floor":3.0,"turns":1.0},{"damage":1.0,"enemies":"Gremlin Nob","floor":6.0,"turns":1.0},{"damage":7.0,"enemies":"Jaw Worm","floor":7.0,"turns":6.0},{"damage":9.0,"enemies":"Red Slaver","floor":10.0,"turns":3.0},{"damage":15.0,"enemies":"3 Sentries","floor":12.0,"turns":4.0},{"damage":0.0,"enemies":"Gremlin Gang","floor":14.0,"turns":1.0},{"damage":66,"enemies":"Slime Boss","floor":16,"turns":12}],"seed_played":"3142595374990602036","potions_obtained":[{"floor":1.0,"key":"LiquidBronze"},{"floor":2.0,"key":"LiquidBronze"},{"floor":3.0,"key":"Fire Potion"},{"floor":12.0,"key":"Regen Potion"}],"is_trial":false,"path_per_floor":["M","?","M","?","?","E","M","$","T","M","R","E","R","M","R","B"],"character_chosen":"THE_SILENT","items_purchased":["PreservedInsect"],"campfire_rested":0,"item_purchase_floors":[8],"current_hp_per_floor":[59,59,59,59,59,58,51,66,66,57,57,42,42,42,42,0,0],"gold":142,"neow_bonus":"THREE_ENEMY_KILL","is_prod":false,"is_daily":false,"chose_seed":false,"campfire_upgraded":3,"win_rate":0,"timestamp":1607499250,"path_taken":["M","?","?","?","?","E","?","$","T","?","R","E","R","M","R","BOSS"],"build_version":"2020-11-30","purchased_purges":0,"victory":false,"max_hp_per_floor":[66,66,66,66,66,66,66,66,66,66,66,66,66,66,66,66,66],"relic_stats":{"Happy Flower":[4],"counters":[8,29],"MealTicket":15,"PreservedInsect":34,"obtain_stats":[{"NeowsBlessing":0,"Happy Flower":12,"MealTicket":6,"PreservedInsect":8,"Ring of the Snake":0,"WarpedTongs":5},{"NeowsBlessing":0,"Happy Flower":6,"MealTicket":3,"PreservedInsect":4,"Ring of the Snake":0,"WarpedTongs":2},{"NeowsBlessing":0,"Happy Flower":16,"MealTicket":3,"PreservedInsect":9,"Ring of the Snake":0,"WarpedTongs":2}],"Ring of the Snake":[16],"WarpedTongs":[26]},"card_choices":[{"not_picked":["Footwork","Deflect"],"picked":"Dagger Spray","floor":1.0},{"not_picked":["Slice","Backflip"],"picked":"Backstab","floor":3.0},{"not_picked":["Cloak And Dagger","Dagger Throw"],"picked":"Burst","floor":6.0},{"not_picked":["Flying Knee","Endless Agony"],"picked":"Acrobatics","floor":7.0},{"not_picked":["PiercingWail","Cloak And Dagger"],"picked":"Deadly Poison","floor":10.0},{"not_picked":["Prepared","Flying Knee"],"picked":"Dagger Spray","floor":12.0},{"not_picked":["Quick Slash","Underhanded Strike","Choke"],"picked":"SKIP","floor":14.0}],"player_experience":1258737,"relics_obtained":[{"floor":6.0,"key":"MealTicket"},{"floor":12.0,"key":"Happy Flower"}],"event_choices":[{"damage_healed":0.0,"max_hp_gain":0.0,"max_hp_loss":0.0,"gold_gain":0.0,"event_name":"The Woman in Blue","player_choice":"Bought 1 Potion","floor":2.0,"gold_loss":0.0,"damage_taken":0.0},{"cards_removed":["Strike_G"],"damage_healed":0.0,"max_hp_gain":0.0,"max_hp_loss":0.0,"gold_gain":0.0,"event_name":"Living Wall","player_choice":"Forget","floor":4.0,"gold_loss":0.0,"damage_taken":0.0},{"damage_healed":0.0,"max_hp_gain":0.0,"max_hp_loss":0.0,"gold_gain":0.0,"event_name":"Accursed Blacksmith","player_choice":"Rummage","floor":5.0,"gold_loss":0.0,"damage_taken":0.0,"relics_obtained":["WarpedTongs"],"cards_obtained":["Pain"]}],"is_beta":false,"boss_relics":[],"items_purged_floors":[],"is_endless":false,"potions_floor_spawned":[1,3,12],"killed_by":"Slime Boss","ascension_level":20}}