{"host":"4w8ocelhatf0iefc","time":1607522534,"event":{"gold_per_floor":[116,116,116,136,61,61,95,71,71,85,35,35,48,69,69,200,200,216,416,94,110,10,10,10,43,43,55,55],"floor_reached":27,"playtime":1631,"items_purged":["Injury","Runesmith:Strike_RS"],"score":263,"play_id":"f0a4d0ae-e35b-4311-b0de-7b1265ede2b1","local_time":"20201209220214","is_ascension_mode":true,"campfire_choices":[{"data":"Runesmith:Firestorm","floor":6,"key":"SMITH"},{"floor":15,"key":"REST"},{"data":"Runesmith:ReplicatingBarrier","floor":23,"key":"SMITH"}],"neow_cost":"NONE","seed_source_timestamp":6365978466200,"circlet_count":0,"master_deck":["Runesmith:Strike_RS","Runesmith:Strike_RS","Runesmith:Strike_RS","Runesmith:Defend_RS","Runesmith:Defend_RS","Runesmith:Defend_RS","Runesmith:Defend_RS","Runesmith:CraftFirestone","Runesmith:Fortify","Runesmith:CraftProtectio","Runesmith:BackupBattery+1","Runesmith:Firestorm+1","Runesmith:CraftMedicinae+1","Runesmith:Grindstone+1","Runesmith:CraftMagma+1","Runesmith:CraftProtectio+1","Runesmith:CraftIncendium+1","Runesmith:ReplicatingBarrier+1","Runesmith:Refine+1","ForeignInfluence+1"],"relics":["Runesmith:BrokenRuby","Golden Idol","Toxic Egg 2","White Beast Statue","Bottled Tornado","aspiration:WatcherSkillbook","Runesmith:Nanobots","Molten Egg 2","MawBank"],"potions_floor_usage":[7,13,16,16,16,21,25,27,27],"damage_taken":[{"damage":2,"enemies":"2 Louse","floor":1,"turns":3},{"damage":7,"enemies":"Jaw Worm","floor":4,"turns":4},{"damage":17,"enemies":"3 Sentries","floor":7,"turns":10},{"damage":18,"enemies":"Cultist","floor":10,"turns":7},{"damage":12,"enemies":"Exordium Wildlife","floor":13,"turns":3},{"damage":0,"enemies":"2 Fungi Beasts","floor":14,"turns":5},{"damage":35,"enemies":"The Guardian","floor":16,"turns":10},{"damage":7,"enemies":"Chosen","floor":18,"turns":5},{"damage":9,"enemies":"3 Byrds","floor":21,"turns":2},{"damage":50,"enemies":"Gremlin Leader","floor":25,"turns":9},{"damage":14,"enemies":"Book of Stabbing","floor":27,"turns":5}],"seed_played":"966340493565192667","potions_obtained":[{"floor":1,"key":"AttackPotion"},{"floor":7,"key":"AttackPotion"},{"floor":10,"key":"FearPotion"},{"floor":13,"key":"SneckoOil"},{"floor":14,"key":"DuplicationPotion"},{"floor":16,"key":"Dexterity Potion"},{"floor":18,"key":"LiquidBronze"},{"floor":21,"key":"AttackPotion"},{"floor":25,"key":"Fire Potion"}],"is_trial":false,"path_per_floor":["M","?","?","M","$","R","E","$","T","M","?","$","M","M","R","B",null,"M","?","$","M","$","R","$","E","T","E"],"character_chosen":"RUNESMITH_CLASS","items_purchased":["Runesmith:Firestorm","Runesmith:Grindstone+1","Runesmith:Nanobots"],"campfire_rested":1,"item_purchase_floors":[5,8,20],"current_hp_per_floor":[75,75,75,68,68,68,51,51,51,35,35,35,25,25,48,16,77,70,70,70,61,61,61,61,11,11,0,0],"gold":55,"neow_bonus":"TEN_PERCENT_HP_BONUS","is_prod":false,"is_daily":false,"chose_seed":false,"campfire_upgraded":2,"win_rate":0,"timestamp":1607522534,"path_taken":["M","?","?","M","$","R","E","?","T","M","?","$","M","M","R","BOSS","M","?","?","M","?","R","$","E","T","E"],"build_version":"2020-11-30","purchased_purges":2,"victory":false,"max_hp_per_floor":[77,77,77,77,77,77,77,77,77,77,77,77,77,77,77,77,77,77,77,77,77,77,77,77,77,77,77,77],"card_choices":[{"not_picked":["Runesmith:Overpower","Runesmith:HeatExchange"],"picked":"Runesmith:CraftProtectio","floor":1},{"not_picked":["Runesmith:Repurpose+1","Runesmith:ChargedHammer"],"picked":"Runesmith:BackupBattery+1","floor":4},{"not_picked":["Runesmith:Terraform+1","Runesmith:MakeshiftArmor+1"],"picked":"Runesmith:CraftMedicinae+1","floor":7},{"not_picked":["Runesmith:HeatedChisel","Runesmith:Overpower"],"picked":"Runesmith:CraftMagma+1","floor":10},{"not_picked":["Runesmith:ShiftingStrike","Runesmith:Prism+1"],"picked":"Runesmith:CraftProtectio+1","floor":13},{"not_picked":["Runesmith:BackupBattery+1","Runesmith:ChiselStab"],"picked":"Runesmith:CraftIncendium+1","floor":14},{"not_picked":["Runesmith:GenerateForcefield+1","Runesmith:UnlimitedPower"],"picked":"Runesmith:ReplicatingBarrier","floor":16},{"not_picked":["Runesmith:Overpower+1","EmptyMind+1","ClearTheMind+1"],"picked":"Runesmith:Refine+1","floor":18},{"not_picked":["TalkToTheHand","InnerPeace+1","Runesmith:Attraction+1","Evaluate+1"],"picked":"SKIP","floor":21},{"not_picked":["Runesmith:Grindstone+1","FollowUp+1","BowlingBash+1"],"picked":"ForeignInfluence+1","floor":25}],"player_experience":269285,"relics_obtained":[{"floor":7,"key":"White Beast Statue"},{"floor":9,"key":"Bottled Tornado"},{"floor":25,"key":"Molten Egg 2"},{"floor":26,"key":"MawBank"}],"event_choices":[{"damage_healed":0,"gold_gain":0,"player_choice":"Take Wound","damage_taken":0,"relics_obtained":["Golden Idol"],"max_hp_gain":0,"max_hp_loss":0,"event_name":"Golden Idol","floor":2,"gold_loss":0,"cards_obtained":["Injury"]},{"cards_removed":["Injury"],"damage_healed":0,"gold_gain":0,"player_choice":"Card Removal","damage_taken":0,"max_hp_gain":0,"max_hp_loss":0,"event_name":"The Cleric","floor":11,"gold_loss":50},{"damage_healed":0,"gold_gain":250,"player_choice":"Bet on Owner","damage_taken":0,"max_hp_gain":0,"max_hp_loss":0,"event_name":"The Joust","floor":19,"gold_loss":50}],"is_beta":false,"boss_relics":[{"not_picked":["Runic Pyramid","Busted Crown"],"picked":"aspiration:WatcherSkillbook"}],"items_purged_floors":[20,22],"is_endless":false,"potions_floor_spawned":[1,7,10,13,14,16,18,21,25],"killed_by":"Book of Stabbing","ascension_level":3}}