{"host":"3qkmyeoym75lj4wn","time":1607472332,"event":{"gold_per_floor":[117,9,26,37,37,37,95,120,145,145,295,151,170,202,202,278,278,289,289,307,307,1,33,33,47,96,96,96,127,154,166,166,240,240,253,4,54,54,73,73,89,89,141,141,141,141],"floor_reached":45,"playtime":1539,"items_purged":["Doubt"],"score":1039,"play_id":"dc25ac7d-a205-47d8-9761-7583e1867571","local_time":"20201209000532","is_ascension_mode":true,"campfire_choices":[{"data":"Bash","floor":6.0,"key":"SMITH"},{"data":"Rampage","floor":10.0,"key":"SMITH"},{"data":"Thunderclap","floor":15.0,"key":"SMITH"},{"floor":24.0,"key":"REST"},{"floor":27.0,"key":"REST"},{"floor":32.0,"key":"DIG"},{"floor":40,"key":"DIG"},{"floor":42,"key":"DIG"}],"neow_cost":"NONE","seed_source_timestamp":46742997041700,"circlet_count":0,"master_deck":["AscendersBane","Strike_R","Strike_R","Defend_R","Defend_R","Defend_R","Defend_R","Bash+1","Shrug It Off","Thunderclap+1","Rampage+1","Dropkick","Offering","Second Wind+1","Limit Break+1","Double Tap+1","Offering","Feel No Pain","J.A.X.+1","Heavy Blade","Reaper","Writhe"],"special_seed":0,"relics":["Black Blood","Smiling Mask","Bag of Marbles","Centennial Puzzle","Ancient Tea Set","Astrolabe","Membership Card","Kunai","Red Skull","Bronze Scales","Red Mask","Shovel","FossilizedHelix","Pear","Akabeko","Mango","Bottled Flame","StoneCalendar"],"potions_floor_usage":[37],"damage_taken":[{"damage":6.0,"enemies":"2 Louse","floor":1.0,"turns":3.0},{"damage":1.0,"enemies":"Small Slimes","floor":3.0,"turns":6.0},{"damage":0.0,"enemies":"Cultist","floor":4.0,"turns":2.0},{"damage":26.0,"enemies":"Gremlin Nob","floor":8.0,"turns":4.0},{"damage":8.0,"enemies":"Blue Slaver","floor":13.0,"turns":3.0},{"damage":14.0,"enemies":"3 Sentries","floor":14.0,"turns":9.0},{"damage":48.0,"enemies":"The Guardian","floor":16.0,"turns":10.0},{"damage":54.0,"enemies":"3 Byrds","floor":18.0,"turns":6.0},{"damage":14.0,"enemies":"Shell Parasite","floor":20.0,"turns":3.0},{"damage":23.0,"enemies":"Slavers","floor":23.0,"turns":3.0},{"damage":12.0,"enemies":"Snake Plant","floor":25.0,"turns":1.0},{"damage":9.0,"enemies":"Masked Bandits","floor":29.0,"turns":2.0},{"damage":19.0,"enemies":"Gremlin Leader","floor":30.0,"turns":4.0},{"damage":9.0,"enemies":"Snecko","floor":31.0,"turns":1.0},{"damage":9.0,"enemies":"Collector","floor":33.0,"turns":2.0},{"damage":38.0,"enemies":"3 Darklings","floor":35.0,"turns":2.0},{"damage":63,"enemies":"2 Orb Walkers","floor":37,"turns":5},{"damage":54,"enemies":"3 Shapes","floor":39,"turns":9},{"damage":9,"enemies":"Transient","floor":41,"turns":6},{"damage":88,"enemies":"Reptomancer","floor":45,"turns":5}],"seed_played":"6819765287494328633","potions_obtained":[{"floor":3.0,"key":"SneckoOil"},{"floor":13.0,"key":"EntropicBrew"},{"floor":16.0,"key":"Fruit Juice"},{"floor":18.0,"key":"PowerPotion"},{"floor":29.0,"key":"Swift Potion"},{"floor":30.0,"key":"BlessingOfTheForge"},{"floor":33.0,"key":"Dexterity Potion"}],"is_trial":false,"path_per_floor":["M","$","M","M","?","R","?","E","T","R","?","$","M","E","R","B",null,"M","?","M","?","$","E","R","M","T","R","?","?","E","M","R","B",null,"M","$","?","?","M","R","M","R","T","?","E"],"character_chosen":"IRONCLAD","items_purchased":["Shrug It Off","AttackPotion","Dropkick","PowerPotion","Membership Card","Kunai","Pear","Akabeko","PowerPotion"],"campfire_rested":2,"item_purchase_floors":[2,2,12,12,22,22,36,36,36],"current_hp_per_floor":[68,68,73,75,80,80,80,60,60,60,60,60,58,50,50,8,62,19,19,28,28,28,11,36,30,30,55,55,52,39,36,36,33,72,62,72,50,72,47,47,80,80,80,80,0,0],"gold":141,"neow_bonus":"RANDOM_COMMON_RELIC","is_prod":false,"is_daily":false,"chose_seed":false,"campfire_upgraded":3,"win_rate":0,"timestamp":1607472332,"path_taken":["M","$","M","M","?","R","?","E","T","R","?","?","?","E","R","BOSS","M","?","M","?","$","E","R","?","T","R","?","?","E","M","R","BOSS","M","$","?","?","M","R","M","R","T","?","E"],"build_version":"2020-11-30","purchased_purges":1,"victory":false,"max_hp_per_floor":[75,75,75,75,80,80,80,80,80,80,80,80,80,80,80,80,80,85,85,85,85,85,85,85,85,85,85,85,85,85,85,85,85,85,85,95,109,109,109,109,109,109,109,109,109,109],"relic_stats":{"Centennial Puzzle":[48],"Shovel":3,"counters":[20,86],"Astrolabe":["Second Wind","Limit Break","Double Tap"],"Bronze Scales":[95],"Black Blood":134,"StoneCalendar":[0],"Kunai":[14],"Smiling Mask":25,"obtain_stats":[{"Pear":36,"Astrolabe":17,"Black Blood":34,"Mango":37,"StoneCalendar":42,"Smiling Mask":0,"Ancient Tea Set":14,"Burning Blood":0,"Akabeko":36,"Centennial Puzzle":9,"Bottled Flame":40,"Shovel":30,"Bronze Scales":26,"Bag of Marbles":8,"Red Mask":29,"Membership Card":22,"Kunai":22,"Red Skull":23,"FossilizedHelix":32},{"Pear":16,"Astrolabe":7,"Black Blood":15,"Mango":17,"StoneCalendar":19,"Smiling Mask":0,"Ancient Tea Set":6,"Burning Blood":0,"Akabeko":16,"Centennial Puzzle":4,"Bottled Flame":18,"Shovel":13,"Bronze Scales":11,"Bag of Marbles":4,"Red Mask":12,"Membership Card":9,"Kunai":9,"Red Skull":10,"FossilizedHelix":14},{"Pear":61,"Astrolabe":37,"Black Blood":59,"Mango":66,"StoneCalendar":81,"Smiling Mask":0,"Ancient Tea Set":27,"Burning Blood":0,"Akabeko":61,"Centennial Puzzle":15,"Bottled Flame":75,"Shovel":56,"Bronze Scales":50,"Bag of Marbles":15,"Red Mask":52,"Membership Card":46,"Kunai":46,"Red Skull":49,"FossilizedHelix":57}]},"card_choices":[{"not_picked":["True Grit","Flex","Dual Wield"],"picked":"SKIP","floor":1.0},{"not_picked":["Clash","Heavy Blade"],"picked":"Thunderclap","floor":3.0},{"not_picked":["Pommel Strike","Armaments"],"picked":"Rampage","floor":4.0},{"not_picked":["Exhume","Searing Blow","Perfected Strike"],"picked":"SKIP","floor":8.0},{"not_picked":["Entrench","Rupture","Dual Wield"],"picked":"SKIP","floor":13.0},{"not_picked":["Sever Soul","Twin Strike","Cleave"],"picked":"SKIP","floor":14.0},{"not_picked":["Feed","Impervious"],"picked":"Offering","floor":16.0},{"not_picked":["Armaments","Wild Strike","Cleave"],"picked":"SKIP","floor":18.0},{"not_picked":["True Grit","Anger","Clothesline+1"],"picked":"SKIP","floor":20.0},{"not_picked":["Anger","Limit Break"],"picked":"Feel No Pain","floor":23.0},{"not_picked":["Armaments","Ghostly Armor","Reckless Charge"],"picked":"SKIP","floor":25.0},{"not_picked":["Perfected Strike","Iron Wave+1","Anger"],"picked":"SKIP","floor":30.0},{"not_picked":["Pommel Strike","True Grit"],"picked":"Heavy Blade","floor":31.0},{"not_picked":["Fiend Fire","Barricade"],"picked":"Reaper","floor":33.0},{"not_picked":["Reckless Charge","Perfected Strike+1","Cleave"],"picked":"SKIP","floor":35.0},{"not_picked":["Flex","Twin Strike","Shrug It Off"],"picked":"SKIP","floor":39},{"not_picked":["Warcry","Heavy Blade+1","Shrug It Off"],"picked":"SKIP","floor":41}],"player_experience":1585876,"relics_obtained":[{"floor":8.0,"key":"Bag of Marbles"},{"floor":9.0,"key":"Centennial Puzzle"},{"floor":14.0,"key":"Ancient Tea Set"},{"floor":23.0,"key":"Red Skull"},{"floor":26.0,"key":"Bronze Scales"},{"floor":29.0,"key":"Red Mask"},{"floor":30.0,"key":"Shovel"},{"floor":32.0,"key":"FossilizedHelix"},{"floor":37,"key":"Mango"},{"floor":40,"key":"Bottled Flame"},{"floor":42,"key":"StoneCalendar"}],"event_choices":[{"damage_healed":0.0,"max_hp_gain":5.0,"max_hp_loss":0.0,"gold_gain":0.0,"event_name":"Big Fish","player_choice":"Donut","floor":5.0,"gold_loss":0.0,"damage_taken":0.0},{"damage_healed":0.0,"max_hp_gain":0.0,"max_hp_loss":0.0,"gold_gain":58.0,"event_name":"Golden Wing","player_choice":"Gained Gold","floor":7.0,"gold_loss":0.0,"damage_taken":0.0},{"damage_healed":0.0,"max_hp_gain":0.0,"max_hp_loss":0.0,"gold_gain":150.0,"event_name":"Liars Game","player_choice":"AGREE","floor":11.0,"gold_loss":0.0,"damage_taken":0.0,"cards_obtained":["Doubt"]},{"damage_healed":0.0,"max_hp_gain":0.0,"max_hp_loss":0.0,"gold_gain":0.0,"event_name":"Vampires","player_choice":"Ignored","floor":19.0,"gold_loss":0.0,"damage_taken":0.0},{"damage_healed":0.0,"max_hp_gain":0.0,"max_hp_loss":0.0,"gold_gain":0.0,"event_name":"Duplicator","player_choice":"Copied","floor":21.0,"gold_loss":0.0,"damage_taken":0.0,"cards_obtained":["Offering"]},{"damage_healed":0.0,"max_hp_gain":0.0,"max_hp_loss":0.0,"gold_gain":0.0,"event_name":"Drug Dealer","player_choice":"Obtain J.A.X.","floor":28.0,"gold_loss":0.0,"damage_taken":0.0,"cards_obtained":["J.A.X."]},{"damage_healed":0.0,"max_hp_gain":0.0,"max_hp_loss":0.0,"gold_gain":0.0,"event_name":"Masked Bandits","player_choice":"Fought Bandits","floor":29.0,"gold_loss":0.0,"damage_taken":0.0},{"damage_healed":0,"gold_gain":0,"player_choice":"Fight","damage_taken":0,"max_hp_gain":0,"max_hp_loss":0,"event_name":"Mysterious Sphere","floor":37,"gold_loss":0},{"damage_healed":22,"gold_gain":0,"player_choice":"Writhe","damage_taken":0,"max_hp_gain":0,"max_hp_loss":0,"event_name":"Winding Halls","floor":38,"gold_loss":0,"cards_obtained":["Writhe"]},{"damage_healed":0,"gold_gain":0,"player_choice":"Upgraded","damage_taken":0,"max_hp_gain":0,"max_hp_loss":0,"event_name":"Upgrade Shrine","floor":44,"gold_loss":0,"cards_upgraded":["J.A.X."]}],"is_beta":false,"boss_relics":[{"not_picked":["Coffee Dripper","Fusion Hammer"],"picked":"Astrolabe"},{"not_picked":["Runic Cube","Empty Cage"],"picked":"Black Blood"}],"items_purged_floors":[12],"is_endless":false,"potions_floor_spawned":[3,13,16,18,29,30,33],"killed_by":"Reptomancer","ascension_level":20}}