{"host":"gcl3kjho9wmyw479","time":1607498055,"event":{"gold_per_floor":[109,109,109,109,109,109,135,135,135,135,135,54,85,110,110,213,213,224,224,224,324,324,354,354,406,406,278,178,178,178,178,178,330,330,393,104,104,104,205,205,205,277,277,277,277,1,53,117,117,157,157,157,75,137,217],"floor_reached":56,"playtime":1746,"items_purged":["Pain","Gash"],"score":1430,"play_id":"77431c86-b121-4eda-8a2a-5f8fe28bc8aa","local_time":"20201209021415","daily_mods":["SealedDeck","Heirloom","Flight","DeadlyEvents","Elite Swarm"],"is_ascension_mode":true,"campfire_choices":[{"data":"Genetic Algorithm","floor":6,"key":"SMITH"},{"data":"Machine Learning","floor":8,"key":"SMITH"},{"data":"Beam Cell","floor":10,"key":"SMITH"},{"data":"Go for the Eyes","floor":11,"key":"SMITH"},{"data":"Machine Learning","floor":24,"key":"SMITH"},{"data":"Chill","floor":29,"key":"SMITH"},{"data":"Offering","floor":30,"key":"SMITH"},{"data":"Coolheaded","floor":32,"key":"SMITH"},{"data":"Gash","floor":40,"key":"SMITH"},{"data":"Gash","floor":41,"key":"SMITH"},{"floor":44,"key":"RECALL"},{"data":"1","floor":45,"key":"LIFT"},{"data":"2","floor":49,"key":"LIFT"},{"data":"3","floor":52,"key":"LIFT"}],"neow_cost":"TEN_PERCENT_HP_LOSS","seed_source_timestamp":1058880567164599,"circlet_count":0,"master_deck":["Sweeping Beam","Gash+1","Beam Cell+1","Gash+1","Genetic Algorithm+1","Conserve Battery","Go for the Eyes+1","Machine Learning+1","Chill+1","Machine Learning+1","Offering+1","Machine Learning+1","Coolheaded+1"],"relics":["Ring of Chaos","Mango","Iron Core","Potion Belt","Emotion Chip","Divine Protection","Busted Crown","Replay:Bandana","Calipers","White Beast Statue","Coffee Dripper","Black Star","SlaversCollar","DataDisk","MerchantsRug","TungstenRod","Vajra","Girya","Bronze Scales","Mummified Hand","ReplayTheSpireMod:Ninjato","Bag of Preparation","Prayer Wheel","Gremlin Food","Replay:Kaleidoscope","Pet Ghost","Strawberry","Letter Opener","Pondfish Scales"],"potions_floor_usage":[25,42,55,55,55],"damage_taken":[{"damage":1,"enemies":"Jaw Worm","floor":1,"turns":2},{"damage":0,"enemies":"Gremlin Nob","floor":7,"turns":2},{"damage":3,"enemies":"3 Sentries","floor":13,"turns":3},{"damage":4,"enemies":"Gremlin Nob","floor":14,"turns":3},{"damage":19,"enemies":"Hexaghost","floor":16,"turns":3},{"damage":5,"enemies":"2 Thieves","floor":18,"turns":3},{"damage":0,"enemies":"Replay:Snechameleon","floor":23,"turns":3},{"damage":12,"enemies":"Book of Stabbing","floor":25,"turns":3},{"damage":0,"enemies":"Collector","floor":33,"turns":4},{"damage":3,"enemies":"3 Darklings","floor":35,"turns":3},{"damage":0,"enemies":"Nemesis","floor":42,"turns":3},{"damage":0,"enemies":"R_Hoarder","floor":47,"turns":4},{"damage":0,"enemies":"Reptomancer","floor":48,"turns":1},{"damage":0,"enemies":"Time Eater","floor":50,"turns":3},{"damage":0,"enemies":"Shield and Spear","floor":54,"turns":2},{"damage":7,"enemies":"The Heart","floor":55,"turns":4}],"seed_played":"-5304157902735670780","potions_obtained":[{"floor":7,"key":"SteroidPotion"},{"floor":14,"key":"Explosive Potion"},{"floor":23,"key":"PowerPotion"},{"floor":33,"key":"LifebloodPotion"},{"floor":35,"key":"ColorlessPotion"},{"floor":42,"key":"Toxic Potion"},{"floor":47,"key":"SpeedPotion"},{"floor":48,"key":"SpeedPotion"}],"is_trial":true,"path_per_floor":["M","?","?","$","WH","R","E","R","T","R","R","$","E","E","R","B",null,"M","WH","WH","WH","?","E","R","E","T","$","$","R","R","?","R","B",null,"M","$","?","WH","$","R","R","E","T","R","R","$","E","E","R","B",null,"R","$","E","B",null],"character_chosen":"DEFECT","items_purchased":["Chill","Coolheaded","DataDisk","MerchantsRug","Vajra","ReplayTheSpireMod:Ninjato","Bag of Preparation","Swift Potion","FocusPotion"],"campfire_rested":0,"item_purchase_floors":[12,27,36,36,39,46,46,53,53],"current_hp_per_floor":[88,88,88,88,88,88,88,88,88,88,88,88,85,81,89,70,89,84,84,92,92,92,92,92,85,85,85,85,85,85,85,85,85,97,94,94,94,88,88,88,88,88,88,88,88,88,88,95,95,95,95,95,95,95,88],"gold":217,"neow_bonus":"ONE_RARE_RELIC","is_prod":false,"is_daily":false,"chose_seed":false,"campfire_upgraded":10,"win_rate":0,"timestamp":1607498055,"path_taken":["M","?","?","$","WH","R","E","R","T","R","R","$","E","E","R","BOSS","M","WH","WH","WH","?","E","R","E","T","$","$","R","R","?","R","BOSS","M","$","?","WH","$","R","R","E","T","R","R","$","E","E","R","BOSS","R","$","E","BOSS"],"build_version":"2020-11-30","purchased_purges":2,"victory":true,"max_hp_per_floor":[89,89,89,89,89,89,89,89,89,89,89,89,89,89,89,89,89,89,89,97,97,97,97,97,97,97,97,97,97,97,97,97,97,97,97,97,97,88,88,88,88,88,88,88,88,88,88,95,95,95,95,95,95,95,95],"card_choices":[{"not_picked":["Darkness","ReplaySolidLightProjector","Reprogram"],"picked":"SKIP","floor":1},{"not_picked":["Creative AI","ReplayRNGCard"],"picked":"Machine Learning","floor":7},{"not_picked":["Biased Cognition","Thunder Strike","Buffer"],"picked":"SKIP","floor":13},{"not_picked":["Reboot","Echo Form"],"picked":"Machine Learning","floor":14},{"not_picked":["ReplayTheSpireMod:Fabricate Wheel","Double Tap"],"picked":"Offering","floor":16},{"not_picked":["Heatsinks"],"picked":"SKIP","floor":18},{"not_picked":[],"picked":"Machine Learning","floor":23},{"not_picked":["Creative AI"],"picked":"SKIP","floor":25},{"not_picked":["Heatsinks"],"picked":"SKIP","floor":35},{"not_picked":["Meteor Strike"],"picked":"SKIP","floor":42},{"not_picked":["Seek"],"picked":"SKIP","floor":47},{"not_picked":["Creative AI"],"picked":"SKIP","floor":48},{"not_picked":["ReplayTheSpireMod:Omega Cannon"],"picked":"SKIP","floor":54}],"player_experience":385716,"relics_obtained":[{"floor":7,"key":"Regal Pillow"},{"floor":13,"key":"Emotion Chip"},{"floor":14,"key":"Divine Protection"},{"floor":23,"key":"Replay:Bandana"},{"floor":25,"key":"Calipers"},{"floor":26,"key":"White Beast Statue"},{"floor":42,"key":"Girya"},{"floor":42,"key":"Bronze Scales"},{"floor":43,"key":"Mummified Hand"},{"floor":47,"key":"Gremlin Food"},{"floor":47,"key":"Replay:Kaleidoscope"},{"floor":48,"key":"Pet Ghost"},{"floor":48,"key":"Strawberry"},{"floor":54,"key":"Letter Opener"},{"floor":54,"key":"Pondfish Scales"}],"event_choices":[{"damage_healed":0,"gold_gain":0,"player_choice":"Ignored","damage_taken":0,"max_hp_gain":0,"max_hp_loss":0,"event_name":"Ghosts","floor":31,"gold_loss":0},{"cards_removed":["Gash"],"damage_healed":0,"gold_gain":0,"player_choice":"Removed Attack","damage_taken":0,"max_hp_gain":0,"max_hp_loss":0,"event_name":"Falling","floor":37,"gold_loss":0}],"is_beta":false,"boss_relics":[{"not_picked":["Inserter","Tiny House"],"picked":"Busted Crown"},{"not_picked":["Runic Pyramid","ChewingGum"],"picked":"Replay:Grab Bag"},{"not_picked":["Fusion Hammer","ReplayTheSpireMod:Onyx Gauntlets"],"picked":"Runic Dome"},{"not_picked":["Sozu","Abe\u0027s Treasure"],"picked":"Coffee Dripper"},{"not_picked":["Snecko Heart","SacredBark"],"picked":"Black Star"},{"not_picked":["Snecko Eye","Empty Cage"],"picked":"SlaversCollar"}],"items_purged_floors":[27,28],"is_endless":false,"potions_floor_spawned":[7,14,23,33,35,42,47,48,54],"ascension_level":3}}