{"host":"3a1ypf1irl30q4k8","time":1607517377,"event":{"gold_per_floor":[19,19,35,54,69,100,100,132,132,132,132],"floor_reached":10,"playtime":421,"items_purged":[],"score":105,"play_id":"a8060f05-eab6-41c7-818b-3e862eb7a5a3","local_time":"20201209123617","is_ascension_mode":true,"campfire_choices":[{"floor":7,"key":"REST"}],"neow_cost":"NO_GOLD","seed_source_timestamp":2352833782126400,"circlet_count":0,"master_deck":["Strike_B","Strike_B","Strike_B","Strike_B","Defend_B","Defend_B","Defend_B","Defend_B","Zap","Dualcast","Sadistic Nature+1","Ball Lightning","Beam Cell","Go for the Eyes","Darkness","Turbo"],"relics":["Cracked Core","Singing Bowl","Pantograph","TungstenRod"],"potions_floor_usage":[10],"damage_taken":[{"damage":3,"enemies":"2 Louse","floor":1,"turns":3},{"damage":1,"enemies":"Cultist","floor":3,"turns":3},{"damage":7,"enemies":"Jaw Worm","floor":4,"turns":3},{"damage":8,"enemies":"Blue Slaver","floor":5,"turns":2},{"damage":22,"enemies":"Gremlin Nob","floor":6,"turns":4},{"damage":30,"enemies":"3 Sentries","floor":8,"turns":7},{"damage":39,"enemies":"Gremlin Nob","floor":10,"turns":3}],"seed_played":"-1028226648277058169","potions_obtained":[{"floor":1,"key":"SpeedPotion"},{"floor":8,"key":"ColorlessPotion"}],"is_trial":false,"path_per_floor":["M","?","M","M","M","E","R","E","T","E"],"character_chosen":"DEFECT","items_purchased":[],"campfire_rested":1,"item_purchase_floors":[],"current_hp_per_floor":[65,65,64,57,49,29,52,22,22,0,0],"gold":132,"neow_bonus":"RANDOM_COLORLESS_2","is_prod":false,"is_daily":false,"chose_seed":false,"campfire_upgraded":0,"win_rate":0,"timestamp":1607517377,"path_taken":["M","?","M","M","M","E","R","E","T","E"],"build_version":"2020-11-30","purchased_purges":0,"victory":false,"max_hp_per_floor":[75,75,75,75,75,77,77,77,77,77,77],"relic_stats":{"Singing Bowl":2,"counters":[7,25],"Pantograph":0,"obtain_stats":[{"Singing Bowl":6,"Pantograph":8,"Cracked Core":0,"TungstenRod":9},{"Singing Bowl":5,"Pantograph":6,"Cracked Core":0,"TungstenRod":6},{"Singing Bowl":15,"Pantograph":22,"Cracked Core":0,"TungstenRod":22}],"TungstenRod":2},"card_choices":[{"not_picked":["Panache","Violence"],"picked":"Sadistic Nature","floor":0},{"not_picked":["Steam Power","Streamline"],"picked":"Ball Lightning","floor":1},{"not_picked":["Turbo","Leap"],"picked":"Beam Cell","floor":3},{"not_picked":["Ball Lightning","Leap"],"picked":"Go for the Eyes","floor":4},{"not_picked":["Redo","Conserve Battery"],"picked":"Darkness","floor":5},{"not_picked":["Tempest","Machine Learning","Redo"],"picked":"Singing Bowl","floor":6},{"not_picked":["Double Energy","Hello World"],"picked":"Turbo","floor":8}],"player_experience":796762,"relics_obtained":[{"floor":6,"key":"Singing Bowl"},{"floor":8,"key":"Pantograph"},{"floor":9,"key":"TungstenRod"}],"event_choices":[{"damage_healed":0,"gold_gain":0,"player_choice":"Grow","damage_taken":0,"max_hp_gain":0,"max_hp_loss":0,"event_name":"Living Wall","floor":2,"gold_loss":0,"cards_upgraded":["Sadistic Nature"]}],"is_beta":false,"boss_relics":[],"items_purged_floors":[],"is_endless":false,"potions_floor_spawned":[1,8],"killed_by":"Gremlin Nob","ascension_level":7}}