{"host":"dz1qwalix8eproj8","time":1607473499,"event":{"gold_per_floor":[115,127,142,154,172,172,198,198,198,198,226,301,334,6,6,107,107,118,118,134,151,151,178,178,191,191,218,218,250,284,310,310,412,412,425,325,325,335,352,367,367,34,34,34,46,74,74,107,107,107],"floor_reached":51,"playtime":5734,"items_purged":["Strike_G","Strike_G"],"score":1235,"play_id":"cac42dc2-9163-4ebf-bcfa-3466a0279a30","local_time":"20201209012459","is_ascension_mode":true,"campfire_choices":[{"data":"Poisoned Stab","floor":6,"key":"SMITH"},{"data":"Neutralize","floor":8,"key":"SMITH"},{"floor":10,"key":"REST"},{"data":"Dash","floor":15,"key":"SMITH"},{"data":"Adrenaline","floor":24,"key":"SMITH"},{"data":"Finisher","floor":32,"key":"SMITH"},{"data":"Well Laid Plans","floor":41,"key":"SMITH"},{"data":"Infinite Blades","floor":44,"key":"SMITH"},{"floor":49,"key":"REST"}],"neow_cost":"NONE","seed_source_timestamp":27834275084600,"circlet_count":0,"master_deck":["Strike_G","Strike_G","Strike_G","Defend_G+1","Defend_G","Defend_G","Defend_G+1","Survivor","Neutralize+1","Poisoned Stab+1","Blur","Predator","Finisher+1","All Out Attack","Dagger Throw","Dash+1","Slice","Adrenaline+1","Underhanded Strike","Ghostly","Ghostly","Ghostly","Ghostly","Ghostly","Deadly Poison+1","Cloak And Dagger+1","Acrobatics","Phantasmal Killer","Noxious Fumes+1","Well Laid Plans+1","Calculated Gamble+1","Night Terror+1","Bane+1","Acrobatics+1","Backflip","Blade Dance","Infinite Blades+1","Catalyst+1","Slice+1"],"relics":["Ring of the Snake","Bag of Preparation","WingedGreaves","Letter Opener","Bronze Scales","Ice Cream","Sundial","HoveringKite","Nunchaku","Juzu Bracelet","InkBottle","PreservedInsect","Kunai","War Paint","Oddly Smooth Stone","Philosopher\u0027s Stone","Ornamental Fan","Darkstone Periapt","Pocketwatch","Vajra"],"potions_floor_usage":[7,11,16,33,33,50,50],"damage_taken":[{"damage":2,"enemies":"2 Louse","floor":1,"turns":3},{"damage":0,"enemies":"Jaw Worm","floor":2,"turns":3},{"damage":0,"enemies":"Small Slimes","floor":3,"turns":3},{"damage":0,"enemies":"Blue Slaver","floor":4,"turns":4},{"damage":0,"enemies":"3 Louse","floor":5,"turns":4},{"damage":28,"enemies":"Gremlin Nob","floor":7,"turns":4},{"damage":17,"enemies":"Lagavulin","floor":11,"turns":6},{"damage":7,"enemies":"3 Sentries","floor":13,"turns":6},{"damage":4,"enemies":"Hexaghost","floor":16,"turns":9},{"damage":0,"enemies":"Chosen","floor":18,"turns":3},{"damage":0,"enemies":"3 Byrds","floor":20,"turns":3},{"damage":1,"enemies":"Snecko","floor":21,"turns":5},{"damage":0,"enemies":"Gremlin Leader","floor":23,"turns":6},{"damage":1,"enemies":"Centurion and Healer","floor":25,"turns":5},{"damage":0,"enemies":"Book of Stabbing","floor":27,"turns":4},{"damage":1,"enemies":"Slavers","floor":29,"turns":4},{"damage":0,"enemies":"Gremlin Leader","floor":30,"turns":3},{"damage":2,"enemies":"Book of Stabbing","floor":31,"turns":4},{"damage":16,"enemies":"Collector","floor":33,"turns":8},{"damage":0,"enemies":"3 Darklings","floor":35,"turns":5},{"damage":1,"enemies":"3 Shapes","floor":38,"turns":4},{"damage":6,"enemies":"3 Darklings","floor":39,"turns":5},{"damage":0,"enemies":"Writhing Mass","floor":40,"turns":5},{"damage":0,"enemies":"4 Shapes","floor":45,"turns":4},{"damage":0,"enemies":"Nemesis","floor":46,"turns":3},{"damage":0,"enemies":"Giant Head","floor":48,"turns":6},{"damage":0,"enemies":"Donu and Deca","floor":50,"turns":9}],"seed_played":"2591293204583937136","potions_obtained":[{"floor":1,"key":"DuplicationPotion"},{"floor":4,"key":"FairyPotion"},{"floor":7,"key":"Block Potion"},{"floor":11,"key":"DistilledChaos"},{"floor":16,"key":"Dexterity Potion"},{"floor":18,"key":"GamblersBrew"},{"floor":33,"key":"FearPotion"},{"floor":39,"key":"Poison Potion"},{"floor":48,"key":"AttackPotion"}],"is_trial":false,"path_per_floor":["M","M","M","M","M","R","E","R","T","R","E","?","E","$","R","B",null,"M","?","M","M","?","E","R","M","T","E","T","E","E","E","R","B",null,"M","$","?","M","M","M","R","$","T","R","M","E","?","E","R","B",null],"character_chosen":"THE_SILENT","items_purchased":["Sundial","Ornamental Fan","Infinite Blades"],"campfire_rested":2,"item_purchase_floors":[14,42,42],"current_hp_per_floor":[68,68,68,68,68,68,40,40,40,61,44,33,26,26,26,22,58,58,35,35,34,34,34,34,33,33,33,33,32,32,30,30,14,30,30,30,30,29,23,23,23,23,23,23,23,23,23,23,33,33],"gold":107,"neow_bonus":"RANDOM_COMMON_RELIC","is_prod":false,"is_daily":false,"chose_seed":false,"campfire_upgraded":7,"win_rate":0,"timestamp":1607473499,"path_taken":["M","M","M","M","M","R","E","R","T","R","E","?","E","$","R","BOSS","M","?","M","M","?","E","R","M","T","E","?","E","E","E","R","BOSS","M","$","?","M","M","M","R","$","T","R","M","E","?","E","R","BOSS"],"build_version":"2020-11-30","purchased_purges":2,"victory":true,"max_hp_per_floor":[70,70,70,70,70,70,70,70,70,70,70,70,70,70,70,70,70,70,35,35,35,35,35,35,35,35,35,35,35,35,35,35,35,35,35,35,35,35,35,35,35,35,35,35,35,35,35,35,35,35],"relic_stats":{"Darkstone Periapt":0,"counters":[27,128],"HoveringKite":[48],"PreservedInsect":297,"Bag of Preparation":[54],"Juzu Bracelet":1,"Letter Opener":[380],"War Paint":["Defend_G","Defend_G"],"Nunchaku":[20],"Sundial":[8],"Ornamental Fan":[80],"Bronze Scales":[345],"Kunai":[37],"obtain_stats":[{"Ice Cream":13,"Darkstone Periapt":43,"HoveringKite":17,"Oddly Smooth Stone":31,"Vajra":48,"PreservedInsect":28,"Bag of Preparation":0,"Juzu Bracelet":26,"Letter Opener":9,"War Paint":30,"Nunchaku":23,"Sundial":14,"Ornamental Fan":42,"Bronze Scales":11,"Philosopher\u0027s Stone":34,"WingedGreaves":7,"Kunai":29,"InkBottle":27,"Ring of the Snake":0,"Pocketwatch":46},{"Ice Cream":8,"Darkstone Periapt":23,"HoveringKite":9,"Oddly Smooth Stone":18,"Vajra":26,"PreservedInsect":15,"Bag of Preparation":0,"Juzu Bracelet":14,"Letter Opener":6,"War Paint":17,"Nunchaku":13,"Sundial":8,"Ornamental Fan":23,"Bronze Scales":7,"Philosopher\u0027s Stone":19,"WingedGreaves":6,"Kunai":16,"InkBottle":15,"Ring of the Snake":0,"Pocketwatch":25},{"Ice Cream":33,"Darkstone Periapt":106,"HoveringKite":42,"Oddly Smooth Stone":79,"Vajra":119,"PreservedInsect":68,"Bag of Preparation":0,"Juzu Bracelet":64,"Letter Opener":21,"War Paint":75,"Nunchaku":59,"Sundial":33,"Ornamental Fan":106,"Bronze Scales":27,"Philosopher\u0027s Stone":87,"WingedGreaves":21,"Kunai":72,"InkBottle":68,"Ring of the Snake":0,"Pocketwatch":113}],"InkBottle":[36],"Ring of the Snake":[54],"Pocketwatch":[0]},"card_choices":[{"not_picked":["Outmaneuver","Dagger Throw"],"picked":"Poisoned Stab","floor":1},{"not_picked":["Deflect","Cloak And Dagger"],"picked":"Blur","floor":2},{"not_picked":["Endless Agony","Bane"],"picked":"Predator","floor":3},{"not_picked":["Blade Dance","Underhanded Strike"],"picked":"Finisher","floor":4},{"not_picked":["Endless Agony","Footwork"],"picked":"All Out Attack","floor":5},{"not_picked":["Cloak And Dagger","Deflect"],"picked":"Dagger Throw","floor":7},{"not_picked":["Bouncing Flask","PiercingWail"],"picked":"Dash","floor":11},{"not_picked":["Burst","Underhanded Strike"],"picked":"Slice","floor":13},{"not_picked":["Burst","Unload"],"picked":"Adrenaline","floor":16},{"not_picked":["Deflect","Cloak And Dagger"],"picked":"Underhanded Strike","floor":18},{"not_picked":["Quick Slash+1","Blade Dance"],"picked":"Deadly Poison+1","floor":20},{"not_picked":["PiercingWail","Dash+1"],"picked":"Cloak And Dagger+1","floor":21},{"not_picked":["Predator+1","Underhanded Strike+1"],"picked":"Phantasmal Killer","floor":23},{"not_picked":["Catalyst","Slice+1","Outmaneuver"],"picked":"SKIP","floor":25},{"not_picked":["Prepared","Dagger Spray"],"picked":"Noxious Fumes+1","floor":27},{"not_picked":["Prepared","Dagger Throw","Underhanded Strike"],"picked":"SKIP","floor":29},{"not_picked":["Dagger Throw","Leg Sweep"],"picked":"Well Laid Plans","floor":30},{"not_picked":["Slice","Malaise"],"picked":"Calculated Gamble+1","floor":31},{"not_picked":["A Thousand Cuts","Venomology"],"picked":"Night Terror","floor":33},{"not_picked":["Slice+1","Deflect+1"],"picked":"Bane+1","floor":35},{"not_picked":["Backflip+1","Flying Knee"],"picked":"Acrobatics+1","floor":38},{"not_picked":["Underhanded Strike","Setup"],"picked":"Backflip","floor":39},{"not_picked":["Heel Hook","Deflect"],"picked":"Blade Dance","floor":40},{"not_picked":["Quick Slash+1","All Out Attack+1"],"picked":"Catalyst+1","floor":45},{"not_picked":["Heel Hook+1","Cloak And Dagger","Dagger Throw+1"],"picked":"SKIP","floor":46},{"not_picked":["Heel Hook+1","Cloak And Dagger","Dagger Throw+1"],"picked":"SKIP","floor":46},{"not_picked":["Catalyst+1","Cloak And Dagger"],"picked":"Slice+1","floor":48}],"player_experience":518903,"relics_obtained":[{"floor":7,"key":"WingedGreaves"},{"floor":9,"key":"Letter Opener"},{"floor":11,"key":"Bronze Scales"},{"floor":13,"key":"Ice Cream"},{"floor":23,"key":"Nunchaku"},{"floor":26,"key":"Juzu Bracelet"},{"floor":27,"key":"InkBottle"},{"floor":28,"key":"PreservedInsect"},{"floor":29,"key":"Kunai"},{"floor":30,"key":"War Paint"},{"floor":31,"key":"Oddly Smooth Stone"},{"floor":43,"key":"Darkstone Periapt"},{"floor":46,"key":"Pocketwatch"},{"floor":48,"key":"Vajra"}],"event_choices":[{"damage_healed":0,"gold_gain":75,"player_choice":"Gather Gold","damage_taken":11,"max_hp_gain":0,"max_hp_loss":0,"event_name":"World of Goop","floor":12,"gold_loss":0},{"damage_healed":0,"gold_gain":0,"player_choice":"Became a Ghost","damage_taken":0,"max_hp_gain":0,"max_hp_loss":35,"event_name":"Ghosts","floor":19,"gold_loss":0,"cards_obtained":["Ghostly","Ghostly","Ghostly","Ghostly","Ghostly"]},{"damage_healed":0,"gold_gain":0,"player_choice":"Read","damage_taken":0,"max_hp_gain":0,"max_hp_loss":0,"event_name":"The Library","floor":22,"gold_loss":0,"cards_obtained":["Acrobatics"]},{"damage_healed":0,"gold_gain":0,"player_choice":"Upgraded","damage_taken":0,"max_hp_gain":0,"max_hp_loss":0,"event_name":"Upgrade Shrine","floor":37,"gold_loss":0,"cards_upgraded":["Night Terror"]},{"cards_removed":["Defend_G"],"damage_healed":0,"gold_gain":0,"player_choice":"Removed Skill","damage_taken":0,"max_hp_gain":0,"max_hp_loss":0,"event_name":"Falling","floor":47,"gold_loss":0}],"is_beta":false,"boss_relics":[{"not_picked":["Black Star","Velvet Choker"],"picked":"HoveringKite"},{"not_picked":["Coffee Dripper","Empty Cage"],"picked":"Philosopher\u0027s Stone"}],"items_purged_floors":[14,36],"is_endless":false,"potions_floor_spawned":[1,4,7,11,16,18,21,23,33,39,40,48],"ascension_level":5}}