{"host":"uzj3qtz06dzkgpll","time":1607502974,"event":{"gold_per_floor":[110,110,162,172,172,200,200,225,250,263,286,286,286,302,302,400,400,410,426,126,51,51,51,83,83,132,132,132,142,142,173,173,225,225],"floor_reached":33,"playtime":1600,"items_purged":["Defend_G","Defend_G"],"score":408,"play_id":"5b130999-4fe3-4d48-b4cf-aa4c60f0e41f","local_time":"20201209003614","is_ascension_mode":true,"campfire_choices":[{"floor":7.0,"key":"REST"},{"floor":13.0,"key":"REST"},{"data":"Prepared","floor":15.0,"key":"SMITH"},{"data":"Cloak And Dagger","floor":23,"key":"SMITH"},{"floor":25,"key":"REST"},{"data":"Deadly Poison","floor":28,"key":"SMITH"},{"data":"Survivor","floor":30,"key":"SMITH"},{"floor":32,"key":"REST"}],"neow_cost":"NONE","seed_source_timestamp":0,"circlet_count":0,"master_deck":["Strike_G+1","Defend_G+1","Defend_G+1","Survivor+1","Neutralize","Dagger Spray+1","Unload+1","Night Terror+1","Catalyst+1","Backstab","Backstab","Deadly Poison+1","Prepared+1","Cloak And Dagger+1","Noxious Fumes"],"special_seed":0,"relics":["hubris:Towel","hubris:MysteriousPyramids","Meat on the Bone","War Paint","ReplayTheSpireMod:Lightbulb","Odd Mushroom","Blood Vial","WristBlade","Gremlin Food","Lantern","Nloth\u0027s Gift","Replay:Bandana"],"potions_floor_usage":[18,29,33],"damage_taken":[{"damage":5.0,"enemies":"Small Slimes","floor":1.0,"turns":3.0},{"damage":0.0,"enemies":"Jaw Worm","floor":4.0,"turns":3.0},{"damage":15.0,"enemies":"Lagavulin","floor":6.0,"turns":3.0},{"damage":18.0,"enemies":"Gremlin Nob","floor":8.0,"turns":3.0},{"damage":0.0,"enemies":"2 Louse","floor":10.0,"turns":1.0},{"damage":30.0,"enemies":"The Mushroom Lair","floor":11.0,"turns":3.0},{"damage":6.0,"enemies":"Looter","floor":14.0,"turns":2.0},{"damage":10.0,"enemies":"Fading Forest","floor":16.0,"turns":5.0},{"damage":0,"enemies":"Chosen","floor":18,"turns":4},{"damage":0,"enemies":"Spheric Guardian","floor":19,"turns":3},{"damage":17,"enemies":"Gremlin Leader","floor":24,"turns":6},{"damage":14,"enemies":"Centurion and Healer","floor":29,"turns":5},{"damage":15,"enemies":"Book of Stabbing","floor":31,"turns":4},{"damage":72,"enemies":"Collector","floor":33,"turns":7}],"seed_played":"-5226650795363793989","potions_obtained":[{"floor":1.0,"key":"Venom Potion"},{"floor":3.0,"key":"Fire Potion"},{"floor":4.0,"key":"DistilledChaos"},{"floor":11.0,"key":"Flashbang"},{"floor":18,"key":"DistilledChaos"},{"floor":29,"key":"Dexterity Potion"}],"is_trial":false,"path_per_floor":["M","?","?","M","?","E","R","E","T","M","?","?","R","M","R","B",null,"M","M","$","?","?","R","E","R","T","?","R","M","R","E","R","B"],"character_chosen":"THE_SILENT","items_purchased":["Cloak And Dagger","Noxious Fumes"],"campfire_rested":4,"item_purchase_floors":[20,20],"current_hp_per_floor":[58,58,41,41,41,26,47,41,41,41,23,11,32,40,40,40,63,65,67,67,67,67,67,52,70,70,70,70,56,56,43,64,0,0],"gold":225,"neow_bonus":"BOSS_RELIC","is_prod":false,"is_daily":false,"chose_seed":false,"campfire_upgraded":4,"win_rate":0,"timestamp":1607502974,"path_taken":["M","?","?","M","?","E","R","E","T","M","?","?","R","M","R","BOSS","M","M","$","?","?","R","E","R","T","?","R","M","R","E","R","BOSS"],"build_version":"2020-11-30","purchased_purges":2,"victory":false,"max_hp_per_floor":[70,70,70,70,70,70,70,70,70,70,70,70,70,70,70,70,70,70,70,70,70,70,70,70,70,70,70,70,70,70,70,70,70,70],"card_choices":[{"not_picked":["Sucker Punch","Acrobatics"],"picked":"Catalyst","floor":1.0},{"not_picked":["Dagger Spray","Choke"],"picked":"Backstab","floor":3.0},{"not_picked":["PiercingWail","Sneak Up","Masterful Stab"],"picked":"SKIP","floor":4.0},{"not_picked":["Leg Sweep","Riddle With Holes"],"picked":"Backstab","floor":6.0},{"not_picked":["Dagger Throw","Quick Slash"],"picked":"Deadly Poison","floor":8.0},{"not_picked":["All Out Attack","Accuracy","Dodge and Roll"],"picked":"SKIP","floor":10.0},{"not_picked":["Infinite Blades","hubris:TrickCloak"],"picked":"Prepared","floor":14.0},{"not_picked":["PiercingWail","Acrobatics","hubris:Sniper"],"picked":"SKIP","floor":18},{"not_picked":["Sucker Punch+1","Fluid Movement+1","Setup"],"picked":"SKIP","floor":19},{"not_picked":["Riddle With Holes+1","Finisher+1","Acrobatics"],"picked":"SKIP","floor":24},{"not_picked":["Skewer","ReplayTheSpireMod:Speed Training+1","Reflex"],"picked":"SKIP","floor":29},{"not_picked":["Footwork","Outmaneuver","Riddle With Holes"],"picked":"SKIP","floor":31}],"player_experience":300490,"relics_obtained":[{"floor":3.0,"key":"hubris:MysteriousPyramids"},{"floor":6.0,"key":"Meat on the Bone"},{"floor":8.0,"key":"War Paint"},{"floor":9.0,"key":"ReplayTheSpireMod:Lightbulb"},{"floor":11.0,"key":"Odd Mushroom"},{"floor":24,"key":"Gremlin Food"},{"floor":26,"key":"Lantern"},{"floor":31,"key":"Replay:Bandana"}],"event_choices":[{"damage_healed":0.0,"max_hp_gain":0.0,"max_hp_loss":0.0,"gold_gain":0.0,"event_name":"Mushrooms","player_choice":"Fought Mushrooms","floor":11.0,"gold_loss":0.0,"damage_taken":0.0},{"damage_healed":0.0,"max_hp_gain":0.0,"max_hp_loss":0.0,"gold_gain":0.0,"event_name":"betterThird:BetterScrap","player_choice":"Relic ","floor":12.0,"gold_loss":0.0,"damage_taken":12.0,"cards_obtained":["Burning Pact"]},{"cards_removed":["Strike_G"],"damage_healed":0,"gold_gain":0,"player_choice":"Gave Gold","damage_taken":0,"max_hp_gain":0,"max_hp_loss":0,"event_name":"Beggar","floor":21,"gold_loss":75},{"damage_healed":0,"gold_gain":0,"player_choice":"Traded Relic","damage_taken":0,"relics_obtained":["Nloth\u0027s Gift"],"max_hp_gain":0,"max_hp_loss":0,"event_name":"N\u0027loth","floor":27,"relics_lost":["Astrolabe"],"gold_loss":0}],"is_beta":false,"boss_relics":[{"not_picked":["hubris:RunicObelisk","Cursed Key"],"picked":"WristBlade"}],"items_purged_floors":[20,20],"is_endless":false,"potions_floor_spawned":[1,4,11,18,29],"killed_by":"Collector","ascension_level":6}}