{"host":"h8h023bmayim76y3","time":1607535546,"event":{"gold_per_floor":[349,363,363,394,405,432,503,521,103,103,103,35,52,72,82,134,134,59,59,59,59,59],"floor_reached":21,"playtime":1731,"items_purged":[],"score":187,"play_id":"9db3afcd-ebe6-4686-90a9-38a3608a37ec","local_time":"20201209153906","is_ascension_mode":false,"campfire_choices":[{"data":"Slimebound:Split","floor":1,"key":"SMITH"},{"data":"Slimebound:Equalize","floor":10,"key":"SMITH"},{"floor":18,"key":"RECALL"},{"data":"Slimebound:LevelUp","floor":20,"key":"SMITH"}],"neow_cost":"PERCENT_DAMAGE","seed_source_timestamp":6123109356300,"circlet_count":0,"master_deck":["Slimebound:Strike_Slimebound","Slimebound:Strike_Slimebound","Slimebound:Strike_Slimebound","Slimebound:Tackle","Slimebound:Defend_Slimebound","Slimebound:Defend_Slimebound","Slimebound:Defend_Slimebound","Slimebound:Defend_Slimebound","Slimebound:Split+1","Slimebound:CorrosiveSpit","Slimebound:LeechEnergy","Slimebound:ItLooksTasty","Slimebound:Schlurp","Slimebound:LevelUp+1","Slimebound:Equalize+1","Apotheosis+1","Slimebound:HauntingLick+1","Bandage Up+1","Slimebound:SplitMire+1","Slimebound:SplitMire+1","Slimebound:RainOfGoop","Slimebound:ViciousTackle","Slimebound:RallyTheTroops+1","Slimebound:OozeBath+1","Slimebound:RainOfGoop"],"relics":["Slimebound:AbsorbEndCombat","hubris:Towel","Lantern","Kunai","Golden Egg","hubris:Icosahedron","Black Star","downfall:HeartBlessingGreen"],"potions_floor_usage":[4,21],"damage_taken":[{"damage":13,"enemies":"Small Slimes","floor":2,"turns":4},{"damage":39,"enemies":"Lagavulin","floor":4,"turns":6},{"damage":11,"enemies":"Jaw Worm","floor":5,"turns":3},{"damage":27,"enemies":"Replay:BlueRogue","floor":6,"turns":4},{"damage":3,"enemies":"2 Louse","floor":8,"turns":2},{"damage":18,"enemies":"downfall:FleeingMerchant","floor":9,"turns":4},{"damage":21,"enemies":"downfall:FleeingMerchant","floor":12,"turns":4},{"damage":16,"enemies":"Red Slaver","floor":13,"turns":3},{"damage":7,"enemies":"Exordium Thugs","floor":14,"turns":2},{"damage":6,"enemies":"Blue Slaver","floor":15,"turns":2},{"damage":29,"enemies":"downfall:CharBossWatcher","floor":16,"turns":6},{"damage":87,"enemies":"Gremlin Leader","floor":21,"turns":5}],"seed_played":"-5860716254970130369","potions_obtained":[{"floor":2,"key":"FearPotion"},{"floor":5,"key":"SpeedPotion"},{"floor":6,"key":"Cursed Concoction"},{"floor":13,"key":"Dexterity Potion"}],"is_trial":false,"path_per_floor":["R","M","?","E","M","E","T","M","$","R","?","$","M","M","M","B",null,"R","?","R","E"],"character_chosen":"SLIMEBOUND","items_purchased":["Apotheosis","Slimebound:HauntingLick","Bandage Up","Slimebound:SplitMire","Slimebound:SplitMire"],"campfire_rested":0,"item_purchase_floors":[9,9,9,9,12],"current_hp_per_floor":[42,49,49,34,39,36,36,41,60,60,60,60,60,60,60,60,60,60,60,60,0,0],"gold":59,"neow_bonus":"TWO_FIFTY_GOLD","is_prod":false,"is_daily":false,"chose_seed":false,"campfire_upgraded":3,"win_rate":0.0,"timestamp":1607535546,"path_taken":["R","M","?","E","M","E","T","M","$","R","?","$","?","M","M","BOSS","R","?","R","E"],"build_version":"2020-11-30","purchased_purges":0,"victory":false,"max_hp_per_floor":[60,60,60,60,60,60,60,60,60,60,60,60,60,60,60,60,60,60,60,60,60,60],"card_choices":[{"not_picked":["Slimebound:SlimeSpikes","Slimebound:GrowthPunch"],"picked":"Slimebound:LeechEnergy","floor":2},{"not_picked":["Slimebound:ViciousTackle","Slimebound:Schlurp"],"picked":"Slimebound:ItLooksTasty","floor":4},{"not_picked":["Slimebound:SplitBruiser","Slimebound:ComboTackle"],"picked":"Slimebound:Schlurp","floor":5},{"not_picked":["Slimebound:LeechEnergy","Slimebound:SplitLeeching"],"picked":"Slimebound:LevelUp","floor":6},{"not_picked":["Slimebound:FinishingTackle","Slimebound:ViciousTackle"],"picked":"Slimebound:Equalize","floor":8},{"not_picked":["Slimebound:Prepare","Slimebound:LeechingTouch"],"picked":"Slimebound:RainOfGoop","floor":13},{"not_picked":["Slimebound:RollThrough","Slimebound:PressTheAttack"],"picked":"Slimebound:ViciousTackle","floor":14},{"not_picked":["Slimebound:RollThrough","Slimebound:Schlurp"],"picked":"Slimebound:RallyTheTroops","floor":15},{"not_picked":["Slimebound:OneTwoCombo","Slimebound:SelfFormingGoo"],"picked":"Slimebound:OozeBath","floor":16}],"player_experience":89889,"relics_obtained":[{"floor":4,"key":"Lantern"},{"floor":6,"key":"Kunai"},{"floor":7,"key":"Golden Egg"}],"event_choices":[],"is_beta":false,"boss_relics":[{"not_picked":["SacredBark","hubris:BlackHole"],"picked":"Black Star"}],"items_purged_floors":[],"is_endless":false,"potions_floor_spawned":[2,5,6,13],"killed_by":"Gremlin Leader","ascension_level":0}}