{"host":"mvw7i28zi3kj0eu9","time":1607510184,"event":{"gold_per_floor":[115,190,204,56,137,137,181,181,181,181,198,214,288,303,303,398,398,416,416,433,452,452,452,533,553,577,594,605,616,616,627,627,741,741,758,658,710,722,547,547,560,577,646,676,687,699,734,734,734,888,888,900,900,900,970,980,995,1005,1005,1032,1032,1032,1154,1154,1154,1154,1258,1258,1258,1258,1265,1034,1034,1048,1061,1061,1061,1113,1113,1313,1315,942,942,1090,1108,1115,865,872,884,890,890,615,615,615,615,365,365,365,365,365,472,472,493,493,506,529,204,204,218,218,218,226,226,246,246,274,274,394,394,411,340,343,357,366,366,442,442,442,456,481,481,481,530,530,455,455],"floor_reached":135,"playtime":2991,"items_purged":["Strike_G","Strike_G","Defend_G","Defend_G","Defend_G","Defend_G","Defend_G","Strike_G","ReplayTheSpireMod:Exploit Weakness","Escape Plan","Blade Dance","Survivor"],"score":3309,"play_id":"17554c2e-ec33-4cc2-9f36-6ee2dcc7dded","local_time":"20201209113624","is_ascension_mode":false,"campfire_choices":[{"data":"Accuracy","floor":6,"key":"SMITH"},{"data":"conspire:PoisonWeapons","floor":10,"key":"SMITH"},{"data":"Cloak And Dagger","floor":15,"key":"SMITH"},{"data":"Blade Dance","floor":23,"key":"SMITH"},{"floor":32,"key":"REST"},{"data":"Accuracy+1","floor":40,"key":"SMITH"},{"data":"Accuracy+2","floor":49,"key":"SMITH"},{"data":"Accuracy+3","floor":59,"key":"SMITH"},{"data":"Phantasmal Killer","floor":61,"key":"SMITH"},{"data":"Accuracy+4","floor":64,"key":"SMITH"},{"data":"Accuracy+5","floor":66,"key":"SMITH"},{"data":"Accuracy+6","floor":76,"key":"SMITH"},{"data":"Accuracy+7","floor":79,"key":"SMITH"},{"data":"Accuracy+8","floor":83,"key":"SMITH"},{"data":"Accuracy+9","floor":91,"key":"SMITH"},{"data":"Accuracy+10","floor":93,"key":"SMITH"},{"data":"Accuracy+11","floor":98,"key":"SMITH"},{"data":"Accuracy+12","floor":100,"key":"SMITH"},{"data":"Accuracy+13","floor":108,"key":"SMITH"},{"data":"Accuracy+14","floor":113,"key":"SMITH"},{"data":"Accuracy+15","floor":115,"key":"SMITH"},{"data":"Accuracy+16","floor":117,"key":"SMITH"},{"data":"Dash+1","floor":125,"key":"SMITH"},{"data":"Dash+2","floor":127,"key":"SMITH"},{"data":"Dash+3","floor":132,"key":"SMITH"},{"data":"Dash+4","floor":134,"key":"SMITH"}],"neow_cost":"","seed_source_timestamp":1366656157922900,"circlet_count":0,"master_deck":["Neutralize+1","conspire:PoisonWeapons+1","Accuracy+17","Cloak And Dagger+2","Blade Dance+1","Phantasmal Killer+1","Dash+5"],"relics":["Ring of the Snake","CeramicFish","Tiny Chest","Rawhide","Lantern","Snake Skull","hubris:MobiusCoin","halation:PromiseList","Akabeko","conspire:TreasureMap","infinitespire:WardingShard","The Specimen","Pen Nib","VirulentCrownMod:VirulentCrown","Ring of Chaos","RollingBoulder","relicPack:DSword","Kunai","Molten Egg 2","conspire:InfiniteJournal","Orichalcum","Singing Bowl","conspire:Flyswatter","hubris:FunFungus","conspire:RunicOctahedron","Blue Candle","Golden Idol","Happy Flower","hubris:SlimyHat","Vajra","SpikesRelics:ToyHorsey","halation:PrussianBluePaint","MerchantsRug","Bird Faced Urn","halation:KoshaPiece","War Paint","Pandora\u0027s Box","Bag of Preparation","Peace Pipe","Sozu","ReplayFunnel","Whetstone","Smiling Mask","SuspiciousGoo","Replay:Wax Seal","infinitespire:Beetle Shell","Blood Vial"],"potions_floor_usage":[16,28,33,33,47,50,50,135],"damage_taken":[{"damage":0,"enemies":"Jaw Worm","floor":1,"turns":2},{"damage":0,"enemies":"Cultist","floor":3,"turns":1},{"damage":10,"enemies":"Lagavulin","floor":7,"turns":4},{"damage":0,"enemies":"Small Slimes","floor":11,"turns":1},{"damage":0,"enemies":"Red Slaver","floor":12,"turns":1},{"damage":0,"enemies":"Lots of Slimes","floor":14,"turns":2},{"damage":14,"enemies":"Slime Boss","floor":16,"turns":4},{"damage":0,"enemies":"Chosen","floor":18,"turns":2},{"damage":1,"enemies":"3 Byrds","floor":20,"turns":3},{"damage":0,"enemies":"Snake Plant","floor":21,"turns":2},{"damage":30,"enemies":"Nightmare","floor":24,"turns":5},{"damage":0,"enemies":"Cultist and Chosen","floor":25,"turns":2},{"damage":0,"enemies":"Chosen and Byrds","floor":27,"turns":3},{"damage":2,"enemies":"Snake Plant","floor":28,"turns":3},{"damage":0,"enemies":"3 Cultists","floor":29,"turns":2},{"damage":0,"enemies":"Snecko","floor":31,"turns":2},{"damage":0,"enemies":"Automaton","floor":33,"turns":3},{"damage":0,"enemies":"3 Shapes","floor":35,"turns":2},{"damage":0,"enemies":"Orb Walker","floor":38,"turns":2},{"damage":4,"enemies":"3 Darklings","floor":41,"turns":2},{"damage":0,"enemies":"Sphere and 2 Shapes","floor":42,"turns":2},{"damage":0,"enemies":"Nightmare","floor":44,"turns":3},{"damage":0,"enemies":"Jaw Worm Horde","floor":45,"turns":2},{"damage":0,"enemies":"3 Darklings","floor":46,"turns":2},{"damage":0,"enemies":"R_Hoarder","floor":47,"turns":3},{"damage":46,"enemies":"infinitespire:MassOfShapes","floor":50,"turns":3},{"damage":0,"enemies":"2 Louse","floor":52,"turns":1},{"damage":0,"enemies":"Small Slimes","floor":56,"turns":1},{"damage":0,"enemies":"Nightmare","floor":57,"turns":2},{"damage":0,"enemies":"Cultist","floor":58,"turns":1},{"damage":0,"enemies":"Lagavulin","floor":63,"turns":1},{"damage":0,"enemies":"The Guardian","floor":67,"turns":1},{"damage":0,"enemies":"2 Thieves","floor":69,"turns":1},{"damage":0,"enemies":"Chosen","floor":71,"turns":1},{"damage":0,"enemies":"Shelled Parasite and Fungi","floor":74,"turns":2},{"damage":0,"enemies":"Snake Plant","floor":75,"turns":1},{"damage":0,"enemies":"Centurion and Healer","floor":81,"turns":1},{"damage":0,"enemies":"Automaton","floor":84,"turns":2},{"damage":0,"enemies":"Orb Walker","floor":86,"turns":1},{"damage":0,"enemies":"3 Shapes","floor":88,"turns":1},{"damage":0,"enemies":"Writhing Mass","floor":89,"turns":1},{"damage":0,"enemies":"Spire Growth","floor":90,"turns":1},{"damage":0,"enemies":"4 Shapes","floor":99,"turns":1},{"damage":0,"enemies":"Donu and Deca","floor":101,"turns":2},{"damage":0,"enemies":"Jaw Worm","floor":103,"turns":1},{"damage":0,"enemies":"Small Slimes","floor":105,"turns":1},{"damage":0,"enemies":"Cultist","floor":109,"turns":1},{"damage":0,"enemies":"Exordium Wildlife","floor":112,"turns":1},{"damage":0,"enemies":"3 Louse","floor":114,"turns":1},{"damage":0,"enemies":"conspire:MimicChest","floor":116,"turns":1},{"damage":0,"enemies":"Slime Boss","floor":118,"turns":1},{"damage":0,"enemies":"2 Thieves","floor":120,"turns":1},{"damage":0,"enemies":"3 Byrds","floor":122,"turns":1},{"damage":0,"enemies":"Snecko","floor":123,"turns":1},{"damage":0,"enemies":"Chosen and Byrds","floor":124,"turns":1},{"damage":0,"enemies":"Book of Stabbing","floor":126,"turns":1},{"damage":0,"enemies":"Cultist and Chosen","floor":129,"turns":2},{"damage":0,"enemies":"Gremlin Leader","floor":130,"turns":1},{"damage":161,"enemies":"infinitespire:LordOfFortification","floor":135,"turns":5}],"seed_played":"8207557031642966516","potions_obtained":[{"floor":1,"key":"blueLaboratory:HorrorPotion"},{"floor":7,"key":"blueLaboratory:FrostheartPotion"},{"floor":11,"key":"Adrenaline Potion"},{"floor":18,"key":"blueLaboratory:RememoryPotion"},{"floor":24,"key":"Energy Potion"},{"floor":27,"key":"blueLaboratory:ImpenetrablePotion"},{"floor":33,"key":"blueLaboratory:AbyssPotion"},{"floor":35,"key":"SpeedPotion"},{"floor":41,"key":"LiquidMemories"},{"floor":45,"key":"CunningPotion"},{"floor":47,"key":"blueLaboratory:BottledHope"},{"floor":55,"key":"Venom Potion"},{"floor":56,"key":"blueLaboratory:ImpenetrablePotion"}],"is_trial":false,"path_per_floor":["M","?","M","$","T","R","E","?","T","R","M","M","T","M","R","B",null,"M","AVR","M","M","?","R","NM","M","T","M","M","M","?","M","R","B",null,"M","$","T","M","$","R","M","M","T","NM","M","M","E","?","R","B",null,"M","T","?","?","M","NM","M","R","T","R","?","E","R","T","R","B",null,"M","?","M","$","?","M","M","R","T","T","R","?","M","$","R","B",null,"M","$","M","M","M","R","$","R","T","T","$","?","R","M","R","B",null,"M","?","M","T","$","R","M","?","T","M","R","M","R","?","R","B",null,"M","$","M","M","M","R","E","R","T","M","E","$","R","T","R","B"],"character_chosen":"THE_SILENT","items_purchased":["Blade Dance","CeramicFish","Tiny Chest","conspire:PoisonWeapons","Rawhide","Lantern","Snake Skull","Blade Dance","hubris:MobiusCoin","halation:PromiseList","Accuracy","Akabeko","Cloak And Dagger","conspire:TreasureMap","MerchantsRug","War Paint","Dash+1"],"campfire_rested":1,"item_purchase_floors":[0,0,0,0,0,0,0,0,0,0,0,0,0,4,72,82,121],"current_hp_per_floor":[70,63,63,63,63,63,53,53,53,53,53,53,53,53,53,39,70,70,70,69,69,34,34,4,4,4,4,2,2,2,2,23,23,70,70,70,70,70,70,70,66,66,66,68,70,72,74,74,74,30,80,82,82,62,46,48,50,52,52,52,52,40,42,42,42,42,44,96,98,98,100,100,100,102,104,104,104,104,104,104,106,106,106,110,110,110,110,112,114,116,116,116,116,116,116,116,116,116,118,118,120,120,122,127,129,129,129,129,131,126,126,130,130,134,134,137,137,139,139,141,141,143,145,147,147,149,149,149,151,156,156,156,156,156,0,0],"gold":455,"neow_bonus":"","is_prod":false,"is_daily":false,"chose_seed":false,"campfire_upgraded":25,"win_rate":0,"timestamp":1607510184,"path_taken":["M","?","M","$","?","R","E","?","T","R","M","M","?","?","R","BOSS","M","AVR","M","M","?","R","NM","M","T","M","M","M","?","M","R","BOSS","M","$","?","M","?","R","M","M","T","NM","?","M","E","?","R","BOSS","M","?","?","?","M","NM","M","R","T","R","?","E","R","?","R","BOSS","M","?","M","$","?","M","?","R","T","?","R","?","M","$","R","BOSS","M","$","?","M","M","R","?","R","T","?","$","?","R","?","R","BOSS","M","?","M","?","$","R","M","?","T","M","R","?","R","?","R","BOSS","M","$","M","M","M","R","E","R","T","M","E","$","R","?","R","BOSS"],"build_version":"2020-11-30","purchased_purges":12,"victory":false,"max_hp_per_floor":[70,70,70,70,70,70,70,70,70,70,70,70,70,70,70,70,70,70,70,70,70,70,70,70,70,70,70,70,70,70,70,70,70,70,70,70,70,70,70,70,70,70,70,72,74,76,78,78,78,80,80,82,82,82,86,88,90,92,92,92,92,92,94,94,94,94,96,96,98,98,100,100,100,102,104,104,104,104,104,104,106,106,106,110,110,110,110,112,114,116,116,116,116,116,116,116,116,116,118,118,120,120,122,127,129,129,129,129,131,131,131,133,133,135,135,137,137,139,139,141,141,143,145,147,147,149,149,149,151,156,156,156,156,156,156,156],"card_choices":[{"not_picked":["Concentrate","Prepared","hubris:SlightOfHand"],"picked":"SKIP","floor":1},{"not_picked":["ReplayTheSpireMod:Tripwire","Heel Hook","Concentrate"],"picked":"SKIP","floor":3},{"not_picked":["Calculated Gamble","Blade Dance","Accuracy"],"picked":"SKIP","floor":7},{"not_picked":["Calculated Gamble","Accuracy"],"picked":"Blade Dance","floor":7},{"not_picked":["Leg Sweep","Acrobatics","Sucker Punch"],"picked":"SKIP","floor":11},{"not_picked":["Crippling Poison","Dagger Throw","Heel Hook"],"picked":"SKIP","floor":12},{"not_picked":["Envenom","Footwork","Hidden Blade"],"picked":"SKIP","floor":14},{"not_picked":["Endless Agony","Setup","Flying Knee+1"],"picked":"SKIP","floor":18},{"not_picked":["Sucker Punch+1","conspire:PoisonWeapons","Flying Knee"],"picked":"SKIP","floor":20},{"not_picked":["Backflip+1","Outmaneuver","Bane+1"],"picked":"SKIP","floor":21},{"not_picked":["conspire:PoisonWeapons","Finisher","Crippling Poison"],"picked":"SKIP","floor":24},{"not_picked":["Dodge and Roll","Bane","Hidden Blade"],"picked":"SKIP","floor":25},{"not_picked":["Dodge and Roll+1","Backflip+1","Flying Knee+1"],"picked":"SKIP","floor":27},{"not_picked":["Flechettes+1","Cloak And Dagger","Quick Slash+1"],"picked":"SKIP","floor":28},{"not_picked":["Deadly Poison","Noxious Fumes","hubris:SlightOfHand+1"],"picked":"SKIP","floor":29},{"not_picked":["Backflip","Pace+1","Deadly Poison"],"picked":"SKIP","floor":31},{"not_picked":["Venomology","After Image"],"picked":"Phantasmal Killer","floor":33},{"not_picked":["Dagger Spray+1","Quick Slash+1","Poisoned Stab+1"],"picked":"SKIP","floor":35},{"not_picked":["Poisoned Stab+1","Deadly Poison+1","Hidden Blade"],"picked":"SKIP","floor":38},{"not_picked":["Fluid Movement+1","Sneak Up","Underhanded Strike+1"],"picked":"SKIP","floor":41},{"not_picked":["Poisoned Stab+1","Hidden Blade","Dodge and Roll+1"],"picked":"SKIP","floor":42},{"not_picked":["Footwork+1","Pace+1","InfectiousVector"],"picked":"Singing Bowl","floor":44},{"not_picked":["Dagger Throw+1","Poisoned Stab+1","Dodge and Roll"],"picked":"Singing Bowl","floor":45},{"not_picked":["Terror","Bane+1","Draining Mist"],"picked":"Singing Bowl","floor":46},{"not_picked":["Quick Slash+1","Sucker Punch+1","Dodge and Roll+1"],"picked":"Singing Bowl","floor":47},{"not_picked":["After Image","Storm of Steel","Unload+1"],"picked":"Singing Bowl","floor":50},{"not_picked":["All Out Attack+1","ReplayTheSpireMod:Shiv Toss","Setup"],"picked":"Singing Bowl","floor":52},{"not_picked":["Riddle With Holes+1","Sucker Punch+1","Deadly Poison"],"picked":"Singing Bowl","floor":55},{"not_picked":["Slice+1","Infinite Blades","conspire:DoublingDagger"],"picked":"Singing Bowl","floor":55},{"not_picked":["Concentrate","Outmaneuver","Deflect"],"picked":"Singing Bowl","floor":56},{"not_picked":["Outmaneuver","ShadowRift+1","A Thousand Cuts"],"picked":"Singing Bowl","floor":57},{"not_picked":["Cloak And Dagger","Prepared","Outmaneuver"],"picked":"Singing Bowl","floor":58},{"not_picked":["Crippling Poison","Underhanded Strike+1","Blade Dance"],"picked":"Singing Bowl","floor":63},{"not_picked":["Phantasmal Killer","Bullet Time","Burst"],"picked":"Singing Bowl","floor":67},{"not_picked":["Skewer+1","Blur+1","Sneak Up"],"picked":"Singing Bowl","floor":69},{"not_picked":["Poisoned Stab+1","Accuracy","Acrobatics"],"picked":"Singing Bowl","floor":71},{"not_picked":["Expertise","Quick Slash+1","Flying Knee+1"],"picked":"Singing Bowl","floor":74},{"not_picked":["InfectiousVector","Blade Dance","Skewer+1"],"picked":"Singing Bowl","floor":75},{"not_picked":["Backflip+1","Calculated Gamble","Tactician+1"],"picked":"Singing Bowl","floor":81},{"not_picked":["infinitespire:Collect","infinitespire:Menacing","infinitespire:TheBestDefense"],"picked":"Singing Bowl","floor":84},{"not_picked":["ReplayTheSpireMod:From All Sides+1","Glass Knife+1","Burst"],"picked":"Singing Bowl","floor":84},{"not_picked":["Draining Mist+1","Dagger Throw+1","Prepared"],"picked":"SKIP","floor":86},{"not_picked":["Concentrate+1","Crippling Poison+1","PiercingWail+1"],"picked":"Singing Bowl","floor":88},{"not_picked":["Backflip+1","Choke+1","Flying Knee+1"],"picked":"Singing Bowl","floor":89},{"not_picked":["Bouncing Flask+1","Skewer+1","Quick Slash+1"],"picked":"Singing Bowl","floor":90},{"not_picked":["Footwork","Slice+1","Underhanded Strike+1"],"picked":"Singing Bowl","floor":99},{"not_picked":["Venomology","A Thousand Cuts","After Image"],"picked":"Singing Bowl","floor":101},{"not_picked":["ReplayTheSpireMod:Scrap Shanks","hubris:Sniper","Dagger Spray+1"],"picked":"Singing Bowl","floor":103},{"not_picked":["Caltrops","Calculated Gamble","Backflip"],"picked":"Singing Bowl","floor":105},{"not_picked":["ReplayTheSpireMod:Shiv Toss","Cloak And Dagger","Flying Knee+1"],"picked":"Singing Bowl","floor":109},{"not_picked":["PiercingWail","Underhanded Strike+1","Envenom"],"picked":"Singing Bowl","floor":112},{"not_picked":["Prepared","Blade Dance","Slice+1"],"picked":"Singing Bowl","floor":114},{"not_picked":["conspire:PoisonWeapons","Outmaneuver","Bane+1"],"picked":"Singing Bowl","floor":116},{"not_picked":["Wraith Form v2","Malaise","Replay:Bag of Tricks"],"picked":"Singing Bowl","floor":118},{"not_picked":["Blade Dance+1","Expertise+1","Tactician"],"picked":"Singing Bowl","floor":120},{"not_picked":["Flying Knee+1","Hidden Blade","Masterful Stab+1"],"picked":"Singing Bowl","floor":122},{"not_picked":["Predator+1","Dodge and Roll","PiercingWail"],"picked":"Singing Bowl","floor":123},{"not_picked":["Dagger Spray+1","Infinite Blades","ReplayTheSpireMod:Exploit Weakness"],"picked":"Singing Bowl","floor":124},{"not_picked":["Blade Dance","Footwork","Acrobatics"],"picked":"Singing Bowl","floor":126},{"not_picked":["ReplayTheSpireMod:Scrap Shanks+1","Poisoned Stab+1","Quick Slash+1"],"picked":"Singing Bowl","floor":129},{"not_picked":["Wraith Form v2","Acrobatics","Sucker Punch+1"],"picked":"Singing Bowl","floor":130}],"player_experience":802332,"relics_obtained":[{"floor":5,"key":"infinitespire:WardingShard"},{"floor":7,"key":"The Specimen"},{"floor":9,"key":"Pen Nib"},{"floor":13,"key":"VirulentCrownMod:VirulentCrown"},{"floor":24,"key":"Kunai"},{"floor":26,"key":"Molten Egg 2"},{"floor":37,"key":"Orichalcum"},{"floor":43,"key":"Singing Bowl"},{"floor":44,"key":"conspire:Flyswatter"},{"floor":47,"key":"hubris:FunFungus"},{"floor":53,"key":"Blue Candle"},{"floor":55,"key":"Happy Flower"},{"floor":57,"key":"hubris:SlimyHat"},{"floor":63,"key":"SpikesRelics:ToyHorsey"},{"floor":65,"key":"halation:PrussianBluePaint"},{"floor":77,"key":"Bird Faced Urn"},{"floor":78,"key":"halation:KoshaPiece"},{"floor":94,"key":"Bag of Preparation"},{"floor":95,"key":"Peace Pipe"},{"floor":106,"key":"ReplayFunnel"},{"floor":111,"key":"Whetstone"},{"floor":116,"key":"Smiling Mask"},{"floor":126,"key":"SuspiciousGoo"},{"floor":128,"key":"Replay:Wax Seal"},{"floor":130,"key":"infinitespire:Beetle Shell"},{"floor":133,"key":"Blood Vial"}],"event_choices":[{"damage_healed":0,"gold_gain":75,"player_choice":"Touch","damage_taken":7,"max_hp_gain":0,"max_hp_loss":0,"event_name":"FaceTrader","floor":2,"gold_loss":0},{"damage_healed":0,"gold_gain":0,"player_choice":"Ignored","damage_taken":0,"max_hp_gain":0,"max_hp_loss":0,"event_name":"Transmorgrifier","floor":8,"gold_loss":0},{"damage_healed":0,"gold_gain":0,"player_choice":"Ignored","damage_taken":0,"max_hp_gain":0,"max_hp_loss":0,"event_name":"WeMeetAgain","floor":48,"gold_loss":0},{"damage_healed":0,"gold_gain":0,"player_choice":"Take Damage","damage_taken":20,"relics_obtained":["Golden Idol"],"max_hp_gain":0,"max_hp_loss":0,"event_name":"Golden Idol","floor":54,"gold_loss":0},{"damage_healed":0,"gold_gain":0,"player_choice":"Relic ","damage_taken":12,"max_hp_gain":0,"max_hp_loss":0,"event_name":"betterThird:BetterScrap","floor":62,"gold_loss":0,"cards_obtained":["Immolate"]},{"damage_healed":0,"gold_gain":0,"player_choice":"Got Potions","damage_taken":0,"max_hp_gain":0,"max_hp_loss":0,"event_name":"Lab","floor":73,"gold_loss":0},{"damage_healed":0,"gold_gain":200,"player_choice":"Gold","damage_taken":0,"max_hp_gain":0,"max_hp_loss":0,"event_name":"Wheel of Change","floor":80,"gold_loss":0},{"damage_healed":0,"gold_gain":0,"player_choice":"Ignored","damage_taken":0,"max_hp_gain":0,"max_hp_loss":0,"event_name":"Transmorgrifier","floor":97,"gold_loss":0},{"damage_healed":0,"gold_gain":0,"player_choice":"Donut","damage_taken":0,"max_hp_gain":5,"max_hp_loss":0,"event_name":"Big Fish","floor":104,"gold_loss":0},{"cards_removed":["Blade Dance"],"damage_healed":0,"gold_gain":0,"player_choice":"Card Removal","damage_taken":7,"max_hp_gain":0,"max_hp_loss":0,"event_name":"Golden Wing","floor":110,"gold_loss":0}],"is_beta":false,"boss_relics":[{"not_picked":["energizedSpire:EnergizedDie","halation:ForbiddenBikini"],"picked":"Ring of Chaos"},{"not_picked":["SlaversCollar","Replay:Bronze Core"],"picked":"hubris:Backtick"},{"not_picked":["energizedSpire:HugeHouse","Velvet Choker"],"picked":"conspire:RunicOctahedron"},{"not_picked":["energizedSpire:HighHeels","halation:CatFaceCupcake","ReplayTheSpireMod:SealedPack"]},{"not_picked":["halation:ForbiddenBikini","energizedSpire:OgreHead"],"picked":"Pandora\u0027s Box"},{"not_picked":["ChewingGum","Fusion Hammer"],"picked":"Sozu"},{"not_picked":["Replay:Ancient Bell","halation:ForbiddenBikini","energizedSpire:RedRose"]}],"items_purged_floors":[0,0,0,19,36,39,72,82,87,92,96,107],"is_endless":true,"potions_floor_spawned":[1,7,11,14,18,20,24,27,33,35,41,45,47,56,74,90,101,109,112,114,120,122,123,129],"killed_by":"infinitespire:LordOfFortification","ascension_level":0}}