{"host":"87fdiiwflhrwsj8a","time":1607555515,"event":{"gold_per_floor":[109,109,126,185,185,215,215,246,272,272,291,27,27,46,46,46,46],"floor_reached":16,"playtime":248,"items_purged":[],"score":266,"play_id":"df816cd1-6c82-493a-b814-62242ca89dfd","local_time":"20201209181155","is_ascension_mode":true,"campfire_choices":[{"data":"Leap","floor":7,"key":"SMITH"},{"floor":10,"key":"REST"},{"data":"infinitespire:UltimateForm","floor":13,"key":"SMITH"},{"floor":15,"key":"DIG"}],"neow_cost":"NONE","seed_source_timestamp":110274655305600,"circlet_count":0,"master_deck":["AscendersBane","Strike_B","Strike_B","Strike_B","Strike_B","Defend_B","Defend_B","Defend_B","Defend_B","Zap+1","Dualcast","Melter","infinitespire:UltimateForm+1","Leap+1","Beam Cell","BootSequence"],"relics":["Cracked Core","NeowsBlessing","Anchor","Replay:Accelerometer","Juzu Bracelet","infinitespire:WardingShard","Emotion Chip"],"potions_floor_usage":[16,16],"damage_taken":[{"damage":0,"enemies":"Jaw Worm","floor":1,"turns":1},{"damage":0,"enemies":"2 Louse","floor":3,"turns":1},{"damage":0,"enemies":"Gremlin Nob","floor":6,"turns":1},{"damage":44,"enemies":"Lagavulin","floor":8,"turns":7},{"damage":0,"enemies":"Small Slimes","floor":11,"turns":3},{"damage":0,"enemies":"2 Fungi Beasts","floor":14,"turns":3},{"damage":29,"enemies":"Slime Boss","floor":16,"turns":5}],"seed_played":"-966729051901438792","potions_obtained":[{"floor":8,"key":"Strength Potion"},{"floor":11,"key":"Strength Potion"}],"is_trial":false,"path_per_floor":["M","?","M","?","?","E","R","E","T","R","M","$","R","M","R_BF","B"],"character_chosen":"DEFECT","items_purchased":["infinitespire:WardingShard"],"campfire_rested":1,"item_purchase_floors":[12],"current_hp_per_floor":[64,64,64,64,47,47,47,3,3,24,24,24,24,24,24,0,0],"gold":46,"neow_bonus":"THREE_ENEMY_KILL","is_prod":false,"is_daily":false,"chose_seed":false,"campfire_upgraded":2,"win_rate":0,"timestamp":1607555515,"path_taken":["M","?","M","?","?","E","R","E","T","R","M","$","R","M","R_BF","BOSS"],"build_version":"2020-11-30","purchased_purges":0,"victory":false,"max_hp_per_floor":[71,71,71,71,71,71,71,71,71,71,71,71,71,71,71,71,71],"card_choices":[{"not_picked":["Hologram","Sweeping Beam"],"picked":"Melter","floor":1},{"not_picked":["Go for the Eyes","Barrage","Steam"],"picked":"SKIP","floor":3},{"not_picked":["infinitespire:FutureSight","infinitespire:FinalStrike"],"picked":"infinitespire:UltimateForm","floor":5},{"not_picked":["Glacier","StuffTheSpire:Coldhearted"],"picked":"Leap","floor":6},{"not_picked":["Compile Driver","StuffTheSpire:LaunchingStrike","Crystallizer"],"picked":"SKIP","floor":8},{"not_picked":["Redo","Turbo"],"picked":"Beam Cell","floor":11},{"not_picked":["Hologram","StuffTheSpire:SnapShoot"],"picked":"BootSequence","floor":14}],"player_experience":2513716,"relics_obtained":[{"floor":6,"key":"Anchor"},{"floor":8,"key":"Replay:Accelerometer"},{"floor":9,"key":"Juzu Bracelet"},{"floor":15,"key":"Emotion Chip"}],"event_choices":[{"damage_healed":0,"gold_gain":59,"player_choice":"Gained Gold","damage_taken":0,"max_hp_gain":0,"max_hp_loss":0,"event_name":"Golden Wing","floor":4,"gold_loss":0}],"is_beta":false,"boss_relics":[],"items_purged_floors":[],"is_endless":false,"potions_floor_spawned":[8,11],"killed_by":"Slime Boss","ascension_level":20}}