{"host":"w4b7hmige5bnqipq","time":1607528759,"event":{"gold_per_floor":[114,114,132,132,132,170,95,139,139,39,39,73,92,113,113,209,209,233,252,252,252,252],"floor_reached":21,"playtime":613,"items_purged":["Pain","Strike_G"],"score":448,"play_id":"5a4ac63e-3426-4ae3-a888-8d4a00032b55","local_time":"20201210004559","is_ascension_mode":true,"campfire_choices":[{"floor":11.0,"key":"REST"},{"data":"Terror","floor":15.0,"key":"SMITH"}],"neow_cost":"NONE","seed_source_timestamp":0,"circlet_count":0,"master_deck":["AscendersBane","Strike_G","Strike_G","Strike_G","Strike_G","Defend_G","Defend_G","Defend_G","Defend_G","Defend_G","Survivor","Neutralize","Dagger Throw","Footwork","Backflip","Calculated Gamble","Terror+1","Underhanded Strike","Grand Finale","Backflip"],"special_seed":0,"relics":["Ring of the Snake","NeowsBlessing","WarpedTongs","Golden Idol","Pocketwatch","Regal Pillow","Letter Opener","Kunai","Meat on the Bone","Fusion Hammer"],"potions_floor_usage":[],"damage_taken":[{"damage":0.0,"enemies":"Cultist","floor":1.0,"turns":1.0},{"damage":0.0,"enemies":"2 Louse","floor":3.0,"turns":1.0},{"damage":0.0,"enemies":"Lagavulin","floor":6.0,"turns":1.0},{"damage":21.0,"enemies":"Gremlin Nob","floor":8.0,"turns":4.0},{"damage":21.0,"enemies":"Lagavulin","floor":12.0,"turns":9.0},{"damage":4.0,"enemies":"Jaw Worm","floor":13.0,"turns":3.0},{"damage":4.0,"enemies":"Blue Slaver","floor":14.0,"turns":4.0},{"damage":12.0,"enemies":"The Guardian","floor":16.0,"turns":11.0},{"damage":5.0,"enemies":"Chosen","floor":18.0,"turns":4.0},{"damage":2.0,"enemies":"Spheric Guardian","floor":19.0,"turns":7.0},{"damage":32.0,"enemies":"Shelled Parasite and Fungi","floor":21.0,"turns":5.0}],"seed_played":"8421563415467761361","potions_obtained":[{"floor":1.0,"key":"Poison Potion"},{"floor":13.0,"key":"SteroidPotion"},{"floor":16.0,"key":"EssenceOfSteel"},{"floor":18.0,"key":"BlessingOfTheForge"}],"is_trial":false,"path_per_floor":["M","?","M","?","T","E","$","E","T","$","R","E","M","M","R","B",null,"M","M","?","M"],"character_chosen":"THE_SILENT","items_purchased":[],"campfire_rested":1,"item_purchase_floors":[],"current_hp_per_floor":[59,59,59,36,36,36,36,15,15,15,49,28,36,44,44,44,61,56,54,54,34,34],"gold":252,"neow_bonus":"THREE_ENEMY_KILL","is_prod":false,"is_daily":false,"chose_seed":false,"campfire_upgraded":1,"win_rate":0,"timestamp":1607528759,"path_taken":["M","?","?","?","?","E","$","E","T","?","R","E","M","M","R","BOSS","M","?","?","M"],"build_version":"2020-11-30","purchased_purges":2,"victory":false,"max_hp_per_floor":[66,66,66,66,66,66,66,66,66,66,66,66,66,66,66,66,66,66,66,66,66,66],"card_choices":[{"not_picked":["Quick Slash","Blade Dance"],"picked":"Dagger Throw","floor":1.0},{"not_picked":["PiercingWail","Dagger Spray"],"picked":"Footwork","floor":3.0},{"not_picked":["Deflect","Outmaneuver"],"picked":"Backflip","floor":6.0},{"not_picked":["Backflip","Unload"],"picked":"Calculated Gamble","floor":8.0},{"not_picked":["Dagger Throw","Flying Knee"],"picked":"Terror","floor":12.0},{"not_picked":["Terror","Caltrops"],"picked":"Underhanded Strike","floor":13.0},{"not_picked":["Deflect","Choke","Bane"],"picked":"SKIP","floor":14.0},{"not_picked":["Malaise","Corpse Explosion"],"picked":"Grand Finale","floor":16.0},{"not_picked":["Underhanded Strike","Outmaneuver"],"picked":"Backflip","floor":18.0},{"not_picked":["PiercingWail+1","Dagger Spray","Dodge and Roll"],"picked":"SKIP","floor":19.0}],"player_experience":349389,"relics_obtained":[{"floor":5.0,"key":"Pocketwatch"},{"floor":6.0,"key":"Regal Pillow"},{"floor":8.0,"key":"Letter Opener"},{"floor":9.0,"key":"Kunai"},{"floor":12.0,"key":"Meat on the Bone"}],"event_choices":[{"damage_healed":0.0,"max_hp_gain":0.0,"max_hp_loss":0.0,"gold_gain":0.0,"event_name":"Accursed Blacksmith","player_choice":"Rummage","floor":2.0,"gold_loss":0.0,"damage_taken":0.0,"relics_obtained":["WarpedTongs"],"cards_obtained":["Pain"]},{"damage_healed":0.0,"max_hp_gain":0.0,"max_hp_loss":0.0,"gold_gain":0.0,"event_name":"Golden Idol","player_choice":"Take Damage","floor":4.0,"gold_loss":0.0,"damage_taken":23.0,"relics_obtained":["Golden Idol"]},{"damage_healed":0.0,"max_hp_gain":0.0,"max_hp_loss":0.0,"gold_gain":0.0,"event_name":"Cursed Tome","player_choice":"Ignored","floor":20.0,"gold_loss":0.0,"damage_taken":0.0}],"is_beta":false,"boss_relics":[{"not_picked":["Runic Dome","Velvet Choker"],"picked":"Fusion Hammer"}],"items_purged_floors":[7,10],"is_endless":false,"potions_floor_spawned":[1,13,16,18,21],"killed_by":"Shelled Parasite and Fungi","ascension_level":20}}