{"host":"3c27c697js19kaoo","time":1607503111,"event":{"gold_per_floor":[113,41,41,2,22,51,74,74,97,97,97,97,116,116,116,215,215,229,216,148,167,167,199,199,210,210,210,35,35,48,64,64,64,64],"floor_reached":33,"playtime":1853,"items_purged":[],"score":288,"play_id":"08bda408-b2f0-4855-a19b-462d5a56a50c","local_time":"20201209163831","is_ascension_mode":false,"campfire_choices":[{"data":"TheCursedMod:SpitefulPray","floor":11.0,"key":"SMITH"},{"data":"TheCursedMod:DemonicPact","floor":15.0,"key":"SMITH"},{"data":"TheCursedMod:CircleOfAbyss","floor":24.0,"key":"SMITH"},{"data":"TheCursedMod:HellfireBreathing","floor":32.0,"key":"SMITH"}],"neow_cost":"NONE","seed_source_timestamp":0,"circlet_count":0,"master_deck":["TheCursedMod:Strike_TheCursed+1","TheCursedMod:Strike_TheCursed+1","TheCursedMod:Strike_TheCursed+1","TheCursedMod:Strike_TheCursed+1","TheCursedMod:Defend_TheCursed+1","TheCursedMod:Defend_TheCursed+1","TheCursedMod:Defend_TheCursed+1","TheCursedMod:Defend_TheCursed+1","TheCursedMod:CursedWand","TheCursedMod:CleanUpWorkshop","TheCursedMod:Dregs","Violence","TheCursedMod:CursedShiv","TheCursedMod:SpitefulPray+1","TheCursedMod:HellsGateOpen","TheCursedMod:DemonicPact+1","TheCursedMod:RapidMovement","TheCursedMod:CircleOfAbyss+1","TheCursedMod:CircleOfCorruption+1","TheCursedMod:HellfireBreathing+1","TheCursedMod:CursedBlade","Pain","Sadistic Nature"],"special_seed":0,"relics":["TheCursedMod:BlackMagic101","REME_ComplimentaryCards","NeowsBlessing","War Paint","Dota2Spire:PhaseBoots","Odd Mushroom","Juzu Bracelet","TheCursedMod:Tack","REME_DuelDisc","WarpedTongs","HornCleat","Molten Egg 2","TheCursedMod:BlackMagic101"],"potions_floor_usage":[],"damage_taken":[{"damage":0.0,"enemies":"2 Louse","floor":1.0,"turns":1.0},{"damage":0.0,"enemies":"Jaw Worm","floor":5.0,"turns":1.0},{"damage":0.0,"enemies":"3 Sentries","floor":6.0,"turns":1.0},{"damage":4.0,"enemies":"The Mushroom Lair","floor":7.0,"turns":2.0},{"damage":0.0,"enemies":"Cultist","floor":13.0,"turns":2.0},{"damage":34.0,"enemies":"Hexaghost","floor":16.0,"turns":8.0},{"damage":0.0,"enemies":"3 Byrds","floor":18.0,"turns":3.0},{"damage":6.0,"enemies":"2 Thieves","floor":19.0,"turns":4.0},{"damage":8.0,"enemies":"Shelled Parasite and Fungi","floor":21.0,"turns":6.0},{"damage":11.0,"enemies":"Book of Stabbing","floor":23.0,"turns":6.0},{"damage":1.0,"enemies":"Centurion and Healer","floor":25.0,"turns":8.0},{"damage":3.0,"enemies":"Snake Plant","floor":30.0,"turns":4.0},{"damage":7.0,"enemies":"Snecko","floor":31.0,"turns":5.0},{"damage":30,"enemies":"Collector","floor":33,"turns":10}],"seed_played":"-8649875609160801470","potions_obtained":[{"floor":1.0,"key":"Fire Potion"},{"floor":6.0,"key":"Explosive Potion"},{"floor":14.0,"key":"CultistPotion"},{"floor":14.0,"key":"Regen Potion"},{"floor":14.0,"key":"SneckoOil"},{"floor":16.0,"key":"ColorlessPotion"},{"floor":18.0,"key":"ColorlessPotion"},{"floor":23.0,"key":"SkillPotion"}],"is_trial":false,"path_per_floor":["M","$","?","$","M","E","?","?","T","?","R","?","M","?","R","B",null,"M","M","$","M","?","E","R","M","T","?","$","?","M","M","R","B"],"character_chosen":"THE_CURSED","items_purchased":["TheCursedMod:SpitefulPray","TheCursedMod:HellsGateOpen","TheCursedMod:HellfireBreathing","Sadistic Nature"],"campfire_rested":0,"item_purchase_floors":[2,4,20,28],"current_hp_per_floor":[75,75,50,50,50,50,46,46,46,39,39,39,39,39,39,20,75,75,69,69,61,61,50,50,49,49,49,49,49,46,39,39,9,9],"gold":64,"neow_bonus":"THREE_ENEMY_KILL","is_prod":false,"is_daily":false,"chose_seed":false,"campfire_upgraded":4,"win_rate":0,"timestamp":1607503111,"path_taken":["M","$","?","$","M","E","?","?","T","?","R","?","M","?","R","BOSS","M","M","?","M","?","E","R","M","T","?","$","?","M","M","R","BOSS"],"build_version":"2020-11-30","purchased_purges":0,"victory":false,"max_hp_per_floor":[75,75,75,75,75,75,75,75,75,75,75,75,75,75,75,75,75,75,75,75,75,75,75,75,75,75,75,75,75,75,75,75,75,75],"card_choices":[{"not_picked":["TheCursedMod:RavingStaff","TheCursedMod:ManaBullet"],"picked":"TheCursedMod:CursedShiv","floor":1.0},{"not_picked":["TheCursedMod:CircleOfAmplification","TheCursedMod:TacticalStrike","TheCursedMod:Obscuration"],"picked":"SKIP","floor":5.0},{"not_picked":["TheCursedMod:SmokeScreen","TheCursedMod:VitalStrike","TheCursedMod:Obscuration"],"picked":"SKIP","floor":6.0},{"not_picked":["TheCursedMod:SmokeScreen","TheCursedMod:BloodBarrier","TheCursedMod:CursedAmulet"],"picked":"SKIP","floor":13.0},{"not_picked":["TheCursedMod:CollectTribute","TheCursedMod:ShockAndAwe"],"picked":"TheCursedMod:CircleOfAbyss","floor":16.0},{"not_picked":["TheCursedMod:TacticalStrike","TheCursedMod:ManaBullet","TheCursedMod:SpitefulStrike"],"picked":"SKIP","floor":18.0},{"not_picked":["TheCursedMod:CursedArmor","TheCursedMod:FuryStrike"],"picked":"TheCursedMod:CircleOfCorruption+1","floor":19.0},{"not_picked":["TheCursedMod:LuckyCharm","TheCursedMod:CircleOfWindfury+1"],"picked":"TheCursedMod:CursedBlade","floor":21.0},{"not_picked":["TheCursedMod:Stigma","TheCursedMod:HellfireBreathing","TheCursedMod:SpreadPlague"],"picked":"SKIP","floor":23.0},{"not_picked":["TheCursedMod:CircleOfBlood","TheCursedMod:CursedSpellbook","TheCursedMod:FleshFromBone"],"picked":"SKIP","floor":25.0},{"not_picked":["TheCursedMod:CircleOfWindfury","TheCursedMod:Obscuration+1","TheCursedMod:Stretching"],"picked":"SKIP","floor":30.0},{"not_picked":["TheCursedMod:CursedShiv+1","TheCursedMod:DoubleShield","TheCursedMod:CursedMace+1"],"picked":"SKIP","floor":31.0}],"player_experience":85047,"relics_obtained":[{"floor":6.0,"key":"Dota2Spire:PhaseBoots"},{"floor":7.0,"key":"Odd Mushroom"},{"floor":9.0,"key":"TheCursedMod:Tack"},{"floor":23.0,"key":"HornCleat"},{"floor":26.0,"key":"Molten Egg 2"}],"event_choices":[{"damage_healed":0.0,"max_hp_gain":0.0,"max_hp_loss":0.0,"gold_gain":0.0,"event_name":"Scrap Ooze","player_choice":"Success","floor":3.0,"gold_loss":0.0,"damage_taken":25.0,"relics_obtained":["War Paint"]},{"damage_healed":0.0,"max_hp_gain":0.0,"max_hp_loss":0.0,"gold_gain":0.0,"event_name":"Mushrooms","player_choice":"Fought Mushrooms","floor":7.0,"gold_loss":0.0,"damage_taken":0.0},{"damage_healed":0.0,"max_hp_gain":0.0,"max_hp_loss":0.0,"gold_gain":0.0,"event_name":"Big Fish","player_choice":"Box","floor":8.0,"gold_loss":0.0,"damage_taken":0.0,"relics_obtained":["Juzu Bracelet"],"cards_obtained":["Regret"]},{"cards_removed":["Regret"],"damage_healed":0.0,"max_hp_gain":0.0,"max_hp_loss":0.0,"gold_gain":0.0,"event_name":"Golden Wing","player_choice":"Card Removal","floor":10.0,"gold_loss":0.0,"damage_taken":7.0},{"damage_healed":0.0,"max_hp_gain":0.0,"max_hp_loss":0.0,"gold_gain":0.0,"event_name":"Match and Keep!","player_choice":"2 cards matched","floor":12.0,"gold_loss":0.0,"damage_taken":0.0,"cards_obtained":["TheCursedMod:DemonicPact","TheCursedMod:RapidMovement"]},{"damage_healed":0.0,"max_hp_gain":0.0,"max_hp_loss":0.0,"gold_gain":0.0,"event_name":"Lab","player_choice":"Got Potions","floor":14.0,"gold_loss":0.0,"damage_taken":0.0},{"damage_healed":0.0,"max_hp_gain":0.0,"max_hp_loss":0.0,"gold_gain":0.0,"event_name":"Accursed Blacksmith","player_choice":"Rummage","floor":22.0,"gold_loss":0.0,"damage_taken":0.0,"relics_obtained":["WarpedTongs"],"cards_obtained":["Pain"]},{"damage_healed":0.0,"max_hp_gain":0.0,"max_hp_loss":0.0,"gold_gain":0.0,"event_name":"Back to Basics","player_choice":"Simplicity","floor":27.0,"gold_loss":0.0,"damage_taken":0.0,"cards_upgraded":["TheCursedMod:Strike_TheCursed","TheCursedMod:Strike_TheCursed","TheCursedMod:Strike_TheCursed","TheCursedMod:Strike_TheCursed","TheCursedMod:Defend_TheCursed","TheCursedMod:Defend_TheCursed"]}],"is_beta":false,"boss_relics":[{"not_picked":["Dota2Spire:RefresherOrb","Runic Dome"],"picked":"REME_DuelDisc"}],"items_purged_floors":[],"is_endless":false,"potions_floor_spawned":[1,6,16,18,23],"killed_by":"Collector","ascension_level":0}}