{"host":"ci7ivtocgfxh0ueo","time":1607493243,"event":{"gold_per_floor":[169,11,11,86,102,102,181,15,15,15,55,55,74,18,18,111,111,125,149,149,94,94,125,125,143,143,167,186,211,40,40,40,40,40],"floor_reached":33,"playtime":672,"items_purged":[],"score":470,"play_id":"33f66cd0-8e01-4161-ab7c-c603b1ecc34d","local_time":"20201209135403","is_ascension_mode":true,"campfire_choices":[{"floor":6,"key":"REST"},{"data":"Armaments","floor":10,"key":"SMITH"},{"data":"Flame Barrier","floor":15,"key":"SMITH"},{"floor":24,"key":"REST"},{"floor":32,"key":"REST"}],"neow_cost":"NONE","seed_source_timestamp":68639769784200,"circlet_count":0,"master_deck":["AscendersBane","Strike_R+1","Strike_R+1","Strike_R+1","Defend_R+1","Defend_R+1","Defend_R+1","Bash","Combust","Armaments+1","Carnage","Rampage","Flame Barrier+1","Corruption","Shockwave+1","Immolate+1","Flame Barrier+1","Cleave","Feed","Seeing Red","Clash","Uppercut"],"relics":["Tiny House","Art of War","Golden Idol","ClockworkSouvenir","Mercury Hourglass","Question Card","Astrolabe","Lantern","Kunai","Happy Flower","Red Skull"],"potions_floor_usage":[11,11,16,16,19,23,23,33,33],"damage_taken":[{"damage":7,"enemies":"Small Slimes","floor":1,"turns":3},{"damage":4,"enemies":"Jaw Worm","floor":5,"turns":3},{"damage":5,"enemies":"3 Sentries","floor":11,"turns":4},{"damage":0,"enemies":"2 Louse","floor":13,"turns":2},{"damage":31,"enemies":"Hexaghost","floor":16,"turns":10},{"damage":30,"enemies":"Spheric Guardian","floor":18,"turns":5},{"damage":14,"enemies":"Shell Parasite","floor":19,"turns":3},{"damage":2,"enemies":"Book of Stabbing","floor":23,"turns":5},{"damage":4,"enemies":"Snake Plant","floor":25,"turns":4},{"damage":7,"enemies":"Cultist and Chosen","floor":28,"turns":5},{"damage":20,"enemies":"Sentry and Sphere","floor":29,"turns":5},{"damage":62,"enemies":"Automaton","floor":33,"turns":6}],"seed_played":"-3862063339737449588","potions_obtained":[{"floor":0,"key":"PowerPotion"},{"floor":1,"key":"PowerPotion"},{"floor":11,"key":"LiquidMemories"},{"floor":13,"key":"BloodPotion"},{"floor":16,"key":"Strength Potion"},{"floor":19,"key":"SneckoOil"},{"floor":28,"key":"FearPotion"},{"floor":29,"key":"BlessingOfTheForge"}],"is_trial":false,"path_per_floor":["M","$","?","?","M","R","?","$","T","R","E","?","M","$","R","B",null,"M","M","?","$","?","E","R","M","T","T","M","M","$","?","R","B"],"character_chosen":"IRONCLAD","items_purchased":["Art of War","ClockworkSouvenir","Block Potion","PowerPotion","Red Skull"],"campfire_rested":3,"item_purchase_floors":[2,8,14,21,30],"current_hp_per_floor":[66,66,38,27,23,47,47,47,47,47,42,68,68,68,68,53,73,43,29,29,29,29,27,51,47,47,47,40,20,20,36,60,0,0],"gold":40,"neow_bonus":"BOSS_RELIC","is_prod":false,"is_daily":false,"chose_seed":false,"campfire_upgraded":2,"win_rate":0,"timestamp":1607493243,"path_taken":["M","$","?","?","M","R","?","?","T","R","E","?","M","?","R","BOSS","M","?","?","?","?","E","R","M","T","?","M","?","$","?","R","BOSS"],"build_version":"2020-11-30","purchased_purges":0,"victory":false,"max_hp_per_floor":[80,80,80,80,80,80,80,80,80,80,80,80,80,80,80,80,80,80,80,80,80,80,80,80,80,80,80,80,80,80,80,80,80,80],"card_choices":[{"not_picked":["Heavy Blade","Ghostly Armor"],"picked":"Combust","floor":0},{"not_picked":["Shrug It Off","Ghostly Armor"],"picked":"Armaments","floor":1},{"not_picked":["Hemokinesis","Armaments"],"picked":"Carnage","floor":5},{"not_picked":["Havoc","Iron Wave"],"picked":"Rampage","floor":11},{"not_picked":["Reckless Charge","Dropkick","Armaments"],"picked":"Flame Barrier","floor":13},{"not_picked":["Brutality","Fiend Fire","Bludgeon"],"picked":"Corruption","floor":16},{"not_picked":["Power Through","Clothesline","Thunderclap"],"picked":"Cleave","floor":18},{"not_picked":["Burning Pact","Twin Strike","Anger","Headbutt"],"picked":"SKIP","floor":19},{"not_picked":["Entrench","Warcry","Searing Blow"],"picked":"Feed","floor":23},{"not_picked":["Headbutt","Shrug It Off","Body Slam+1"],"picked":"Seeing Red","floor":25},{"not_picked":["Twin Strike","Havoc","Flame Barrier"],"picked":"Clash","floor":28},{"not_picked":["Iron Wave","Evolve","Whirlwind+1"],"picked":"Uppercut","floor":29}],"player_experience":1231576,"relics_obtained":[{"floor":9,"key":"Mercury Hourglass"},{"floor":11,"key":"Question Card"},{"floor":23,"key":"Lantern"},{"floor":26,"key":"Kunai"},{"floor":27,"key":"Happy Flower"}],"event_choices":[{"damage_healed":0,"gold_gain":0,"player_choice":"Take Damage","damage_taken":28,"relics_obtained":["Golden Idol"],"max_hp_gain":0,"max_hp_loss":0,"event_name":"Golden Idol","floor":3,"gold_loss":0},{"damage_healed":0,"gold_gain":75,"player_choice":"Gather Gold","damage_taken":11,"max_hp_gain":0,"max_hp_loss":0,"event_name":"World of Goop","floor":4,"gold_loss":0},{"damage_healed":0,"gold_gain":79,"player_choice":"Gained Gold","damage_taken":0,"max_hp_gain":0,"max_hp_loss":0,"event_name":"Golden Wing","floor":7,"gold_loss":0},{"damage_healed":26,"gold_gain":0,"player_choice":"Banana","damage_taken":0,"max_hp_gain":0,"max_hp_loss":0,"event_name":"Big Fish","floor":12,"gold_loss":0},{"damage_healed":0,"gold_gain":0,"player_choice":"Ignored","damage_taken":0,"max_hp_gain":0,"max_hp_loss":0,"event_name":"Beggar","floor":20,"gold_loss":0},{"damage_healed":0,"gold_gain":0,"player_choice":"Simplicity","damage_taken":0,"max_hp_gain":0,"max_hp_loss":0,"event_name":"Back to Basics","floor":22,"gold_loss":0,"cards_upgraded":["Strike_R","Strike_R","Defend_R","Defend_R","Defend_R"]},{"damage_healed":16,"gold_gain":0,"player_choice":"Heal","damage_taken":0,"max_hp_gain":0,"max_hp_loss":0,"event_name":"The Library","floor":31,"gold_loss":0}],"is_beta":false,"boss_relics":[{"not_picked":["Snecko Eye","Philosopher\u0027s Stone"],"picked":"Astrolabe"}],"items_purged_floors":[],"is_endless":false,"potions_floor_spawned":[1,11,13,16,19,28,29],"killed_by":"Automaton","ascension_level":16}}