{"host":"mkv3lj8gfkr85ioo","time":1607476809,"event":{"gold_per_floor":[111,111,128,128,141,141,154,172,240,50,50,50,102,125,125,250,250,273,286,137,146,164,164,103,103,159,159,34,34,68,81,81,219,219,237,257,289,139,163,196,196,229,229,273,291,310,310,344,344,344],"floor_reached":51,"playtime":1479,"items_purged":["Strike_R","Strike_R","Writhe","Strike_R"],"score":1518,"play_id":"b5eb871e-c5df-4f21-8b8b-73c8bb59ab4f","local_time":"20201209102009","is_ascension_mode":true,"campfire_choices":[{"data":"Flame Barrier","floor":6.0,"key":"SMITH"},{"floor":15.0,"key":"REST"},{"data":"Barricade","floor":23.0,"key":"SMITH"},{"data":"Entrench","floor":25.0,"key":"SMITH"},{"data":"Shrug It Off","floor":27.0,"key":"SMITH"},{"data":"Flame Barrier","floor":29.0,"key":"SMITH"},{"data":"Evolve","floor":32.0,"key":"SMITH"},{"data":"Bash","floor":41.0,"key":"SMITH"},{"data":"Defend_R","floor":49,"key":"SMITH"}],"neow_cost":"NONE","seed_source_timestamp":587650628900,"circlet_count":0,"master_deck":["AscendersBane","Strike_R","Strike_R","Defend_R+1","Defend_R+1","Defend_R","Defend_R","Bash+1","Wild Strike","Flame Barrier+1","Flame Barrier+1","Barricade+1","Shrug It Off+1","Body Slam+1","Evolve+1","Flame Barrier+1","Entrench+1","Impervious+1","Flame Barrier+1","Shockwave+1","Shrug It Off+1"],"special_seed":0,"relics":["Burning Blood","NeowsBlessing","Mercury Hourglass","Bird Faced Urn","Molten Egg 2","Golden Idol","Calipers","CeramicFish","Cursed Key","PreservedInsect","Toxic Egg 2","SlaversCollar","Singing Bowl","Ice Cream","Oddly Smooth Stone","Happy Flower"],"potions_floor_usage":[50,50,50],"damage_taken":[{"damage":0.0,"enemies":"Cultist","floor":1.0,"turns":1.0},{"damage":0.0,"enemies":"2 Louse","floor":3.0,"turns":1.0},{"damage":0.0,"enemies":"Small Slimes","floor":5.0,"turns":1.0},{"damage":3.0,"enemies":"Blue Slaver","floor":7.0,"turns":4.0},{"damage":11.0,"enemies":"Exordium Thugs","floor":8.0,"turns":5.0},{"damage":26.0,"enemies":"Lagavulin","floor":13.0,"turns":11.0},{"damage":0.0,"enemies":"Gremlin Gang","floor":14.0,"turns":4.0},{"damage":38.0,"enemies":"Hexaghost","floor":16.0,"turns":10.0},{"damage":2.0,"enemies":"Shell Parasite","floor":18.0,"turns":6.0},{"damage":8.0,"enemies":"Spheric Guardian","floor":19.0,"turns":6.0},{"damage":22.0,"enemies":"Shelled Parasite and Fungi","floor":22.0,"turns":8.0},{"damage":0.0,"enemies":"Book of Stabbing","floor":30.0,"turns":5.0},{"damage":14.0,"enemies":"Snake Plant","floor":31.0,"turns":4.0},{"damage":0.0,"enemies":"Collector","floor":33.0,"turns":9.0},{"damage":13.0,"enemies":"3 Darklings","floor":35.0,"turns":7.0},{"damage":0.0,"enemies":"3 Shapes","floor":36.0,"turns":8.0},{"damage":0.0,"enemies":"Maw","floor":37.0,"turns":10.0},{"damage":15.0,"enemies":"4 Shapes","floor":39.0,"turns":6.0},{"damage":0.0,"enemies":"Giant Head","floor":40.0,"turns":6.0},{"damage":6.0,"enemies":"Reptomancer","floor":42.0,"turns":7.0},{"damage":0,"enemies":"Nemesis","floor":44,"turns":9},{"damage":0,"enemies":"3 Darklings","floor":45,"turns":11},{"damage":11,"enemies":"Spire Growth","floor":46,"turns":6},{"damage":0,"enemies":"Reptomancer","floor":48,"turns":3},{"damage":0,"enemies":"Awakened One","floor":50,"turns":11}],"seed_played":"-6647779185854996772","potions_obtained":[{"floor":3.0,"key":"Ancient Potion"},{"floor":13.0,"key":"DuplicationPotion"},{"floor":16.0,"key":"Block Potion"},{"floor":19.0,"key":"SpeedPotion"},{"floor":30.0,"key":"SkillPotion"},{"floor":31.0,"key":"Strength Potion"},{"floor":37.0,"key":"Strength Potion"},{"floor":40.0,"key":"Energy Potion"},{"floor":46,"key":"LiquidMemories"},{"floor":48,"key":"SkillPotion"}],"is_trial":false,"path_per_floor":["M","T","M","T","M","R","M","M","T","$","?","?","E","M","R","B",null,"M","M","$","?","M","R","$","R","T","R","$","R","E","M","R","B",null,"M","M","M","$","M","E","R","E","T","E","M","M","?","E","R","B",null],"character_chosen":"IRONCLAD","items_purchased":["Barricade","Shrug It Off","BloodPotion","Entrench"],"campfire_rested":1,"item_purchase_floors":[10,10,20,24],"current_hp_per_floor":[78,78,80,80,80,80,80,75,75,75,55,37,19,25,49,21,65,69,71,71,71,59,59,59,59,59,59,59,59,67,75,75,80,80,73,80,80,80,71,82,82,84,84,84,86,85,85,90,90,90],"gold":344,"neow_bonus":"THREE_ENEMY_KILL","is_prod":false,"is_daily":false,"chose_seed":false,"campfire_upgraded":8,"win_rate":0,"timestamp":1607476809,"path_taken":["M","?","?","?","M","R","M","?","T","?","?","?","E","M","R","BOSS","M","M","$","?","M","R","?","R","T","R","$","R","E","M","R","BOSS","M","?","M","$","M","E","R","E","T","E","M","M","?","E","R","BOSS"],"build_version":"2020-11-30","purchased_purges":4,"victory":true,"max_hp_per_floor":[80,80,80,80,80,80,80,80,80,80,80,80,80,80,80,80,80,80,80,80,80,80,80,80,80,80,80,80,80,80,80,80,80,80,80,80,80,80,80,82,82,84,84,84,86,88,88,90,90,90],"card_choices":[{"not_picked":["Cleave","Flex","Sword Boomerang"],"picked":"SKIP","floor":1.0},{"not_picked":["Cleave","Flex","Sword Boomerang"],"picked":"SKIP","floor":1.0},{"not_picked":["Warcry","Battle Trance"],"picked":"Wild Strike","floor":3.0},{"not_picked":["Iron Wave","Metallicize"],"picked":"Flame Barrier","floor":5.0},{"not_picked":["Thunderclap","Reckless Charge"],"picked":"Flame Barrier","floor":7.0},{"not_picked":["Anger","Ghostly Armor","Fire Breathing"],"picked":"SKIP","floor":8.0},{"not_picked":["Warcry","Thunderclap+1"],"picked":"Body Slam+1","floor":13.0},{"not_picked":["True Grit","Burning Pact"],"picked":"Evolve","floor":14.0},{"not_picked":["Clash+1","Warcry","Dropkick+1"],"picked":"SKIP","floor":18.0},{"not_picked":["Bloodletting","Perfected Strike+1","Cleave+1"],"picked":"SKIP","floor":19.0},{"not_picked":["Ghostly Armor","True Grit","Cleave+1"],"picked":"SKIP","floor":22.0},{"not_picked":["Flex+1","Perfected Strike+1","Clothesline+1"],"picked":"SKIP","floor":30.0},{"not_picked":["Pommel Strike+1","Metallicize+1","Flex+1"],"picked":"SKIP","floor":31.0},{"not_picked":["Fiend Fire+1","Juggernaut"],"picked":"Impervious+1","floor":33.0},{"not_picked":["Evolve+1","Clothesline+1","Heavy Blade+1"],"picked":"SKIP","floor":35.0},{"not_picked":["Ghostly Armor+1","Anger+1","Pummel+1"],"picked":"SKIP","floor":36.0},{"not_picked":["Cleave+1","Body Slam+1"],"picked":"Flame Barrier+1","floor":37.0},{"not_picked":["Perfected Strike+1","Evolve"],"picked":"Shockwave+1","floor":39.0},{"not_picked":["Perfected Strike+1","Anger+1","Iron Wave+1"],"picked":"Singing Bowl","floor":40.0},{"not_picked":["Hemokinesis+1","Thunderclap+1","Rampage+1"],"picked":"Singing Bowl","floor":42.0},{"not_picked":["Iron Wave+1","Pommel Strike+1"],"picked":"Shrug It Off+1","floor":44},{"not_picked":["Searing Blow+1","True Grit+1","Barricade"],"picked":"Singing Bowl","floor":45},{"not_picked":["Body Slam+1","Pummel+1","Warcry+1"],"picked":"Singing Bowl","floor":46},{"not_picked":["Iron Wave+1","Evolve","Whirlwind+1"],"picked":"Singing Bowl","floor":48}],"player_experience":116966,"relics_obtained":[{"floor":2.0,"key":"Mercury Hourglass"},{"floor":4.0,"key":"Bird Faced Urn"},{"floor":9.0,"key":"Molten Egg 2"},{"floor":13.0,"key":"CeramicFish"},{"floor":26.0,"key":"PreservedInsect"},{"floor":30.0,"key":"Toxic Egg 2"},{"floor":40.0,"key":"Singing Bowl"},{"floor":42.0,"key":"Ice Cream"},{"floor":44,"key":"Oddly Smooth Stone"},{"floor":48,"key":"Happy Flower"}],"event_choices":[{"damage_healed":0.0,"max_hp_gain":0.0,"max_hp_loss":0.0,"gold_gain":0.0,"event_name":"Golden Idol","player_choice":"Take Damage","floor":11.0,"gold_loss":0.0,"damage_taken":20.0,"relics_obtained":["Golden Idol"]},{"damage_healed":0.0,"max_hp_gain":0.0,"max_hp_loss":0.0,"gold_gain":0.0,"event_name":"Scrap Ooze","player_choice":"Success","floor":12.0,"gold_loss":0.0,"damage_taken":18.0,"relics_obtained":["Calipers"]},{"damage_healed":0.0,"max_hp_gain":0.0,"max_hp_loss":0.0,"gold_gain":0.0,"event_name":"Duplicator","player_choice":"Copied","floor":21.0,"gold_loss":0.0,"damage_taken":0.0,"cards_obtained":["Flame Barrier"]},{"damage_healed":0,"gold_gain":0,"player_choice":"Upgraded","damage_taken":0,"max_hp_gain":0,"max_hp_loss":0,"event_name":"Upgrade Shrine","floor":47,"gold_loss":0,"cards_upgraded":["Defend_R"]}],"is_beta":false,"boss_relics":[{"not_picked":["Coffee Dripper","Pandora\u0027s Box"],"picked":"Cursed Key"},{"not_picked":["Philosopher\u0027s Stone","Velvet Choker"],"picked":"SlaversCollar"}],"items_purged_floors":[10,20,28,38],"is_endless":false,"potions_floor_spawned":[3,13,16,19,30,31,37,40,46,48],"ascension_level":10}}