{"host":"jtxptf9isiqyc7jm","time":1607551016,"event":{"gold_per_floor":[114,114,132,185,185,217,217,61,61,78,89,56,56,70,70,165,165,176,275,275,289,289,289,221,221,271,291,321,56,56,56,56],"floor_reached":31,"playtime":1124,"items_purged":[],"score":276,"play_id":"3ae907ed-5fdd-45ca-96f4-376f9e3c7dff","local_time":"20201209215656","is_ascension_mode":false,"campfire_choices":[{"floor":7,"key":"REST"},{"floor":13,"key":"REST"},{"floor":15,"key":"REST"},{"data":"infinitespire:NeuralNetwork","floor":23,"key":"SMITH"},{"data":"Rupture","floor":25,"key":"SMITH"},{"floor":30,"key":"REST"}],"neow_cost":"NONE","seed_source_timestamp":375212893781700,"circlet_count":0,"master_deck":["Defend_R","Defend_R","Defend_R","Defend_R","Bash","Pommel Strike","Infernal Blade","Anger","Run Through","infinitespire:NeuralNetwork+1","Juggernaut","Dual Wield","Anger","Armaments+1","Sword Boomerang","hubris:SharpeningStone","Dark Embrace+1","Bite","Bite","Bite","Bite","Bite","Rupture+1","Cleave+1","Metallicize","Flex"],"relics":["Burning Blood","hubris:SlimyHat","Smiling Mask","Chemical X","Chameleon Ring","SlaversCollar","ScarletDevilRocket","hubris:MobiusCoin","PreservedInsect"],"potions_floor_usage":[6,6,27,31],"damage_taken":[{"damage":3,"enemies":"2 Louse","floor":1,"turns":4},{"damage":1,"enemies":"Cultist","floor":3,"turns":3},{"damage":33,"enemies":"Gremlin Nob","floor":6,"turns":4},{"damage":6,"enemies":"Jaw Worm","floor":10,"turns":4},{"damage":5,"enemies":"Looter","floor":11,"turns":3},{"damage":7,"enemies":"Blue Slaver","floor":14,"turns":3},{"damage":73,"enemies":"Hexaghost","floor":16,"turns":10},{"damage":19,"enemies":"Spheric Guardian","floor":18,"turns":4},{"damage":19,"enemies":"Chosen","floor":21,"turns":5},{"damage":57,"enemies":"Shelled Parasite and Fungi","floor":27,"turns":7},{"damage":43,"enemies":"HollowMod:Nosk","floor":28,"turns":7},{"damage":58,"enemies":"Cultist and Chosen","floor":31,"turns":4}],"seed_played":"4252097670667995781","potions_obtained":[{"floor":3,"key":"Toxic Potion"},{"floor":4,"key":"Strength Potion"},{"floor":4,"key":"hexamod:EctoCoolerPotion"},{"floor":6,"key":"sneckomod:MuddlingPotion"},{"floor":18,"key":"BloodPotion"}],"is_trial":false,"path_per_floor":["M","?","M","?","?","E","R","$","T","M","M","$","R","M","R_BF","B",null,"M","?","?","M","?","R","$","R","T","M","E","$","R","M"],"character_chosen":"IRONCLAD","items_purchased":["Chemical X","Armaments+1","Rupture","Metallicize","Flex","PreservedInsect"],"campfire_rested":4,"item_purchase_floors":[8,12,24,29,29,29],"current_hp_per_floor":[80,80,80,60,40,13,37,37,37,37,38,38,62,61,80,13,80,67,67,90,77,62,62,62,62,62,37,20,20,38,0,0],"gold":56,"neow_bonus":"THREE_CARDS","is_prod":false,"is_daily":false,"chose_seed":false,"campfire_upgraded":2,"win_rate":0.0,"timestamp":1607551016,"path_taken":["M","?","?","?","?","E","R","?","T","?","M","$","R","M","R_BF","BOSS","M","?","?","?","?","R","$","R","T","M","E","$","R","M"],"build_version":"2020-11-30","purchased_purges":0,"victory":false,"max_hp_per_floor":[80,80,80,80,80,80,80,80,80,80,80,80,80,80,80,80,80,80,80,90,90,62,62,62,62,62,62,62,62,62,62,62],"card_choices":[{"not_picked":["Warcry","hubris:CleavingFinish"],"picked":"Pommel Strike","floor":0},{"not_picked":["Cleave","Replay:Undeath\u0027s Touch"],"picked":"Infernal Blade","floor":1},{"not_picked":["Perfected Strike","Seeing Red"],"picked":"Anger","floor":3},{"not_picked":["Headbutt","Abandon"],"picked":"Run Through","floor":4},{"not_picked":["infinitespire:TheBestDefense","infinitespire:FinalStrike"],"picked":"infinitespire:NeuralNetwork","floor":5},{"not_picked":["Replay:Undeath\u0027s Touch","Clothesline"],"picked":"Juggernaut","floor":6},{"not_picked":["Intimidate","Shrug It Off"],"picked":"Dual Wield","floor":10},{"not_picked":["Infernal Blade","True Grit"],"picked":"Anger","floor":11},{"not_picked":["Disarm","Rampage"],"picked":"Sword Boomerang","floor":14},{"not_picked":["hubris:StunningStrike","Impervious"],"picked":"Eclipse","floor":16},{"not_picked":["Headbutt","hubris:CleavingFinish"],"picked":"hubris:SharpeningStone","floor":18},{"not_picked":["ReplayTheSpireMod:Strike From Hell","Clash"],"picked":"Dark Embrace+1","floor":21},{"not_picked":["Reckless Charge","Body Slam"],"picked":"Cleave+1","floor":27}],"player_experience":6561,"relics_obtained":[{"floor":4,"key":"hubris:SlimyHat"},{"floor":6,"key":"Smiling Mask"},{"floor":9,"key":"Chameleon Ring"},{"floor":26,"key":"ScarletDevilRocket"},{"floor":28,"key":"hubris:MobiusCoin"}],"event_choices":[{"damage_healed":0,"gold_gain":0,"player_choice":"Ignored","damage_taken":0,"max_hp_gain":0,"max_hp_loss":0,"event_name":"NoteForYourself","floor":2,"gold_loss":0},{"damage_healed":0,"gold_gain":99,"player_choice":"Stole From Cult","damage_taken":0,"max_hp_gain":0,"max_hp_loss":0,"event_name":"Nest","floor":19,"gold_loss":0},{"cards_removed":["Eclipse"],"damage_healed":13,"gold_gain":0,"player_choice":"Offered Rare","damage_taken":0,"max_hp_gain":10,"max_hp_loss":0,"event_name":"Bonfire Elementals","floor":20,"gold_loss":0},{"damage_healed":0,"gold_gain":0,"player_choice":"Became a vampire","damage_taken":0,"max_hp_gain":0,"max_hp_loss":28,"event_name":"Vampires","floor":22,"gold_loss":0,"cards_obtained":["Bite","Bite","Bite","Bite","Bite"]}],"is_beta":false,"boss_relics":[{"not_picked":["Replay:Bronze Core","Busted Crown"],"picked":"SlaversCollar"}],"items_purged_floors":[],"is_endless":false,"potions_floor_spawned":[3,6,18],"killed_by":"Cultist and Chosen","ascension_level":0}}