{"host":"lqtll83nun4jn4k7","time":1607529608,"event":{"gold_per_floor":[112,123,142,67,80,80,80,80,80,109,109,109,141,157,157,252,252,269,269,288,288,288,288,387,387,387],"floor_reached":25,"playtime":12281,"items_purged":["PrismaMod:ChloeUncommonAttack"],"score":230,"play_id":"faad1bdd-4309-45f7-822d-07bf3b8908a9","local_time":"20201210000008","is_ascension_mode":true,"campfire_choices":[{"data":"PrismaMod:ChloeAnyUncommonTrace","floor":6.0,"key":"SMITH"},{"floor":8.0,"key":"RECALL"},{"floor":15,"key":"REST"},{"data":"PrismaMod:ChloeEyeOfTheEuryale","floor":23,"key":"SMITH"}],"neow_cost":"NONE","seed_source_timestamp":123441169176900,"circlet_count":0,"master_deck":["PrismaMod:ChloeCommonAttack+1","PrismaMod:ChloeCommonAttack+1","PrismaMod:ChloeCommonAttack+1","PrismaMod:ChloeCommonAttack+1","PrismaMod:ChloeCommonAttack+1","PrismaMod:ChloeCommonDefend+1","PrismaMod:ChloeCommonDefend+1","PrismaMod:ChloeCommonDefend+1","PrismaMod:ChloeCommonDefend+1","PrismaMod:ChloeCommonDefend+1","PrismaMod:ChloeCheapAttack","PrismaMod:ChloeCheapDefend","Finesse","PrismaMod:ChloeRuleBreaker","PrismaMod:ChloeAnyUncommonTrace+1","PrismaMod:ChloeEyeOfTheEuryale+1","PrismaMod:ChloeMordred+1","PrismaMod:ChloeExhaustThree","PrismaMod:ChloeEyeOfTheEuryale+1"],"special_seed":0,"relics":["PrismaMod:PrismaTraceOnUpgrade","Sundial","Juzu Bracelet","Regal Pillow","Toy Ornithopter"],"potions_floor_usage":[13,13,13,14,16,16,16,25,25],"damage_taken":[{"damage":0.0,"enemies":"Small Slimes","floor":1.0,"turns":4.0},{"damage":0.0,"enemies":"2 Louse","floor":2.0,"turns":2.0},{"damage":3.0,"enemies":"Jaw Worm","floor":3.0,"turns":3.0},{"damage":13.0,"enemies":"2 Fungi Beasts","floor":5.0,"turns":6.0},{"damage":17.0,"enemies":"3 Sentries","floor":10.0,"turns":6.0},{"damage":28,"enemies":"Gremlin Nob","floor":13,"turns":6},{"damage":36,"enemies":"Gremlin Gang","floor":14,"turns":7},{"damage":40,"enemies":"Slime Boss","floor":16,"turns":21},{"damage":13,"enemies":"Chosen","floor":18,"turns":4},{"damage":34,"enemies":"Shelled Parasite and Fungi","floor":20,"turns":6},{"damage":46,"enemies":"Gremlin Leader","floor":25,"turns":6}],"seed_played":"-759656739541440646","potions_obtained":[{"floor":3.0,"key":"ColorlessPotion"},{"floor":10.0,"key":"GamblersBrew"},{"floor":13,"key":"EntropicBrew"},{"floor":14,"key":"PowerPotion"},{"floor":16,"key":"ColorlessPotion"},{"floor":20,"key":"Fire Potion"}],"is_trial":false,"path_per_floor":["M","M","M","$","M","R","?","R","T","E","?","$","E","M","R","B",null,"M","?","M","?","?","R","?","E"],"character_chosen":"CHLOE","items_purchased":[],"campfire_rested":1,"item_purchase_floors":[],"current_hp_per_floor":[75,75,72,72,66,66,54,54,54,37,42,42,19,3,42,20,80,67,67,36,36,36,36,36,0,0],"gold":387,"neow_bonus":"RANDOM_COLORLESS","is_prod":false,"is_daily":false,"chose_seed":false,"campfire_upgraded":2,"win_rate":0,"timestamp":1607529608,"path_taken":["M","M","M","$","M","R","?","R","T","E","?","$","E","M","R","BOSS","M","?","M","?","?","R","?","E"],"build_version":"2020-11-30","purchased_purges":1,"victory":false,"max_hp_per_floor":[75,75,75,75,75,75,75,75,75,75,80,80,80,80,80,80,80,80,80,80,80,80,80,80,80,80],"card_choices":[{"not_picked":["Forethought","Good Instincts"],"picked":"Finesse","floor":0.0},{"not_picked":["PrismaMod:ChloeCheapDefend","PrismaMod:ChloeCheapDefendTwo"],"picked":"PrismaMod:ChloeRuleBreaker","floor":1.0},{"not_picked":["PrismaMod:ChloeMaid","PrismaMod:ChloeCheapDefendTwo"],"picked":"PrismaMod:ChloeUncommonAttack","floor":2.0},{"not_picked":["PrismaMod:ChloeMordred","PrismaMod:ChloeDiscardRecovery"],"picked":"PrismaMod:ChloeAnyUncommonTrace","floor":3.0},{"not_picked":["PrismaMod:ChloeCheapAttack","PrismaMod:ChloeCommonAOEAttack","PrismaMod:ChloeCheapDefend"],"picked":"SKIP","floor":5.0},{"not_picked":["PrismaMod:ChloeUncommonDefend","PrismaMod:ChloeRitsuka"],"picked":"PrismaMod:ChloeEyeOfTheEuryale","floor":10.0},{"not_picked":["PrismaMod:ChloeCheapDefendTwo","PrismaMod:ChloeCheapDefend"],"picked":"PrismaMod:ChloeMordred","floor":13},{"not_picked":["PrismaMod:ChloeEyeOfTheEuryale","PrismaMod:ChloeCheapDefendTwo","PrismaMod:ChloeExhaustOne"],"picked":"SKIP","floor":14},{"not_picked":["PrismaMod:ChloeAnyRareTrace","PrismaMod:ChloeAnyCommonTrace"],"picked":"PrismaMod:ChloeExhaustThree","floor":16},{"not_picked":["PrismaMod:ChloeCheapAttackTwo","PrismaMod:ChloeCheapAttack"],"picked":"PrismaMod:ChloeEyeOfTheEuryale+1","floor":18},{"not_picked":["PrismaMod:ChloeDiscardRecovery","PrismaMod:ChloeCheapDefendTwo","PrismaMod:ChloeCheapDefend"],"picked":"SKIP","floor":20}],"player_experience":488766,"relics_obtained":[{"floor":9.0,"key":"Juzu Bracelet"},{"floor":10.0,"key":"Regal Pillow"},{"floor":13,"key":"Toy Ornithopter"}],"event_choices":[{"damage_healed":0.0,"max_hp_gain":0.0,"max_hp_loss":0.0,"gold_gain":0.0,"event_name":"Scrap Ooze","player_choice":"Success","floor":7.0,"gold_loss":0.0,"damage_taken":12.0,"relics_obtained":["Sundial"]},{"damage_healed":0.0,"max_hp_gain":5.0,"max_hp_loss":0.0,"gold_gain":0.0,"event_name":"Big Fish","player_choice":"Donut","floor":11.0,"gold_loss":0.0,"damage_taken":0.0},{"damage_healed":0,"gold_gain":0,"player_choice":"Ignored","damage_taken":0,"max_hp_gain":0,"max_hp_loss":0,"event_name":"Vampires","floor":19,"gold_loss":0},{"damage_healed":0,"gold_gain":0,"player_choice":"Simplicity","damage_taken":0,"max_hp_gain":0,"max_hp_loss":0,"event_name":"Back to Basics","floor":21,"gold_loss":0,"cards_upgraded":["PrismaMod:ChloeCommonAttack","PrismaMod:ChloeCommonAttack","PrismaMod:ChloeCommonAttack","PrismaMod:ChloeCommonAttack","PrismaMod:ChloeCommonAttack","PrismaMod:ChloeCommonDefend","PrismaMod:ChloeCommonDefend","PrismaMod:ChloeCommonDefend","PrismaMod:ChloeCommonDefend","PrismaMod:ChloeCommonDefend"]},{"damage_healed":0,"gold_gain":0,"player_choice":"Forge","damage_taken":0,"max_hp_gain":0,"max_hp_loss":0,"event_name":"Accursed Blacksmith","floor":22,"gold_loss":0,"cards_upgraded":["PrismaMod:ChloeMordred"]},{"damage_healed":0,"gold_gain":99,"player_choice":"Stole From Cult","damage_taken":0,"max_hp_gain":0,"max_hp_loss":0,"event_name":"Nest","floor":24,"gold_loss":0}],"is_beta":false,"boss_relics":[{"not_picked":["Black Star","Coffee Dripper"],"picked":"PrismaMod:PrismaTraceOnUpgrade"}],"items_purged_floors":[4],"is_endless":false,"potions_floor_spawned":[3,10,13,14,16,20],"killed_by":"Gremlin Leader","ascension_level":2}}