{"host":"22v3gqhprfvenc0a","time":1607552012,"event":{"gold_per_floor":[115,40,52,68,83,115,115,132,203,234,244,244,244,244,244,341,441,457,457,470,488,488,488],"floor_reached":22,"playtime":842,"items_purged":["ReplayTheSpireMod:Splinters"],"score":267,"play_id":"1af72a9a-119c-4c63-937d-018af5db8711","local_time":"20201210011332","is_ascension_mode":true,"campfire_choices":[{"floor":7,"key":"REST"},{"floor":13,"key":"REST"},{"floor":15,"key":"DIG"}],"neow_cost":"CURSE","seed_source_timestamp":91084735851400,"circlet_count":0,"master_deck":["Strike_B","Strike_B","Defend_B","Defend_B","Defend_B","Defend_B+1","Zap","Dualcast","Chaos","Machine Learning","Cold Snap","Doom and Gloom","Compile Driver","White Noise","Defragment","Static Discharge","Conserve Battery","Seek","Core Surge","Echo Form","White Noise"],"relics":["Cracked Core","Replay:Bottled Steam","Symbiotic Virus","PreservedInsect","Replay:Wax Seal","Replay:Wanted Poster"],"potions_floor_usage":[21,22],"damage_taken":[{"damage":7,"enemies":"Jaw Worm","floor":1,"turns":4},{"damage":5,"enemies":"Small Slimes","floor":3,"turns":4},{"damage":4,"enemies":"2 Louse","floor":4,"turns":3},{"damage":8,"enemies":"Exordium Thugs","floor":5,"turns":3},{"damage":36,"enemies":"3 Sentries","floor":6,"turns":8},{"damage":15,"enemies":"Looter","floor":8,"turns":4},{"damage":1,"enemies":"Replay:BlueRogue","floor":10,"turns":5},{"damage":0,"enemies":"Blue Slaver","floor":11,"turns":4},{"damage":13,"enemies":"Hexaghost","floor":16,"turns":10},{"damage":5,"enemies":"Chosen","floor":18,"turns":5},{"damage":20,"enemies":"3 Byrds","floor":20,"turns":2},{"damage":27,"enemies":"Centurion and Healer","floor":21,"turns":6},{"damage":13,"enemies":"Snake Plant","floor":22,"turns":1}],"seed_played":"-57737181046304780","potions_obtained":[{"floor":1,"key":"Strength Potion"},{"floor":4,"key":"Elixir"},{"floor":10,"key":"FearPotion"},{"floor":16,"key":"SkillPotion"},{"floor":21,"key":"SkillPotion"}],"is_trial":false,"path_per_floor":["M","$","M","M","M","E","R","M","T","E","M","?","R","?","R","B",null,"M","?","M","M","M"],"character_chosen":"DEFECT","items_purchased":["Doom and Gloom"],"campfire_rested":2,"item_purchase_floors":[2],"current_hp_per_floor":[61,61,56,52,44,8,30,15,15,14,14,14,36,36,36,23,62,57,57,37,10,0,0],"gold":488,"neow_bonus":"TRANSFORM_TWO_CARDS","is_prod":false,"is_daily":false,"chose_seed":false,"campfire_upgraded":0,"win_rate":0,"timestamp":1607552012,"path_taken":["M","$","M","M","M","E","R","M","T","E","M","?","R","?","R","BOSS","M","?","M","M","M"],"build_version":"2020-11-30","purchased_purges":1,"victory":false,"max_hp_per_floor":[75,75,75,75,75,75,75,75,75,75,75,75,75,75,75,75,75,75,75,75,75,75,75],"relic_stats":{"counters":[13,59],"PreservedInsect":0,"obtain_stats":[{"Replay:Wanted Poster":17,"PreservedInsect":10,"Replay:Wax Seal":15,"Cracked Core":0,"Symbiotic Virus":9,"Replay:Bottled Steam":6},{"Replay:Wanted Poster":9,"PreservedInsect":7,"Replay:Wax Seal":8,"Cracked Core":0,"Symbiotic Virus":6,"Replay:Bottled Steam":5},{"Replay:Wanted Poster":45,"PreservedInsect":31,"Replay:Wax Seal":35,"Cracked Core":0,"Symbiotic Virus":26,"Replay:Bottled Steam":22}]},"card_choices":[{"not_picked":["Reprogram","Panic Button"],"picked":"Cold Snap","floor":1},{"not_picked":["Barrage","Stack"],"picked":"Compile Driver","floor":3},{"not_picked":["Genetic Algorithm","Turbo"],"picked":"White Noise","floor":4},{"not_picked":["Hologram","Consume"],"picked":"Defragment","floor":5},{"not_picked":["Streamline","Tempest"],"picked":"Static Discharge","floor":6},{"not_picked":["ReplayTheSpireMod:Reroute Power","Turbo","ReplayTheSpireMod:System Scan"],"picked":"SKIP","floor":8},{"not_picked":["Stack","Go for the Eyes"],"picked":"Conserve Battery","floor":10},{"not_picked":["Scrape","Redo"],"picked":"Seek","floor":11},{"not_picked":["Fission","Mirror Shield"],"picked":"Core Surge","floor":16},{"not_picked":["Turbo+1","Conserve Battery","Hologram"],"picked":"SKIP","floor":18},{"not_picked":["Undo","Turbo+1"],"picked":"Echo Form","floor":20},{"not_picked":["Redo","ReplaySort+1"],"picked":"White Noise","floor":21}],"player_experience":305652,"relics_obtained":[{"floor":6,"key":"Replay:Bottled Steam"},{"floor":9,"key":"Symbiotic Virus"},{"floor":10,"key":"PreservedInsect"},{"floor":15,"key":"Replay:Wax Seal"}],"event_choices":[{"damage_healed":0,"gold_gain":0,"player_choice":"Ignored","damage_taken":0,"max_hp_gain":0,"max_hp_loss":0,"event_name":"Vampires","floor":19,"gold_loss":0}],"is_beta":false,"boss_relics":[{"not_picked":["Busted Crown","Coffee Dripper"],"picked":"Replay:Wanted Poster"}],"items_purged_floors":[2],"is_endless":false,"potions_floor_spawned":[1,4,10,11,16,18,21],"killed_by":"Snake Plant","ascension_level":7}}