{"host":"jm9833yuloeli2yd","time":1607542110,"event":{"gold_per_floor":[10,27,46,59,73,73,93,120,120,37,37,64,139,154,154,225,225,237,237,255,22,37,72,72,102,102,127,147,47,76,126,126,202,202,219,236,252,252,8,39,39,39,85,117,117,339,339,374,374,374,374,374,374,7,33,33,33],"floor_reached":56,"playtime":2461,"items_purged":["Strike_B","Strike_B","Strike_B"],"score":2435,"play_id":"7b339e0f-0576-49ad-a115-8b1cdcf71248","local_time":"20201209142830","is_ascension_mode":true,"campfire_choices":[{"data":"Zap","floor":6.0,"key":"SMITH"},{"data":"Dualcast","floor":11.0,"key":"SMITH"},{"data":"Conserve Battery","floor":15.0,"key":"SMITH"},{"data":"Biased Cognition","floor":24.0,"key":"SMITH"},{"data":"Buffer","floor":32.0,"key":"SMITH"},{"data":"1","floor":42.0,"key":"LIFT"},{"floor":49.0,"key":"RECALL"},{"data":"2","floor":53.0,"key":"LIFT"}],"neow_cost":"NO_GOLD","seed_source_timestamp":765865869114600,"circlet_count":0,"master_deck":["AscendersBane","Strike_B","Defend_B","Defend_B","Defend_B+1","Defend_B","Zap+1","Dualcast+1","All For One","FTL","Beam Cell","Go for the Eyes","Conserve Battery+1","Chill","Compile Driver","Undo+1","Echo Form","Gash","Biased Cognition+1","Turbo","Gash","Hologram","Buffer+1","All For One","Genetic Algorithm+1","Panache","Swift Strike","Biased Cognition+1","Madness","Madness","Turbo+1","Loop","Flash of Steel"],"special_seed":0,"relics":["Cracked Core","Symbiotic Virus","Meat on the Bone","Bag of Marbles","SlaversCollar","OrangePellets","Singing Bowl","Kunai","War Paint","Red Mask","Juzu Bracelet","Inserter","Medical Kit","Girya","FossilizedHelix","DataDisk","Gremlin Horn"],"potions_floor_usage":[56,56],"damage_taken":[{"damage":2.0,"enemies":"Cultist","floor":1.0,"turns":4.0},{"damage":3.0,"enemies":"2 Louse","floor":2.0,"turns":2.0},{"damage":9.0,"enemies":"Jaw Worm","floor":3.0,"turns":3.0},{"damage":2.0,"enemies":"2 Fungi Beasts","floor":4.0,"turns":3.0},{"damage":12.0,"enemies":"Lots of Slimes","floor":5.0,"turns":3.0},{"damage":0.0,"enemies":"Large Slime","floor":7.0,"turns":4.0},{"damage":6.0,"enemies":"Gremlin Nob","floor":8.0,"turns":3.0},{"damage":0.0,"enemies":"3 Sentries","floor":12.0,"turns":8.0},{"damage":12.0,"enemies":"Gremlin Gang","floor":14.0,"turns":4.0},{"damage":0.0,"enemies":"The Guardian","floor":16.0,"turns":7.0},{"damage":34.0,"enemies":"2 Thieves","floor":18.0,"turns":4.0},{"damage":1.0,"enemies":"Spheric Guardian","floor":20.0,"turns":3.0},{"damage":0.0,"enemies":"Snecko","floor":22.0,"turns":4.0},{"damage":8.0,"enemies":"Slavers","floor":23.0,"turns":5.0},{"damage":26.0,"enemies":"Book of Stabbing","floor":25.0,"turns":4.0},{"damage":22.0,"enemies":"Masked Bandits","floor":27.0,"turns":6.0},{"damage":0.0,"enemies":"Shelled Parasite and Fungi","floor":28.0,"turns":4.0},{"damage":16.0,"enemies":"Slavers","floor":30.0,"turns":5.0},{"damage":0.0,"enemies":"Champ","floor":33.0,"turns":11.0},{"damage":10.0,"enemies":"Orb Walker","floor":35.0,"turns":4.0},{"damage":19.0,"enemies":"3 Shapes","floor":36.0,"turns":4.0},{"damage":0.0,"enemies":"Spire Growth","floor":37.0,"turns":4.0},{"damage":16.0,"enemies":"Giant Head","floor":40.0,"turns":8.0},{"damage":7.0,"enemies":"Reptomancer","floor":44.0,"turns":5.0},{"damage":0.0,"enemies":"Jaw Worm Horde","floor":47.0,"turns":2.0},{"damage":30.0,"enemies":"Giant Head","floor":48.0,"turns":7.0},{"damage":0.0,"enemies":"Donu and Deca","floor":50.0,"turns":8.0},{"damage":39.0,"enemies":"Awakened One","floor":51.0,"turns":12.0},{"damage":25.0,"enemies":"Shield and Spear","floor":55.0,"turns":8.0},{"damage":55,"enemies":"The Heart","floor":56,"turns":5}],"seed_played":"-7238380560059579281","potions_obtained":[{"floor":1.0,"key":"SkillPotion"},{"floor":5.0,"key":"SteroidPotion"},{"floor":12.0,"key":"PotionOfCapacity"},{"floor":16.0,"key":"DuplicationPotion"},{"floor":20.0,"key":"SpeedPotion"},{"floor":28.0,"key":"Swift Potion"},{"floor":30.0,"key":"DistilledChaos"},{"floor":35.0,"key":"SmokeBomb"},{"floor":44.0,"key":"PotionOfCapacity"},{"floor":48.0,"key":"EntropicBrew"}],"is_trial":false,"path_per_floor":["M","M","M","M","M","R","M","E","T","$","R","E","?","M","R","B",null,"M","?","M","$","M","E","R","E","T","?","M","$","E","?","R","B",null,"M","M","M","?","$","E","?","R","T","E","?","?","M","E","R","B","B",null,"R","$","E","B"],"character_chosen":"DEFECT","items_purchased":["LiquidMemories","OrangePellets","Medical Kit","Regen Potion","Loop","Flash of Steel","PowerPotion"],"campfire_rested":0,"item_purchase_floors":[10,21,39,39,54,54,54],"current_hp_per_floor":[62,59,50,48,36,36,36,30,30,30,30,42,31,31,31,43,64,42,44,43,43,43,47,47,35,35,27,39,39,35,35,35,47,68,58,41,43,43,43,44,44,44,44,51,36,36,48,30,30,42,15,66,66,66,55,0,0],"gold":33,"neow_bonus":"THREE_RARE_CARDS","is_prod":false,"is_daily":false,"chose_seed":false,"campfire_upgraded":5,"win_rate":0,"timestamp":1607542110,"path_taken":["M","M","M","M","M","R","M","E","T","$","R","E","?","M","R","BOSS","M","?","M","$","?","E","R","E","T","?","M","?","E","?","R","BOSS","M","M","M","?","$","E","?","R","T","E","?","?","M","E","R","BOSS","BOSS","R","$","E","BOSS"],"build_version":"2020-11-30","purchased_purges":3,"victory":false,"max_hp_per_floor":[71,71,71,71,71,71,71,71,71,71,71,71,71,71,71,71,71,71,71,71,71,71,71,71,73,73,75,75,75,75,75,75,75,75,75,77,79,79,79,81,81,81,81,83,83,83,83,83,83,83,83,83,83,83,85,85,85],"card_choices":[{"not_picked":["Multi-Cast","Machine Learning"],"picked":"All For One","floor":0.0},{"not_picked":["Reprogram","Sweeping Beam"],"picked":"FTL","floor":1.0},{"not_picked":["Loop","Steam"],"picked":"Beam Cell","floor":2.0},{"not_picked":["White Noise","Reboot"],"picked":"Go for the Eyes","floor":3.0},{"not_picked":["Sweeping Beam","Fusion"],"picked":"Conserve Battery","floor":4.0},{"not_picked":["Beam Cell","Coolheaded"],"picked":"Chill","floor":5.0},{"not_picked":["Skim","Rebound"],"picked":"Compile Driver","floor":7.0},{"not_picked":["Turbo","Steam"],"picked":"Undo","floor":8.0},{"not_picked":["Skim","Go for the Eyes"],"picked":"Echo Form","floor":12.0},{"not_picked":["Blizzard","Redo"],"picked":"Gash","floor":14.0},{"not_picked":["Fission","Thunder Strike"],"picked":"Biased Cognition","floor":16.0},{"not_picked":["Leap","Ball Lightning"],"picked":"Turbo","floor":18.0},{"not_picked":["Sunder","Storm","Go for the Eyes+1"],"picked":"SKIP","floor":20.0},{"not_picked":["Redo+1","Cold Snap","Reprogram"],"picked":"SKIP","floor":22.0},{"not_picked":["Steam","Stack"],"picked":"Gash","floor":23.0},{"not_picked":["Turbo","Loop","Steam"],"picked":"Singing Bowl","floor":25.0},{"not_picked":["Rip and Tear","Hello World","Conserve Battery"],"picked":"Singing Bowl","floor":27.0},{"not_picked":["Reprogram","Compile Driver"],"picked":"Hologram","floor":28.0},{"not_picked":["Self Repair","Double Energy"],"picked":"Buffer","floor":30.0},{"not_picked":["Multi-Cast","Rainbow"],"picked":"All For One","floor":33.0},{"not_picked":["Compile Driver","Cold Snap"],"picked":"Genetic Algorithm+1","floor":35.0},{"not_picked":["Go for the Eyes","Compile Driver+1","Glacier"],"picked":"Singing Bowl","floor":36.0},{"not_picked":["Stack","Leap","Turbo"],"picked":"Singing Bowl","floor":37.0},{"not_picked":["Finesse","Mind Blast"],"picked":"Panache","floor":38.0},{"not_picked":["PanicButton","Purity"],"picked":"Swift Strike","floor":38.0},{"not_picked":["Barrage","Streamline","Steam"],"picked":"Singing Bowl","floor":40.0},{"not_picked":["Aggregate","Rip and Tear","Leap"],"picked":"Singing Bowl","floor":44.0},{"not_picked":["Rainbow","Go for the Eyes"],"picked":"Turbo+1","floor":48.0},{"not_picked":["Go for the Eyes","Beam Cell","Self Repair"],"picked":"Singing Bowl","floor":55.0}],"player_experience":982883,"relics_obtained":[{"floor":8.0,"key":"Symbiotic Virus"},{"floor":9.0,"key":"Meat on the Bone"},{"floor":12.0,"key":"Bag of Marbles"},{"floor":23.0,"key":"Singing Bowl"},{"floor":25.0,"key":"Kunai"},{"floor":26.0,"key":"War Paint"},{"floor":27.0,"key":"Red Mask"},{"floor":30.0,"key":"Juzu Bracelet"},{"floor":40.0,"key":"Girya"},{"floor":44.0,"key":"FossilizedHelix"},{"floor":48.0,"key":"DataDisk"},{"floor":55.0,"key":"Gremlin Horn"}],"event_choices":[{"damage_healed":0.0,"max_hp_gain":0.0,"max_hp_loss":0.0,"gold_gain":75.0,"event_name":"World of Goop","player_choice":"Gather Gold","floor":13.0,"gold_loss":0.0,"damage_taken":11.0},{"damage_healed":2.0,"max_hp_gain":0.0,"max_hp_loss":0.0,"gold_gain":0.0,"event_name":"betterSkull:BetterSkull","player_choice":"LEAVE ","floor":19.0,"gold_loss":0.0,"damage_taken":0.0,"cards_upgraded":[],"relics_obtained":[]},{"damage_healed":0.0,"max_hp_gain":0.0,"max_hp_loss":0.0,"gold_gain":0.0,"event_name":"Masked Bandits","player_choice":"Fought Bandits","floor":27.0,"gold_loss":0.0,"damage_taken":0.0},{"damage_healed":0.0,"max_hp_gain":0.0,"max_hp_loss":0.0,"gold_gain":50.0,"event_name":"Golden Shrine","player_choice":"Pray","floor":31.0,"gold_loss":0.0,"damage_taken":0.0},{"damage_healed":0.0,"max_hp_gain":0.0,"max_hp_loss":0.0,"gold_gain":3.0,"event_name":"betterStone:BetterStone","player_choice":"1","floor":38.0,"gold_loss":0.0,"damage_taken":0.0},{"damage_healed":0.0,"max_hp_gain":0.0,"max_hp_loss":0.0,"gold_gain":0.0,"event_name":"Duplicator","player_choice":"Copied","floor":41.0,"gold_loss":0.0,"damage_taken":0.0,"cards_obtained":["Biased Cognition"]},{"damage_healed":0.0,"max_hp_gain":0.0,"max_hp_loss":0.0,"gold_gain":0.0,"event_name":"Winding Halls","player_choice":"Embrace Madness","floor":45.0,"gold_loss":0.0,"damage_taken":15.0,"cards_obtained":["Madness","Madness"]},{"damage_healed":0.0,"max_hp_gain":0.0,"max_hp_loss":0.0,"gold_gain":222.0,"event_name":"Tomb of Lord Red Mask","player_choice":"Wore Mask","floor":46.0,"gold_loss":0.0,"damage_taken":0.0}],"is_beta":false,"boss_relics":[{"not_picked":["Empty Cage","Calling Bell"],"picked":"SlaversCollar"},{"not_picked":["Runic Dome","Sozu"],"picked":"Inserter"}],"items_purged_floors":[21,29,54],"is_endless":false,"potions_floor_spawned":[1,5,7,12,16,20,22,28,30,35,44,47,48],"killed_by":"The Heart","ascension_level":20}}