{"host":"3m32mriab3qyn2w0","time":1607488081,"event":{"gold_per_floor":[127,127,127,59,459,459,493,493,548,578,578,182,182,202,202,298,298,314,314,333,333,143,143],"floor_reached":22,"playtime":1460,"items_purged":["theHeart:theHeartCommonAttack"],"score":180,"play_id":"4dd9251d-e093-4e97-9dbe-15f8572e2415","local_time":"20201209042801","daily_mods":["Heirloom","Flight"],"is_ascension_mode":false,"campfire_choices":[{"data":"Conjunction:Offense","floor":6,"key":"SMITH"},{"data":"theHeart:BloodClots","floor":8,"key":"SMITH"},{"data":"theHeart:TentacleWhip","floor":15,"key":"SMITH"}],"neow_cost":"","seed_source_timestamp":0,"circlet_count":0,"master_deck":["theHeart:BloodDrop","theHeart:Scab","theHeart:theHeartDefend","theHeart:theHeartDefend","theHeart:theHeartDefend","theHeart:theHeartCommonAttack","theHeart:theHeartCommonAttack","theHeart:theHeartCommonAttack","theHeart:Tachycardia","theHeart:Echo","Conjunction:Offense+1","Conjunction:Defense","theHeart:BloodClots+1","theHeart:Invincibility+1","theHeart:TentacleWhip+1","theHeart:PrecisionCut","Flying Knee","CutThroughFate","theHeart:Devour","theHeart:CapillaryExchange"],"relics":["theHeart:BeatOfDeath","hubris:64BitClover","testmod-BouquetWithThorns","TheVixenMod:UmbreonRelic","zeldaRelics:RedTunic","Conjunction:SoulLantern","zeldaRelics:CourageTriforce","Frozen Egg 2","Juzu Bracelet"],"potions_floor_usage":[3,18,22,22],"damage_taken":[{"damage":0,"enemies":"Small Slimes","floor":1,"turns":4},{"damage":4,"enemies":"Small Slimes","floor":2,"turns":2},{"damage":31,"enemies":"Small Slimes","floor":3,"turns":5},{"damage":10,"enemies":"HollowMod:MossKnight","floor":7,"turns":8},{"damage":0,"enemies":"2 Louse","floor":10,"turns":2},{"damage":11,"enemies":"Jaw Worm","floor":14,"turns":2},{"damage":9,"enemies":"Fading Forest","floor":16,"turns":11},{"damage":32,"enemies":"theJungle:GiantWrat","floor":18,"turns":4},{"damage":8,"enemies":"theJungle:MUSHROOMGANG","floor":20,"turns":4}],"seed_played":"4492078994883395362","potions_obtained":[{"floor":1,"key":"blueLaboratory:FrostheartPotion"},{"floor":10,"key":"hexamod:EctoCoolerPotion"},{"floor":11,"key":"Elixir"},{"floor":18,"key":"DistilledChaos"}],"is_trial":true,"path_per_floor":["M","?","?","$","?","R","E","R","T","M","?","$","T","M","R","B",null,"M","?","M","?","$"],"character_chosen":"THE_HEART","items_purchased":["Conjunction:SoulLantern","Frozen Egg 2","theHeart:Invincibility+1","Fruit Juice"],"campfire_rested":0,"item_purchase_floors":[4,12,12,22],"current_hp_per_floor":[75,71,40,40,40,40,30,30,30,30,30,30,30,19,19,20,75,43,43,35,35,45,45],"gold":143,"neow_bonus":"","is_prod":false,"is_daily":false,"chose_seed":false,"campfire_upgraded":3,"win_rate":0.0,"timestamp":1607488081,"path_taken":["M","?","?","$","?","R","E","R","T","?","?","$","?","M","R","BOSS","M","?","?","?","?"],"build_version":"2020-11-30","purchased_purges":1,"victory":false,"max_hp_per_floor":[75,75,75,75,75,75,75,75,75,75,75,75,75,75,75,75,75,75,75,75,75,85,85],"card_choices":[{"not_picked":["theHeart:TranquilRhythm","theHeart:Arrhythmia"],"picked":"theHeart:Tachycardia","floor":1},{"not_picked":["theHeart:Tachycardia","theHeart:Embolism"],"picked":"theHeart:Echo","floor":3},{"not_picked":["theHeart:Hemorrhage","theHeart:BloodTransfusion"],"picked":"theHeart:BloodClots","floor":7},{"not_picked":["theHeart:TranquilRhythm","theHeart:Virus","theHeart:Tachycardia"],"picked":"SKIP","floor":10},{"not_picked":["theHeart:HeartyVessels","theHeart:SpireGrowth"],"picked":"theHeart:TentacleWhip","floor":14},{"not_picked":["theHeart:Enrage","theHeart:SpireSpear"],"picked":"theHeart:PrecisionCut","floor":16},{"not_picked":["theHeart:ArterialFlow","theHeart:SpireGrowth"],"picked":"theHeart:Devour","floor":18},{"not_picked":["theHeart:Constrict","theHeart:NoxiousBlood+1"],"picked":"theHeart:CapillaryExchange","floor":20}],"player_experience":359927,"relics_obtained":[{"floor":3,"key":"zeldaRelics:RedTunic"},{"floor":7,"key":"zeldaRelics:CouragePiece"},{"floor":9,"key":"zeldaRelics:CouragePiece"},{"floor":13,"key":"zeldaRelics:CouragePiece"}],"event_choices":[{"damage_healed":0,"gold_gain":0,"player_choice":"Fight the Beast\u0027s assailants","damage_taken":0,"relics_obtained":["TheVixenMod:UmbreonRelic"],"max_hp_gain":0,"max_hp_loss":0,"event_name":"Creature of the Night","floor":2,"gold_loss":0},{"damage_healed":0,"gold_gain":400,"player_choice":"Sell","damage_taken":0,"max_hp_gain":0,"max_hp_loss":0,"event_name":"Plate Of N\u0027loth","floor":5,"relics_lost":["testmod-TestBox"],"gold_loss":0},{"damage_healed":0,"gold_gain":0,"player_choice":"Got Potions","damage_taken":0,"max_hp_gain":0,"max_hp_loss":0,"event_name":"Lab","floor":11,"gold_loss":0},{"damage_healed":0,"gold_gain":0,"player_choice":"Ignored","damage_taken":0,"max_hp_gain":0,"max_hp_loss":0,"event_name":"betterNote:BetterNote","floor":19,"gold_loss":0,"cards_obtained":["Pot Of Greed"]},{"damage_healed":0,"gold_gain":0,"player_choice":"Swap Relic","damage_taken":0,"relics_obtained":["Juzu Bracelet"],"max_hp_gain":0,"max_hp_loss":0,"event_name":"Box For Yourself","floor":21,"relics_lost":["qcfpunch:Killian_Engine_Alpha"],"gold_loss":0}],"is_beta":false,"boss_relics":[{"not_picked":["SlaversCollar","Calling Bell"],"picked":"qcfpunch:Killian_Engine_Alpha"}],"items_purged_floors":[12],"is_endless":false,"potions_floor_spawned":[1,2,10,18],"ascension_level":0}}