{"host":"12piqfhmdln9x2la","time":1607525247,"event":{"gold_per_floor":[118,293,73,88,88,113,113,143,143,159,171,185,205,239,239,335,335,354,374,289,289,289],"floor_reached":21,"playtime":410,"items_purged":["Doubt"],"score":226,"play_id":"8fbf1e1f-ceea-46cf-b31f-1cc558ba4016","local_time":"20201209234727","is_ascension_mode":false,"campfire_choices":[{"data":"Deadly Poison","floor":7,"key":"SMITH"},{"data":"Catalyst","floor":15,"key":"SMITH"}],"neow_cost":"NONE","seed_source_timestamp":19173777364800,"circlet_count":0,"master_deck":["Strike_G","Strike_G","Strike_G","Strike_G","Defend_G","Defend_G","Defend_G","Defend_G","Defend_G","Survivor","Neutralize","Flying Knee","Deadly Poison+1","Catalyst+1","Slice+1","Prepared","Poisoned Stab+1","Deflect","Acrobatics","Blur","Phantasmal Killer","Prepared+1","Prepared"],"relics":["Ring of the Snake","NeowsBlessing","Snake Skull","Bottled Lightning","StoneCalendar","Pantograph","Whetstone","Black Star","The Courier"],"potions_floor_usage":[14,16,21],"damage_taken":[{"damage":0,"enemies":"Small Slimes","floor":1,"turns":1},{"damage":0,"enemies":"Jaw Worm","floor":4,"turns":1},{"damage":0,"enemies":"Gremlin Nob","floor":6,"turns":1},{"damage":13,"enemies":"Lagavulin","floor":8,"turns":5},{"damage":0,"enemies":"Cultist","floor":10,"turns":2},{"damage":3,"enemies":"Large Slime","floor":11,"turns":4},{"damage":6,"enemies":"Exordium Thugs","floor":12,"turns":4},{"damage":8,"enemies":"Red Slaver","floor":13,"turns":3},{"damage":1,"enemies":"Gremlin Nob","floor":14,"turns":3},{"damage":25,"enemies":"Hexaghost","floor":16,"turns":5},{"damage":38,"enemies":"Spheric Guardian","floor":18,"turns":6},{"damage":16,"enemies":"Shell Parasite","floor":19,"turns":4},{"damage":15,"enemies":"Snake Plant","floor":21,"turns":3}],"seed_played":"3374461518037555748","potions_obtained":[{"floor":4,"key":"FearPotion"},{"floor":10,"key":"Weak Potion"},{"floor":12,"key":"Energy Potion"},{"floor":14,"key":"CunningPotion"},{"floor":19,"key":"Energy Potion"}],"is_trial":false,"path_per_floor":["M","?","$","M","?","E","R","E","T","M","M","M","M","E","R","B",null,"M","M","?","M"],"character_chosen":"THE_SILENT","items_purchased":["Snake Skull"],"campfire_rested":0,"item_purchase_floors":[3],"current_hp_per_floor":[70,70,70,70,70,70,70,57,57,57,54,48,40,39,39,39,70,32,16,16,1,1],"gold":289,"neow_bonus":"THREE_ENEMY_KILL","is_prod":false,"is_daily":false,"chose_seed":false,"campfire_upgraded":2,"win_rate":0.0,"timestamp":1607525247,"path_taken":["M","?","$","M","?","E","R","E","T","M","M","M","?","E","R","BOSS","M","M","?","M"],"build_version":"2020-11-30","purchased_purges":1,"victory":false,"max_hp_per_floor":[70,70,70,70,70,70,70,70,70,70,70,70,70,70,70,70,70,70,70,70,70,70],"card_choices":[{"not_picked":["Leg Sweep","Slice"],"picked":"Flying Knee","floor":1},{"not_picked":["Eviscerate","Outmaneuver"],"picked":"Deadly Poison","floor":4},{"not_picked":["Malaise","Poisoned Stab"],"picked":"Catalyst","floor":6},{"not_picked":["Underhanded Strike","Accuracy"],"picked":"Slice","floor":8},{"not_picked":["Deflect","Expertise"],"picked":"Prepared","floor":10},{"not_picked":["Burst","Blade Dance"],"picked":"Poisoned Stab","floor":11},{"not_picked":["Prepared","Outmaneuver"],"picked":"Deflect","floor":12},{"not_picked":["Dodge and Roll","Finisher"],"picked":"Acrobatics","floor":13},{"not_picked":["Underhanded Strike","Distraction"],"picked":"Blur","floor":14},{"not_picked":["Bullet Time","A Thousand Cuts"],"picked":"Phantasmal Killer","floor":16},{"not_picked":["Poisoned Stab","Finisher"],"picked":"Prepared+1","floor":18},{"not_picked":["Terror","Cloak And Dagger"],"picked":"Prepared","floor":19}],"player_experience":92656,"relics_obtained":[{"floor":6,"key":"Bottled Lightning"},{"floor":8,"key":"StoneCalendar"},{"floor":9,"key":"Pantograph"},{"floor":14,"key":"Whetstone"}],"event_choices":[{"damage_healed":0,"gold_gain":175,"player_choice":"AGREE","damage_taken":0,"max_hp_gain":0,"max_hp_loss":0,"event_name":"Liars Game","floor":2,"gold_loss":0,"cards_obtained":["Doubt"]},{"cards_removed":["Strike_G"],"damage_healed":0,"gold_gain":0,"player_choice":"Purged","damage_taken":0,"max_hp_gain":0,"max_hp_loss":0,"event_name":"Purifier","floor":5,"gold_loss":0},{"damage_healed":0,"gold_gain":0,"player_choice":"Obtained Relic","damage_taken":0,"relics_obtained":["The Courier"],"max_hp_gain":0,"max_hp_loss":0,"event_name":"Addict","floor":20,"gold_loss":85}],"is_beta":false,"boss_relics":[{"not_picked":["Coffee Dripper","Tiny House"],"picked":"Black Star"}],"items_purged_floors":[3],"is_endless":false,"potions_floor_spawned":[4,10,12,14,19],"killed_by":"Snake Plant","ascension_level":0}}