{"host":"woah5shdh5xsovm3","time":1607536930,"event":{"gold_per_floor":[116,116,41,41,60,86,86,86,86,86,86,110,110,124,124,225,225,244,244,258,258,258,258],"floor_reached":22,"playtime":753,"items_purged":["Slimebound:Strike_Slimebound"],"score":182,"play_id":"e024f88a-9e79-4677-9722-496c18321d5e","local_time":"20201209120210","is_ascension_mode":false,"campfire_choices":[{"floor":8,"key":"REST"},{"floor":15,"key":"REST"}],"neow_cost":"BASIC_CARDS","seed_source_timestamp":655978110012100,"circlet_count":0,"master_deck":["animator:Strike_Overlord","animator:Defend_Overlord","animator:Strike","animator:Strike","animator:Strike","animator:Defend","animator:Defend","animator:Cocytus","animator:Demiurge+1","animator:Shalltear+1","animator:Evileye+1"],"relics":["animator:VividPicture","animator:TheMissingPiece","Pocketwatch","hubris:Icosahedron","Shuriken","Molten Egg 2","hubris:64BitClover"],"potions_floor_usage":[16,18],"damage_taken":[{"damage":2,"enemies":"2 Louse","floor":1,"turns":3},{"damage":0,"enemies":"Small Slimes","floor":5,"turns":3},{"damage":28,"enemies":"Gremlin Nob","floor":6,"turns":4},{"damage":10,"enemies":"Jaw Worm","floor":12,"turns":3},{"damage":0,"enemies":"3 Louse","floor":14,"turns":4},{"damage":30,"enemies":"Slime Boss","floor":16,"turns":10},{"damage":25,"enemies":"Chosen","floor":18,"turns":6},{"damage":20,"enemies":"2 Thieves","floor":20,"turns":5},{"damage":29,"enemies":"3 Cultists","floor":22,"turns":4}],"seed_played":"5783733598432218045","potions_obtained":[{"floor":1,"key":"AttackPotion"},{"floor":12,"key":"SpeedPotion"},{"floor":16,"key":"PowerPotion"}],"is_trial":false,"path_per_floor":["M","?","$","?","M","E","?","R","T","$","?","M","$","M","R","B",null,"M","?","M","?","M"],"character_chosen":"THE_ANIMATOR","items_purchased":[],"campfire_rested":2,"item_purchase_floors":[],"current_hp_per_floor":[64,64,64,61,61,33,33,52,52,52,45,35,35,35,54,24,66,41,41,22,22,0,0],"gold":258,"neow_bonus":"ONE_RARE_RELIC","is_prod":false,"is_daily":false,"chose_seed":false,"campfire_upgraded":0,"win_rate":0,"timestamp":1607536930,"path_taken":["M","?","$","?","M","E","?","R","T","?","?","M","?","M","R","BOSS","M","?","?","?","?"],"build_version":"2020-11-30","purchased_purges":1,"victory":false,"max_hp_per_floor":[66,66,66,66,66,66,66,66,66,66,66,66,66,66,66,66,66,66,66,67,67,67,67],"card_choices":[{"not_picked":["animator:IzunaHatsuse","animator:Jibril","animator:YunYun"],"picked":"SKIP","floor":1},{"not_picked":["animator:GazelDwargon","animator:Viivi","animator:Guy"],"picked":"SKIP","floor":5},{"not_picked":["animator:Megumin+1","animator:Shiro","animator:Aqua"],"picked":"SKIP","floor":6},{"not_picked":["animator:PandorasActor","animator:Entoma+1"],"picked":"animator:Shalltear+1","floor":12},{"not_picked":["animator:Shion+1","animator:Guy","animator:OrikoMikuni"],"picked":"SKIP","floor":14},{"not_picked":["animator:Shion+1","animator:Mitsurugi+1","animator:Jibril+1"],"picked":"SKIP","floor":18},{"not_picked":["animator:Kazuma","animator:Benimaru+1"],"picked":"animator:Evileye+1","floor":20}],"player_experience":355732,"relics_obtained":[{"floor":6,"key":"Molten Egg 2"},{"floor":9,"key":"hubris:64BitClover"}],"event_choices":[{"damage_healed":0,"gold_gain":0,"player_choice":"Success","damage_taken":3,"relics_obtained":["Shuriken"],"max_hp_gain":0,"max_hp_loss":0,"event_name":"Scrap Ooze","floor":4,"gold_loss":0},{"cards_removed":["Guardian:Strike_Guardian"],"damage_healed":0,"gold_gain":0,"player_choice":"Card Removal","damage_taken":7,"max_hp_gain":0,"max_hp_loss":0,"event_name":"Golden Wing","floor":11,"gold_loss":0},{"cards_removed":["animator:Defend"],"damage_healed":0,"gold_gain":0,"player_choice":"Purged","damage_taken":0,"max_hp_gain":0,"max_hp_loss":0,"event_name":"Purifier","floor":19,"gold_loss":0},{"damage_healed":0,"gold_gain":0,"player_choice":"Ignored","damage_taken":0,"max_hp_gain":0,"max_hp_loss":0,"event_name":"NoteForYourself","floor":21,"gold_loss":0}],"is_beta":false,"boss_relics":[{"not_picked":["ChewingGum","hubris:VirtuousBlindfold"],"picked":"animator:VividPicture"}],"items_purged_floors":[3],"is_endless":false,"potions_floor_spawned":[1,12,16],"killed_by":"3 Cultists","ascension_level":0}}