{"host":"z9x5nldzhmx4jdfi","time":1607488254,"event":{"gold_per_floor":[127,127,139,154,180,180,203,203,203,216,216,216,216],"floor_reached":12,"playtime":588,"items_purged":[],"score":144,"play_id":"7fbadd56-bc37-496c-af77-e49b017fbfb9","local_time":"20201208223054","is_ascension_mode":true,"campfire_choices":[{"data":"animator:Shichika","floor":6,"key":"SMITH"},{"floor":11,"key":"REST"}],"neow_cost":"","seed_source_timestamp":1062278163080400,"circlet_count":0,"master_deck":["AscendersBane","animator:Strike_Fate","animator:Defend_Fate","animator:Strike+1","animator:Strike+1","animator:Strike","animator:Defend","animator:Defend","animator:Defend","animator:Alexander","animator:Rider","animator:Shichika+1","animator:Emonzaemon","animator:Caster","animator:TsurugaMeisai","animator:Emonzaemon"],"relics":["animator:LivingPicture","animator:TheMissingPiece","Whetstone","Anchor","infinitespire:EmpoweringShard"],"potions_floor_usage":[5,12],"damage_taken":[{"damage":12,"enemies":"Jaw Worm","floor":1,"turns":3},{"damage":9,"enemies":"Cultist","floor":3,"turns":4},{"damage":0,"enemies":"2 Louse","floor":4,"turns":3},{"damage":22,"enemies":"Blue Slaver","floor":5,"turns":7},{"damage":0,"enemies":"3 Louse","floor":7,"turns":3},{"damage":3,"enemies":"Looter","floor":10,"turns":4},{"damage":37,"enemies":"Gremlin Nob","floor":12,"turns":3}],"seed_played":"4789676607610746306","potions_obtained":[{"floor":1,"key":"GamblersBrew"},{"floor":3,"key":"DuplicationPotion"},{"floor":4,"key":"Energy Potion"}],"is_trial":false,"path_per_floor":["M","?","M","M","M","R","M","?","T","M","R","E"],"character_chosen":"THE_ANIMATOR","items_purchased":["Whetstone"],"campfire_rested":1,"item_purchase_floors":[0],"current_hp_per_floor":[38,38,29,30,8,8,8,8,8,5,23,0,0],"gold":216,"neow_bonus":"","is_prod":false,"is_daily":false,"chose_seed":false,"campfire_upgraded":1,"win_rate":0,"timestamp":1607488254,"path_taken":["M","?","M","?","M","R","M","?","T","M","R","E"],"build_version":"2020-11-30","purchased_purges":0,"victory":false,"max_hp_per_floor":[60,60,60,61,61,61,61,61,61,61,61,61,61],"card_choices":[{"not_picked":["animator:SuzuneAmano","animator:Sloth"],"picked":"animator:Shichika","floor":1},{"not_picked":["animator:Add","animator:Rider","animator:Verdia"],"picked":"SKIP","floor":3},{"not_picked":["animator:Hitei","animator:YachiyoNanami"],"picked":"animator:Emonzaemon","floor":4},{"not_picked":["animator:Rider","animator:Illya"],"picked":"animator:Caster","floor":5},{"not_picked":["animator:WinryRockbell","animator:IrohaTamaki"],"picked":"animator:TsurugaMeisai","floor":7},{"not_picked":["animator:Aqua","animator:Ciel"],"picked":"animator:Emonzaemon","floor":10}],"player_experience":1466746,"relics_obtained":[{"floor":9,"key":"infinitespire:EmpoweringShard"}],"event_choices":[{"damage_healed":0,"gold_gain":0,"player_choice":"Gave Potion","damage_taken":0,"relics_obtained":["Anchor"],"max_hp_gain":0,"max_hp_loss":0,"event_name":"WeMeetAgain","floor":2,"gold_loss":0}],"is_beta":false,"boss_relics":[],"items_purged_floors":[],"is_endless":false,"potions_floor_spawned":[1,3,4],"killed_by":"Gremlin Nob","ascension_level":20}}