{"host":"6p0attdrtjqaih7v","time":1607498129,"event":{"gold_per_floor":[110,122,134,134,161,161,187,26,51,83,103,103,136,146,146,217,217,201,218,313,323,248,248,148,173,223,243,276,276,276,308,308,382,382,394,394,408,408,418,418,450,450,450,450,65,80,90,104,104,104],"floor_reached":51,"playtime":3081,"items_purged":["construct:AttackMode","construct:Strike_Gold","construct:Strike_Gold"],"score":1409,"play_id":"b302b558-5c13-4687-9dac-2fee9ec60b8d","local_time":"20201209021529","is_ascension_mode":true,"campfire_choices":[{"data":"construct:OneWayMirror","floor":6,"key":"SMITH"},{"floor":12,"key":"REST"},{"data":"construct:Reinforce","floor":15,"key":"SMITH"},{"data":"construct:DefenseMode","floor":23,"key":"SMITH"},{"floor":29,"key":"REST"},{"floor":32,"key":"REST"},{"data":"construct:SiegeForm","floor":40,"key":"SMITH"},{"data":"construct:BlazingSpeed","floor":42,"key":"SMITH"},{"data":"construct:BlazingSpeed","floor":44,"key":"SMITH"},{"data":"construct:Disrupt","floor":49,"key":"SMITH"}],"neow_cost":"NONE","seed_source_timestamp":1889911942073500,"circlet_count":0,"master_deck":["AscendersBane","construct:Defend_Gold","construct:Defend_Gold","construct:Defend_Gold","construct:Defend_Gold","construct:Defend_Gold","construct:DefenseMode+1","Trip+1","construct:Reinforce+1","construct:OneWayMirror+1","construct:BlazingSpeed+1","construct:BlazingSpeed+1","construct:Hazardproof","construct:SyphonStrike","construct:FlammableFog","construct:SiegeForm+1","AbeCurse","construct:SyphonStrike","construct:ScopeCore","construct:PhosphorStorm+1","construct:Missile","construct:Reserves","construct:Disrupt+1","construct:OmegaCannon","construct:Hazardproof","construct:SyphonStrike","construct:SyphonStrike"],"relics":["construct:Cogwheel","Whetstone","Pear","DollysMirror","Art of War","Anchor","Simple Rune","Abe\u0027s Treasure","Lantern","War Paint","Pen Nib","Eternal Feather","Replay:Grab Bag","ReplayTheSpireMod:DimensionalGlitch","Replay:Drink Me","Chameleon Ring","Snack Pack","Lee\u0027s Waffle"],"potions_floor_usage":[7,11,13,16,25,28,31,38,50,50],"damage_taken":[{"damage":11,"enemies":"Small Slimes","floor":1,"turns":4},{"damage":12,"enemies":"Jaw Worm","floor":2,"turns":3},{"damage":1,"enemies":"2 Louse","floor":3,"turns":4},{"damage":26,"enemies":"Gremlin Nob","floor":7,"turns":4},{"damage":10,"enemies":"Lagavulin","floor":10,"turns":6},{"damage":0,"enemies":"Exordium Thugs","floor":11,"turns":4},{"damage":0,"enemies":"Replay:BlueRogue","floor":13,"turns":5},{"damage":0,"enemies":"Looter","floor":14,"turns":4},{"damage":8,"enemies":"The Guardian","floor":16,"turns":14},{"damage":8,"enemies":"2 Thieves","floor":18,"turns":4},{"damage":4,"enemies":"3 Byrds","floor":19,"turns":5},{"damage":6,"enemies":"Snecko","floor":21,"turns":7},{"damage":32,"enemies":"Book of Stabbing","floor":25,"turns":7},{"damage":10,"enemies":"Chosen and Byrds","floor":27,"turns":6},{"damage":1,"enemies":"Slavers","floor":28,"turns":7},{"damage":24,"enemies":"Gremlin Leader","floor":31,"turns":5},{"damage":42,"enemies":"Automaton","floor":33,"turns":15},{"damage":0,"enemies":"3 Darklings","floor":35,"turns":6},{"damage":0,"enemies":"3 Shapes","floor":37,"turns":3},{"damage":0,"enemies":"3 Darklings","floor":39,"turns":4},{"damage":3,"enemies":"Giant Head","floor":41,"turns":10},{"damage":0,"enemies":"4 Shapes","floor":46,"turns":6},{"damage":0,"enemies":"Maw","floor":47,"turns":3},{"damage":0,"enemies":"3 Darklings","floor":48,"turns":3},{"damage":12,"enemies":"Time Eater","floor":50,"turns":5}],"seed_played":"8069409890892482259","potions_obtained":[{"floor":2,"key":"Fire Potion"},{"floor":3,"key":"Explosive Potion"},{"floor":7,"key":"DuplicationPotion"},{"floor":11,"key":"Weak Potion"},{"floor":13,"key":"DuplicationPotion"},{"floor":18,"key":"Toxic Potion"},{"floor":27,"key":"Venom Potion"},{"floor":28,"key":"ColorlessPotion"},{"floor":33,"key":"SkillPotion"},{"floor":35,"key":"SpeedPotion"},{"floor":37,"key":"EntropicBrew"},{"floor":38,"key":"Fruit Juice"},{"floor":38,"key":"FearPotion"},{"floor":48,"key":"Dexterity Potion"}],"is_trial":false,"path_per_floor":["M","M","M","?","T","R","E","$","T","E","M","R","E","M","R","B",null,"M","M","?","M","$","R","$","E","T","M","E","R","?","E","R","B",null,"M","?","M","?","M","R","E","R","T","R","$","M","M","M","R","B",null],"character_chosen":"THE_CONSTRUCT_MOD","items_purchased":["DollysMirror","construct:Hazardproof","construct:SyphonStrike","Lee\u0027s Waffle"],"campfire_rested":3,"item_purchase_floors":[8,45,45,45],"current_hp_per_floor":[61,49,48,48,48,48,32,32,32,22,22,49,49,49,49,41,78,70,66,54,48,48,48,48,16,16,6,5,32,32,8,50,8,53,53,53,53,58,58,70,67,73,73,73,80,80,80,80,80,71],"gold":104,"neow_bonus":"RANDOM_COLORLESS","is_prod":false,"is_daily":false,"chose_seed":false,"campfire_upgraded":7,"win_rate":0,"timestamp":1607498129,"path_taken":["M","M","M","?","?","R","E","$","T","E","M","R","E","M","R","BOSS","M","M","?","M","?","R","$","E","T","M","E","R","?","E","R","BOSS","M","?","M","?","M","R","E","R","T","R","$","M","M","M","R","BOSS"],"build_version":"2020-11-30","purchased_purges":3,"victory":true,"max_hp_per_floor":[80,80,80,80,80,80,90,90,90,90,90,90,90,90,90,90,90,90,90,90,90,90,90,90,90,90,90,90,90,90,90,90,90,68,68,68,68,73,73,73,73,73,73,73,80,80,80,80,80,80],"relic_stats":{"Lee\u0027s Waffle":7,"counters":[25,144],"Eternal Feather":33,"Pen Nib":[15],"Art of War":[9],"Whetstone":["construct:Strike_Gold","construct:Strike_Gold"],"War Paint":["construct:Defend_Gold","Trip"],"obtain_stats":[{"Lantern":25,"Lee\u0027s Waffle":45,"Pear":7,"Replay:Grab Bag":34,"Eternal Feather":31,"Pen Nib":28,"Whetstone":5,"War Paint":26,"Anchor":10,"Chameleon Ring":41,"DollysMirror":8,"construct:Cogwheel":0,"Simple Rune":13,"Art of War":9,"Snack Pack":43,"ReplayTheSpireMod:DimensionalGlitch":34,"Replay:Drink Me":34,"Abe\u0027s Treasure":17},{"Lantern":13,"Lee\u0027s Waffle":21,"Pear":4,"Replay:Grab Bag":17,"Eternal Feather":16,"Pen Nib":15,"Whetstone":3,"War Paint":13,"Anchor":5,"Chameleon Ring":21,"DollysMirror":4,"construct:Cogwheel":0,"Simple Rune":7,"Art of War":4,"Snack Pack":21,"ReplayTheSpireMod:DimensionalGlitch":17,"Replay:Drink Me":17,"Abe\u0027s Treasure":9},{"Lantern":71,"Lee\u0027s Waffle":127,"Pear":15,"Replay:Grab Bag":104,"Eternal Feather":89,"Pen Nib":84,"Whetstone":11,"War Paint":71,"Anchor":21,"Chameleon Ring":127,"DollysMirror":15,"construct:Cogwheel":0,"Simple Rune":30,"Art of War":15,"Snack Pack":127,"ReplayTheSpireMod:DimensionalGlitch":104,"Replay:Drink Me":104,"Abe\u0027s Treasure":48}]},"card_choices":[{"not_picked":["Bandage Up","Forethought"],"picked":"Trip","floor":0},{"not_picked":["construct:Boost","construct:FlashFreeze"],"picked":"construct:Reinforce","floor":1},{"not_picked":["construct:Analyze","construct:Anticipate","construct:SaveState"],"picked":"SKIP","floor":2},{"not_picked":["construct:Versatility","construct:MoltenSmash"],"picked":"construct:OneWayMirror","floor":3},{"not_picked":["construct:SaveState","construct:ChargeShot"],"picked":"construct:BlazingSpeed","floor":7},{"not_picked":["construct:MetalShell","construct:Tumble"],"picked":"construct:Hazardproof","floor":10},{"not_picked":["construct:SuppressiveFire","construct:Implosion"],"picked":"construct:SyphonStrike","floor":11},{"not_picked":["construct:Backfire","construct:FierceBash"],"picked":"construct:FlammableFog","floor":13},{"not_picked":["construct:FlammableFog","construct:ShieldGenerator","ReplayTheSpireMod:Mirror System"],"picked":"SKIP","floor":14},{"not_picked":["construct:ShiftingStance","construct:MassProduction"],"picked":"construct:SiegeForm","floor":16},{"not_picked":["construct:SuppressiveFire","construct:ShiftStrike"],"picked":"construct:SyphonStrike","floor":18},{"not_picked":["ReplayTheSpireMod:Mirror System","construct:CriticalHit","construct:FocusedBeam"],"picked":"SKIP","floor":19},{"not_picked":["construct:ClusterMines","construct:Construct_Overclock","construct:ElectricArmor+1"],"picked":"SKIP","floor":21},{"not_picked":["construct:CreateCores","construct:Versatility"],"picked":"construct:ScopeCore","floor":25},{"not_picked":["construct:ForceCore","construct:FlammableFog"],"picked":"construct:PhosphorStorm+1","floor":27},{"not_picked":["construct:VentSteam","construct:HeavyBolt","construct:Enhance"],"picked":"SKIP","floor":28},{"not_picked":["construct:ShiftStrike","construct:Backfire"],"picked":"construct:Missile","floor":31},{"not_picked":["construct:SpinDrive","construct:Afterburners"],"picked":"construct:Reserves","floor":33},{"not_picked":["construct:UnbalancingBlast","construct:FlammableFog+1"],"picked":"construct:Disrupt","floor":35},{"not_picked":["construct:FlameCore","construct:Versatility+1","construct:FlammableFog"],"picked":"SKIP","floor":37},{"not_picked":["construct:Rollout+1","construct:FocusedBeam","construct:HeavyBolt"],"picked":"SKIP","floor":39},{"not_picked":["construct:GuardCore","construct:MemoryTap"],"picked":"construct:OmegaCannon","floor":41},{"not_picked":["construct:HeavyBolt","construct:Versatility","construct:Analyze"],"picked":"SKIP","floor":46},{"not_picked":["construct:Rollout+1","construct:Backfire"],"picked":"construct:SyphonStrike","floor":47},{"not_picked":["construct:SweepLaser","construct:ScopeCore","construct:Accumulate"],"picked":"SKIP","floor":48}],"player_experience":788955,"relics_obtained":[{"floor":5,"key":"Whetstone"},{"floor":7,"key":"Pear"},{"floor":9,"key":"Art of War"},{"floor":10,"key":"Anchor"},{"floor":13,"key":"Simple Rune"},{"floor":25,"key":"Lantern"},{"floor":26,"key":"War Paint"},{"floor":28,"key":"Pen Nib"},{"floor":31,"key":"Eternal Feather"},{"floor":41,"key":"Chameleon Ring"},{"floor":43,"key":"Snack Pack"}],"event_choices":[{"damage_healed":0,"gold_gain":95,"player_choice":"GO ","damage_taken":13,"relics_obtained":[],"max_hp_gain":0,"max_hp_loss":0,"event_name":"betterSkull:BetterSkull","floor":20,"gold_loss":0,"cards_upgraded":[]},{"damage_healed":0,"gold_gain":0,"player_choice":"Got Potions","damage_taken":0,"max_hp_gain":0,"max_hp_loss":0,"event_name":"Lab","floor":38,"gold_loss":0}],"is_beta":false,"boss_relics":[{"not_picked":["Snecko Eye","Calling Bell"],"picked":"Abe\u0027s Treasure"},{"not_picked":["SlaversCollar","Tiny House"],"picked":"Replay:Grab Bag"},{"not_picked":["Replay:Bronze Core","Replay:Wanted Poster"],"picked":"ReplayTheSpireMod:DimensionalGlitch"},{"not_picked":["Kintsugi","Snecko Heart"],"picked":"Replay:Drink Me"}],"items_purged_floors":[22,24,45],"is_endless":false,"potions_floor_spawned":[2,3,7,11,13,18,27,28,33,35,37,39,48],"ascension_level":16}}