{"host":"pu84bsnl3czog634","time":1607526354,"event":{"gold_per_floor":[110,123,123,73,19,54,54,74,74,90,107,124,124,136,136,247,247,264,18,18,33,60,97,97,116,166,183,183,189,189],"floor_reached":29,"playtime":2507,"items_purged":[],"score":261,"play_id":"98b7e112-5587-4100-b61d-9516a9e6a3a3","local_time":"20201209150554","is_ascension_mode":true,"campfire_choices":[{"floor":7,"key":"REST"},{"floor":13,"key":"REST"},{"floor":15,"key":"DIG"},{"floor":24,"key":"REST"},{"floor":28,"key":"REST"}],"neow_cost":"BASIC_CARDS","seed_source_timestamp":12259263806300,"circlet_count":0,"master_deck":["Strike_G","Strike_G","Strike_G","Strike_G","Strike_G","Defend_G","Defend_G","Defend_G","Defend_G","Defend_G","Survivor","Neutralize","Defend_R","Eruption","Panache","Cloak And Dagger","Cloak And Dagger","Prepared","Accuracy","Blade Dance","Cloak And Dagger","Deflect","Acrobatics","Panacea","Delirium","Quick Slash","Slice","Backstab"],"relics":["Ring of the Snake","infinitespire:Midas Blood","Pantograph","StuffTheSpire:Gunfinga","Happy Flower","SlaversCollar","Lee\u0027s Waffle","infinitespire:FocusingShard","StuffTheSpire:CocoNut","Blue Doll"],"potions_floor_usage":[12,12,18,23,23,29],"damage_taken":[{"damage":0,"enemies":"conspire:RoseBush","floor":1,"turns":3},{"damage":6,"enemies":"Small Slimes","floor":2,"turns":6},{"damage":59,"enemies":"Gremlin Nob","floor":6,"turns":6},{"damage":3,"enemies":"Jaw Worm","floor":8,"turns":4},{"damage":2,"enemies":"Blue Slaver","floor":10,"turns":3},{"damage":0,"enemies":"Exordium Wildlife","floor":11,"turns":3},{"damage":2,"enemies":"conspire:2 RoseBushes","floor":12,"turns":3},{"damage":0,"enemies":"Exordium Thugs","floor":14,"turns":3},{"damage":22,"enemies":"Hexaghost","floor":16,"turns":9},{"damage":15,"enemies":"2 Thieves","floor":18,"turns":4},{"damage":0,"enemies":"Chosen","floor":21,"turns":3},{"damage":27,"enemies":"3 Cultists","floor":22,"turns":5},{"damage":26,"enemies":"conspire:SneckoGhost","floor":23,"turns":8},{"damage":13,"enemies":"Cultist and Chosen","floor":25,"turns":6},{"damage":10,"enemies":"Snake Plant","floor":27,"turns":4},{"damage":66,"enemies":"Nightmare","floor":29,"turns":5}],"seed_played":"8660137112451970928","potions_obtained":[{"floor":2,"key":"PowerPotion"},{"floor":10,"key":"SteroidPotion"},{"floor":14,"key":"SneckoOil"},{"floor":16,"key":"PowerPotion"},{"floor":21,"key":"Toxic Potion"},{"floor":25,"key":"Explosive Potion"},{"floor":27,"key":"AttackPotion"}],"is_trial":false,"path_per_floor":["M","M","?","?","$","E","R","M","T","M","M","M","R","M","R","B",null,"M","$","?","M","M","E","R","M","T","M","R","NM"],"character_chosen":"THE_SILENT","items_purchased":["Prepared","Lee\u0027s Waffle","Panacea"],"campfire_rested":4,"item_purchase_floors":[5,19,19],"current_hp_per_floor":[70,64,64,64,64,5,26,23,23,21,21,19,40,40,40,43,70,55,77,77,77,50,31,56,43,43,33,58,0,0],"gold":189,"neow_bonus":"RANDOM_COLORLESS_2","is_prod":false,"is_daily":false,"chose_seed":false,"campfire_upgraded":0,"win_rate":0,"timestamp":1607526354,"path_taken":["M","M","?","?","$","E","R","M","T","M","M","M","R","M","R","BOSS","M","$","?","M","M","E","R","M","T","M","R","NM"],"build_version":"2020-11-30","purchased_purges":0,"victory":false,"max_hp_per_floor":[70,70,70,70,70,70,70,70,70,70,70,70,70,70,70,70,70,70,77,77,77,77,84,84,84,84,84,84,84,84],"card_choices":[{"not_picked":["Chrysalis","StuffTheSpire:Recharge"],"picked":"Panache","floor":0},{"not_picked":["Quick Slash","Flechettes"],"picked":"Cloak And Dagger","floor":1},{"not_picked":["StuffTheSpire:BumpUp","Flying Knee"],"picked":"Cloak And Dagger","floor":2},{"not_picked":["Cloak And Dagger","Dodge and Roll"],"picked":"Accuracy","floor":6},{"not_picked":["Underhanded Strike","Terror"],"picked":"Blade Dance","floor":8},{"not_picked":["Well Laid Plans","StuffTheSpire:Injection"],"picked":"Cloak And Dagger","floor":10},{"not_picked":["Bane","Distraction","StuffTheSpire:BumpUp"],"picked":"SKIP","floor":11},{"not_picked":["Deadly Poison","Dodge and Roll"],"picked":"Deflect","floor":12},{"not_picked":["StuffTheSpire:Repulse","Underhanded Strike","Night Terror"],"picked":"SKIP","floor":14},{"not_picked":["StuffTheSpire:Injection","Dodge and Roll"],"picked":"Acrobatics","floor":18},{"not_picked":["Hidden Blade","Dagger Throw+1"],"picked":"Quick Slash","floor":21},{"not_picked":["Flying Knee","Underhanded Strike+1"],"picked":"Slice","floor":22},{"not_picked":["Terror","Dagger Spray"],"picked":"Backstab","floor":23},{"not_picked":["Underhanded Strike","Crippling Poison","StuffTheSpire:Repulse"],"picked":"SKIP","floor":25},{"not_picked":["Footwork","Underhanded Strike","Leg Sweep"],"picked":"SKIP","floor":27}],"player_experience":285773,"relics_obtained":[{"floor":6,"key":"Pantograph"},{"floor":9,"key":"StuffTheSpire:Gunfinga"},{"floor":15,"key":"Happy Flower"},{"floor":23,"key":"StuffTheSpire:CocoNut"},{"floor":26,"key":"Blue Doll"}],"event_choices":[{"damage_healed":0,"gold_gain":0,"player_choice":"Box","damage_taken":0,"relics_obtained":["infinitespire:Midas Blood"],"max_hp_gain":0,"max_hp_loss":0,"event_name":"Big Fish","floor":3,"gold_loss":0,"cards_obtained":["Regret"]},{"cards_removed":["Regret"],"damage_healed":0,"gold_gain":0,"player_choice":"Card Removal","damage_taken":0,"max_hp_gain":0,"max_hp_loss":0,"event_name":"The Cleric","floor":4,"gold_loss":50}],"is_beta":false,"boss_relics":[{"not_picked":["energizedSpire:HugeHouse","Ectoplasm"],"picked":"SlaversCollar"}],"items_purged_floors":[],"is_endless":false,"potions_floor_spawned":[2,10,14,16,21,25,27],"killed_by":"Nightmare","ascension_level":1}}