{"host":"w4b7hmige5bnqipq","time":1607541208,"event":{"gold_per_floor":[113,63,73,73,84,116,116,131,131,165,180,180,199,231,231,327,327,341,341,46,58,72,72,98,98,123,150,183,216,216,233,233,331,331,343,356,54,108,330,362,362,390,390,403,414,445,445,445,445,445,445,445,66,96,96],"floor_reached":56,"playtime":2146,"items_purged":["Strike_R"],"score":2023,"play_id":"c3f44027-dd55-4f84-8f02-92345bae8225","local_time":"20201210041328","is_ascension_mode":true,"campfire_choices":[{"data":"Rampage","floor":12.0,"key":"SMITH"},{"data":"Immolate","floor":15.0,"key":"SMITH"},{"data":"Infernal Blade","floor":23.0,"key":"SMITH"},{"floor":25.0,"key":"REST"},{"data":"Body Slam","floor":32.0,"key":"SMITH"},{"data":"Heavy Blade","floor":41.0,"key":"SMITH"},{"data":"Sword Boomerang","floor":47,"key":"SMITH"},{"floor":49,"key":"RECALL"},{"data":"Inflame","floor":52,"key":"SMITH"}],"neow_cost":"NONE","seed_source_timestamp":2220510526201299,"circlet_count":0,"master_deck":["AscendersBane","Strike_R","Strike_R","Defend_R","Defend_R","Defend_R","Bash","Immolate+1","Infernal Blade+1","Rampage+1","Shrug It Off+1","Warcry+1","Limit Break+1","Seeing Red+1","Seeing Red+1","Inflame+1","Power Through+1","Burning Pact+1","Fire Breathing+1","Body Slam+1","Power Through+1","Double Tap+1","Pommel Strike+1","Dark Embrace+1","Heavy Blade+1","Evolve+1","Sword Boomerang+1","Dropkick+1","Feel No Pain","Shrug It Off+1"],"special_seed":0,"relics":["Black Blood","Toxic Egg 2","Ancient Tea Set","Kunai","Centennial Puzzle","Vajra","Sozu","Medical Kit","Darkstone Periapt","Oddly Smooth Stone","Paper Frog","Red Mask","White Beast Statue","InkBottle","Lizard Tail","Charon\u0027s Ashes","Regal Pillow","Ginger","Bag of Preparation","OrangePellets","Blood Vial","Strawberry"],"potions_floor_usage":[],"damage_taken":[{"damage":7.0,"enemies":"Jaw Worm","floor":1.0,"turns":3.0},{"damage":4.0,"enemies":"2 Louse","floor":3.0,"turns":2.0},{"damage":0.0,"enemies":"Small Slimes","floor":5.0,"turns":2.0},{"damage":27.0,"enemies":"Lagavulin","floor":6.0,"turns":5.0},{"damage":11.0,"enemies":"Blue Slaver","floor":8.0,"turns":3.0},{"damage":22.0,"enemies":"3 Sentries","floor":10.0,"turns":5.0},{"damage":3.0,"enemies":"Red Slaver","floor":11.0,"turns":4.0},{"damage":0.0,"enemies":"Looter","floor":13.0,"turns":2.0},{"damage":18.0,"enemies":"Gremlin Nob","floor":14.0,"turns":3.0},{"damage":15.0,"enemies":"The Guardian","floor":16.0,"turns":11.0},{"damage":0.0,"enemies":"Chosen","floor":18.0,"turns":3.0},{"damage":9.0,"enemies":"Shell Parasite","floor":21.0,"turns":4.0},{"damage":31.0,"enemies":"Cultist and Chosen","floor":22.0,"turns":5.0},{"damage":36.0,"enemies":"Slavers","floor":24.0,"turns":6.0},{"damage":0.0,"enemies":"Gremlin Leader","floor":27.0,"turns":5.0},{"damage":0.0,"enemies":"Masked Bandits","floor":28.0,"turns":2.0},{"damage":14.0,"enemies":"Slavers","floor":29.0,"turns":4.0},{"damage":8.0,"enemies":"Shelled Parasite and Fungi","floor":31.0,"turns":6.0},{"damage":40.0,"enemies":"Champ","floor":33.0,"turns":9.0},{"damage":0.0,"enemies":"3 Shapes","floor":35.0,"turns":2.0},{"damage":9.0,"enemies":"3 Darklings","floor":36.0,"turns":2.0},{"damage":50.0,"enemies":"2 Orb Walkers","floor":38.0,"turns":4.0},{"damage":10.0,"enemies":"Giant Head","floor":40.0,"turns":6.0},{"damage":23,"enemies":"Nemesis","floor":42,"turns":3},{"damage":13,"enemies":"Spire Growth","floor":44,"turns":4},{"damage":4,"enemies":"Sphere and 2 Shapes","floor":45,"turns":3},{"damage":0,"enemies":"Giant Head","floor":46,"turns":4},{"damage":48,"enemies":"Time Eater","floor":50,"turns":6},{"damage":33,"enemies":"Shield and Spear","floor":54,"turns":3},{"damage":110,"enemies":"The Heart","floor":55,"turns":9}],"seed_played":"5031362487432875036","potions_obtained":[{"floor":1.0,"key":"Fire Potion"},{"floor":6.0,"key":"SteroidPotion"},{"floor":13.0,"key":"Dexterity Potion"},{"floor":14.0,"key":"Block Potion"},{"floor":16.0,"key":"BlessingOfTheForge"}],"is_trial":false,"path_per_floor":["M","?","M","?","M","E","?","M","T","E","M","R","M","E","R","B",null,"M","?","$","M","M","R","E","R","T","E","?","E","?","M","R","B",null,"M","M","$","?","?","E","R","E","T","M","M","E","R","?","R","B",null,"R","$","E","B",null],"character_chosen":"IRONCLAD","items_purchased":["Medical Kit","Power Through+1","Lizard Tail","Feel No Pain","OrangePellets","Blood Vial"],"campfire_rested":1,"item_purchase_floors":[20,20,37,53,53,53],"current_hp_per_floor":[71,71,73,78,84,63,51,46,46,30,33,33,39,27,27,18,68,74,74,74,71,49,49,23,50,50,56,62,54,54,55,55,21,77,89,95,95,60,60,62,62,54,54,53,64,76,76,76,76,40,90,90,90,78,39],"gold":96,"neow_bonus":"ONE_RANDOM_RARE_CARD","is_prod":false,"is_daily":false,"chose_seed":false,"campfire_upgraded":7,"win_rate":0,"timestamp":1607541208,"path_taken":["M","?","M","?","M","E","?","M","T","E","M","R","M","E","R","BOSS","M","?","$","M","M","R","E","R","T","E","?","E","?","?","R","BOSS","M","M","$","?","?","E","R","E","T","M","M","E","R","?","R","BOSS","R","$","E","BOSS"],"build_version":"2020-11-30","purchased_purges":1,"victory":true,"max_hp_per_floor":[80,80,80,85,85,85,85,85,85,85,85,85,85,85,85,85,85,85,85,85,85,88,88,92,92,92,92,92,92,92,95,95,95,95,95,98,98,101,101,101,101,104,104,104,107,107,107,107,107,107,107,107,107,114,114],"card_choices":[{"not_picked":["Rage","Wild Strike"],"picked":"Infernal Blade","floor":1.0},{"not_picked":["Armaments","Flex"],"picked":"Rampage","floor":3.0},{"not_picked":["Armaments","Headbutt","Rupture"],"picked":"SKIP","floor":5.0},{"not_picked":["Brutality","Warcry+1"],"picked":"Armaments+1","floor":6.0},{"not_picked":["Blood for Blood","Headbutt","Rampage"],"picked":"SKIP","floor":8.0},{"not_picked":["Clash","Spot Weakness+1"],"picked":"Shrug It Off+1","floor":10.0},{"not_picked":["Rage+1","Headbutt"],"picked":"Warcry+1","floor":11.0},{"not_picked":["Reckless Charge","Headbutt","Anger"],"picked":"SKIP","floor":13.0},{"not_picked":["Perfected Strike","Twin Strike"],"picked":"Feed","floor":14.0},{"not_picked":["Feed","Brutality"],"picked":"Limit Break+1","floor":16.0},{"not_picked":["Iron Wave","Combust"],"picked":"Seeing Red+1","floor":18.0},{"not_picked":["Body Slam","Cleave"],"picked":"Burning Pact+1","floor":21.0},{"not_picked":["Perfected Strike","Bloodletting+1","Thunderclap"],"picked":"SKIP","floor":22.0},{"not_picked":["Uppercut","Feed","Clash"],"picked":"SKIP","floor":24.0},{"not_picked":["Pummel","Thunderclap+1"],"picked":"Fire Breathing+1","floor":27.0},{"not_picked":["Pommel Strike+1","Cleave+1"],"picked":"Body Slam","floor":28.0},{"not_picked":["True Grit+1","Havoc+1"],"picked":"Power Through+1","floor":29.0},{"not_picked":["Perfected Strike","Bloodletting+1","Cleave"],"picked":"SKIP","floor":31.0},{"not_picked":["Feed","Corruption"],"picked":"Double Tap+1","floor":33.0},{"not_picked":["Body Slam","Rupture+1"],"picked":"Pommel Strike+1","floor":35.0},{"not_picked":["True Grit+1","Pommel Strike"],"picked":"Dark Embrace+1","floor":36.0},{"not_picked":["Heavy Blade","Thunderclap+1","Perfected Strike+1"],"picked":"SKIP","floor":40.0},{"not_picked":["Thunderclap+1","Perfected Strike+1"],"picked":"Heavy Blade","floor":40.0},{"not_picked":["Reaper","Pummel+1"],"picked":"Evolve+1","floor":42},{"not_picked":["Havoc+1","Whirlwind+1"],"picked":"Sword Boomerang","floor":44},{"not_picked":["Burning Pact+1","Carnage+1"],"picked":"Dropkick+1","floor":45},{"not_picked":["Wild Strike+1","Blood for Blood+1","Armaments+1"],"picked":"SKIP","floor":46},{"not_picked":["Corruption","Anger"],"picked":"Shrug It Off+1","floor":54}],"player_experience":359081,"relics_obtained":[{"floor":6.0,"key":"Toxic Egg 2"},{"floor":9.0,"key":"Kunai"},{"floor":10.0,"key":"Centennial Puzzle"},{"floor":14.0,"key":"Vajra"},{"floor":24.0,"key":"Darkstone Periapt"},{"floor":26.0,"key":"Oddly Smooth Stone"},{"floor":27.0,"key":"Paper Frog"},{"floor":28.0,"key":"Red Mask"},{"floor":29.0,"key":"White Beast Statue"},{"floor":38.0,"key":"Charon\u0027s Ashes"},{"floor":40.0,"key":"Regal Pillow"},{"floor":42,"key":"Ginger"},{"floor":46,"key":"Bag of Preparation"},{"floor":54,"key":"Strawberry"}],"event_choices":[{"cards_removed":["Strike_R"],"damage_healed":0.0,"max_hp_gain":0.0,"max_hp_loss":0.0,"gold_gain":0.0,"event_name":"The Cleric","player_choice":"Card Removal","floor":2.0,"gold_loss":50.0,"damage_taken":0.0},{"damage_healed":0.0,"max_hp_gain":5.0,"max_hp_loss":0.0,"gold_gain":0.0,"event_name":"Big Fish","player_choice":"Donut","floor":4.0,"gold_loss":0.0,"damage_taken":0.0},{"damage_healed":0.0,"max_hp_gain":0.0,"max_hp_loss":0.0,"gold_gain":0.0,"event_name":"Scrap Ooze","player_choice":"Success","floor":7.0,"gold_loss":0.0,"damage_taken":12.0,"relics_obtained":["Ancient Tea Set"]},{"damage_healed":0.0,"max_hp_gain":0.0,"max_hp_loss":0.0,"gold_gain":0.0,"cards_transformed":["Strike_R","Defend_R"],"event_name":"Drug Dealer","player_choice":"Became Test Subject","floor":19.0,"gold_loss":0.0,"damage_taken":0.0,"cards_obtained":["Seeing Red","Inflame"]},{"damage_healed":0.0,"max_hp_gain":0.0,"max_hp_loss":0.0,"gold_gain":0.0,"event_name":"Masked Bandits","player_choice":"Fought Bandits","floor":28.0,"gold_loss":0.0,"damage_taken":0.0},{"cards_removed":["Armaments"],"damage_healed":0.0,"max_hp_gain":0.0,"max_hp_loss":0.0,"gold_gain":0.0,"event_name":"WeMeetAgain","player_choice":"Gave Card","floor":30.0,"gold_loss":0.0,"damage_taken":0.0,"relics_obtained":["InkBottle"]},{"damage_healed":0.0,"max_hp_gain":0.0,"max_hp_loss":0.0,"gold_gain":0.0,"event_name":"Mysterious Sphere","player_choice":"Fight","floor":38.0,"gold_loss":0.0,"damage_taken":0.0},{"damage_healed":0.0,"max_hp_gain":0.0,"max_hp_loss":0.0,"gold_gain":222.0,"event_name":"Tomb of Lord Red Mask","player_choice":"Wore Mask","floor":39.0,"gold_loss":0.0,"damage_taken":0.0},{"cards_removed":["Feed"],"damage_healed":0,"gold_gain":0,"player_choice":"Removed Attack","damage_taken":0,"max_hp_gain":0,"max_hp_loss":0,"event_name":"Falling","floor":48,"gold_loss":0}],"is_beta":false,"boss_relics":[{"not_picked":["Empty Cage","Runic Pyramid"],"picked":"Sozu"},{"not_picked":["Velvet Choker","Snecko Eye"],"picked":"Black Blood"}],"items_purged_floors":[20],"is_endless":false,"potions_floor_spawned":[1,6,13,14,16,22,27,29,31,33,35,36,38,40,42,44,45,46,54],"ascension_level":11}}