{"host":"w01zow3jg16g8jdh","time":1607512477,"event":{"gold_per_floor":[113,129,54,74,129,160,182,182,182],"floor_reached":8,"playtime":123,"items_purged":[],"score":112,"play_id":"3223c542-b155-4c27-9c4d-bcdb25ad4132","local_time":"20201209201437","is_ascension_mode":true,"campfire_choices":[],"neow_cost":"NONE","seed_source_timestamp":1411898287579600,"circlet_count":0,"master_deck":["AscendersBane","Strike_B","Strike_B","Strike_B","Defend_B","Defend_B","Defend_B","Defend_B","Zap","Dualcast","Ball Lightning","Self Repair","Cold Snap","Static Discharge","BootSequence"],"relics":["Cracked Core","NeowsBlessing","Regal Pillow","White Beast Statue","Odd Mushroom"],"potions_floor_usage":[8],"damage_taken":[{"damage":0,"enemies":"Cultist","floor":1,"turns":1},{"damage":0,"enemies":"Small Slimes","floor":2,"turns":1},{"damage":0,"enemies":"Jaw Worm","floor":4,"turns":1},{"damage":27,"enemies":"3 Sentries","floor":6,"turns":8},{"damage":38,"enemies":"The Mushroom Lair","floor":7,"turns":5},{"damage":11,"enemies":"Gremlin Nob","floor":8,"turns":3}],"seed_played":"2220523487946114360","potions_obtained":[{"floor":2,"key":"SmokeBomb"},{"floor":7,"key":"Swift Potion"}],"is_trial":false,"path_per_floor":["M","M","?","M","T","E","?","E"],"character_chosen":"DEFECT","items_purchased":[],"campfire_rested":0,"item_purchase_floors":[],"current_hp_per_floor":[64,64,64,64,64,44,13,2,2],"gold":182,"neow_bonus":"THREE_ENEMY_KILL","is_prod":false,"is_daily":false,"chose_seed":false,"campfire_upgraded":0,"win_rate":0,"timestamp":1607512477,"path_taken":["M","?","?","M","?","E","?","E"],"build_version":"2020-11-30","purchased_purges":0,"victory":false,"max_hp_per_floor":[71,71,71,71,71,71,71,71,71],"card_choices":[{"not_picked":["Streamline","Loop"],"picked":"Ball Lightning","floor":1},{"not_picked":["Go for the Eyes","Rebound"],"picked":"Self Repair","floor":2},{"not_picked":["Conserve Battery","Beam Cell"],"picked":"Cold Snap","floor":4},{"not_picked":["Amplify","Leap"],"picked":"Static Discharge","floor":6},{"not_picked":["Chill","Reprogram"],"picked":"BootSequence","floor":7}],"player_experience":276947,"relics_obtained":[{"floor":5,"key":"Regal Pillow"},{"floor":6,"key":"White Beast Statue"},{"floor":7,"key":"Odd Mushroom"}],"event_choices":[{"cards_removed":["Strike_B"],"damage_healed":0,"gold_gain":0,"player_choice":"Card Removal","damage_taken":0,"max_hp_gain":0,"max_hp_loss":0,"event_name":"The Cleric","floor":3,"gold_loss":75},{"damage_healed":0,"gold_gain":0,"player_choice":"Fought Mushrooms","damage_taken":0,"max_hp_gain":0,"max_hp_loss":0,"event_name":"Mushrooms","floor":7,"gold_loss":0}],"is_beta":false,"boss_relics":[],"items_purged_floors":[],"is_endless":false,"potions_floor_spawned":[2,7],"killed_by":"Gremlin Nob","ascension_level":20}}