{"host":"32tuqnjc9ph8o6ph","time":1607500369,"event":{"gold_per_floor":[115,115,8,27,44,44,59,59,131,165,176,176,206,217,217,328,328,353,353,380,393,147,180,214,249,249,275,315,43,85,118,118,223,223,238,238,251,4,33,63,63,93,116,445,476,476,26,56,56,159,159,178,3,3,3,44,44,79,113,113,156,1,40,76,115,115,240,249,269,69,84,84,118,118,160,160,194,223,250,25,57,85,85,181,181,196,196,196,196,226,251,280,312,345,365,392,425,139,139,139,235,235,235],"floor_reached":102,"playtime":3615,"items_purged":["ThirdEye","EmptyBody","BowlingBash","Omniscience+1","Protect","Halt","Vault+1"],"score":3795,"play_id":"eda5cccc-b088-4763-8c8e-83124ca88258","local_time":"20201209155249","daily_mods":["SealedDeck","Flight","DeadlyEvents","Elite Swarm"],"is_ascension_mode":false,"campfire_choices":[{"data":"ForeignInfluence","floor":6.0,"key":"SMITH"},{"data":"Evaluate","floor":8.0,"key":"SMITH"},{"data":"CutThroughFate","floor":12.0,"key":"SMITH"},{"data":"Tantrum","floor":15.0,"key":"SMITH"},{"data":"Vault","floor":32.0,"key":"SMITH"},{"data":"1","floor":46.0,"key":"LIFT"},{"data":"2","floor":49.0,"key":"LIFT"},{"data":"3","floor":57.0,"key":"LIFT"},{"data":"FearNoEvil","floor":66.0,"key":"SMITH"},{"data":"FollowUp","floor":74,"key":"SMITH"},{"data":"Brilliance","floor":76,"key":"SMITH"},{"data":"Crescendo","floor":83,"key":"SMITH"},{"floor":100,"key":"REST"}],"neow_cost":"","seed_source_timestamp":0,"circlet_count":0,"master_deck":["Crescendo+1","ForeignInfluence+1","Tantrum+1","CutThroughFate+1","Evaluate+1","FearNoEvil+1","Scrawl+1","CurseOfTheBell"],"special_seed":0,"relics":["PureWater","CeramicFish","TeardropLocket","StrikeDummy","Lantern","Bronze Scales","Nunchaku","Blood Vial","Matryoshka","Strawberry","Dream Catcher","Kunai","Centennial Puzzle","Toxic Egg 2","Happy Flower","Gremlin Horn","Anchor","Busted Crown","Singing Bowl","Tiny Chest","GoldenEye","Pen Nib","Bottled Flame","Damaru","Old Coin","Girya","PreservedInsect","Medical Kit","Ancient Tea Set","SacredBark","Bloody Idol","Shuriken","ClockworkSouvenir","Calling Bell","Potion Belt","HornCleat","Du-Vu Doll","SlaversCollar","Ginger","Empty Cage"],"potions_floor_usage":[73,97,101,101],"damage_taken":[{"damage":1.0,"enemies":"Small Slimes","floor":1.0,"turns":2.0},{"damage":5.0,"enemies":"Jaw Worm","floor":4.0,"turns":2.0},{"damage":0.0,"enemies":"Cultist","floor":5.0,"turns":2.0},{"damage":0.0,"enemies":"Blue Slaver","floor":7.0,"turns":1.0},{"damage":0.0,"enemies":"Lagavulin","floor":10.0,"turns":2.0},{"damage":0.0,"enemies":"Exordium Wildlife","floor":11.0,"turns":2.0},{"damage":0.0,"enemies":"3 Sentries","floor":13.0,"turns":2.0},{"damage":0.0,"enemies":"Large Slime","floor":14.0,"turns":1.0},{"damage":0.0,"enemies":"Slime Boss","floor":16.0,"turns":5.0},{"damage":0.0,"enemies":"2 Thieves","floor":18.0,"turns":3.0},{"damage":0.0,"enemies":"Slavers","floor":20.0,"turns":2.0},{"damage":0.0,"enemies":"Shell Parasite","floor":21.0,"turns":4.0},{"damage":9.0,"enemies":"Book of Stabbing","floor":23.0,"turns":3.0},{"damage":0.0,"enemies":"Gremlin Leader","floor":24.0,"turns":4.0},{"damage":20.0,"enemies":"Slavers","floor":25.0,"turns":3.0},{"damage":1.0,"enemies":"Book of Stabbing","floor":27.0,"turns":4.0},{"damage":0.0,"enemies":"Slavers","floor":28.0,"turns":3.0},{"damage":4.0,"enemies":"Gremlin Leader","floor":30.0,"turns":3.0},{"damage":0.0,"enemies":"Slavers","floor":31.0,"turns":2.0},{"damage":5.0,"enemies":"Champ","floor":33.0,"turns":6.0},{"damage":0.0,"enemies":"Orb Walker","floor":35.0,"turns":2.0},{"damage":0.0,"enemies":"3 Shapes","floor":37.0,"turns":2.0},{"damage":0.0,"enemies":"Reptomancer","floor":39.0,"turns":3.0},{"damage":0.0,"enemies":"Giant Head","floor":40.0,"turns":6.0},{"damage":0.0,"enemies":"Reptomancer","floor":42.0,"turns":5.0},{"damage":23.0,"enemies":"Nemesis","floor":44.0,"turns":4.0},{"damage":0.0,"enemies":"Reptomancer","floor":45.0,"turns":2.0},{"damage":0.0,"enemies":"Nemesis","floor":48.0,"turns":1.0},{"damage":2.0,"enemies":"Awakened One","floor":50.0,"turns":3.0},{"damage":0.0,"enemies":"Cultist","floor":52.0,"turns":2.0},{"damage":0.0,"enemies":"Lagavulin","floor":56.0,"turns":2.0},{"damage":0.0,"enemies":"3 Sentries","floor":58.0,"turns":2.0},{"damage":0.0,"enemies":"Lagavulin","floor":59.0,"turns":1.0},{"damage":0.0,"enemies":"3 Sentries","floor":61.0,"turns":2.0},{"damage":0.0,"enemies":"Lagavulin","floor":63.0,"turns":1.0},{"damage":0.0,"enemies":"Gremlin Nob","floor":64.0,"turns":1.0},{"damage":0.0,"enemies":"Lagavulin","floor":65.0,"turns":1.0},{"damage":0,"enemies":"Hexaghost","floor":67,"turns":2},{"damage":0,"enemies":"Chosen","floor":69,"turns":1},{"damage":0,"enemies":"Shell Parasite","floor":71,"turns":1},{"damage":32,"enemies":"Book of Stabbing","floor":73,"turns":2},{"damage":0,"enemies":"Slavers","floor":75,"turns":1},{"damage":3,"enemies":"Book of Stabbing","floor":77,"turns":2},{"damage":0,"enemies":"Gremlin Leader","floor":78,"turns":1},{"damage":0,"enemies":"Book of Stabbing","floor":79,"turns":1},{"damage":0,"enemies":"Gremlin Leader","floor":81,"turns":1},{"damage":0,"enemies":"Book of Stabbing","floor":82,"turns":1},{"damage":22,"enemies":"Champ","floor":84,"turns":3},{"damage":0,"enemies":"3 Shapes","floor":86,"turns":1},{"damage":0,"enemies":"Giant Head","floor":90,"turns":2},{"damage":0,"enemies":"Nemesis","floor":91,"turns":1},{"damage":0,"enemies":"Reptomancer","floor":92,"turns":1},{"damage":17,"enemies":"Giant Head","floor":93,"turns":1},{"damage":0,"enemies":"Nemesis","floor":94,"turns":1},{"damage":0,"enemies":"Orb Walker","floor":95,"turns":2},{"damage":0,"enemies":"Reptomancer","floor":96,"turns":1},{"damage":88,"enemies":"Nemesis","floor":97,"turns":3},{"damage":0,"enemies":"Donu and Deca","floor":101,"turns":2}],"seed_played":"6723616061435788666","potions_obtained":[{"floor":4.0,"key":"Explosive Potion"},{"floor":7.0,"key":"Regen Potion"},{"floor":11.0,"key":"Dexterity Potion"},{"floor":19.0,"key":"DistilledChaos"},{"floor":19.0,"key":"Strength Potion"},{"floor":20.0,"key":"Ancient Potion"},{"floor":21.0,"key":"Explosive Potion"},{"floor":28.0,"key":"Dexterity Potion"},{"floor":33.0,"key":"AttackPotion"},{"floor":39.0,"key":"DistilledChaos"},{"floor":42.0,"key":"EntropicBrew"},{"floor":50.0,"key":"LiquidMemories"},{"floor":52.0,"key":"PowerPotion"},{"floor":59.0,"key":"Dexterity Potion"},{"floor":73,"key":"Regen Potion"},{"floor":77,"key":"AttackPotion"},{"floor":79,"key":"CultistPotion"},{"floor":91,"key":"EntropicBrew"},{"floor":95,"key":"DuplicationPotion"},{"floor":101,"key":"StancePotion"}],"is_trial":true,"path_per_floor":["M","?","$","M","M","R","M","R","T","E","M","R","E","M","R","B",null,"M","?","E","M","$","E","E","E","T","E","E","$","E","E","R","B",null,"M","?","M","$","E","E","$","E","T","E","E","R","$","E","R","B",null,"M","$","?","?","E","R","E","E","T","E","$","E","E","E","R","B",null,"M","$","M","?","E","R","E","R","E","E","E","$","E","E","R","B",null,"M","?","?","$","E","E","E","E","E","M","E","E","$","$","R","B",null],"character_chosen":"WATCHER","items_purchased":["FearNoEvil","Nunchaku","Happy Flower","Singing Bowl","PreservedInsect","Medical Kit","ClockworkSouvenir","Ginger"],"campfire_rested":1,"item_purchase_floors":[3,22,29,38,47,47,62,98],"current_hp_per_floor":[71,64,64,59,59,59,59,59,59,59,59,59,59,59,59,59,72,72,72,72,72,72,63,65,54,54,55,57,57,55,57,57,54,79,79,75,75,75,77,79,79,81,81,60,64,64,64,68,68,70,89,91,91,69,62,66,66,70,74,74,78,78,82,86,90,90,94,107,109,109,111,111,86,86,98,98,104,113,119,119,121,123,123,108,125,127,129,129,129,131,133,135,125,134,141,143,62,62,62,107,116,149,149],"gold":235,"neow_bonus":"","is_prod":false,"is_daily":false,"chose_seed":false,"campfire_upgraded":9,"win_rate":0,"timestamp":1607500369,"path_taken":["M","?","$","M","M","R","M","R","T","E","M","R","E","M","R","BOSS","M","?","?","?","$","E","E","E","T","E","E","$","E","?","R","BOSS","M","?","?","$","?","E","?","E","T","E","E","R","$","E","R","BOSS","M","$","?","?","?","R","E","E","T","E","$","E","?","E","R","BOSS","M","$","?","?","?","R","E","R","E","?","E","$","E","E","R","BOSS","M","?","?","$","?","E","E","E","E","?","E","E","$","$","R","BOSS"],"build_version":"2020-11-30","purchased_purges":7,"victory":false,"max_hp_per_floor":[72,72,72,72,72,72,72,72,72,72,72,72,72,72,72,72,72,72,72,72,72,72,72,72,79,79,79,79,79,79,79,79,79,79,79,75,75,75,77,79,79,81,81,83,85,85,85,87,87,89,89,91,91,91,91,93,93,95,97,97,99,99,101,103,105,105,107,107,109,109,111,111,113,113,113,113,115,117,119,119,121,123,123,125,125,127,129,129,129,131,133,135,137,139,141,143,145,145,145,147,149,149,149],"card_choices":[{"not_picked":["Crescendo","ClearTheMind"],"picked":"Evaluate","floor":1.0},{"not_picked":["Consecrate","ClearTheMind","EmptyMind"],"picked":"SKIP","floor":4.0},{"not_picked":["Evaluate","EmptyBody","SandsOfTime"],"picked":"SKIP","floor":5.0},{"not_picked":["ThirdEye","BowlingBash","Weave"],"picked":"SKIP","floor":7.0},{"not_picked":["SpiritShield","Judgement","LessonLearned"],"picked":"SKIP","floor":10.0},{"not_picked":["Evaluate","Crescendo","JustLucky"],"picked":"SKIP","floor":11.0},{"not_picked":["Evaluate","Crescendo","JustLucky"],"picked":"SKIP","floor":11.0},{"not_picked":["SpiritShield","LessonLearned","Alpha"],"picked":"SKIP","floor":13.0},{"not_picked":["Study","DeceiveReality","FlyingSleeves"],"picked":"SKIP","floor":14.0},{"not_picked":["Alpha","Ragnarok"],"picked":"Vault","floor":16.0},{"not_picked":["FearNoEvil+1","Pray"],"picked":"Halt","floor":18.0},{"not_picked":["Establishment","Blasphemy","SpiritShield"],"picked":"SKIP","floor":20.0},{"not_picked":["Worship+1","BowlingBash","Nirvana"],"picked":"SKIP","floor":21.0},{"not_picked":["Establishment","Devotion","SpiritShield"],"picked":"SKIP","floor":23.0},{"not_picked":["DeusExMachina","MasterReality","Omniscience"],"picked":"SKIP","floor":24.0},{"not_picked":["Devotion","Judgement","MasterReality"],"picked":"SKIP","floor":25.0},{"not_picked":["ConjureBlade","Judgement","LessonLearned"],"picked":"SKIP","floor":27.0},{"not_picked":["Establishment","DevaForm"],"picked":"Omniscience+1","floor":28.0},{"not_picked":["ConjureBlade+1","Blasphemy+1"],"picked":"Scrawl+1","floor":30.0},{"not_picked":["Alpha+1","Ragnarok","DeusExMachina+1"],"picked":"SKIP","floor":31.0},{"not_picked":["Ragnarok","DevaForm"],"picked":"Devotion","floor":33.0},{"not_picked":["BowlingBash+1"],"picked":"SKIP","floor":35.0},{"not_picked":["Evaluate+1"],"picked":"SKIP","floor":37.0},{"not_picked":["Omniscience+1"],"picked":"Singing Bowl","floor":39.0},{"not_picked":["Ragnarok"],"picked":"Singing Bowl","floor":40.0},{"not_picked":["Vault+1"],"picked":"Singing Bowl","floor":42.0},{"not_picked":["Vault+1"],"picked":"Singing Bowl","floor":44.0},{"not_picked":["Devotion"],"picked":"Singing Bowl","floor":45.0},{"not_picked":["Omniscience+1"],"picked":"Singing Bowl","floor":48.0},{"not_picked":["Alpha+1"],"picked":"Singing Bowl","floor":50.0},{"not_picked":["FollowUp"],"picked":"Singing Bowl","floor":52.0},{"not_picked":["Judgement+1"],"picked":"Singing Bowl","floor":56.0},{"not_picked":["DeusExMachina+1"],"picked":"Singing Bowl","floor":58.0},{"not_picked":["Wish+1"],"picked":"Singing Bowl","floor":59.0},{"not_picked":["Devotion"],"picked":"Singing Bowl","floor":61.0},{"not_picked":["Ragnarok"],"picked":"Singing Bowl","floor":63.0},{"not_picked":["Blasphemy+1"],"picked":"Singing Bowl","floor":64.0},{"not_picked":["Judgement+1"],"picked":"Singing Bowl","floor":65.0},{"not_picked":["LessonLearned"],"picked":"Singing Bowl","floor":67},{"not_picked":["Crescendo+1"],"picked":"Singing Bowl","floor":69},{"not_picked":["EmptyBody+1"],"picked":"Singing Bowl","floor":71},{"not_picked":["Ragnarok"],"picked":"Singing Bowl","floor":73},{"not_picked":[],"picked":"Brilliance","floor":75},{"not_picked":["Scrawl+1"],"picked":"Singing Bowl","floor":77},{"not_picked":["Alpha+1"],"picked":"Singing Bowl","floor":78},{"not_picked":["DeusExMachina+1"],"picked":"Singing Bowl","floor":79},{"not_picked":["Judgement+1"],"picked":"Singing Bowl","floor":81},{"not_picked":["MasterReality"],"picked":"Singing Bowl","floor":82},{"not_picked":["DevaForm"],"picked":"Singing Bowl","floor":84},{"not_picked":["Halt+1"],"picked":"Singing Bowl","floor":86},{"not_picked":["HandOfGreed"],"picked":"Singing Bowl","floor":87},{"not_picked":["Scrawl+1"],"picked":"Singing Bowl","floor":90},{"not_picked":["LessonLearned"],"picked":"Singing Bowl","floor":91},{"not_picked":["MasterReality"],"picked":"Singing Bowl","floor":92},{"not_picked":["SpiritShield+1"],"picked":"Singing Bowl","floor":93},{"not_picked":["Alpha+1"],"picked":"Singing Bowl","floor":94},{"not_picked":["EmptyBody+1"],"picked":"Singing Bowl","floor":95},{"not_picked":["DevaForm"],"picked":"Singing Bowl","floor":96},{"not_picked":["Alpha+1"],"picked":"Singing Bowl","floor":97},{"not_picked":["Consecrate"],"picked":"Singing Bowl","floor":100},{"not_picked":["Vault+1"],"picked":"Singing Bowl","floor":101}],"player_experience":784757,"relics_obtained":[{"floor":9.0,"key":"TeardropLocket"},{"floor":10.0,"key":"StrikeDummy"},{"floor":13.0,"key":"Lantern"},{"floor":20.0,"key":"Bronze Scales"},{"floor":23.0,"key":"Blood Vial"},{"floor":24.0,"key":"Matryoshka"},{"floor":25.0,"key":"Strawberry"},{"floor":26.0,"key":"Dream Catcher"},{"floor":26.0,"key":"Kunai"},{"floor":27.0,"key":"Centennial Puzzle"},{"floor":28.0,"key":"Toxic Egg 2"},{"floor":30.0,"key":"Gremlin Horn"},{"floor":31.0,"key":"Anchor"},{"floor":39.0,"key":"Tiny Chest"},{"floor":40.0,"key":"GoldenEye"},{"floor":42.0,"key":"Pen Nib"},{"floor":43.0,"key":"Bottled Flame"},{"floor":43.0,"key":"Damaru"},{"floor":44.0,"key":"Old Coin"},{"floor":45.0,"key":"Girya"},{"floor":48.0,"key":"Ancient Tea Set"},{"floor":60.0,"key":"Shuriken"},{"floor":68,"key":"Potion Belt"},{"floor":68,"key":"HornCleat"},{"floor":68,"key":"Du-Vu Doll"}],"event_choices":[{"damage_healed":0.0,"max_hp_gain":0.0,"max_hp_loss":0.0,"gold_gain":0.0,"event_name":"Scrap Ooze","player_choice":"Success","floor":2.0,"gold_loss":0.0,"damage_taken":7.0,"relics_obtained":["CeramicFish"]},{"damage_healed":0.0,"max_hp_gain":0.0,"max_hp_loss":0.0,"gold_gain":0.0,"event_name":"Lab","player_choice":"Got Potions","floor":19.0,"gold_loss":0.0,"damage_taken":0.0},{"damage_healed":0.0,"max_hp_gain":0.0,"max_hp_loss":4.0,"gold_gain":0.0,"event_name":"Winding Halls","player_choice":"Max HP","floor":36.0,"gold_loss":0.0,"damage_taken":0.0},{"damage_healed":0.0,"max_hp_gain":0.0,"max_hp_loss":0.0,"gold_gain":0.0,"event_name":"Golden Idol","player_choice":"Take Damage","floor":54.0,"gold_loss":0.0,"damage_taken":22.0,"relics_obtained":["Golden Idol"]},{"cards_removed":["Devotion"],"damage_healed":0.0,"max_hp_gain":0.0,"max_hp_loss":0.0,"gold_gain":0.0,"event_name":"Golden Wing","player_choice":"Card Removal","floor":55.0,"gold_loss":0.0,"damage_taken":7.0},{"damage_healed":0,"gold_gain":0,"player_choice":"Gave Idol","damage_taken":0,"relics_obtained":["Bloody Idol"],"max_hp_gain":0,"max_hp_loss":0,"event_name":"Forgotten Altar","floor":72,"relics_lost":["Golden Idol"],"gold_loss":0},{"damage_healed":0,"gold_gain":0,"player_choice":"Memory 1","damage_taken":0,"max_hp_gain":0,"max_hp_loss":0,"event_name":"SensoryStone","floor":87,"gold_loss":0},{"cards_removed":["ClearTheMind"],"damage_healed":0,"gold_gain":0,"player_choice":"Removed Skill","damage_taken":0,"max_hp_gain":0,"max_hp_loss":0,"event_name":"Falling","floor":88,"gold_loss":0}],"is_beta":false,"boss_relics":[{"not_picked":["Coffee Dripper","Fusion Hammer","Snecko Eye"]},{"not_picked":["Velvet Choker","Astrolabe"],"picked":"Busted Crown"},{"not_picked":["Philosopher\u0027s Stone","Cursed Key"],"picked":"SacredBark"},{"not_picked":["Fusion Hammer","Sozu"],"picked":"Calling Bell"},{"not_picked":["Philosopher\u0027s Stone","Snecko Eye"],"picked":"SlaversCollar"},{"not_picked":["Astrolabe","Velvet Choker"],"picked":"Empty Cage"}],"items_purged_floors":[3,22,29,47,53,70,80],"is_endless":true,"potions_floor_spawned":[4,7,11,14,20,21,24,28,33,35,39,42,48,50,52,59,63,67,73,77,79,81,91,92,95,101],"ascension_level":0}}