{"host":"xcuflocadasoaqda","time":1607538377,"event":{"gold_per_floor":[114,114,133,147,147,147,171,202,202,30,71,71,71,94,94,183,183,206,221,261,261,279,319,319,362,385,416,466,466,489,489,489,580,580,605,1604,570,495,513,554,554,590,590,615,615,490,490,490,490,490,490,490,490,7,43,43],"floor_reached":57,"playtime":3440,"items_purged":["Defend_B","Normality","Normality","Cold Snap"],"score":2978,"play_id":"529b1af1-c237-4983-bcda-379970cb6ab3","local_time":"20201209122617","is_ascension_mode":true,"campfire_choices":[{"data":"Hologram","floor":6,"key":"SMITH"},{"floor":13,"key":"REST"},{"data":"Skim","floor":15,"key":"SMITH"},{"data":"Sunder","floor":24,"key":"SMITH"},{"data":"Meteor Strike","floor":29,"key":"SMITH"},{"data":"Reprogram","floor":32,"key":"SMITH"},{"data":"Sunder","floor":41,"key":"SMITH"},{"floor":45,"key":"RECALL"},{"floor":49,"key":"DIG"},{"floor":53,"key":"DIG"}],"neow_cost":"NONE","seed_source_timestamp":8439029251784056768,"circlet_count":0,"master_deck":["AscendersBane","Hologram+1","Self Repair","Streamline","Skim+1","White Noise","Static Discharge","Genetic Algorithm","All For One","Echo Form","Sunder+1","Meteor Strike+1","Beam Cell+1","Tempest","Ball Lightning+1","Reprogram+1","Auto Shields","Sunder+1","Reboot","Echo Form","Skim+1","Cold Snap","Auto Shields","Recycle","Stack+1","Double Energy+1","Meteor Strike+1","Hologram"],"relics":["Snecko Eye","Golden Idol","Odd Mushroom","InkBottle","Bottled Lightning","Pandora\u0027s Box","Red Mask","Whetstone","Letter Opener","CaptainsWheel","SlaversCollar","TungstenRod","Thread and Needle","Orrery","StoneCalendar","Question Card","Eternal Feather","Shovel","Orichalcum","Symbiotic Virus","Anchor","Bag of Marbles","Bag of Preparation"],"potions_floor_usage":[11,27,27,44,55,55,56,56],"damage_taken":[{"damage":14,"enemies":"Jaw Worm","floor":1,"turns":5},{"damage":1,"enemies":"2 Louse","floor":3,"turns":3},{"damage":7,"enemies":"Small Slimes","floor":4,"turns":4},{"damage":2,"enemies":"2 Fungi Beasts","floor":7,"turns":4},{"damage":33,"enemies":"The Mushroom Lair","floor":8,"turns":5},{"damage":26,"enemies":"Lagavulin","floor":11,"turns":6},{"damage":5,"enemies":"Looter","floor":14,"turns":4},{"damage":28,"enemies":"The Guardian","floor":16,"turns":11},{"damage":39,"enemies":"3 Byrds","floor":18,"turns":3},{"damage":1,"enemies":"Chosen","floor":19,"turns":4},{"damage":0,"enemies":"Masked Bandits","floor":20,"turns":2},{"damage":0,"enemies":"Sentry and Sphere","floor":22,"turns":6},{"damage":0,"enemies":"Gremlin Leader","floor":23,"turns":4},{"damage":62,"enemies":"Slavers","floor":25,"turns":8},{"damage":0,"enemies":"Book of Stabbing","floor":27,"turns":2},{"damage":0,"enemies":"3 Cultists","floor":30,"turns":3},{"damage":10,"enemies":"Champ","floor":33,"turns":3},{"damage":1,"enemies":"Orb Walker","floor":35,"turns":3},{"damage":1,"enemies":"3 Shapes","floor":39,"turns":6},{"damage":0,"enemies":"Nemesis","floor":40,"turns":3},{"damage":0,"enemies":"Giant Head","floor":42,"turns":4},{"damage":8,"enemies":"3 Darklings","floor":44,"turns":3},{"damage":26,"enemies":"Time Eater","floor":50,"turns":8},{"damage":1,"enemies":"Donu and Deca","floor":51,"turns":6},{"damage":8,"enemies":"Shield and Spear","floor":55,"turns":4},{"damage":67,"enemies":"The Heart","floor":56,"turns":6}],"seed_played":"82172354926509954","potions_obtained":[{"floor":3,"key":"LiquidBronze"},{"floor":7,"key":"LiquidMemories"},{"floor":8,"key":"Weak Potion"},{"floor":14,"key":"Dexterity Potion"},{"floor":22,"key":"PowerPotion"},{"floor":33,"key":"Weak Potion"},{"floor":40,"key":"EntropicBrew"},{"floor":55,"key":"EssenceOfDarkness"}],"is_trial":false,"path_per_floor":["M","?","M","M","?","R","M","?","T","$","E","?","R","M","R","B",null,"M","M","?","?","M","E","R","E","T","E","?","R","M","?","R","B",null,"M","?","$","?","M","E","R","E","T","M","R","$","T","?","R","B","B",null,"R","$","E","B",null],"character_chosen":"DEFECT","items_purchased":["Skim","Strength Potion","TungstenRod","Thread and Needle","Orrery","LiquidMemories","Anchor","Bag of Marbles"],"campfire_rested":1,"item_purchase_floors":[10,10,37,37,37,37,54,54],"current_hp_per_floor":[50,55,54,54,54,54,59,33,33,33,14,14,34,36,36,22,57,32,38,38,52,66,69,69,21,21,28,28,28,42,42,42,32,60,66,66,66,66,69,69,69,69,69,69,69,69,69,69,69,50,63,68,69,69,69,9],"gold":43,"neow_bonus":"BOSS_RELIC","is_prod":false,"is_daily":false,"chose_seed":false,"campfire_upgraded":6,"win_rate":0,"timestamp":1607538377,"path_taken":["M","?","M","M","?","R","M","?","T","$","E","?","R","M","R","BOSS","M","M","?","?","M","E","R","E","T","E","?","R","M","?","R","BOSS","M","?","$","?","?","E","R","E","T","M","R","$","?","?","R","BOSS","BOSS","R","$","E","BOSS"],"build_version":"2020-11-30","purchased_purges":4,"victory":true,"max_hp_per_floor":[71,76,76,76,69,69,69,69,69,69,69,69,69,69,69,69,69,69,69,69,69,69,69,69,69,69,69,69,69,69,69,69,69,69,69,69,69,69,69,69,69,69,69,69,69,69,69,69,69,69,69,69,69,69,69,69],"relic_stats":{"counters":[26,120],"Golden Idol":203,"StoneCalendar":[52],"Eternal Feather":1,"Bag of Preparation":[2],"Whetstone":["Beam Cell","Ball Lightning"],"Letter Opener":[188],"Orichalcum":[30],"Question Card":2,"Shovel":2,"Snecko Eye":[233,237,243,258],"Pandora\u0027s Box":["Echo Form","Sunder","Meteor Strike","Beam Cell","Tempest","Ball Lightning"],"obtain_stats":[{"Golden Idol":5,"Thread and Needle":37,"StoneCalendar":40,"Eternal Feather":43,"Bag of Preparation":55,"Whetstone":23,"Letter Opener":25,"Odd Mushroom":8,"Orichalcum":49,"Question Card":42,"SlaversCollar":34,"CaptainsWheel":27,"Anchor":54,"Shovel":47,"Snecko Eye":0,"Orrery":37,"Pandora\u0027s Box":17,"Red Mask":20,"Bag of Marbles":54,"Bottled Lightning":11,"Cracked Core":0,"Symbiotic Virus":53,"InkBottle":9,"TungstenRod":37},{"Golden Idol":3,"Thread and Needle":18,"StoneCalendar":20,"Eternal Feather":21,"Bag of Preparation":25,"Whetstone":13,"Letter Opener":14,"Odd Mushroom":5,"Orichalcum":22,"Question Card":21,"SlaversCollar":17,"CaptainsWheel":15,"Anchor":24,"Shovel":22,"Snecko Eye":0,"Orrery":18,"Pandora\u0027s Box":8,"Red Mask":11,"Bag of Marbles":24,"Bottled Lightning":6,"Cracked Core":0,"Symbiotic Virus":24,"InkBottle":5,"TungstenRod":18},{"Golden Idol":12,"Thread and Needle":80,"StoneCalendar":89,"Eternal Feather":93,"Bag of Preparation":114,"Whetstone":61,"Letter Opener":69,"Odd Mushroom":21,"Orichalcum":96,"Question Card":93,"SlaversCollar":77,"CaptainsWheel":71,"Anchor":110,"Shovel":96,"Snecko Eye":0,"Orrery":80,"Pandora\u0027s Box":42,"Red Mask":51,"Bag of Marbles":110,"Bottled Lightning":27,"Cracked Core":0,"Symbiotic Virus":110,"InkBottle":21,"TungstenRod":80}],"InkBottle":[53],"TungstenRod":31},"card_choices":[{"not_picked":["Sweeping Beam","Scrape"],"picked":"Hologram","floor":1},{"not_picked":["Barrage","Auto Shields"],"picked":"Self Repair","floor":3},{"not_picked":["Rebound","Coolheaded"],"picked":"Cold Snap","floor":4},{"not_picked":["Chaos","Stack"],"picked":"Streamline","floor":7},{"not_picked":["Auto Shields","Steam"],"picked":"White Noise","floor":11},{"not_picked":["Steam","Reboot"],"picked":"Genetic Algorithm","floor":14},{"not_picked":["Biased Cognition","Amplify"],"picked":"All For One","floor":16},{"not_picked":["Coolheaded","Static Discharge"],"picked":"Reprogram","floor":18},{"not_picked":["Ball Lightning","Rebound","Double Energy"],"picked":"SKIP","floor":19},{"not_picked":["Coolheaded","Barrage","Steam"],"picked":"SKIP","floor":22},{"not_picked":["Leap","Turbo"],"picked":"Auto Shields","floor":23},{"not_picked":["Machine Learning","Darkness+1"],"picked":"Sunder","floor":25},{"not_picked":["Cold Snap","Gash+1"],"picked":"Reboot","floor":27},{"not_picked":["Blizzard","Cold Snap","Stack"],"picked":"SKIP","floor":30},{"not_picked":["Steam","Barrage","Beam Cell+1"],"picked":"SKIP","floor":35},{"not_picked":["Skim","Fusion"],"picked":"Echo Form","floor":37},{"not_picked":["Coolheaded","Heatsinks"],"picked":"Skim+1","floor":37},{"not_picked":["Redo","Streamline+1"],"picked":"Recycle","floor":39},{"not_picked":["Scrape","Double Energy"],"picked":"Stack+1","floor":40},{"not_picked":["BootSequence","Go for the Eyes","Redo"],"picked":"SKIP","floor":42},{"not_picked":["Loop","Streamline","Compile Driver"],"picked":"Double Energy+1","floor":44},{"not_picked":["Compile Driver","Electrodynamics","Auto Shields"],"picked":"Hologram","floor":55}],"player_experience":1671895,"relics_obtained":[{"floor":8,"key":"Odd Mushroom"},{"floor":9,"key":"InkBottle"},{"floor":11,"key":"Bottled Lightning"},{"floor":20,"key":"Red Mask"},{"floor":23,"key":"Whetstone"},{"floor":25,"key":"Letter Opener"},{"floor":27,"key":"CaptainsWheel"},{"floor":40,"key":"StoneCalendar"},{"floor":42,"key":"Question Card"},{"floor":43,"key":"Eternal Feather"},{"floor":47,"key":"Shovel"},{"floor":49,"key":"Orichalcum"},{"floor":53,"key":"Symbiotic Virus"},{"floor":55,"key":"Bag of Preparation"}],"event_choices":[{"damage_healed":0,"gold_gain":0,"player_choice":"Donut","damage_taken":0,"max_hp_gain":5,"max_hp_loss":0,"event_name":"Big Fish","floor":2,"gold_loss":0},{"damage_healed":0,"gold_gain":0,"player_choice":"Lose Max HP","damage_taken":0,"relics_obtained":["Golden Idol"],"max_hp_gain":0,"max_hp_loss":7,"event_name":"Golden Idol","floor":5,"gold_loss":0},{"damage_healed":0,"gold_gain":0,"player_choice":"Fought Mushrooms","damage_taken":0,"max_hp_gain":0,"max_hp_loss":0,"event_name":"Mushrooms","floor":8,"gold_loss":0},{"damage_healed":0,"gold_gain":0,"cards_transformed":["Strike_B"],"player_choice":"Change","damage_taken":0,"max_hp_gain":0,"max_hp_loss":0,"event_name":"Living Wall","floor":12,"gold_loss":0,"cards_obtained":["Static Discharge"]},{"damage_healed":0,"gold_gain":0,"player_choice":"Fought Bandits","damage_taken":0,"max_hp_gain":0,"max_hp_loss":0,"event_name":"Masked Bandits","floor":20,"gold_loss":0},{"damage_healed":14,"gold_gain":0,"player_choice":"Heal","damage_taken":0,"max_hp_gain":0,"max_hp_loss":0,"event_name":"The Library","floor":21,"gold_loss":0},{"damage_healed":0,"gold_gain":50,"player_choice":"Stole From Cult","damage_taken":0,"max_hp_gain":0,"max_hp_loss":0,"event_name":"Nest","floor":28,"gold_loss":0},{"damage_healed":0,"gold_gain":0,"player_choice":"Ignored","damage_taken":0,"max_hp_gain":0,"max_hp_loss":0,"event_name":"The Mausoleum","floor":31,"gold_loss":0},{"damage_healed":0,"gold_gain":999,"player_choice":"Gold","damage_taken":0,"max_hp_gain":0,"max_hp_loss":0,"event_name":"MindBloom","floor":36,"gold_loss":0,"cards_obtained":["Normality","Normality"]},{"damage_healed":0,"gold_gain":0,"cards_transformed":["Zap","Dualcast"],"player_choice":"Transformed Cards","damage_taken":0,"max_hp_gain":0,"max_hp_loss":0,"event_name":"Designer","floor":38,"gold_loss":75,"cards_obtained":["Cold Snap","Auto Shields"]},{"damage_healed":0,"gold_gain":0,"player_choice":"Copied","damage_taken":0,"max_hp_gain":0,"max_hp_loss":0,"event_name":"Duplicator","floor":48,"gold_loss":0,"cards_obtained":["Meteor Strike"]}],"is_beta":false,"boss_relics":[{"not_picked":["Calling Bell","Runic Pyramid"],"picked":"Pandora\u0027s Box"},{"not_picked":["Runic Dome","SacredBark"],"picked":"SlaversCollar"}],"items_purged_floors":[10,37,46,54],"is_endless":false,"potions_floor_spawned":[3,7,8,14,22,23,33,40,42,55],"ascension_level":20}}