{"host":"7z347kdhnquy3q4q","time":1607525905,"event":{"gold_per_floor":[15,15,32,32,51,51,84,109,109,128,146,146,146,16,16,117,117,86,86,100,172,64,64,64,94,117,1,1,11,11,37,37,136,136,153,97,97,150,150,181,181,193,193,193,226,226,21,33,33,33],"floor_reached":51,"playtime":4238,"items_purged":["ReplayTheSpireMod:Splinters","ReplayTheSpireMod:Splinters"],"score":972,"play_id":"ebc2b82f-86db-40fb-b2ca-bbd5c54f1932","local_time":"20201209085825","is_ascension_mode":true,"campfire_choices":[{"data":"RobotSpaceExplorer:FreezeRay","floor":6.0,"key":"SMITH"},{"floor":13.0,"key":"REST"},{"data":"RobotSpaceExplorer:Blitz","floor":15.0,"key":"SMITH"},{"floor":23.0,"key":"REST"},{"data":"RobotSpaceExplorer:TrailblazerForm","floor":28.0,"key":"SMITH"},{"floor":41,"key":"REST"},{"data":"RobotSpaceExplorer:ShockMissile","floor":44,"key":"SMITH"},{"data":"RobotSpaceExplorer:ShockMissile","floor":46,"key":"SMITH"},{"data":"Trip","floor":49,"key":"SMITH"}],"neow_cost":"NO_GOLD","seed_source_timestamp":2291488781969300,"circlet_count":0,"master_deck":["RobotSpaceExplorer:Strike","RobotSpaceExplorer:Defend","RobotSpaceExplorer:Defend","RobotSpaceExplorer:Defend","RobotSpaceExplorer:Scan","RobotSpaceExplorer:MiniLasers","RobotSpaceExplorer:FreezeRay+1","RobotSpaceExplorer:Smokescreen","RobotSpaceExplorer:GearShield","RobotSpaceExplorer:ToxicBomb","RobotSpaceExplorer:GlueSpray","RobotSpaceExplorer:Blitz+1","RobotSpaceExplorer:ShockMissile+1","RobotSpaceExplorer:StunGrenade","RobotSpaceExplorer:DualCore","RobotSpaceExplorer:MetalStrike","RobotSpaceExplorer:GlueShot","RobotSpaceExplorer:GlueShot","RobotSpaceExplorer:TrailblazerForm+1","RobotSpaceExplorer:MiniBoosters","RobotSpaceExplorer:Fix","RobotSpaceExplorer:StunGrenade","RobotSpaceExplorer:SelfCleaning","RobotSpaceExplorer:ShockMissile+1","RobotSpaceExplorer:Fix+1","RobotSpaceExplorer:ScrapMissile+1","Escape Plan","Die Die Die","Endless Agony","RobotSpaceExplorer:Explosion","RobotSpaceExplorer:MiniDrones","RobotSpaceExplorer:MiniDrones+1","RobotSpaceExplorer:Discharger+1","Trip+1","RobotSpaceExplorer:ExhaustFan","RobotSpaceExplorer:PowerGlove"],"special_seed":0,"relics":["RobotSpaceExplorer:RoboCore","Du-Vu Doll","Strawberry","Bag of Marbles","Counterbalance","hubris:TerracottaHorce","Replay:Rubber Ducky","ReplayTheSpireMod:Lightbulb","Thread and Needle","Potion Belt","Omamori","Replay:Ancient Bell","RobotSpaceExplorer:FoglandsKnife","aspiration:StickyExplosives_weak","Dead Branch","Peace Pipe","vexMod:RedPlottingStone","Replay:Kaleidoscope","hubris:CuriousFeather","BargainBundle"],"potions_floor_usage":[31,33,36,36,50,50],"damage_taken":[{"damage":3.0,"enemies":"Small Slimes","floor":1.0,"turns":3.0},{"damage":0.0,"enemies":"Cultist","floor":3.0,"turns":4.0},{"damage":0.0,"enemies":"2 Louse","floor":5.0,"turns":3.0},{"damage":21.0,"enemies":"Gremlin Nob","floor":7.0,"turns":5.0},{"damage":7.0,"enemies":"Exordium Wildlife","floor":10.0,"turns":4.0},{"damage":2.0,"enemies":"Red Slaver","floor":11.0,"turns":5.0},{"damage":20.0,"enemies":"Slime Boss","floor":16.0,"turns":8.0},{"damage":4.0,"enemies":"Shell Parasite","floor":18.0,"turns":7.0},{"damage":6.0,"enemies":"2 Thieves","floor":20.0,"turns":3.0},{"damage":5.0,"enemies":"Gremlin Leader","floor":25.0,"turns":8.0},{"damage":0.0,"enemies":"Snake Plant","floor":29.0,"turns":6.0},{"damage":0,"enemies":"Replay:Snechameleon","floor":31,"turns":8},{"damage":38,"enemies":"hubris:MusketHawk","floor":33,"turns":13},{"damage":0,"enemies":"3 Shapes","floor":35,"turns":3},{"damage":0,"enemies":"Orb Walker","floor":36,"turns":6},{"damage":2,"enemies":"2 Orb Walkers","floor":38,"turns":3},{"damage":29,"enemies":"Nemesis","floor":40,"turns":5},{"damage":0,"enemies":"3 Darklings","floor":42,"turns":3},{"damage":0,"enemies":"R_Hoarder","floor":45,"turns":9},{"damage":0,"enemies":"Jaw Worm Horde","floor":48,"turns":3},{"damage":0,"enemies":"Awakened One","floor":50,"turns":11}],"seed_played":"-1174752650231388728","potions_obtained":[{"floor":2.0,"key":"Block Potion"},{"floor":2.0,"key":"Adrenaline Potion"},{"floor":2.0,"key":"RobotSpaceExplorer:LiquidFusion"},{"floor":5.0,"key":"Venom Potion"},{"floor":7.0,"key":"potionbrewer:BarricadePotion"},{"floor":20.0,"key":"ColorlessPotion"},{"floor":21.0,"key":"DistilledChaos"},{"floor":25.0,"key":"RobotSpaceExplorer:RecyclePotion"},{"floor":29.0,"key":"Fire Potion"},{"floor":32,"key":"Flashbang"},{"floor":32,"key":"Explosive Potion"},{"floor":35,"key":"Explosive Potion"},{"floor":45,"key":"potionbrewer:AcidPotion"},{"floor":48,"key":"potionbrewer:CleansingPotion"}],"is_trial":false,"path_per_floor":["M","?","M","?","M","R","E","T","T","M","M","T","R","$","R","B",null,"M","?","M","?","$","R","?","E","T","$","R","M","?","E","R","B",null,"M","M","?","?","$","E","R","M","T","R","E","R","$","M","R","B",null],"character_chosen":"RobotSpaceExplorer","items_purchased":["RobotSpaceExplorer:Blitz","Strength Potion","RobotSpaceExplorer:GlueShot","RobotSpaceExplorer:MiniBoosters","RobotSpaceExplorer:Fix","BargainBundle","BlessingOfTheForge","potionbrewer:ToxicPotion","Trip","RobotSpaceExplorer:ExhaustFan"],"campfire_rested":3,"item_purchase_floors":[14,14,22,27,27,47,47,47,47,47],"current_hp_per_floor":[72,72,72,72,72,72,58,58,58,51,49,49,73,73,73,53,75,71,71,65,65,65,82,82,77,77,77,77,81,81,82,82,44,73,73,82,82,80,80,55,79,79,79,79,82,82,82,82,82,82],"gold":33,"neow_bonus":"ONE_RARE_RELIC","is_prod":false,"is_daily":false,"chose_seed":false,"campfire_upgraded":6,"win_rate":0,"timestamp":1607525905,"path_taken":["M","?","?","?","M","R","E","?","T","M","?","?","R","$","R","BOSS","M","?","M","?","$","R","?","E","T","$","R","?","?","E","R","BOSS","M","M","?","?","$","E","R","M","T","R","E","R","$","M","R","BOSS"],"build_version":"2020-11-30","purchased_purges":2,"victory":true,"max_hp_per_floor":[75,75,75,75,75,75,82,82,82,82,82,82,82,82,82,82,82,82,82,82,82,82,82,82,82,82,82,82,82,82,82,82,82,82,82,82,82,82,82,82,82,82,82,82,82,82,82,82,82,82],"card_choices":[{"not_picked":["RobotSpaceExplorer:StarDust","RobotSpaceExplorer:GlueSpray"],"picked":"RobotSpaceExplorer:FreezeRay","floor":1.0},{"not_picked":["RobotSpaceExplorer:SurgingShield","RobotSpaceExplorer:FranticSearch","RobotSpaceExplorer:ExhaustFan"],"picked":"SKIP","floor":3.0},{"not_picked":["RobotSpaceExplorer:Probe","RobotSpaceExplorer:Pulsar"],"picked":"RobotSpaceExplorer:Smokescreen","floor":5.0},{"not_picked":["RobotSpaceExplorer:Discharger","RobotSpaceExplorer:MiniDrones"],"picked":"RobotSpaceExplorer:GearShield","floor":7.0},{"not_picked":["RobotSpaceExplorer:Reload","RobotSpaceExplorer:RigExplosive"],"picked":"RobotSpaceExplorer:ToxicBomb","floor":10.0},{"not_picked":["RobotSpaceExplorer:ToxicBomb","RobotSpaceExplorer:FranticSearch"],"picked":"RobotSpaceExplorer:GlueSpray","floor":11.0},{"not_picked":["RobotSpaceExplorer:Comet","RobotSpaceExplorer:Explosion"],"picked":"RobotSpaceExplorer:ShockMissile","floor":16.0},{"not_picked":["RobotSpaceExplorer:Reload","RobotSpaceExplorer:SlimeMissile"],"picked":"RobotSpaceExplorer:StunGrenade","floor":18.0},{"not_picked":["RobotSpaceExplorer:ShovelStrike","RobotSpaceExplorer:MetalStrike"],"picked":"RobotSpaceExplorer:DualCore","floor":20.0},{"not_picked":["RobotSpaceExplorer:TurboDodge","RobotSpaceExplorer:Probe"],"picked":"RobotSpaceExplorer:MetalStrike","floor":21.0},{"not_picked":["RobotSpaceExplorer:Wormhole","RobotSpaceExplorer:Accelerator"],"picked":"RobotSpaceExplorer:TrailblazerForm","floor":25.0},{"not_picked":["RobotSpaceExplorer:SwiftStep+1","RobotSpaceExplorer:Blitz"],"picked":"RobotSpaceExplorer:StunGrenade","floor":29.0},{"not_picked":["RobotSpaceExplorer:IronShell","RobotSpaceExplorer:Probe+1"],"picked":"RobotSpaceExplorer:SelfCleaning","floor":31},{"not_picked":["RobotSpaceExplorer:Asteroid","RobotSpaceExplorer:Blaster"],"picked":"RobotSpaceExplorer:ShockMissile","floor":33},{"not_picked":["Delirium","CurseOfTheBell"],"picked":"vexMod:UltimateCard","floor":34},{"not_picked":["hubris:Lust","Delirium"],"picked":"ReplayTheSpireMod:Doomed","floor":34},{"not_picked":["Amnesia","hubris:Disease"],"picked":"ReplayTheSpireMod:Splinters","floor":34},{"not_picked":["RobotSpaceExplorer:IronShell+1","RobotSpaceExplorer:ScrapToss"],"picked":"RobotSpaceExplorer:Fix+1","floor":35},{"not_picked":["RobotSpaceExplorer:Ammunition+1","RobotSpaceExplorer:SelfCleaning"],"picked":"RobotSpaceExplorer:ScrapMissile+1","floor":36},{"not_picked":["RobotSpaceExplorer:Reload","RobotSpaceExplorer:Counterblock"],"picked":"RobotSpaceExplorer:Explosion","floor":38},{"not_picked":["RobotSpaceExplorer:Electropulse+1","RobotSpaceExplorer:SurgingShield+1"],"picked":"RobotSpaceExplorer:MiniDrones","floor":40},{"not_picked":["RobotSpaceExplorer:MetalStrike+1","RobotSpaceExplorer:SurgingStrike+1"],"picked":"RobotSpaceExplorer:MiniDrones+1","floor":42},{"not_picked":["RobotSpaceExplorer:BlastShield","RobotSpaceExplorer:ScrapMissile"],"picked":"RobotSpaceExplorer:Discharger+1","floor":45},{"not_picked":["RobotSpaceExplorer:Smokescreen+1","RobotSpaceExplorer:FranticSearch+1"],"picked":"RobotSpaceExplorer:PowerGlove","floor":48}],"player_experience":1802814,"relics_obtained":[{"floor":7.0,"key":"Strawberry"},{"floor":8.0,"key":"Vajra"},{"floor":9.0,"key":"Bag of Marbles"},{"floor":12.0,"key":"Counterbalance"},{"floor":21.0,"key":"Replay:Rubber Ducky"},{"floor":25.0,"key":"ReplayTheSpireMod:Lightbulb"},{"floor":25.0,"key":"Thread and Needle"},{"floor":26.0,"key":"Potion Belt"},{"floor":30,"key":"Ring of Peace"},{"floor":31,"key":"Omamori"},{"floor":38,"key":"Peace Pipe"},{"floor":40,"key":"vexMod:RedPlottingStone"},{"floor":43,"key":"Replay:Kaleidoscope"},{"floor":45,"key":"hubris:CuriousFeather"}],"event_choices":[{"damage_healed":0.0,"max_hp_gain":0.0,"max_hp_loss":0.0,"gold_gain":0.0,"event_name":"Lab","player_choice":"Got Potions","floor":2.0,"gold_loss":0.0,"damage_taken":0.0},{"damage_healed":0.0,"max_hp_gain":0.0,"max_hp_loss":0.0,"gold_gain":0.0,"event_name":"Ghosts","player_choice":"Ignored","floor":19.0,"gold_loss":0.0,"damage_taken":0.0},{"damage_healed":0.0,"max_hp_gain":0.0,"max_hp_loss":0.0,"gold_gain":0.0,"event_name":"Match and Keep!","player_choice":"1 cards matched","floor":24.0,"gold_loss":0.0,"damage_taken":0.0,"cards_obtained":["RobotSpaceExplorer:LuckyFind"]},{"damage_healed":0,"gold_gain":0,"player_choice":"Fight","damage_taken":0,"max_hp_gain":0,"max_hp_loss":0,"event_name":"Mysterious Sphere","floor":38,"gold_loss":0}],"is_beta":false,"boss_relics":[{"not_picked":["Replay:Drink Me","hubris:Stopwatch"],"picked":"hubris:TerracottaHorce"},{"not_picked":["hubris:GrandSneckoEye","aspiration:SecretTechniqueScroll"],"picked":"Replay:Ancient Bell"},{"not_picked":["Grinning Jar","Blood Vial"],"picked":"RobotSpaceExplorer:FoglandsKnife"},{"not_picked":["InkBottle","potionbrewer:RamsHorn"],"picked":"aspiration:StickyExplosives_weak"},{"not_picked":["FossilizedHelix","Bird Faced Urn"],"picked":"Dead Branch"}],"items_purged_floors":[22,47],"is_endless":false,"potions_floor_spawned":[3,5,7,20,25,29,35,45,48],"ascension_level":4}}