{"host":"cglr1m0d8tytrlaz","time":1607487045,"event":{"gold_per_floor":[109,127,138,152,164,191,191,191,191,221,221,221,233,233,41,54,54,155,155,172,172,271,271,321,321,337,262,262,277,277,288,48,73,73,176,176,190,412,429,479,531,571,590,642,642,592,634,634,669,689,689,689,689,689,368,395,395],"floor_reached":58,"playtime":6110,"items_purged":["Strike_R","Strike_R","Strike_R+1","Twin Strike"],"score":1653,"play_id":"1bbd6ce2-3e93-4444-8a39-f599ff70e26d","local_time":"20201208221045","is_ascension_mode":true,"campfire_choices":[{"floor":9,"key":"REST"},{"floor":12,"key":"REST"},{"data":"Seeing Red","floor":17,"key":"SMITH"},{"data":"Hemogenesis","floor":25,"key":"SMITH"},{"data":"Inflame","floor":34,"key":"SMITH"},{"floor":48,"key":"RECALL"},{"data":"Shockwave","floor":51,"key":"SMITH"},{"data":"Fire Breathing","floor":54,"key":"SMITH"}],"neow_cost":"NONE","seed_source_timestamp":271743322384200,"circlet_count":0,"master_deck":["Defend_R","Defend_R+1","Defend_R","Bash","Spot Weakness","Pommel Strike","Second Wind","ReplayTheSpireMod:Corrosion Curse","Dropkick","Seeing Red+1","ReplayTheSpireMod:Limb From Limb","Wild Strike","Wild Strike+1","Inflame+1","Reaper","Hemogenesis+1","Dark Embrace","Defy Death+1","Impervious","Writhe","Flame Barrier+1","Bloodletting+1","Life Link","Reckless Charge","Fire Breathing+1","Overencumbered","Exhume","CurseOfTheBell","Disarm+1","Delirium","CommonCold","Shockwave+1","Shame","Heavy Blade+1","Evolve","True Grit","ReplayTheSpireMod:Muscle Training","Languid","Corruption+1","ReplayTheSpireMod:Brewmster+1","Reaper","Inflame+1","Barricade+1","Body Slam+1","Shrug It Off"],"relics":["Runic Dome","Ring of Greed","Sundial","Ginger","Replay:Mystery Machine","Replay:Bottled Steam","CultistMask","ChewingGum","Ring of Misfortune","Membership Card","Smiling Mask","Paper Frog","PreservedInsect","Whetstone","Red Mask","Calling Bell","ReplayTheSpireMod:TigerMarble","Replay:Ringing Soul","Thread and Needle","Durian","War Paint","CeramicFish","Gremlin Horn","Frozen Egg 2","Bronze Scales","Orrery","Anchor","Toy Ornithopter"],"potions_floor_usage":[6,10,18,29,33,52,56,57,57,57,57,57,57],"damage_taken":[{"damage":10,"enemies":"Small Slimes","floor":1,"turns":3},{"damage":1,"enemies":"Cultist","floor":2,"turns":3},{"damage":1,"enemies":"2 Louse","floor":3,"turns":2},{"damage":0,"enemies":"Large Slime","floor":4,"turns":5},{"damage":9,"enemies":"3 Louse","floor":5,"turns":2},{"damage":30,"enemies":"Lagavulin","floor":6,"turns":5},{"damage":25,"enemies":"3 Sentries","floor":10,"turns":7},{"damage":3,"enemies":"Blue Slaver","floor":13,"turns":2},{"damage":0,"enemies":"Looter","floor":16,"turns":1},{"damage":31,"enemies":"Hexaghost","floor":18,"turns":6},{"damage":32,"enemies":"2 Thieves","floor":20,"turns":5},{"damage":8,"enemies":"Spheric Guardian","floor":26,"turns":4},{"damage":15,"enemies":"Snecko","floor":29,"turns":8},{"damage":0,"enemies":"Cultist and Chosen","floor":31,"turns":6},{"damage":19,"enemies":"Masked Bandits","floor":33,"turns":3},{"damage":7,"enemies":"Pondfish","floor":35,"turns":11},{"damage":20,"enemies":"3 Shapes","floor":37,"turns":4},{"damage":0,"enemies":"3 Darklings","floor":39,"turns":3},{"damage":0,"enemies":"Mind Bloom Boss Battle","floor":40,"turns":7},{"damage":42,"enemies":"Reptomancer","floor":42,"turns":7},{"damage":8,"enemies":"Maw","floor":43,"turns":7},{"damage":38,"enemies":"Nemesis","floor":47,"turns":5},{"damage":0,"enemies":"Sphere and 2 Shapes","floor":49,"turns":5},{"damage":30,"enemies":"3 Darklings","floor":50,"turns":8},{"damage":20,"enemies":"Replay:Hell Engine","floor":52,"turns":5},{"damage":89,"enemies":"Shield and Spear","floor":56,"turns":6},{"damage":51,"enemies":"The Heart","floor":57,"turns":6}],"seed_played":"5248697477587889175","potions_obtained":[{"floor":2,"key":"Fruit Juice"},{"floor":4,"key":"SkillPotion"},{"floor":5,"key":"ElixirPotion"},{"floor":10,"key":"DistilledChaos"},{"floor":18,"key":"Adrenaline Potion"},{"floor":26,"key":"SpeedPotion"},{"floor":29,"key":"Dexterity Potion"},{"floor":33,"key":"Weak Potion"},{"floor":39,"key":"Elixir"},{"floor":40,"key":"Venom Potion"},{"floor":47,"key":"BloodPotion"},{"floor":50,"key":"DuplicationPotion"}],"is_trial":false,"path_per_floor":["M","M","M","M","M","E","PTL","PTL","R","E","T","R","M","?","$","M","R","B",null,"M","?","?","?","?","R","M","?","T","M","T","M","$","?","R","B",null,"M","?","M","?","T","E","M","?","T","$","E","R","M","M","R","B",null,"R","$","E","B",null],"character_chosen":"IRONCLAD","items_purchased":["Wild Strike","Inflame","PreservedInsect","Reckless Charge","Whetstone","Bronze Scales","ReplayTheSpireMod:Brewmster+1","Orrery","Anchor","AttackPotion"],"campfire_rested":2,"item_purchase_floors":[15,15,32,32,32,55,55,55,55,55],"current_hp_per_floor":[70,69,68,68,59,29,29,29,53,28,28,52,49,49,49,49,49,18,65,46,46,46,46,46,46,46,46,46,56,56,70,70,59,59,78,83,88,91,91,99,99,68,82,56,56,56,33,33,65,59,59,88,108,108,111,45,85],"gold":395,"neow_bonus":"BOSS_RELIC","is_prod":false,"is_daily":false,"chose_seed":false,"campfire_upgraded":5,"win_rate":0,"timestamp":1607487045,"path_taken":["M","M","M","M","M","E","PTL","PTL","R","E","T","R","M","?","?","?","R","BOSS","M","?","?","?","?","R","M","?","T","?","?","M","$","?","R","BOSS","M","?","M","?","?","E","M","?","T","$","E","R","M","?","R","BOSS","R","$","E","BOSS"],"build_version":"2020-11-30","purchased_purges":4,"victory":true,"max_hp_per_floor":[80,80,80,80,80,80,80,80,80,80,80,80,80,80,80,80,80,80,80,80,80,80,80,80,80,80,80,80,85,85,85,85,85,85,85,85,88,91,91,99,99,102,105,105,105,105,108,108,111,114,114,114,114,114,117,117,117],"relic_stats":{"Gremlin Horn":[8,9],"counters":[27,136],"Sundial":[4],"CeramicFish":108,"Bronze Scales":[84],"PreservedInsect":173,"Ginger":[16],"Whetstone":["Strike_R","Wild Strike"],"War Paint":["Defend_R","Defy Death"],"Smiling Mask":38,"obtain_stats":[{"Gremlin Horn":44,"CeramicFish":42,"Ginger":6,"Whetstone":32,"Replay:Mystery Machine":10,"Smiling Mask":24,"Burning Blood":0,"Replay:Ringing Soul":36,"Sundial":45,"Red Mask":33,"Replay:Bottled Steam":11,"Paper Frog":30,"Thread and Needle":36,"PreservedInsect":32,"Ring of Greed":24,"War Paint":41,"Frozen Egg 2":47,"Calling Bell":36,"Runic Dome":0,"Anchor":55,"Ring of Misfortune":24,"Bronze Scales":55,"Orrery":55,"ChewingGum":19,"CultistMask":14,"ReplayTheSpireMod:TigerMarble":36,"Durian":40,"Membership Card":24,"Toy Ornithopter":56},{"Gremlin Horn":21,"CeramicFish":20,"Ginger":6,"Whetstone":14,"Replay:Mystery Machine":7,"Smiling Mask":11,"Burning Blood":0,"Replay:Ringing Soul":16,"Sundial":21,"Red Mask":15,"Replay:Bottled Steam":7,"Paper Frog":13,"Thread and Needle":16,"PreservedInsect":14,"Ring of Greed":11,"War Paint":19,"Frozen Egg 2":22,"Calling Bell":16,"Runic Dome":0,"Anchor":25,"Ring of Misfortune":11,"Bronze Scales":25,"Orrery":25,"ChewingGum":10,"CultistMask":8,"ReplayTheSpireMod:TigerMarble":16,"Durian":19,"Membership Card":11,"Toy Ornithopter":26},{"Gremlin Horn":101,"CeramicFish":94,"Ginger":20,"Whetstone":59,"Replay:Mystery Machine":27,"Smiling Mask":41,"Burning Blood":0,"Replay:Ringing Soul":73,"Sundial":101,"Red Mask":62,"Replay:Bottled Steam":27,"Paper Frog":53,"Thread and Needle":73,"PreservedInsect":59,"Ring of Greed":41,"War Paint":87,"Frozen Egg 2":106,"Calling Bell":73,"Runic Dome":0,"Anchor":124,"Ring of Misfortune":41,"Bronze Scales":124,"Orrery":124,"ChewingGum":36,"CultistMask":29,"ReplayTheSpireMod:TigerMarble":73,"Durian":87,"Membership Card":41,"Toy Ornithopter":130}],"Toy Ornithopter":30},"card_choices":[{"not_picked":["Thunderclap","Cleave"],"picked":"Spot Weakness","floor":1},{"not_picked":["Shockwave","Abandon"],"picked":"Pommel Strike","floor":2},{"not_picked":["Defy Death","Sever Soul"],"picked":"Twin Strike","floor":3},{"not_picked":["Run Through","Entrench"],"picked":"Second Wind","floor":4},{"not_picked":["Run Through","Defy Death"],"picked":"ReplayTheSpireMod:Corrosion Curse","floor":5},{"not_picked":["Body Slam","Sever Soul"],"picked":"Dropkick","floor":6},{"not_picked":["Iron Wave","Havoc"],"picked":"Seeing Red","floor":10},{"not_picked":["Clothesline","ReplayTheSpireMod:Muscle Training"],"picked":"ReplayTheSpireMod:Limb From Limb","floor":13},{"not_picked":["Spot Weakness","Clash"],"picked":"Reaper","floor":16},{"not_picked":["Corruption","Replay:Many Hands"],"picked":"Hemogenesis","floor":18},{"not_picked":["Rampage+1","Spot Weakness","Infernal Blade"],"picked":"SKIP","floor":20},{"not_picked":["Run Through","Cleave"],"picked":"Flame Barrier+1","floor":26},{"not_picked":["Blood for Blood+1","Flex+1"],"picked":"Bloodletting+1","floor":29},{"not_picked":["Anger","Searing Blow"],"picked":"Life Link","floor":31},{"not_picked":["Dual Wield","Wild Strike"],"picked":"Fire Breathing","floor":33},{"not_picked":["Feed","Brutality"],"picked":"Exhume","floor":35},{"not_picked":["Replay:Undeath\u0027s Touch+1","Whirlwind+1"],"picked":"Disarm+1","floor":37},{"not_picked":["Armaments+1","Twin Strike","Blood for Blood"],"picked":"SKIP","floor":39},{"not_picked":["Seeing Red+1","Clash+1"],"picked":"Shockwave","floor":40},{"not_picked":["Body Slam","Rupture"],"picked":"Heavy Blade+1","floor":42},{"not_picked":["Thunderclap","Shrug It Off"],"picked":"Evolve","floor":43},{"not_picked":["Replay:Undeath\u0027s Touch+1","Sever Soul+1"],"picked":"True Grit","floor":47},{"not_picked":["Bloodletting+1","Body Slam+1"],"picked":"ReplayTheSpireMod:Muscle Training","floor":49},{"not_picked":["Clothesline","Carnage"],"picked":"Corruption+1","floor":50},{"not_picked":["Wild Strike","Replay:Undeath\u0027s Touch"],"picked":"Reaper","floor":55},{"not_picked":["Dark Embrace+1","Wild Strike+1"],"picked":"Inflame+1","floor":55},{"not_picked":["ReplayTheSpireMod:LeadingStrike+1","ReplayReversal"],"picked":"Barricade+1","floor":55},{"not_picked":["Dropkick","Perfected Strike"],"picked":"Body Slam+1","floor":55},{"not_picked":["Wild Strike","Sword Boomerang+1"],"picked":"Shrug It Off","floor":55},{"not_picked":["Seeing Red","ReplayTheSpireMod:Corrosion Curse","ReplayTheSpireMod:Strike From Hell"],"picked":"SKIP","floor":56}],"player_experience":1071944,"relics_obtained":[{"floor":6,"key":"Ginger"},{"floor":10,"key":"Replay:Mystery Machine"},{"floor":11,"key":"Replay:Bottled Steam"},{"floor":24,"key":"Ring of Misfortune"},{"floor":24,"key":"Ring of Greed"},{"floor":24,"key":"Membership Card"},{"floor":24,"key":"Smiling Mask"},{"floor":30,"key":"Paper Frog"},{"floor":33,"key":"Red Mask"},{"floor":36,"key":"ReplayTheSpireMod:TigerMarble"},{"floor":36,"key":"Replay:Ringing Soul"},{"floor":36,"key":"Thread and Needle"},{"floor":40,"key":"Durian"},{"floor":41,"key":"War Paint"},{"floor":42,"key":"CeramicFish"},{"floor":44,"key":"Gremlin Horn"},{"floor":45,"key":"Sundial"},{"floor":47,"key":"Frozen Egg 2"},{"floor":56,"key":"Toy Ornithopter"}],"event_choices":[{"damage_healed":0,"gold_gain":0,"player_choice":"Trade","damage_taken":0,"relics_obtained":["CultistMask"],"max_hp_gain":0,"max_hp_loss":0,"event_name":"FaceTrader","floor":14,"gold_loss":0},{"damage_healed":0,"gold_gain":0,"player_choice":"Read","damage_taken":0,"max_hp_gain":0,"max_hp_loss":0,"event_name":"The Library","floor":21,"gold_loss":0,"cards_obtained":["Dark Embrace"]},{"damage_healed":0,"gold_gain":99,"player_choice":"Stole From Cult","damage_taken":0,"max_hp_gain":0,"max_hp_loss":0,"event_name":"Nest","floor":22,"gold_loss":0},{"damage_healed":0,"gold_gain":0,"cards_transformed":["Strike_R","Strike_R"],"player_choice":"Became Test Subject","damage_taken":0,"max_hp_gain":0,"max_hp_loss":0,"event_name":"Drug Dealer","floor":23,"gold_loss":0,"cards_obtained":["Defy Death","Impervious"]},{"cards_removed":["Defend_R"],"damage_healed":0,"gold_gain":0,"player_choice":"Gave Gold","damage_taken":0,"max_hp_gain":0,"max_hp_loss":0,"event_name":"Beggar","floor":27,"gold_loss":75},{"damage_healed":0,"gold_gain":0,"player_choice":"Fought Bandits","damage_taken":0,"max_hp_gain":0,"max_hp_loss":0,"event_name":"Masked Bandits","floor":33,"gold_loss":0},{"damage_healed":0,"gold_gain":222,"player_choice":"Wore Mask","damage_taken":0,"max_hp_gain":0,"max_hp_loss":0,"event_name":"Tomb of Lord Red Mask","floor":38,"gold_loss":0},{"damage_healed":0,"gold_gain":0,"player_choice":"Fight","damage_taken":0,"max_hp_gain":0,"max_hp_loss":0,"event_name":"MindBloom","floor":40,"gold_loss":0}],"is_beta":false,"boss_relics":[{"not_picked":["ReplayTheSpireMod:DimensionalGlitch","SlaversCollar"],"picked":"ChewingGum"},{"not_picked":["Tiny House","Philosopher\u0027s Stone"],"picked":"Calling Bell"}],"items_purged_floors":[15,32,46,55],"is_endless":false,"potions_floor_spawned":[2,4,5,10,18,26,29,31,33,39,40,47,49,50],"ascension_level":5}}