{"host":"q0qnzbgdx8oqogg9","time":1607480938,"event":{"gold_per_floor":[110,123,123,134,148,174,174,202,254,254,264,298,308,1,1,125,125,135,135,185,205,218,218,269,6,84,84,154,199,244,312,312,409,409,449,449,449,464,500,500,519,519,564,564,597,621,87,97,97,97,97],"floor_reached":50,"playtime":1985,"items_purged":["Strike_G"],"score":722,"play_id":"66c5d502-cb40-48c2-b488-15720708c34a","local_time":"20201208212858","is_ascension_mode":true,"campfire_choices":[{"floor":7.0,"key":"REST"},{"floor":10.0,"key":"REST"},{"floor":15.0,"key":"REST"},{"data":"Crippling Poison","floor":23.0,"key":"SMITH"},{"data":"Apotheosis","floor":32.0,"key":"SMITH"},{"floor":40.0,"key":"RECALL"},{"data":"After Image","floor":42.0,"key":"SMITH"},{"data":"After Image","floor":49.0,"key":"SMITH"}],"neow_cost":"NONE","seed_source_timestamp":385665009071800,"circlet_count":0,"master_deck":["Strike_G+1","Strike_G+1","Strike_G+1","Defend_G+1","Defend_G+1","Defend_G+1","Defend_G+1","Defend_G+1","Survivor","Neutralize","Dodge and Roll","Blade Dance","Predator","Poisoned Stab","Crippling Poison+1","Noxious Fumes","Well Laid Plans","Catalyst","Deadly Poison","After Image+1","HandOfGreed+1","After Image+1","Heel Hook+1","Apotheosis+1","Accuracy","Adrenaline","Prepared","Acrobatics+1","Backstab+1","Adrenaline","Writhe","PiercingWail+1","Trip","Footwork+1"],"special_seed":0,"relics":["Ring of the Snake","Tiny Chest","Molten Egg 2","Ninja Scroll","Happy Flower","Orichalcum","Philosopher\u0027s Stone","Snake Skull","Sundial","Meat on the Bone","Sozu","Du-Vu Doll","Bronze Scales","Potion Belt","Paper Crane","Ginger"],"potions_floor_usage":[],"damage_taken":[{"damage":12.0,"enemies":"Jaw Worm","floor":1.0,"turns":6.0},{"damage":2.0,"enemies":"Cultist","floor":2.0,"turns":4.0},{"damage":1.0,"enemies":"2 Louse","floor":4.0,"turns":3.0},{"damage":16.0,"enemies":"Large Slime","floor":5.0,"turns":8.0},{"damage":22.0,"enemies":"Gremlin Nob","floor":6.0,"turns":4.0},{"damage":27.0,"enemies":"3 Sentries","floor":8.0,"turns":9.0},{"damage":0.0,"enemies":"Red Slaver","floor":11.0,"turns":4.0},{"damage":16.0,"enemies":"Gremlin Nob","floor":12.0,"turns":3.0},{"damage":0.0,"enemies":"2 Fungi Beasts","floor":13.0,"turns":3.0},{"damage":10.0,"enemies":"Hexaghost","floor":16.0,"turns":10.0},{"damage":0.0,"enemies":"Shell Parasite","floor":18.0,"turns":4.0},{"damage":19.0,"enemies":"2 Thieves","floor":21.0,"turns":4.0},{"damage":1.0,"enemies":"Snake Plant","floor":22.0,"turns":5.0},{"damage":21.0,"enemies":"Slavers","floor":24.0,"turns":6.0},{"damage":16.0,"enemies":"Chosen and Byrds","floor":28.0,"turns":8.0},{"damage":17.0,"enemies":"3 Cultists","floor":29.0,"turns":5.0},{"damage":24.0,"enemies":"Snake Plant","floor":30.0,"turns":4.0},{"damage":0.0,"enemies":"Centurion and Healer","floor":31.0,"turns":5.0},{"damage":23.0,"enemies":"Champ","floor":33.0,"turns":10.0},{"damage":1.0,"enemies":"Orb Walker","floor":35.0,"turns":2.0},{"damage":4.0,"enemies":"3 Darklings","floor":38.0,"turns":3.0},{"damage":0.0,"enemies":"Sphere and 2 Shapes","floor":39.0,"turns":4.0},{"damage":1.0,"enemies":"Writhing Mass","floor":41.0,"turns":6.0},{"damage":2.0,"enemies":"Reptomancer","floor":45.0,"turns":4.0},{"damage":12.0,"enemies":"Maw","floor":48.0,"turns":5.0},{"damage":57,"enemies":"Awakened One","floor":50,"turns":3}],"seed_played":"-8037385829956768694","potions_obtained":[{"floor":1.0,"key":"AttackPotion"},{"floor":8.0,"key":"Poison Potion"},{"floor":11.0,"key":"Block Potion"},{"floor":12.0,"key":"Weak Potion"},{"floor":13.0,"key":"Weak Potion"},{"floor":16.0,"key":"SkillPotion"},{"floor":18.0,"key":"AttackPotion"},{"floor":24.0,"key":"LiquidMemories"},{"floor":28.0,"key":"Swift Potion"},{"floor":29.0,"key":"Fire Potion"}],"is_trial":false,"path_per_floor":["M","M","?","M","M","E","R","E","T","R","M","E","M","$","R","B",null,"M","?","T","M","M","R","E","$","T","?","M","M","M","M","R","B",null,"M","T","?","M","M","R","M","R","T","?","E","T","$","M","R","B"],"character_chosen":"THE_SILENT","items_purchased":["After Image","HandOfGreed+1","Apotheosis","Accuracy","Paper Crane","Ginger"],"campfire_rested":3,"item_purchase_floors":[14,14,25,25,47,47],"current_hp_per_floor":[51,49,49,48,32,10,31,4,4,25,25,9,9,9,30,20,58,58,58,58,39,38,38,17,17,17,70,54,37,25,37,37,26,59,58,58,70,66,66,66,65,65,65,65,63,63,63,51,51,0,0],"gold":97,"neow_bonus":"RANDOM_COMMON_RELIC","is_prod":false,"is_daily":false,"chose_seed":false,"campfire_upgraded":4,"win_rate":0,"timestamp":1607480938,"path_taken":["M","M","?","?","M","E","R","E","T","R","M","E","M","$","R","BOSS","M","?","?","M","?","R","E","$","T","?","M","M","M","?","R","BOSS","M","?","?","M","?","R","M","R","T","?","E","?","$","M","R","BOSS"],"build_version":"2020-11-30","purchased_purges":1,"victory":false,"max_hp_per_floor":[70,70,70,70,70,70,70,70,70,70,70,70,70,70,70,70,70,70,70,70,70,70,70,70,70,70,70,70,70,70,70,70,70,70,70,70,70,70,70,70,70,70,70,70,70,70,70,70,70,70,70],"card_choices":[{"not_picked":["Tactician","Bane"],"picked":"Dodge and Roll","floor":1.0},{"not_picked":["Reflex","Deflect"],"picked":"Blade Dance","floor":2.0},{"not_picked":["Flying Knee","Flechettes"],"picked":"Predator","floor":4.0},{"not_picked":["Calculated Gamble","Tactician"],"picked":"Poisoned Stab","floor":5.0},{"not_picked":["Masterful Stab+1","PiercingWail"],"picked":"Crippling Poison","floor":6.0},{"not_picked":["Prepared","Dagger Throw+1"],"picked":"Noxious Fumes","floor":8.0},{"not_picked":["Heel Hook+1","Bouncing Flask"],"picked":"Well Laid Plans","floor":11.0},{"not_picked":["Caltrops","Poisoned Stab+1"],"picked":"Catalyst","floor":12.0},{"not_picked":["PiercingWail","Caltrops"],"picked":"Deadly Poison","floor":13.0},{"not_picked":["Phantasmal Killer","Doppelganger"],"picked":"After Image","floor":16.0},{"not_picked":["Well Laid Plans","Slice+1"],"picked":"Dash+1","floor":18.0},{"not_picked":["Underhanded Strike+1","Poisoned Stab+1","Sucker Punch+1"],"picked":"SKIP","floor":21.0},{"not_picked":["Sucker Punch+1","Underhanded Strike+1"],"picked":"Heel Hook+1","floor":22.0},{"not_picked":["Quick Slash+1","Flying Knee+1","Underhanded Strike+1"],"picked":"SKIP","floor":24.0},{"not_picked":["Catalyst","Bane+1"],"picked":"Adrenaline","floor":28.0},{"not_picked":["Endless Agony+1","Dodge and Roll"],"picked":"Prepared","floor":29.0},{"not_picked":["Quick Slash+1","Blade Dance+1"],"picked":"Acrobatics+1","floor":30.0},{"not_picked":["Deflect","Terror"],"picked":"Backstab+1","floor":31.0},{"not_picked":["Bullet Time","Tools of the Trade"],"picked":"Adrenaline","floor":33.0},{"not_picked":["Bane+1","Concentrate+1","Dagger Spray+1"],"picked":"SKIP","floor":35.0},{"not_picked":["Acrobatics+1","Outmaneuver","Underhanded Strike+1"],"picked":"SKIP","floor":38.0},{"not_picked":["Catalyst+1","Underhanded Strike+1","Poisoned Stab+1"],"picked":"SKIP","floor":39.0},{"not_picked":["Slice+1","Sucker Punch+1"],"picked":"PiercingWail+1","floor":41.0},{"not_picked":["Blind","Jack Of All Trades"],"picked":"Trip","floor":44.0},{"not_picked":["Dagger Spray+1","Blade Dance+1","Prepared"],"picked":"SKIP","floor":45.0},{"not_picked":["Choke+1","Cloak And Dagger"],"picked":"Footwork+1","floor":48.0}],"player_experience":175053,"relics_obtained":[{"floor":6.0,"key":"Molten Egg 2"},{"floor":8.0,"key":"Ninja Scroll"},{"floor":9.0,"key":"Happy Flower"},{"floor":12.0,"key":"Orichalcum"},{"floor":20.0,"key":"Snake Skull"},{"floor":24.0,"key":"Sundial"},{"floor":26.0,"key":"Meat on the Bone"},{"floor":36.0,"key":"Du-Vu Doll"},{"floor":43.0,"key":"Bronze Scales"},{"floor":45.0,"key":"Potion Belt"}],"event_choices":[{"cards_removed":["Strike_G"],"damage_healed":0.0,"max_hp_gain":0.0,"max_hp_loss":0.0,"gold_gain":0.0,"event_name":"Purifier","player_choice":"Purged","floor":3.0,"gold_loss":0.0,"damage_taken":0.0},{"damage_healed":0.0,"max_hp_gain":0.0,"max_hp_loss":0.0,"gold_gain":0.0,"event_name":"Back to Basics","player_choice":"Simplicity","floor":19.0,"gold_loss":0.0,"damage_taken":0.0,"cards_upgraded":["Strike_G","Strike_G","Strike_G","Defend_G","Defend_G","Defend_G","Defend_G","Defend_G"]},{"cards_removed":["Dash"],"damage_healed":53.0,"max_hp_gain":0.0,"max_hp_loss":0.0,"gold_gain":0.0,"event_name":"Bonfire Elementals","player_choice":"Offered Uncommon","floor":27.0,"gold_loss":0.0,"damage_taken":0.0},{"damage_healed":18.0,"max_hp_gain":0.0,"max_hp_loss":0.0,"gold_gain":0.0,"event_name":"Winding Halls","player_choice":"Writhe","floor":37.0,"gold_loss":0.0,"damage_taken":0.0,"cards_obtained":["Writhe"]},{"damage_healed":0.0,"max_hp_gain":0.0,"max_hp_loss":0.0,"gold_gain":0.0,"event_name":"SensoryStone","player_choice":"Memory 1","floor":44.0,"gold_loss":0.0,"damage_taken":0.0}],"is_beta":false,"boss_relics":[{"not_picked":["Cursed Key","Calling Bell"],"picked":"Philosopher\u0027s Stone"},{"not_picked":["Snecko Eye","Runic Pyramid"],"picked":"Sozu"}],"items_purged_floors":[14],"is_endless":false,"potions_floor_spawned":[1,8,11,12,13,16,18,24,28,29,35,41,45,48],"killed_by":"Awakened One","ascension_level":7}}