{"host":"zk71suw73lg2r165","time":1607489674,"event":{"gold_per_floor":[50,50,84,104,156,206,206,261,261,4,41,41,41,41],"floor_reached":13,"playtime":673,"items_purged":[],"score":174,"play_id":"317e8ceb-d88d-490e-9eb9-919cd2762ff2","local_time":"20201208235434","is_ascension_mode":true,"campfire_choices":[{"floor":7,"key":"REST"},{"floor":12,"key":"RECALL"}],"neow_cost":"NO_GOLD","seed_source_timestamp":8790860892687,"circlet_count":0,"master_deck":["AscendersBane","Strike_P","Strike_P","Strike_P","Strike_P","Defend_P","Defend_P","Defend_P","Defend_P","Eruption","Vigilance","HandOfGreed","BowlingBash","ThirdEye","EmptyFist","Indignation","Nirvana","Fasting2","FearNoEvil","EmptyBody","Establishment","LikeWater"],"relics":["PureWater","Eternal Feather","Yang"],"potions_floor_usage":[],"damage_taken":[{"damage":5,"enemies":"2 Louse","floor":1,"turns":7},{"damage":4,"enemies":"Jaw Worm","floor":3,"turns":4},{"damage":0,"enemies":"Cultist","floor":4,"turns":2},{"damage":11,"enemies":"3 Louse","floor":5,"turns":5},{"damage":42,"enemies":"3 Sentries","floor":6,"turns":6},{"damage":26,"enemies":"Exordium Thugs","floor":8,"turns":5},{"damage":0,"enemies":"Large Slime","floor":11,"turns":6},{"damage":0,"enemies":"Red Slaver","floor":13,"turns":1}],"seed_played":"800681357751386660","potions_obtained":[{"floor":1,"key":"LiquidBronze"},{"floor":8,"key":"Dexterity Potion"}],"is_trial":false,"path_per_floor":["M","?","M","M","M","E","R","M","T","$","M","R","M"],"character_chosen":"WATCHER","items_purchased":["FearNoEvil","EmptyBody","Establishment"],"campfire_rested":1,"item_purchase_floors":[10,10,10],"current_hp_per_floor":[56,61,57,57,46,4,34,8,8,8,8,20,20,20],"gold":41,"neow_bonus":"RANDOM_COLORLESS_2","is_prod":false,"is_daily":false,"chose_seed":false,"campfire_upgraded":0,"win_rate":0,"timestamp":1607489674,"path_taken":["M","?","M","M","M","E","R","M","T","?","M","R","M"],"build_version":"2020-11-30","purchased_purges":0,"victory":false,"max_hp_per_floor":[68,73,73,73,73,73,73,73,73,73,73,73,73,73],"relic_stats":{"counters":[8,36],"Eternal Feather":21,"Yang":[9],"obtain_stats":[{"Eternal Feather":6,"Yang":9,"PureWater":0},{"Eternal Feather":5,"Yang":6,"PureWater":0},{"Eternal Feather":24,"Yang":29,"PureWater":0}]},"card_choices":[{"not_picked":["Master of Strategy","Magnetism"],"picked":"HandOfGreed","floor":0},{"not_picked":["CrushJoints","Prostrate"],"picked":"BowlingBash","floor":1},{"not_picked":["SashWhip","CrushJoints"],"picked":"ThirdEye","floor":3},{"not_picked":["Evaluate","BowlingBash"],"picked":"EmptyFist","floor":4},{"not_picked":["Evaluate","SashWhip"],"picked":"Indignation","floor":5},{"not_picked":["JustLucky","EmptyFist"],"picked":"Nirvana","floor":6},{"not_picked":["Evaluate","Prostrate"],"picked":"Fasting2","floor":8},{"not_picked":["CutThroughFate","Judgement"],"picked":"LikeWater","floor":11}],"player_experience":1300152,"relics_obtained":[{"floor":6,"key":"Eternal Feather"},{"floor":9,"key":"Yang"}],"event_choices":[{"damage_healed":0,"gold_gain":0,"player_choice":"Donut","damage_taken":0,"max_hp_gain":5,"max_hp_loss":0,"event_name":"Big Fish","floor":2,"gold_loss":0}],"is_beta":false,"boss_relics":[],"items_purged_floors":[],"is_endless":false,"potions_floor_spawned":[1,8],"killed_by":"Red Slaver","ascension_level":20}}