{"host":"2461dio7vetlq1z3","time":1607506808,"event":{"gold_per_floor":[111,111,111,129,139,139,139],"floor_reached":6,"playtime":252,"items_purged":[],"score":40,"play_id":"35a4765b-ee85-4440-80ca-070e040e953f","local_time":"20201209104008","is_ascension_mode":true,"campfire_choices":[],"neow_cost":"","seed_source_timestamp":347441798665300,"circlet_count":0,"master_deck":["Strike_P","Strike_P","Strike_P","Defend_P","Defend_P","Defend_P","Defend_P","Eruption","Vigilance","SpiderBud","EmptyFist","CrumblingArmor","Omniscience","Rudolta","BowlingBash"],"relics":["PureWater","CogitoBucket","LetterFromLob","ShedSkin_r"],"potions_floor_usage":[6],"damage_taken":[{"damage":16,"enemies":"2 Louse","floor":1,"turns":2},{"damage":0,"enemies":"Small Slimes","floor":4,"turns":3},{"damage":1,"enemies":"Jaw Worm","floor":5,"turns":3},{"damage":110,"enemies":"Lagavulin","floor":6,"turns":3}],"seed_played":"3784632037935305644","potions_obtained":[{"floor":4,"key":"Regen Potion"}],"is_trial":false,"path_per_floor":["M","?","?","M","M","E"],"character_chosen":"WATCHER","items_purchased":[],"campfire_rested":0,"item_purchase_floors":[],"current_hp_per_floor":[56,72,72,72,71,0,0],"gold":139,"neow_bonus":"","is_prod":false,"is_daily":false,"chose_seed":false,"campfire_upgraded":0,"win_rate":0,"timestamp":1607506808,"path_taken":["M","?","?","M","M","E"],"build_version":"2020-11-30","purchased_purges":0,"victory":false,"max_hp_per_floor":[72,72,72,72,72,72,72],"relic_stats":{"counters":[4,11],"obtain_stats":[{"CogitoBucket":0,"LetterFromLob":1,"PureWater":0,"ShedSkin_r":6},{"CogitoBucket":0,"LetterFromLob":1,"PureWater":0,"ShedSkin_r":3},{"CogitoBucket":0,"LetterFromLob":2,"PureWater":0,"ShedSkin_r":8}]},"card_choices":[{"not_picked":["LongBird","LittleHelper"],"picked":"SpiderBud","floor":1},{"not_picked":["Weave","FearNoEvil"],"picked":"EmptyFist","floor":1},{"not_picked":["LaLuna","VoidDream"],"picked":"CrumblingArmor","floor":4},{"not_picked":["Consecrate","DeceiveReality"],"picked":"Omniscience","floor":4},{"not_picked":["Scorched","ShyLook"],"picked":"Rudolta","floor":5},{"not_picked":["CutThroughFate","PathToVictory"],"picked":"BowlingBash","floor":5}],"player_experience":582329,"relics_obtained":[{"floor":1,"key":"LetterFromLob"}],"event_choices":[{"damage_healed":24,"gold_gain":0,"player_choice":"Banana","damage_taken":0,"max_hp_gain":0,"max_hp_loss":0,"event_name":"Big Fish","floor":2,"gold_loss":0},{"cards_removed":["Strike_P"],"damage_healed":0,"gold_gain":0,"player_choice":"Forget","damage_taken":0,"max_hp_gain":0,"max_hp_loss":0,"event_name":"Living Wall","floor":3,"gold_loss":0}],"is_beta":false,"boss_relics":[],"items_purged_floors":[],"is_endless":false,"potions_floor_spawned":[4],"killed_by":"Lagavulin","ascension_level":2}}