{"host":"ixl9a8gzl87gveif","time":1607472253,"event":{"gold_per_floor":[10,29,39,89,107,107,132,43,43,43,60,76,76,76],"floor_reached":13,"playtime":323,"items_purged":[],"score":174,"play_id":"1add6b7f-9ebf-43c0-8971-16e0d6634e4e","local_time":"20201209000413","is_ascension_mode":true,"campfire_choices":[{"data":"Defragment","floor":6,"key":"SMITH"},{"data":"Reinforced Body","floor":10,"key":"SMITH"}],"neow_cost":"NO_GOLD","seed_source_timestamp":285822851140000,"circlet_count":0,"master_deck":["AscendersBane","Strike_B","Strike_B","Strike_B","Strike_B","Defend_B","Defend_B","Defend_B","Defend_B","Zap","Dualcast","Secret Technique","Turbo","Defragment+1","Creative AI","Reinforced Body+1","Loop","Hologram","Biased Cognition"],"relics":["Cracked Core","Pocketwatch","Pantograph"],"potions_floor_usage":[],"damage_taken":[{"damage":0,"enemies":"Cultist","floor":1,"turns":3},{"damage":4,"enemies":"Small Slimes","floor":2,"turns":3},{"damage":2,"enemies":"2 Louse","floor":3,"turns":3},{"damage":22,"enemies":"Exordium Wildlife","floor":5,"turns":4},{"damage":20,"enemies":"Lagavulin","floor":7,"turns":5},{"damage":10,"enemies":"3 Louse","floor":11,"turns":4},{"damage":0,"enemies":"Blue Slaver","floor":12,"turns":4},{"damage":7,"enemies":"Exordium Wildlife","floor":13,"turns":1}],"seed_played":"-2751353669603185831","potions_obtained":[{"floor":2,"key":"FocusPotion"},{"floor":7,"key":"CultistPotion"}],"is_trial":false,"path_per_floor":["M","M","M","?","M","R","E","$","T","R","M","M","M"],"character_chosen":"DEFECT","items_purchased":["Loop"],"campfire_rested":0,"item_purchase_floors":[8],"current_hp_per_floor":[64,60,58,58,36,36,16,16,16,16,6,6,0,0],"gold":76,"neow_bonus":"RANDOM_COLORLESS_2","is_prod":false,"is_daily":false,"chose_seed":false,"campfire_upgraded":2,"win_rate":0,"timestamp":1607472253,"path_taken":["M","M","M","?","M","R","E","?","T","R","M","M","M"],"build_version":"2020-11-30","purchased_purges":0,"victory":false,"max_hp_per_floor":[71,71,71,71,71,71,71,71,71,71,71,71,71,71],"relic_stats":{"counters":[8,27],"Pantograph":0,"obtain_stats":[{"Pantograph":9,"Cracked Core":0,"Pocketwatch":7},{"Pantograph":5,"Cracked Core":0,"Pocketwatch":5},{"Pantograph":18,"Cracked Core":0,"Pocketwatch":18}],"Pocketwatch":[12]},"card_choices":[{"not_picked":["Sadistic Nature","Chrysalis"],"picked":"Secret Technique","floor":0},{"not_picked":["Redo","Gash"],"picked":"Turbo","floor":1},{"not_picked":["Gash","Go for the Eyes"],"picked":"Defragment","floor":2},{"not_picked":["Storm","Steam","Hello World"],"picked":"SKIP","floor":3},{"not_picked":["Steam","Sunder"],"picked":"Creative AI","floor":5},{"not_picked":["Sweeping Beam","Go for the Eyes"],"picked":"Reinforced Body","floor":7},{"not_picked":["Scrape","Cold Snap"],"picked":"Hologram","floor":11},{"not_picked":["Chill","Stack"],"picked":"Biased Cognition","floor":12}],"player_experience":335938,"relics_obtained":[{"floor":7,"key":"Pocketwatch"},{"floor":9,"key":"Pantograph"}],"event_choices":[{"damage_healed":0,"gold_gain":50,"player_choice":"Pray","damage_taken":0,"max_hp_gain":0,"max_hp_loss":0,"event_name":"Golden Shrine","floor":4,"gold_loss":0}],"is_beta":false,"boss_relics":[],"items_purged_floors":[],"is_endless":false,"potions_floor_spawned":[2,7,12],"killed_by":"Exordium Wildlife","ascension_level":20}}