{"host":"vkn5295jy2rrqx8j","time":1607477162,"event":{"gold_per_floor":[99,99,99,99,59,59,59,59,59,59,59,59,59,59,59,59,59,59,59,22,22,22,22,22,22,22,22,22,22,22,22,22,22,22,22,22,22,22,0,0,0,0,0,0,0,0,0,0,0,0,0],"floor_reached":52,"playtime":2624,"items_purged":[],"score":2351,"play_id":"86fdcf6f-d47a-4089-bdbf-81d23afc4745","local_time":"20201209102602","is_ascension_mode":true,"campfire_choices":[{"data":"Blade Dance","floor":6.0,"key":"SMITH"},{"floor":12.0,"key":"REST"},{"data":"Accuracy","floor":15.0,"key":"SMITH"},{"data":"Expertise","floor":24.0,"key":"SMITH"},{"data":"Tools of the Trade","floor":27.0,"key":"SMITH"},{"floor":32.0,"key":"REST"},{"data":"Adrenaline","floor":40.0,"key":"SMITH"},{"data":"Adrenaline","floor":42.0,"key":"SMITH"},{"data":"Blade Dance","floor":44.0,"key":"SMITH"},{"floor":49.0,"key":"REST"}],"neow_cost":"NONE","seed_source_timestamp":12386874439300,"circlet_count":0,"master_deck":["AscendersBane","Strike_G","Defend_G","Defend_G","Defend_G","Defend_G","Defend_G","Survivor","Neutralize+1","Choke","Blade Dance+1","Finisher+1","Expertise+1","Tools of the Trade+1","PiercingWail","Accuracy+1","Backstab","Blade Dance+1","Leg Sweep","Adrenaline+1","Blur+1","Riddle With Holes+1","Eviscerate+1","Concentrate+1","Flying Knee+1","Endless Agony","Dagger Throw","Concentrate","Underhanded Strike","Distraction","Blade Dance","Footwork","Adrenaline+1","Panacea","Madness","Acrobatics"],"special_seed":0,"relics":["Ectoplasm","Dead Branch","Lantern","PreservedInsect","Astrolabe","Sundial","Gremlin Horn","TungstenRod","HornCleat","WristBlade","Red Mask","Nunchaku","Whetstone","Ginger"],"potions_floor_usage":[51,51],"damage_taken":[{"damage":1.0,"enemies":"2 Louse","floor":1.0,"turns":3.0},{"damage":1.0,"enemies":"Cultist","floor":2.0,"turns":3.0},{"damage":0.0,"enemies":"Small Slimes","floor":4.0,"turns":3.0},{"damage":1.0,"enemies":"Looter","floor":5.0,"turns":3.0},{"damage":18.0,"enemies":"Gremlin Nob","floor":7.0,"turns":4.0},{"damage":6.0,"enemies":"Exordium Wildlife","floor":8.0,"turns":2.0},{"damage":4.0,"enemies":"Large Slime","floor":10.0,"turns":2.0},{"damage":6.0,"enemies":"Lagavulin","floor":11.0,"turns":6.0},{"damage":4.0,"enemies":"2 Fungi Beasts","floor":13.0,"turns":3.0},{"damage":0.0,"enemies":"Blue Slaver","floor":14.0,"turns":1.0},{"damage":32.0,"enemies":"Slime Boss","floor":16.0,"turns":6.0},{"damage":0.0,"enemies":"Spheric Guardian","floor":18.0,"turns":3.0},{"damage":0.0,"enemies":"Chosen","floor":19.0,"turns":3.0},{"damage":21.0,"enemies":"Centurion and Healer","floor":22.0,"turns":3.0},{"damage":0.0,"enemies":"Book of Stabbing","floor":23.0,"turns":3.0},{"damage":0.0,"enemies":"3 Cultists","floor":25.0,"turns":1.0},{"damage":4.0,"enemies":"Snake Plant","floor":28.0,"turns":4.0},{"damage":0.0,"enemies":"Slavers","floor":29.0,"turns":1.0},{"damage":0.0,"enemies":"Sentry and Sphere","floor":30.0,"turns":1.0},{"damage":0.0,"enemies":"Book of Stabbing","floor":31.0,"turns":3.0},{"damage":0.0,"enemies":"Champ","floor":33.0,"turns":7.0},{"damage":9.0,"enemies":"3 Darklings","floor":35.0,"turns":4.0},{"damage":0.0,"enemies":"Orb Walker","floor":36.0,"turns":1.0},{"damage":0.0,"enemies":"Maw","floor":37.0,"turns":4.0},{"damage":0.0,"enemies":"Sphere and 2 Shapes","floor":38.0,"turns":4.0},{"damage":0.0,"enemies":"Giant Head","floor":41.0,"turns":4.0},{"damage":0.0,"enemies":"Reptomancer","floor":47.0,"turns":2.0},{"damage":0.0,"enemies":"Jaw Worm Horde","floor":48.0,"turns":1.0},{"damage":52,"enemies":"Donu and Deca","floor":50,"turns":7},{"damage":2,"enemies":"Awakened One","floor":51,"turns":6}],"seed_played":"-8651067600818457791","potions_obtained":[{"floor":4.0,"key":"Block Potion"},{"floor":10.0,"key":"CultistPotion"},{"floor":11.0,"key":"ColorlessPotion"},{"floor":14.0,"key":"SpeedPotion"},{"floor":18.0,"key":"AttackPotion"},{"floor":23.0,"key":"Ancient Potion"},{"floor":28.0,"key":"Dexterity Potion"}],"is_trial":false,"path_per_floor":["M","M","?","M","M","R","E","M","T","M","E","R","M","M","R","B",null,"M","M","$","?","M","E","R","M","T","R","M","E","M","E","R","B",null,"M","M","M","M","?","R","E","R","T","R","?","$","E","M","R","B","B",null],"character_chosen":"THE_SILENT","items_purchased":["Endless Agony"],"campfire_rested":3,"item_purchase_floors":[20],"current_hp_per_floor":[58,57,57,57,56,56,38,32,32,28,22,41,37,37,37,5,51,51,51,51,51,30,30,30,30,30,30,26,26,26,26,45,45,61,52,52,52,52,52,52,52,52,52,52,43,43,43,43,62,10,8],"gold":0,"neow_bonus":"BOSS_RELIC","is_prod":false,"is_daily":false,"chose_seed":false,"campfire_upgraded":7,"win_rate":0,"timestamp":1607477162,"path_taken":["M","M","?","M","M","R","E","M","T","M","E","R","M","M","R","BOSS","M","M","?","?","?","E","R","?","T","R","M","E","M","E","R","BOSS","M","?","M","M","?","R","E","R","T","R","?","?","E","M","R","BOSS","BOSS"],"build_version":"2020-11-30","purchased_purges":0,"victory":true,"max_hp_per_floor":[66,66,66,66,66,66,66,66,66,66,66,66,66,66,66,66,66,66,66,66,66,66,66,66,66,66,66,66,66,66,66,66,66,66,66,66,66,66,66,66,66,66,66,66,66,66,66,66,66,66,66],"card_choices":[{"not_picked":["Sucker Punch","Backflip"],"picked":"Choke","floor":1.0},{"not_picked":["Flying Knee","Noxious Fumes"],"picked":"Blade Dance","floor":2.0},{"not_picked":["Quick Slash","Deflect"],"picked":"Finisher","floor":4.0},{"not_picked":["All Out Attack","Choke"],"picked":"Expertise","floor":5.0},{"not_picked":["Dagger Throw","Blade Dance"],"picked":"Tools of the Trade","floor":7.0},{"not_picked":["Underhanded Strike","Bane"],"picked":"PiercingWail","floor":8.0},{"not_picked":["Escape Plan","Slice"],"picked":"Accuracy","floor":10.0},{"not_picked":["Bouncing Flask","Terror"],"picked":"Backstab","floor":11.0},{"not_picked":["Acrobatics","A Thousand Cuts"],"picked":"Blade Dance","floor":13.0},{"not_picked":["Outmaneuver","Infinite Blades"],"picked":"Leg Sweep","floor":14.0},{"not_picked":["Night Terror","Glass Knife"],"picked":"Adrenaline","floor":16.0},{"not_picked":["Quick Slash","Infinite Blades"],"picked":"Concentrate","floor":18.0},{"not_picked":["Predator","Flechettes"],"picked":"Flying Knee+1","floor":19.0},{"not_picked":["Choke","Outmaneuver"],"picked":"Dagger Throw","floor":22.0},{"not_picked":["Predator","Eviscerate+1"],"picked":"Concentrate","floor":23.0},{"not_picked":["Poisoned Stab","Infinite Blades"],"picked":"Underhanded Strike","floor":25.0},{"not_picked":["Deadly Poison","Dash"],"picked":"Distraction","floor":28.0},{"not_picked":["Deflect","Distraction"],"picked":"Blade Dance","floor":29.0},{"not_picked":["Finisher","Infinite Blades","Masterful Stab"],"picked":"SKIP","floor":30.0},{"not_picked":["Finisher","Calculated Gamble+1"],"picked":"Footwork","floor":31.0},{"not_picked":["Night Terror","Storm of Steel"],"picked":"Adrenaline","floor":33.0},{"not_picked":["Deflect","Prepared","Outmaneuver"],"picked":"SKIP","floor":35.0},{"not_picked":["Prepared","Setup","Sucker Punch"],"picked":"SKIP","floor":36.0},{"not_picked":["Skewer","Setup","Dodge and Roll"],"picked":"SKIP","floor":37.0},{"not_picked":["Underhanded Strike","Cloak And Dagger","Blade Dance"],"picked":"SKIP","floor":38.0},{"not_picked":["Escape Plan+1","Bane","Catalyst"],"picked":"SKIP","floor":41.0},{"not_picked":["Finesse","Mind Blast"],"picked":"Panacea","floor":45.0},{"not_picked":["PanicButton","Forethought"],"picked":"Madness","floor":45.0},{"not_picked":["Slice","Outmaneuver+1","Cloak And Dagger"],"picked":"SKIP","floor":47.0},{"not_picked":["Leg Sweep","Infinite Blades+1"],"picked":"Acrobatics","floor":48.0}],"player_experience":769796,"relics_obtained":[{"floor":7.0,"key":"Dead Branch"},{"floor":9.0,"key":"Lantern"},{"floor":11.0,"key":"PreservedInsect"},{"floor":23.0,"key":"Sundial"},{"floor":26.0,"key":"Gremlin Horn"},{"floor":29.0,"key":"TungstenRod"},{"floor":31.0,"key":"HornCleat"},{"floor":41.0,"key":"Nunchaku"},{"floor":43.0,"key":"Whetstone"},{"floor":47.0,"key":"Ginger"}],"event_choices":[{"cards_removed":["Strike_G"],"damage_healed":0.0,"max_hp_gain":0.0,"max_hp_loss":0.0,"gold_gain":0.0,"event_name":"Purifier","player_choice":"Purged","floor":3.0,"gold_loss":0.0,"damage_taken":0.0},{"damage_healed":0.0,"max_hp_gain":0.0,"max_hp_loss":0.0,"gold_gain":0.0,"event_name":"Upgrade Shrine","player_choice":"Upgraded","floor":21.0,"gold_loss":0.0,"damage_taken":0.0,"cards_upgraded":["Concentrate"]},{"damage_healed":0.0,"max_hp_gain":0.0,"max_hp_loss":0.0,"gold_gain":0.0,"event_name":"Tomb of Lord Red Mask","player_choice":"Paid","floor":39.0,"gold_loss":22.0,"damage_taken":0.0,"relics_obtained":["Red Mask"]},{"damage_healed":0.0,"max_hp_gain":0.0,"max_hp_loss":0.0,"gold_gain":0.0,"event_name":"SensoryStone","player_choice":"Memory 3","floor":45.0,"gold_loss":0.0,"damage_taken":10.0}],"is_beta":false,"boss_relics":[{"not_picked":["SacredBark","Pandora\u0027s Box"],"picked":"Astrolabe"},{"not_picked":["Tiny House","Fusion Hammer"],"picked":"WristBlade"}],"items_purged_floors":[],"is_endless":false,"potions_floor_spawned":[4,10,11,14,18,19,23,28,29,31,35,38,47,48],"ascension_level":20}}