{"host":"csxyw8kq0by31otn","time":1607499714,"event":{"gold_per_floor":[109,129,129,129,145,145,179,179,179,179,197,197,227,302,302,404,404,418,418,418,418,401,401,401],"floor_reached":23,"playtime":609,"items_purged":[],"score":197,"play_id":"c0e9cda5-8e6f-495a-9a13-072c89217658","local_time":"20201209164154","is_ascension_mode":false,"campfire_choices":[{"data":"Perfected Strike","floor":6,"key":"SMITH"},{"floor":10,"key":"REST"},{"data":"Armaments","floor":12,"key":"SMITH"},{"floor":15,"key":"REST"}],"neow_cost":"NONE","seed_source_timestamp":19721889910600,"circlet_count":0,"master_deck":["Strike_R","Strike_R","Strike_R","Strike_R","Defend_R","Defend_R","Defend_R","Defend_R","Bash+1","Perfected Strike+1","Shrug It Off","Metallicize+1","Juggernaut","Armaments+1","Barricade","Inflame+1","Flame Barrier"],"relics":["Burning Blood","NeowsBlessing","Question Card","Boot","Torii","Empty Cage","HornCleat"],"potions_floor_usage":[13,22,23],"damage_taken":[{"damage":0,"enemies":"Cultist","floor":1,"turns":1},{"damage":0,"enemies":"2 Louse","floor":2,"turns":1},{"damage":0,"enemies":"Jaw Worm","floor":5,"turns":1},{"damage":18,"enemies":"Gremlin Nob","floor":7,"turns":4},{"damage":9,"enemies":"2 Fungi Beasts","floor":11,"turns":4},{"damage":10,"enemies":"3 Sentries","floor":13,"turns":7},{"damage":36,"enemies":"Slime Boss","floor":16,"turns":10},{"damage":18,"enemies":"Shell Parasite","floor":18,"turns":10},{"damage":1,"enemies":"2 Thieves","floor":22,"turns":4},{"damage":55,"enemies":"Gremlin Leader","floor":23,"turns":7}],"seed_played":"-4533699207219528653","potions_obtained":[{"floor":7,"key":"DistilledChaos"},{"floor":16,"key":"Energy Potion"},{"floor":18,"key":"HeartOfIron"}],"is_trial":false,"path_per_floor":["M","M","$","?","M","R","E","?","T","R","M","R","E","?","R","B",null,"M","?","?","T","M","E"],"character_chosen":"IRONCLAD","items_purchased":[],"campfire_rested":2,"item_purchase_floors":[],"current_hp_per_floor":[80,80,80,80,80,80,68,52,52,76,73,73,69,58,80,50,80,68,53,53,53,58,3,3],"gold":401,"neow_bonus":"THREE_ENEMY_KILL","is_prod":false,"is_daily":false,"chose_seed":false,"campfire_upgraded":2,"win_rate":0,"timestamp":1607499714,"path_taken":["M","?","$","?","M","R","E","?","T","R","M","R","E","?","R","BOSS","M","?","?","?","M","E"],"build_version":"2020-11-30","purchased_purges":0,"victory":false,"max_hp_per_floor":[80,80,80,80,80,80,80,80,80,80,80,80,80,80,80,80,80,80,85,85,85,85,85,85],"card_choices":[{"not_picked":["Rupture","Dropkick"],"picked":"Perfected Strike","floor":1},{"not_picked":["Sword Boomerang","Anger"],"picked":"Shrug It Off","floor":2},{"not_picked":["Sword Boomerang","Twin Strike"],"picked":"Metallicize","floor":5},{"not_picked":["Dropkick","Warcry"],"picked":"Juggernaut","floor":7},{"not_picked":["Anger","Thunderclap","Evolve"],"picked":"Armaments","floor":11},{"not_picked":["Disarm","Sword Boomerang","Wild Strike"],"picked":"Second Wind","floor":13},{"not_picked":["Juggernaut","Corruption","Limit Break"],"picked":"Barricade","floor":16},{"not_picked":["Bloodletting","Heavy Blade","Sentinel"],"picked":"Inflame+1","floor":18},{"not_picked":["Body Slam","Wild Strike+1","Sword Boomerang"],"picked":"Flame Barrier","floor":22}],"player_experience":167849,"relics_obtained":[{"floor":7,"key":"Question Card"},{"floor":9,"key":"Boot"},{"floor":13,"key":"Torii"},{"floor":21,"key":"HornCleat"}],"event_choices":[{"damage_healed":0,"gold_gain":0,"player_choice":"Leave","damage_taken":0,"max_hp_gain":0,"max_hp_loss":0,"event_name":"The Cleric","floor":4,"gold_loss":0},{"damage_healed":0,"gold_gain":0,"player_choice":"Entered Light","damage_taken":16,"max_hp_gain":0,"max_hp_loss":0,"event_name":"Shining Light","floor":8,"gold_loss":0,"cards_upgraded":["Metallicize","Bash"]},{"damage_healed":0,"gold_gain":75,"player_choice":"Gather Gold","damage_taken":11,"max_hp_gain":0,"max_hp_loss":0,"event_name":"World of Goop","floor":14,"gold_loss":0},{"damage_healed":0,"gold_gain":0,"player_choice":"Shed Blood","damage_taken":20,"max_hp_gain":5,"max_hp_loss":0,"event_name":"Forgotten Altar","floor":19,"gold_loss":0},{"damage_healed":0,"gold_gain":0,"player_choice":"Ignored","damage_taken":0,"max_hp_gain":0,"max_hp_loss":0,"event_name":"Ghosts","floor":20,"gold_loss":0}],"is_beta":false,"boss_relics":[{"not_picked":["SacredBark","Ectoplasm"],"picked":"Empty Cage"}],"items_purged_floors":[],"is_endless":false,"potions_floor_spawned":[7,16,18],"killed_by":"Gremlin Leader","ascension_level":0}}