{"host":"c5j8t0wyh2hvx9ju","time":1607480753,"event":{"gold_per_floor":[115,290,307,327,327,354,354,379,379,393,410,441,441,469,469,572,572,585,585,684,696,696,696,730,730,730,645,672,293,325,344,344,439,439,450,76,76,76,93,93,119,119,119,148,148,182,208,233,233,233],"floor_reached":51,"playtime":3021,"items_purged":["Defend_G","Defend_G"],"score":1383,"play_id":"49005118-076a-4bcb-bc94-fce8153b040f","local_time":"20201209112553","is_ascension_mode":true,"campfire_choices":[{"data":"Poisoned Stab","floor":7.0,"key":"SMITH"},{"data":"Blade Dance","floor":13.0,"key":"SMITH"},{"data":"Catalyst","floor":15.0,"key":"SMITH"},{"data":"Footwork","floor":23.0,"key":"SMITH"},{"data":"Backflip","floor":25,"key":"SMITH"},{"data":"PiercingWail","floor":32,"key":"SMITH"},{"data":"Blade Dance","floor":40,"key":"SMITH"},{"data":"Cloak And Dagger","floor":42,"key":"SMITH"},{"data":"1","floor":49,"key":"LIFT"}],"neow_cost":"","seed_source_timestamp":1520133239107100,"circlet_count":0,"master_deck":["Strike_G","Strike_G","Strike_G","Strike_G","Strike_G","Defend_G","Defend_G","Defend_G","Survivor","Neutralize","Dark Shackles","PiercingWail+1","Footwork+1","Deflect+1","Bouncing Flask+1","Poisoned Stab+1","Backflip+1","Flying Knee","Catalyst+1","Dagger Spray","Blade Dance+1","Cloak And Dagger+1","Glass Knife+1","Glass Knife+1","Backflip+1","Dash+1","Wraith Form v2+1","Malaise","Terror","A Thousand Cuts+1","Accuracy+1","Blade Dance+1","Calculated Gamble","Prepared+1","Finisher+1"],"special_seed":0,"relics":["Ring of the Snake","Juzu Bracelet","Omamori","Medical Kit","War Paint","Bird Faced Urn","Meat on the Bone","Ginger","Orichalcum","Coffee Dripper","Art of War","Frozen Egg 2","Snake Skull","Red Mask","MealTicket","Gremlin Horn","WristBlade","OrangePellets","Centennial Puzzle","Darkstone Periapt","Girya","Strawberry","Toy Ornithopter","Turnip"],"potions_floor_usage":[24,24,33,37,41,44,48,50,50,50],"damage_taken":[{"damage":2.0,"enemies":"Jaw Worm","floor":1.0,"turns":4.0},{"damage":2.0,"enemies":"Small Slimes","floor":3.0,"turns":5.0},{"damage":0.0,"enemies":"Cultist","floor":4.0,"turns":4.0},{"damage":20.0,"enemies":"Gremlin Nob","floor":6.0,"turns":4.0},{"damage":5.0,"enemies":"Lagavulin","floor":8.0,"turns":5.0},{"damage":0.0,"enemies":"Blue Slaver","floor":10.0,"turns":3.0},{"damage":0.0,"enemies":"Lots of Slimes","floor":11.0,"turns":4.0},{"damage":23.0,"enemies":"Gremlin Nob","floor":12.0,"turns":4.0},{"damage":6.0,"enemies":"Lagavulin","floor":14.0,"turns":6.0},{"damage":2.0,"enemies":"Hexaghost","floor":16.0,"turns":9.0},{"damage":16.0,"enemies":"Spheric Guardian","floor":18.0,"turns":5.0},{"damage":9.0,"enemies":"Shell Parasite","floor":21.0,"turns":4.0},{"damage":7,"enemies":"Gremlin Leader","floor":24,"turns":6},{"damage":0,"enemies":"Masked Bandits","floor":28,"turns":4},{"damage":3,"enemies":"Slavers","floor":30,"turns":4},{"damage":0,"enemies":"Snake Plant","floor":31,"turns":5},{"damage":22,"enemies":"Automaton","floor":33,"turns":11},{"damage":0,"enemies":"3 Shapes","floor":35,"turns":3},{"damage":2,"enemies":"Orb Walker","floor":39,"turns":3},{"damage":50,"enemies":"Nemesis","floor":41,"turns":5},{"damage":0,"enemies":"Reptomancer","floor":44,"turns":4},{"damage":0,"enemies":"Nemesis","floor":46,"turns":5},{"damage":19,"enemies":"Reptomancer","floor":48,"turns":5},{"damage":52,"enemies":"Time Eater","floor":50,"turns":10}],"seed_played":"1631339856911660291","potions_obtained":[{"floor":6.0,"key":"SneckoOil"},{"floor":10.0,"key":"SkillPotion"},{"floor":11.0,"key":"SneckoOil"},{"floor":14.0,"key":"AttackPotion"},{"floor":16.0,"key":"GamblersBrew"},{"floor":21.0,"key":"EssenceOfSteel"},{"floor":24,"key":"PowerPotion"},{"floor":37,"key":"Fruit Juice"},{"floor":37,"key":"CultistPotion"},{"floor":37,"key":"DistilledChaos"},{"floor":41,"key":"Swift Potion"},{"floor":44,"key":"Swift Potion"},{"floor":48,"key":"Ancient Potion"}],"is_trial":false,"path_per_floor":["M","?","M","M","?","E","R","E","T","M","M","E","R","E","R","B",null,"M","?","?","M","?","R","E","R","T","?","?","$","E","M","R","B",null,"M","$","?","$","M","R","E","R","T","E","?","E","T","E","R","B",null],"character_chosen":"THE_SILENT","items_purchased":["Juzu Bracelet","Dark Shackles","PiercingWail","Footwork","Deflect","Omamori","Medical Kit","Wraith Form v2+1","MealTicket","Malaise","Blade Dance","Calculated Gamble","OrangePellets"],"campfire_rested":0,"item_purchase_floors":[0,0,0,0,0,0,0,29,29,29,36,36,36],"current_hp_per_floor":[61,61,59,59,59,39,39,34,34,46,46,37,37,45,45,45,64,50,50,50,43,43,43,38,38,38,38,40,40,39,41,41,37,62,66,70,75,75,75,75,41,41,41,49,49,64,64,56,56,39],"gold":233,"neow_bonus":"","is_prod":false,"is_daily":false,"chose_seed":false,"campfire_upgraded":8,"win_rate":0,"timestamp":1607480753,"path_taken":["M","?","M","M","?","E","R","E","T","M","M","E","R","E","R","BOSS","M","?","?","M","?","R","E","R","T","?","?","$","E","M","R","BOSS","M","$","?","?","M","R","E","R","T","E","?","E","?","E","R","BOSS"],"build_version":"2020-11-30","purchased_purges":2,"victory":true,"max_hp_per_floor":[70,70,70,70,70,70,70,70,70,70,70,70,70,70,70,70,70,70,70,70,70,70,70,70,70,70,70,70,70,70,70,70,70,70,70,70,75,75,75,75,75,75,75,75,75,82,82,82,82,82],"card_choices":[{"not_picked":["All Out Attack","Heel Hook"],"picked":"Bouncing Flask","floor":1.0},{"not_picked":["Flying Knee","Sucker Punch"],"picked":"Poisoned Stab","floor":3.0},{"not_picked":["Slice","Deflect"],"picked":"Backflip","floor":4.0},{"not_picked":["Bouncing Flask","Escape Plan"],"picked":"Flying Knee","floor":6.0},{"not_picked":["Deflect","Backstab"],"picked":"Catalyst","floor":8.0},{"not_picked":["Flechettes","Endless Agony"],"picked":"Dagger Spray","floor":10.0},{"not_picked":["Acrobatics","PiercingWail"],"picked":"Blade Dance","floor":11.0},{"not_picked":["Prepared","Underhanded Strike"],"picked":"Cloak And Dagger","floor":12.0},{"not_picked":["Heel Hook","Poisoned Stab","Distraction"],"picked":"SKIP","floor":14.0},{"not_picked":["Burst","Die Die Die"],"picked":"Glass Knife","floor":16.0},{"not_picked":["Heel Hook","Flying Knee","Noxious Fumes"],"picked":"SKIP","floor":18.0},{"not_picked":["Predator","Flying Knee","Bane"],"picked":"SKIP","floor":21.0},{"not_picked":["Masterful Stab+1","All Out Attack"],"picked":"Backflip","floor":24},{"not_picked":["PiercingWail+1","Underhanded Strike"],"picked":"Dash+1","floor":28},{"not_picked":["Outmaneuver+1","Deadly Poison"],"picked":"Terror","floor":30},{"not_picked":["Predator","Skewer","Escape Plan"],"picked":"SKIP","floor":31},{"not_picked":["Night Terror","Storm of Steel"],"picked":"A Thousand Cuts+1","floor":33},{"not_picked":["Slice+1","PiercingWail"],"picked":"Accuracy+1","floor":35},{"not_picked":["Caltrops+1","Dagger Spray"],"picked":"Prepared+1","floor":39},{"not_picked":["Predator","Expertise","PiercingWail+1"],"picked":"SKIP","floor":41},{"not_picked":["Setup","Dash+1"],"picked":"Finisher+1","floor":44},{"not_picked":["Corpse Explosion","Dodge and Roll","Dagger Throw+1"],"picked":"SKIP","floor":46},{"not_picked":["Outmaneuver","Slice","Dodge and Roll+1"],"picked":"SKIP","floor":48}],"player_experience":832146,"relics_obtained":[{"floor":6.0,"key":"War Paint"},{"floor":8.0,"key":"Bird Faced Urn"},{"floor":9.0,"key":"Meat on the Bone"},{"floor":12.0,"key":"Ginger"},{"floor":14.0,"key":"Orichalcum"},{"floor":24,"key":"Art of War"},{"floor":26,"key":"Frozen Egg 2"},{"floor":28,"key":"Red Mask"},{"floor":30,"key":"Gremlin Horn"},{"floor":41,"key":"Centennial Puzzle"},{"floor":43,"key":"Darkstone Periapt"},{"floor":44,"key":"Girya"},{"floor":46,"key":"Strawberry"},{"floor":47,"key":"Toy Ornithopter"},{"floor":48,"key":"Turnip"}],"event_choices":[{"damage_healed":0.0,"max_hp_gain":0.0,"max_hp_loss":0.0,"gold_gain":175.0,"event_name":"Liars Game","player_choice":"AGREE","floor":2.0,"gold_loss":0.0,"damage_taken":0.0,"cards_obtained":["Doubt"]},{"damage_healed":0.0,"max_hp_gain":0.0,"max_hp_loss":0.0,"gold_gain":0.0,"event_name":"Living Wall","player_choice":"Grow","floor":5.0,"gold_loss":0.0,"damage_taken":0.0,"cards_upgraded":["Bouncing Flask"]},{"damage_healed":0.0,"max_hp_gain":0.0,"max_hp_loss":0.0,"gold_gain":0.0,"event_name":"Upgrade Shrine","player_choice":"Upgraded","floor":19.0,"gold_loss":0.0,"damage_taken":0.0,"cards_upgraded":["Glass Knife"]},{"damage_healed":0.0,"max_hp_gain":0.0,"max_hp_loss":0.0,"gold_gain":99.0,"event_name":"Nest","player_choice":"Stole From Cult","floor":20.0,"gold_loss":0.0,"damage_taken":0.0},{"damage_healed":0.0,"max_hp_gain":0.0,"max_hp_loss":0.0,"gold_gain":0.0,"event_name":"Duplicator","player_choice":"Copied","floor":22.0,"gold_loss":0.0,"damage_taken":0.0,"cards_obtained":["Glass Knife"]},{"damage_healed":0,"gold_gain":0,"player_choice":"Obtained Relic","damage_taken":0,"relics_obtained":["Snake Skull"],"max_hp_gain":0,"max_hp_loss":0,"event_name":"Addict","floor":27,"gold_loss":85},{"damage_healed":0,"gold_gain":0,"player_choice":"Fought Bandits","damage_taken":0,"max_hp_gain":0,"max_hp_loss":0,"event_name":"Masked Bandits","floor":28,"gold_loss":0},{"damage_healed":0,"gold_gain":0,"player_choice":"Got Potions","damage_taken":0,"max_hp_gain":0,"max_hp_loss":0,"event_name":"Lab","floor":37,"gold_loss":0},{"damage_healed":0,"gold_gain":0,"player_choice":"Bought 0 Potions","damage_taken":0,"max_hp_gain":0,"max_hp_loss":0,"event_name":"The Woman in Blue","floor":45,"gold_loss":0}],"is_beta":false,"boss_relics":[{"not_picked":["Ring of the Serpent","Philosopher\u0027s Stone"],"picked":"Coffee Dripper"},{"not_picked":["Calling Bell","Sozu"],"picked":"WristBlade"}],"items_purged_floors":[0,36],"is_endless":false,"potions_floor_spawned":[6,10,11,14,16,21,24,41,44,48],"ascension_level":6}}