{"host":"7v9t59ze4jbx2rzq","time":1607522675,"event":{"gold_per_floor":[111,126,201,98,110,110,144,156,156,456,456,482,494,113,113,209,209,195,195,209,209,9,9,42,42,67,98,111,45,45,63,63,161,161,174,174,75,75,88,88,88,101,152,77,103,116,116,0,0,0,0,0,0,27,27],"floor_reached":56,"playtime":3436,"items_purged":["theDragonkin:Strike","theDragonkin:Strike","theDragonkin:Strike+1","theDragonkin:EnduringAgony+1"],"score":1286,"play_id":"a0f4ff07-66d4-423d-9af4-54f46638ff4e","local_time":"20201209090435","is_ascension_mode":false,"campfire_choices":[{"data":"theDragonkin:MiasmicBreath","floor":6,"key":"SMITH"},{"data":"theDragonkin:Detox","floor":15,"key":"SMITH"},{"data":"theDragonkin:Unbreakable","floor":23,"key":"SMITH"},{"data":"theDragonkin:HolyWordBarrier","floor":25,"key":"SMITH"},{"floor":30,"key":"REST"},{"data":"theDragonkin:Detox","floor":32,"key":"SMITH"},{"data":"theDragonkin:Defend+1","floor":40,"key":"PURGE"},{"data":"theDragonkin:Defend+1","floor":47,"key":"PURGE"},{"floor":49,"key":"RECALL"},{"data":"theDragonkin:Sizzle+1","floor":52,"key":"PURGE"}],"neow_cost":"NONE","seed_source_timestamp":17825198246200,"circlet_count":0,"master_deck":["theDragonkin:Strike+1","theDragonkin:Defend+1","theDragonkin:HolySmite+1","theDragonkin:BlazingBreath+1","theDragonkin:MiasmicBreath+1","theDragonkin:ParryandRiposte+1","theDragonkin:HolyWordBarrier+1","theDragonkin:Detox+1","theDragonkin:AcidArmor+1","theDragonkin:SlowBurn+1","theDragonkin:Unbreakable+1","theDragonkin:Detox+1","theDragonkin:MiasmicBreath+1","theDragonkin:AcidArmor+1","theDragonkin:MiasmicBreath+1","theDragonkin:JabCross+1","Swift Strike","theDragonkin:HolyFlask+1"],"relics":["theDragonkin:GarnetScale","WingedGreaves","Peace Pipe","Old Coin","MawBank","Shovel","Chemical X","Philosopher\u0027s Stone","Membership Card","Bottled Tornado","Turnip","Runic Pyramid","Mark of the Bloom","Omamori","Pen Nib","ClockworkSouvenir","Art of War"],"potions_floor_usage":[7,7,7,16,27,31,31,33,35,45,50],"damage_taken":[{"damage":3,"enemies":"2 Louse","floor":1,"turns":2},{"damage":0,"enemies":"Small Slimes","floor":2,"turns":4},{"damage":2,"enemies":"Jaw Worm","floor":5,"turns":3},{"damage":0,"enemies":"Gremlin Nob","floor":7,"turns":2},{"damage":14,"enemies":"2 Fungi Beasts","floor":8,"turns":3},{"damage":1,"enemies":"Exordium Wildlife","floor":12,"turns":4},{"damage":0,"enemies":"The Guardian","floor":16,"turns":6},{"damage":23,"enemies":"2 Thieves","floor":18,"turns":4},{"damage":6,"enemies":"Chosen","floor":20,"turns":4},{"damage":43,"enemies":"Slavers","floor":24,"turns":7},{"damage":11,"enemies":"Gremlin Leader","floor":27,"turns":7},{"damage":0,"enemies":"Snecko","floor":28,"turns":5},{"damage":0,"enemies":"Chosen and Byrds","floor":31,"turns":5},{"damage":4,"enemies":"Champ","floor":33,"turns":6},{"damage":14,"enemies":"3 Shapes","floor":35,"turns":5},{"damage":13,"enemies":"3 Darklings","floor":39,"turns":6},{"damage":2,"enemies":"Jaw Worm Horde","floor":42,"turns":3},{"damage":13,"enemies":"Reptomancer","floor":45,"turns":5},{"damage":0,"enemies":"4 Shapes","floor":46,"turns":3},{"damage":10,"enemies":"Donu and Deca","floor":50,"turns":5},{"damage":6,"enemies":"Shield and Spear","floor":54,"turns":4},{"damage":1,"enemies":"The Heart","floor":55,"turns":5}],"seed_played":"3667519650880073366","potions_obtained":[{"floor":2,"key":"Fire Potion"},{"floor":12,"key":"Strength Potion"},{"floor":16,"key":"EssenceOfSteel"},{"floor":27,"key":"Fire Potion"},{"floor":31,"key":"PowerPotion"},{"floor":33,"key":"Energy Potion"},{"floor":35,"key":"Ancient Potion"},{"floor":46,"key":"Energy Potion"},{"floor":54,"key":"SpeedPotion"}],"is_trial":false,"path_per_floor":["M","M","?","$","M","R","E","M","T","?","?","M","T","$","R","B",null,"M","?","M","?","$","R","E","R","T","E","M","$","R","M","R","B",null,"M","?","$","?","M","R","?","M","T","$","E","M","R","$","R","B",null,"R","$","E","B",null],"character_chosen":"THE_DRAGONKIN","items_purchased":["AttackPotion","AttackPotion","theDragonkin:EnduringAgony","theDragonkin:SlowBurn","Chemical X","LiquidMemories","Membership Card","theDragonkin:MiasmicBreath","theDragonkin:AcidArmor","Energy Potion","Block Potion","ClockworkSouvenir"],"campfire_rested":1,"item_purchase_floors":[4,4,14,14,14,14,22,29,29,37,48,48],"current_hp_per_floor":[82,82,71,71,69,69,69,55,55,43,43,42,42,42,42,42,85,62,46,40,70,70,70,27,27,27,16,16,16,43,43,43,39,90,76,76,76,76,63,63,63,61,61,61,48,48,48,48,48,38,38,38,38,32,31],"gold":27,"neow_bonus":"UPGRADE_CARD","is_prod":false,"is_daily":false,"chose_seed":false,"campfire_upgraded":5,"win_rate":0.0,"timestamp":1607522675,"path_taken":["M","M","?","$","M","R","E","M","T","?","?","M","?","$","R","BOSS","M","?","M","?","$","R","E","R","T","E","?","$","R","M","R","BOSS","M","?","$","?","?","R","?","M","T","?","E","M","R","$","R","BOSS","R","$","E","BOSS"],"build_version":"2020-11-30","purchased_purges":4,"victory":true,"max_hp_per_floor":[85,85,85,85,85,85,85,85,85,85,85,85,85,85,85,85,85,85,90,90,90,90,90,90,90,90,90,90,90,90,90,90,90,90,90,90,90,90,90,90,90,90,90,90,90,90,90,90,90,90,90,90,90,90,90],"card_choices":[{"not_picked":["theDragonkin:DragonRage","theDragonkin:PlagueSwipe"],"picked":"theDragonkin:MiasmicBreath","floor":1},{"not_picked":["theDragonkin:BindingSlime","theDragonkin:JusticeStrike"],"picked":"theDragonkin:ParryandRiposte","floor":2},{"not_picked":["theDragonkin:SludgeBomb","theDragonkin:DivineFire"],"picked":"theDragonkin:HolyWordBarrier","floor":5},{"not_picked":["theDragonkin:VenomDrench","theDragonkin:DivinePrayer"],"picked":"theDragonkin:Detox","floor":7},{"not_picked":["theDragonkin:AcidBreath","theDragonkin:BindingSlime"],"picked":"theDragonkin:AcidArmor","floor":8},{"not_picked":["theDragonkin:FlameWard","theDragonkin:CorrosiveBelch"],"picked":"theDragonkin:Sizzle","floor":12},{"not_picked":["theDragonkin:JusticeStrike","theDragonkin:MoltenBreath","theDragonkin:Cauterize"],"picked":"SKIP","floor":18},{"not_picked":["theDragonkin:EmberSwipe","theDragonkin:BindingSlime+1"],"picked":"theDragonkin:Unbreakable","floor":20},{"not_picked":["theDragonkin:Sizzle","theDragonkin:ForbiddenMagic","theDragonkin:SlimeBreath"],"picked":"SKIP","floor":24},{"not_picked":["theDragonkin:HammerOfWrath","theDragonkin:Ashfall+1"],"picked":"theDragonkin:Detox","floor":27},{"not_picked":["theDragonkin:Sizzle+1","theDragonkin:InexorableAssault","theDragonkin:JusticeStrike+1"],"picked":"SKIP","floor":28},{"not_picked":["theDragonkin:Ashfall","theDragonkin:BindingSlime","theDragonkin:DarkWhispers"],"picked":"SKIP","floor":31},{"not_picked":["theDragonkin:GoldenFlames","theDragonkin:CorrosiveBelch"],"picked":"theDragonkin:MiasmicBreath+1","floor":35},{"not_picked":["theDragonkin:VenomDrench+1","theDragonkin:Unbreakable+1"],"picked":"theDragonkin:JabCross+1","floor":39},{"not_picked":["Magnetism","expansioncontent:DarkVoid"],"picked":"Swift Strike","floor":41},{"not_picked":["theDragonkin:DivineJolt+1","theDragonkin:SlowBurn+1","theDragonkin:Unbreakable+1"],"picked":"SKIP","floor":42},{"not_picked":["theDragonkin:Sizzle+1","theDragonkin:InexorableAssault+1","theDragonkin:HolyWordBarrier"],"picked":"SKIP","floor":45},{"not_picked":["theDragonkin:CorrosiveBelch+1","theDragonkin:VenomDrench"],"picked":"theDragonkin:HolyFlask+1","floor":46},{"not_picked":["theDragonkin:MoltenBreath+1","theDragonkin:HolyBarrier+1","theDragonkin:AshBreath+1"],"picked":"SKIP","floor":54}],"player_experience":2261252,"relics_obtained":[{"floor":7,"key":"WingedGreaves"},{"floor":9,"key":"Peace Pipe"},{"floor":13,"key":"Shovel"},{"floor":24,"key":"Bottled Tornado"},{"floor":27,"key":"Turnip"},{"floor":43,"key":"Omamori"},{"floor":45,"key":"Pen Nib"},{"floor":54,"key":"Art of War"}],"event_choices":[{"damage_healed":0,"gold_gain":75,"player_choice":"Gather Gold","damage_taken":11,"max_hp_gain":0,"max_hp_loss":0,"event_name":"World of Goop","floor":3,"gold_loss":0},{"damage_healed":0,"gold_gain":0,"player_choice":"Success","damage_taken":12,"relics_obtained":["Old Coin"],"max_hp_gain":0,"max_hp_loss":0,"event_name":"Scrap Ooze","floor":10,"gold_loss":0},{"damage_healed":0,"gold_gain":0,"player_choice":"Searched \u00271\u0027 times","damage_taken":0,"relics_obtained":["MawBank"],"max_hp_gain":0,"max_hp_loss":0,"event_name":"Dead Adventurer","floor":11,"gold_loss":0},{"damage_healed":0,"gold_gain":0,"player_choice":"Shed Blood","damage_taken":21,"max_hp_gain":5,"max_hp_loss":0,"event_name":"Forgotten Altar","floor":19,"gold_loss":0},{"damage_healed":30,"gold_gain":0,"player_choice":"Heal","damage_taken":0,"max_hp_gain":0,"max_hp_loss":0,"event_name":"The Library","floor":21,"gold_loss":0},{"damage_healed":0,"gold_gain":0,"player_choice":"Upgrade","damage_taken":0,"relics_obtained":["Mark of the Bloom"],"max_hp_gain":0,"max_hp_loss":0,"event_name":"MindBloom","floor":36,"gold_loss":0,"cards_upgraded":["theDragonkin:Strike","theDragonkin:Strike","theDragonkin:Defend","theDragonkin:Defend","theDragonkin:Defend","theDragonkin:Defend","theDragonkin:BlazingBreath","theDragonkin:ParryandRiposte","theDragonkin:AcidArmor","theDragonkin:Sizzle","theDragonkin:EnduringAgony","theDragonkin:SlowBurn","theDragonkin:MiasmicBreath","theDragonkin:AcidArmor"]},{"cards_removed":["theDragonkin:Defend"],"damage_healed":0,"gold_gain":0,"player_choice":"Offered Basic","damage_taken":0,"max_hp_gain":0,"max_hp_loss":0,"event_name":"Bonfire Elementals","floor":38,"gold_loss":0},{"damage_healed":0,"gold_gain":0,"player_choice":"Memory 1","damage_taken":0,"max_hp_gain":0,"max_hp_loss":0,"event_name":"SensoryStone","floor":41,"gold_loss":0}],"is_beta":false,"boss_relics":[{"not_picked":["Astrolabe","theDragonkin:RotnestWings"],"picked":"Philosopher\u0027s Stone"},{"not_picked":["Fusion Hammer","Cursed Key"],"picked":"Runic Pyramid"}],"items_purged_floors":[14,22,37,44],"is_endless":false,"potions_floor_spawned":[2,12,16,20,27,31,33,35,46,54],"ascension_level":0}}