{"host":"27hat5v0dffgaxzm","time":1607488655,"event":{"gold_per_floor":[0,112,128,83,94,107,107,138,88,111,137,137,169,184,202,202,297,297,310,293,321,337,337,337,369,381,381,397,397,397],"floor_reached":28,"playtime":1179,"items_purged":[],"score":367,"play_id":"cbe931ee-5f49-46cc-a6e3-087fd7d85719","local_time":"20201209133735","is_ascension_mode":true,"campfire_choices":[{"data":"True Grit","floor":6.0,"key":"SMITH"},{"data":"Armaments","floor":11.0,"key":"SMITH"},{"data":"Pommel Strike","floor":15.0,"key":"SMITH"},{"data":"Limit Break","floor":23,"key":"SMITH"}],"neow_cost":"CURSE","seed_source_timestamp":3885976612900,"circlet_count":0,"master_deck":["Strike_R","Strike_R","Strike_R","Strike_R","Strike_R","Defend_R","Defend_R","Defend_R","Defend_R+1","Bash","Thunderclap","Armaments+1","True Grit+1","Spot Weakness+1","Clothesline","Pommel Strike+1","Feel No Pain","Flame Barrier","Seeing Red","Limit Break+1","Headbutt","Heavy Blade+1","Pommel Strike+1","Evolve+1","Fire Breathing+1"],"special_seed":0,"relics":["Burning Blood","Thread and Needle","Omamori","War Paint","Nunchaku","White Beast Statue","Sozu","Red Mask","PreservedInsect","The Courier"],"potions_floor_usage":[],"damage_taken":[{"damage":0.0,"enemies":"Small Slimes","floor":1.0,"turns":5.0},{"damage":6.0,"enemies":"Jaw Worm","floor":2.0,"turns":5.0},{"damage":2.0,"enemies":"Cultist","floor":4.0,"turns":3.0},{"damage":0.0,"enemies":"Gremlin Gang","floor":5.0,"turns":2.0},{"damage":25.0,"enemies":"Lagavulin","floor":7.0,"turns":10.0},{"damage":27.0,"enemies":"3 Sentries","floor":10.0,"turns":7.0},{"damage":18.0,"enemies":"Lagavulin","floor":12.0,"turns":11.0},{"damage":2.0,"enemies":"2 Fungi Beasts","floor":13.0,"turns":3.0},{"damage":0.0,"enemies":"Looter","floor":14.0,"turns":3.0},{"damage":21.0,"enemies":"Hexaghost","floor":16.0,"turns":10.0},{"damage":8.0,"enemies":"3 Byrds","floor":18.0,"turns":3.0},{"damage":12,"enemies":"2 Thieves","floor":19,"turns":4},{"damage":5,"enemies":"Masked Bandits","floor":20,"turns":3},{"damage":1,"enemies":"Centurion and Healer","floor":21,"turns":4},{"damage":19,"enemies":"Slavers","floor":24,"turns":6},{"damage":32,"enemies":"3 Cultists","floor":25,"turns":6},{"damage":14,"enemies":"Snecko","floor":27,"turns":5},{"damage":37,"enemies":"Book of Stabbing","floor":28,"turns":3}],"seed_played":"5679285842001896280","potions_obtained":[{"floor":2.0,"key":"Explosive Potion"},{"floor":4.0,"key":"SpeedPotion"},{"floor":10.0,"key":"GamblersBrew"},{"floor":13.0,"key":"Explosive Potion"},{"floor":14.0,"key":"SpeedPotion"},{"floor":16.0,"key":"Fire Potion"}],"is_trial":false,"path_per_floor":["M","M","$","M","M","R","E","?","T","E","R","E","M","M","R","B",null,"M","M","?","M","?","R","E","M","T","M","E"],"character_chosen":"IRONCLAD","items_purchased":["True Grit"],"campfire_rested":0,"item_purchase_floors":[3],"current_hp_per_floor":[72,78,78,78,80,80,80,61,61,61,40,40,28,32,38,38,23,64,62,56,57,62,77,77,64,38,38,30,0,0],"gold":397,"neow_bonus":"ONE_RARE_RELIC","is_prod":false,"is_daily":false,"chose_seed":false,"campfire_upgraded":4,"win_rate":0,"timestamp":1607488655,"path_taken":["M","M","$","M","M","R","E","?","T","E","R","E","M","M","R","BOSS","M","M","?","M","?","R","E","M","T","?","E"],"build_version":"2020-11-30","purchased_purges":0,"victory":false,"max_hp_per_floor":[80,80,80,80,80,80,80,80,77,77,77,77,77,77,77,77,77,77,77,77,77,77,77,77,77,77,77,77,77,77],"card_choices":[{"not_picked":["Rage","Blood for Blood"],"picked":"Thunderclap","floor":1.0},{"not_picked":["Twin Strike","Havoc"],"picked":"Armaments","floor":2.0},{"not_picked":["Flame Barrier","Battle Trance"],"picked":"Spot Weakness","floor":4.0},{"not_picked":["Heavy Blade","Clash","Bloodletting"],"picked":"SKIP","floor":5.0},{"not_picked":["Rage","Wild Strike"],"picked":"Clothesline","floor":7.0},{"not_picked":["Hemokinesis","Iron Wave"],"picked":"Pommel Strike","floor":10.0},{"not_picked":["Second Wind","Bludgeon"],"picked":"Feel No Pain","floor":12.0},{"not_picked":["Warcry","Havoc"],"picked":"Flame Barrier","floor":13.0},{"not_picked":["Clash","Pummel"],"picked":"Seeing Red","floor":14.0},{"not_picked":["Exhume","Brutality"],"picked":"Limit Break","floor":16.0},{"not_picked":["Armaments+1","Intimidate"],"picked":"Headbutt","floor":18.0},{"not_picked":["Intimidate+1","Anger"],"picked":"Heavy Blade+1","floor":19},{"not_picked":["Sword Boomerang","Armaments"],"picked":"Pommel Strike+1","floor":21},{"not_picked":["Feel No Pain","Havoc"],"picked":"Evolve+1","floor":24},{"not_picked":["Immolate","Body Slam","Perfected Strike"],"picked":"SKIP","floor":25},{"not_picked":["Shrug It Off","Clothesline+1"],"picked":"Fire Breathing+1","floor":27}],"player_experience":292523,"relics_obtained":[{"floor":7.0,"key":"Omamori"},{"floor":9.0,"key":"War Paint"},{"floor":10.0,"key":"Nunchaku"},{"floor":12.0,"key":"White Beast Statue"},{"floor":20,"key":"Red Mask"},{"floor":24,"key":"PreservedInsect"},{"floor":26,"key":"The Courier"}],"event_choices":[{"cards_removed":["Parasite"],"damage_healed":0.0,"max_hp_gain":0.0,"max_hp_loss":0.0,"gold_gain":0.0,"event_name":"The Cleric","player_choice":"Card Removal","floor":8.0,"gold_loss":50.0,"damage_taken":0.0},{"damage_healed":0,"gold_gain":0,"player_choice":"Fought Bandits","damage_taken":0,"max_hp_gain":0,"max_hp_loss":0,"event_name":"Masked Bandits","floor":20,"gold_loss":0},{"damage_healed":15,"gold_gain":0,"player_choice":"Full Heal","damage_taken":0,"max_hp_gain":0,"max_hp_loss":0,"event_name":"Wheel of Change","floor":22,"gold_loss":0}],"is_beta":false,"boss_relics":[{"not_picked":["Philosopher\u0027s Stone","Pandora\u0027s Box"],"picked":"Sozu"}],"items_purged_floors":[],"is_endless":false,"potions_floor_spawned":[2,4,10,13,14,16,18,19,20,21,24,25,27],"killed_by":"Book of Stabbing","ascension_level":8}}