{"host":"Mythic","time":1607478366,"event":{"gold_per_floor":[115,132,144,244,23,54,54,20,20,20,43,87,87,102,102,222,222,238,252,252,351,365,365,365,365,419,344,369,369,385,385,385],"floor_reached":31,"playtime":905,"items_purged":["Perfected Strike"],"score":471,"play_id":"be1e3ee5-29e6-4384-8023-7dea9a67a437","local_time":"20201208204606","is_ascension_mode":true,"campfire_choices":[{"data":"Immolate","floor":7,"key":"SMITH"},{"data":"Shockwave","floor":13,"key":"SMITH"},{"data":"Iron Wave","floor":15,"key":"SMITH"},{"floor":23,"key":"REST"}],"neow_cost":"NONE","seed_source_timestamp":319299196741100,"circlet_count":0,"master_deck":["AscendersBane","Bash","Bloodletting","Blood for Blood","Impervious","Immolate+1","Second Wind","Ghostly Armor","True Grit","Seeing Red","Headbutt","Cleave","Dark Embrace","Iron Wave+1","Reckless Charge","Inflame","Shockwave+1","Pommel Strike+1","Whirlwind+1","Immolate+1","Ghostly Armor","Bite+1","Bite+1","Bite+1","Bite+1","Bite+1","Warcry","Shrug It Off","Ghostly","Ghostly","Ghostly","Ghostly","Ghostly","Spot Weakness"],"relics":["Pandora\u0027s Box","Molten Egg 2","Question Card","Bloody Idol","Toy Ornithopter","Cursed Key","Art of War","Boot"],"potions_floor_usage":[12],"damage_taken":[{"damage":0,"enemies":"2 Louse","floor":1,"turns":3},{"damage":3,"enemies":"Cultist","floor":2,"turns":2},{"damage":3,"enemies":"Small Slimes","floor":3,"turns":2},{"damage":15,"enemies":"3 Sentries","floor":6,"turns":4},{"damage":7,"enemies":"3 Louse","floor":11,"turns":2},{"damage":11,"enemies":"Gremlin Nob","floor":12,"turns":3},{"damage":0,"enemies":"2 Fungi Beasts","floor":14,"turns":3},{"damage":25,"enemies":"The Guardian","floor":16,"turns":9},{"damage":5,"enemies":"Chosen","floor":18,"turns":2},{"damage":6,"enemies":"2 Thieves","floor":19,"turns":3},{"damage":52,"enemies":"Sentry and Sphere","floor":22,"turns":6},{"damage":32,"enemies":"Slavers","floor":28,"turns":3},{"damage":4,"enemies":"Snake Plant","floor":30,"turns":3},{"damage":29,"enemies":"Snecko","floor":31,"turns":3}],"seed_played":"695205674470589773","potions_obtained":[{"floor":11,"key":"GamblersBrew"},{"floor":12,"key":"SpeedPotion"}],"is_trial":false,"path_per_floor":["M","M","M","?","$","E","R","$","T","?","M","E","R","M","R","B",null,"M","M","?","?","M","R","?","T","T","?","E","?","M","M"],"character_chosen":"IRONCLAD","items_purchased":["Iron Wave","Reckless Charge","Strength Potion","Shockwave"],"campfire_rested":1,"item_purchase_floors":[5,5,5,8],"current_hp_per_floor":[72,69,66,66,66,51,51,51,51,51,44,33,33,33,33,8,58,53,47,47,47,7,22,22,22,27,27,9,9,19,0,0],"gold":385,"neow_bonus":"BOSS_RELIC","is_prod":false,"is_daily":false,"chose_seed":false,"campfire_upgraded":3,"win_rate":0,"timestamp":1607478366,"path_taken":["M","M","M","?","$","E","R","?","T","?","M","E","R","M","R","BOSS","M","M","?","?","M","R","?","?","T","?","E","?","?","M"],"build_version":"2020-12-07","purchased_purges":1,"victory":false,"max_hp_per_floor":[80,80,80,80,80,80,80,80,80,74,74,74,74,74,74,74,74,74,74,51,51,51,51,51,51,51,51,51,25,25,25,25],"relic_stats":{"counters":[14,48],"Bloody Idol":15,"Pandora\u0027s Box":["Bloodletting","Blood for Blood","Impervious","Immolate","Second Wind","Ghostly Armor","True Grit","Perfected Strike","Seeing Red"],"Art of War":[0],"Question Card":9,"Cursed Key":1,"Boot":[0],"obtain_stats":[{"Golden Idol":10,"Bloody Idol":24,"Pandora\u0027s Box":0,"Molten Egg 2":6,"Art of War":26,"Question Card":9,"Cursed Key":17,"Boot":28,"Burning Blood":0,"Toy Ornithopter":12},{"Golden Idol":4,"Bloody Idol":11,"Pandora\u0027s Box":0,"Molten Egg 2":4,"Art of War":11,"Question Card":4,"Cursed Key":8,"Boot":12,"Burning Blood":0,"Toy Ornithopter":6},{"Golden Idol":11,"Bloody Idol":39,"Pandora\u0027s Box":0,"Molten Egg 2":11,"Art of War":39,"Question Card":11,"Cursed Key":28,"Boot":42,"Burning Blood":0,"Toy Ornithopter":16}],"Toy Ornithopter":0},"card_choices":[{"not_picked":["Body Slam","True Grit"],"picked":"Headbutt","floor":1},{"not_picked":["Headbutt","Searing Blow"],"picked":"Cleave","floor":2},{"not_picked":["Cleave","Perfected Strike"],"picked":"Dark Embrace","floor":3},{"not_picked":["Juggernaut","Bloodletting"],"picked":"Inflame","floor":6},{"not_picked":["Shrug It Off","Armaments","Body Slam+1"],"picked":"Pommel Strike+1","floor":11},{"not_picked":["Searing Blow+1","Heavy Blade+1","Warcry"],"picked":"Whirlwind+1","floor":12},{"not_picked":["Wild Strike+1","Thunderclap+1","Havoc","Rage"],"picked":"SKIP","floor":14},{"not_picked":["Barricade","Exhume","Impervious"],"picked":"Immolate+1","floor":16},{"not_picked":["Clothesline+1","Thunderclap+1","Cleave+1","Body Slam+1"],"picked":"SKIP","floor":18},{"not_picked":["Havoc","Thunderclap+1","Clash+1"],"picked":"Ghostly Armor","floor":19},{"not_picked":["Pommel Strike+1","Perfected Strike+1","Cleave+1"],"picked":"Warcry","floor":22},{"not_picked":["Sword Boomerang+1","Armaments","Body Slam+1"],"picked":"Shrug It Off","floor":28},{"not_picked":["Headbutt+1","Dark Embrace","True Grit"],"picked":"Spot Weakness","floor":30}],"player_experience":810762,"relics_obtained":[{"floor":6,"key":"Molten Egg 2"},{"floor":9,"key":"Question Card"},{"floor":12,"key":"Toy Ornithopter"},{"floor":26,"key":"Art of War"},{"floor":28,"key":"Boot"}],"event_choices":[{"damage_healed":0,"gold_gain":100,"player_choice":"Pray","damage_taken":0,"max_hp_gain":0,"max_hp_loss":0,"event_name":"Golden Shrine","floor":4,"gold_loss":0},{"damage_healed":0,"gold_gain":0,"player_choice":"Lose Max HP","damage_taken":0,"relics_obtained":["Golden Idol"],"max_hp_gain":0,"max_hp_loss":6,"event_name":"Golden Idol","floor":10,"gold_loss":0},{"damage_healed":0,"gold_gain":0,"player_choice":"Became a vampire","damage_taken":0,"max_hp_gain":0,"max_hp_loss":23,"event_name":"Vampires","floor":20,"gold_loss":0,"cards_obtained":["Bite","Bite","Bite","Bite","Bite"]},{"damage_healed":0,"gold_gain":99,"player_choice":"Stole From Cult","damage_taken":0,"max_hp_gain":0,"max_hp_loss":0,"event_name":"Nest","floor":21,"gold_loss":0},{"damage_healed":0,"gold_gain":0,"player_choice":"Gave Idol","damage_taken":0,"relics_obtained":["Bloody Idol"],"max_hp_gain":0,"max_hp_loss":0,"event_name":"Forgotten Altar","floor":24,"relics_lost":["Golden Idol"],"gold_loss":0},{"cards_removed":["Injury"],"damage_healed":0,"gold_gain":0,"player_choice":"Gave Gold","damage_taken":0,"max_hp_gain":0,"max_hp_loss":0,"event_name":"Beggar","floor":27,"gold_loss":75},{"damage_healed":0,"gold_gain":0,"player_choice":"Became a Ghost","damage_taken":0,"max_hp_gain":0,"max_hp_loss":26,"event_name":"Ghosts","floor":29,"gold_loss":0,"cards_obtained":["Ghostly","Ghostly","Ghostly","Ghostly","Ghostly"]}],"is_beta":true,"boss_relics":[{"not_picked":["Black Star","Coffee Dripper"],"picked":"Cursed Key"}],"items_purged_floors":[5],"is_endless":false,"potions_floor_spawned":[11,12,14,16,22,28],"killed_by":"Snecko","ascension_level":12}}