{"host":"w4b7hmige5bnqipq","time":1607545265,"event":{"gold_per_floor":[113,113,133,146,159,159,184,184,184,200,213,28,28,47,47,143,143,163,163,163,179,196,222,222,238,238,252,272,272,272,282,282,386,386,400,450,450,467,90,117,135,148,148,4,29,29,42,42,42,42],"floor_reached":51,"playtime":3254,"items_purged":["Strike_P"],"score":708,"play_id":"f2127ee4-7e6e-4ebc-938c-f99487772540","local_time":"20201210052105","is_ascension_mode":false,"campfire_choices":[{"data":"Eruption","floor":6.0,"key":"SMITH"},{"data":"LessonLearned","floor":8.0,"key":"SMITH"},{"data":"Adaptation","floor":13.0,"key":"SMITH"},{"data":"Wallop","floor":15.0,"key":"SMITH"},{"data":"DevaForm","floor":24.0,"key":"SMITH"},{"floor":29.0,"key":"REST"},{"data":"WaveOfTheHand","floor":32.0,"key":"SMITH"},{"floor":49,"key":"REST"}],"neow_cost":"NONE","seed_source_timestamp":2223426079698100,"circlet_count":0,"master_deck":["Strike_P+1","Defend_P+1","Defend_P","Defend_P+1","Eruption+1","Vigilance","Evaluate+1","EmptyFist+1","WaveOfTheHand+1","Conclude+1","LessonLearned+1","Worship+1","FearNoEvil+1","Adaptation+1","Wallop+1","Scrawl+1","SandsOfTime+1","Prostrate+1","ClearTheMind+1","DevaForm+1","Evaluate+1","Worship+1","Tantrum+1","Vault+1","EmptyMind+1","Prostrate+1","Fasting2","Collect+1","Prostrate+1","Protect+1","Halt+1","Madness+1","Madness+1"],"special_seed":0,"relics":["HolyWater","NeowsBlessing","Matryoshka","Toxic Egg 2","Lizard Tail","Membership Card","Mercury Hourglass","Anchor","Meat on the Bone","Molten Egg 2","Empty Cage","Torii","ClockworkSouvenir","Darkstone Periapt","MealTicket","Potion Belt","Mummified Hand","Whetstone"],"potions_floor_usage":[41,42,47],"damage_taken":[{"damage":0.0,"enemies":"Small Slimes","floor":1.0,"turns":2.0},{"damage":0.0,"enemies":"Cultist","floor":3.0,"turns":1.0},{"damage":0.0,"enemies":"2 Louse","floor":4.0,"turns":1.0},{"damage":5.0,"enemies":"Red Slaver","floor":5.0,"turns":4.0},{"damage":27.0,"enemies":"Gremlin Nob","floor":7.0,"turns":3.0},{"damage":3.0,"enemies":"2 Fungi Beasts","floor":10.0,"turns":3.0},{"damage":5.0,"enemies":"Lots of Slimes","floor":11.0,"turns":3.0},{"damage":0.0,"enemies":"Looter","floor":14.0,"turns":3.0},{"damage":28.0,"enemies":"The Guardian","floor":16.0,"turns":11.0},{"damage":6.0,"enemies":"2 Thieves","floor":18.0,"turns":5.0},{"damage":2.0,"enemies":"Shell Parasite","floor":21.0,"turns":5.0},{"damage":20.0,"enemies":"Sentry and Sphere","floor":22.0,"turns":4.0},{"damage":12.0,"enemies":"Book of Stabbing","floor":23.0,"turns":4.0},{"damage":12.0,"enemies":"Centurion and Healer","floor":25.0,"turns":8.0},{"damage":3.0,"enemies":"Snake Plant","floor":27.0,"turns":6.0},{"damage":8.0,"enemies":"Sentry and Sphere","floor":28.0,"turns":4.0},{"damage":24.0,"enemies":"Snecko","floor":31.0,"turns":5.0},{"damage":52.0,"enemies":"Champ","floor":33.0,"turns":9.0},{"damage":2.0,"enemies":"3 Shapes","floor":35.0,"turns":6.0},{"damage":8.0,"enemies":"Mind Bloom Boss Battle","floor":36.0,"turns":6.0},{"damage":0,"enemies":"Orb Walker","floor":38,"turns":2},{"damage":26,"enemies":"Giant Head","floor":40,"turns":7},{"damage":25,"enemies":"Maw","floor":41,"turns":6},{"damage":0,"enemies":"Transient","floor":42,"turns":6},{"damage":36,"enemies":"Nemesis","floor":45,"turns":7},{"damage":25,"enemies":"Jaw Worm Horde","floor":47,"turns":4},{"damage":16,"enemies":"Donu and Deca","floor":50,"turns":8}],"seed_played":"4548261119710513184","potions_obtained":[{"floor":2.0,"key":"EntropicBrew"},{"floor":2.0,"key":"DistilledChaos"},{"floor":2.0,"key":"DistilledChaos"},{"floor":7.0,"key":"Swift Potion"},{"floor":10.0,"key":"PowerPotion"},{"floor":11.0,"key":"GamblersBrew"},{"floor":22.0,"key":"Energy Potion"},{"floor":23.0,"key":"LiquidBronze"},{"floor":25.0,"key":"Fire Potion"},{"floor":31.0,"key":"Block Potion"},{"floor":41,"key":"LiquidMemories"},{"floor":45,"key":"AttackPotion"}],"is_trial":false,"path_per_floor":["M","?","M","M","M","R","E","R","T","M","M","$","R","M","R","B",null,"M","?","?","M","M","E","R","M","T","M","M","R","?","M","R","B",null,"M","?","?","M","$","E","M","M","T","$","E","?","M","?","R","B",null],"character_chosen":"WATCHER","items_purchased":["Membership Card","Adaptation","Prostrate+1","Fasting2","ClockworkSouvenir","Darkstone Periapt","MealTicket","Mummified Hand","Protect+1"],"campfire_rested":2,"item_purchase_floors":[12,12,39,39,39,39,39,44,44],"current_hp_per_floor":[72,72,72,72,67,67,40,40,40,37,32,32,32,32,32,4,72,66,66,66,64,44,32,32,20,20,29,33,54,54,42,42,33,72,70,62,62,62,62,48,35,47,47,62,38,38,25,16,37,33],"gold":42,"neow_bonus":"THREE_ENEMY_KILL","is_prod":false,"is_daily":false,"chose_seed":false,"campfire_upgraded":6,"win_rate":0.0,"timestamp":1607545265,"path_taken":["M","?","M","?","?","R","E","R","T","M","M","$","R","M","R","BOSS","M","?","?","M","M","E","R","M","T","M","?","R","?","?","R","BOSS","M","?","?","M","?","E","M","?","T","$","E","?","M","?","R","BOSS"],"build_version":"2020-11-30","purchased_purges":1,"victory":true,"max_hp_per_floor":[72,72,72,72,72,72,72,72,72,72,72,72,72,72,72,72,72,72,72,72,72,72,72,72,72,72,72,72,72,72,72,72,72,72,72,72,72,72,72,72,72,72,72,72,72,72,72,72,72,72],"card_choices":[{"not_picked":["FlurryOfBlows","Halt"],"picked":"Evaluate","floor":1.0},{"not_picked":["Fasting2","Crescendo"],"picked":"EmptyFist","floor":3.0},{"not_picked":["CutThroughFate","EmptyBody"],"picked":"WaveOfTheHand","floor":4.0},{"not_picked":["SashWhip","LikeWater"],"picked":"Conclude","floor":5.0},{"not_picked":["ThirdEye","Evaluate"],"picked":"LessonLearned","floor":7.0},{"not_picked":["FlurryOfBlows","PathToVictory+1"],"picked":"Worship+1","floor":10.0},{"not_picked":["FlurryOfBlows","EmptyFist"],"picked":"FearNoEvil","floor":11.0},{"not_picked":["CrushJoints","WindmillStrike"],"picked":"Wallop","floor":14.0},{"not_picked":["Devotion","MasterReality"],"picked":"Scrawl+1","floor":16.0},{"not_picked":["FlurryOfBlows","SashWhip+1"],"picked":"SandsOfTime","floor":18.0},{"not_picked":["SashWhip","JustLucky"],"picked":"Prostrate+1","floor":21.0},{"not_picked":["Weave","Consecrate"],"picked":"ClearTheMind+1","floor":22.0},{"not_picked":["InnerPeace+1","LikeWater"],"picked":"DevaForm","floor":23.0},{"not_picked":["BowlingBash","Nirvana+1"],"picked":"Evaluate+1","floor":25.0},{"not_picked":["DeceiveReality+1","Indignation+1"],"picked":"Worship+1","floor":27.0},{"not_picked":["Nirvana","Perseverance+1"],"picked":"Tantrum+1","floor":28.0},{"not_picked":["Study+1","CrushJoints+1","TalkToTheHand+1"],"picked":"SKIP","floor":31.0},{"not_picked":["LessonLearned+1","Omniscience+1"],"picked":"Vault+1","floor":33.0},{"not_picked":["Worship+1","JustLucky+1","FollowUp+1"],"picked":"SKIP","floor":35.0},{"not_picked":["Consecrate+1","FlurryOfBlows+1"],"picked":"EmptyMind+1","floor":38},{"not_picked":["SignatureMove+1","CrushJoints+1","Tantrum+1"],"picked":"SKIP","floor":40},{"not_picked":["SashWhip+1","FollowUp+1"],"picked":"Collect+1","floor":41},{"not_picked":["BowlingBash+1","Evaluate+1"],"picked":"Prostrate+1","floor":42},{"not_picked":["BowlingBash+1","WaveOfTheHand+1","JustLucky+1"],"picked":"SKIP","floor":45},{"not_picked":["WaveOfTheHand+1","JustLucky+1"],"picked":"Halt+1","floor":47}],"player_experience":361897,"relics_obtained":[{"floor":7.0,"key":"Matryoshka"},{"floor":9.0,"key":"Toxic Egg 2"},{"floor":9.0,"key":"Lizard Tail"},{"floor":23.0,"key":"Anchor"},{"floor":26.0,"key":"Meat on the Bone"},{"floor":26.0,"key":"Molten Egg 2"},{"floor":36.0,"key":"Torii"},{"floor":40,"key":"Potion Belt"},{"floor":45,"key":"Whetstone"}],"event_choices":[{"damage_healed":0.0,"max_hp_gain":0.0,"max_hp_loss":0.0,"gold_gain":0.0,"event_name":"Lab","player_choice":"Got Potions","floor":2.0,"gold_loss":0.0,"damage_taken":0.0},{"damage_healed":0.0,"max_hp_gain":0.0,"max_hp_loss":0.0,"gold_gain":0.0,"event_name":"The Mausoleum","player_choice":"Opened","floor":19.0,"gold_loss":0.0,"damage_taken":0.0,"relics_obtained":["Mercury Hourglass"],"cards_obtained":["Writhe"]},{"cards_removed":["Writhe"],"damage_healed":0.0,"max_hp_gain":0.0,"max_hp_loss":0.0,"gold_gain":0.0,"event_name":"Purifier","player_choice":"Purged","floor":20.0,"gold_loss":0.0,"damage_taken":0.0},{"damage_healed":0.0,"max_hp_gain":0.0,"max_hp_loss":0.0,"gold_gain":0.0,"event_name":"N\u0027loth","player_choice":"Ignored","floor":30.0,"gold_loss":0.0,"damage_taken":0.0},{"damage_healed":0.0,"max_hp_gain":0.0,"max_hp_loss":0.0,"gold_gain":0.0,"event_name":"MindBloom","player_choice":"Fight","floor":36.0,"gold_loss":0.0,"damage_taken":0.0},{"damage_healed":0.0,"max_hp_gain":0.0,"max_hp_loss":0.0,"gold_gain":0.0,"event_name":"Tomb of Lord Red Mask","player_choice":"Ignored","floor":37.0,"gold_loss":0.0,"damage_taken":0.0},{"cards_removed":["Strike_P"],"damage_healed":0,"gold_gain":0,"player_choice":"Removed Attack","damage_taken":0,"max_hp_gain":0,"max_hp_loss":0,"event_name":"Falling","floor":46,"gold_loss":0},{"damage_healed":0,"gold_gain":0,"player_choice":"Embrace Madness","damage_taken":9,"max_hp_gain":0,"max_hp_loss":0,"event_name":"Winding Halls","floor":48,"gold_loss":0,"cards_obtained":["Madness","Madness"]}],"is_beta":false,"boss_relics":[{"not_picked":["Tiny House","Runic Dome"],"picked":"HolyWater"},{"not_picked":["Velvet Choker","Pandora\u0027s Box"],"picked":"Empty Cage"}],"items_purged_floors":[39],"is_endless":false,"potions_floor_spawned":[7,10,11,14,22,23,25,31,41,45],"ascension_level":0}}