{"host":"u0f5uy314yz7olfc","time":1607508303,"event":{"gold_per_floor":[110,121,121,86,6,6,6,6,6,21,21,34,47,67,67,166,166,77,95,95,6,16,16,47,73,100,110,144,144,160,160,160,262,262,279,14,24,24,34,34,34,34,85,95,95,115,37,53,53,53,53],"floor_reached":50,"playtime":2895,"items_purged":[],"score":649,"play_id":"80ce1f81-d836-45bf-8d48-4c7fcbefdc63","local_time":"20201209170503","is_ascension_mode":false,"campfire_choices":[{"floor":6.0,"key":"REST"},{"floor":8.0,"key":"RECALL"},{"floor":11.0,"key":"REST"},{"floor":15.0,"key":"REST"},{"floor":23,"key":"REST"},{"floor":29,"key":"REST"},{"data":"infinitespire:TheBestDefense","floor":32,"key":"SMITH"},{"floor":40,"key":"REST"},{"floor":45,"key":"REST"},{"floor":49,"key":"REST"}],"neow_cost":"","seed_source_timestamp":0,"circlet_count":0,"master_deck":["Strike_P+1","Defend_P+1","Defend_P","Defend_P","Defend_P","Eruption+1","Vigilance","PathToVictory+1","Seeing Red+1","Seeing Red+1","Metamorphosis+1","EmptyFist","MarkedMod:GentlePulse+1","MarkedMod:Acupuncture+1","infinitespire:FutureSight+1","FollowUp+1","LikeWater+1","Study","MarkedMod:NorthStar","Stack","MarkedMod:NorthStar+1","Swift Strike+1","Reboot+1","Distraction+1","BootSequence","PathToVictory+1","MarkedMod:PinPointDefense+1","Rage+1","MarkedMod:Acupuncture+1","WindmillStrike","FlurryOfBlows","infinitespire:DeathsTouch","infinitespire:TheBestDefense+1","Wish+1","Hello World+1","Discovery","MarkedMod:Acupuncture","MarkedMod:Acupuncture+1","MarkedMod:FirstStrike","Chill+1","MarkedMod:GracefulMovements","MarkedMod:Acupuncture+1","MentalFortress","LikeWater","Prostrate+1"],"special_seed":0,"relics":["PureWater","ReplayTheSpireMod:CursedCoin","MerchantsRug","Gremlin Food","hubris:Icosahedron","Regal Pillow","infinitespire:PuzzleCube","Runic Pyramid","HornCleat","Replay:Mystery Machine"],"potions_floor_usage":[24,24,30,35,39,46,48],"damage_taken":[{"damage":0.0,"enemies":"2 Louse","floor":1.0,"turns":2.0},{"damage":0.0,"enemies":"Small Slimes","floor":2.0,"turns":3.0},{"damage":11.0,"enemies":"Jaw Worm","floor":10.0,"turns":2.0},{"damage":30.0,"enemies":"Gremlin Gang","floor":12.0,"turns":6.0},{"damage":21.0,"enemies":"Red Slaver","floor":13.0,"turns":3.0},{"damage":3.0,"enemies":"Exordium Thugs","floor":14.0,"turns":2.0},{"damage":21.0,"enemies":"Fading Forest","floor":16.0,"turns":11.0},{"damage":20,"enemies":"2 Thieves","floor":18,"turns":5},{"damage":19,"enemies":"Spheric Guardian","floor":19,"turns":6},{"damage":11,"enemies":"Snake Plant","floor":22,"turns":2},{"damage":0,"enemies":"Gremlin Leader","floor":24,"turns":3},{"damage":4,"enemies":"Centurion and Healer","floor":27,"turns":6},{"damage":0,"enemies":"Nightmare","floor":28,"turns":4},{"damage":32,"enemies":"Sentry and Sphere","floor":30,"turns":4},{"damage":0,"enemies":"Automaton","floor":33,"turns":5},{"damage":23,"enemies":"3 Darklings","floor":35,"turns":4},{"damage":5,"enemies":"Orb Walker","floor":37,"turns":3},{"damage":0,"enemies":"Writhing Mass","floor":39,"turns":2},{"damage":58,"enemies":"Spire Growth","floor":44,"turns":5},{"damage":39,"enemies":"Sphere and 2 Shapes","floor":46,"turns":8},{"damage":1,"enemies":"3 Darklings","floor":48,"turns":3},{"damage":48,"enemies":"infinitespire:MassOfShapes","floor":50,"turns":4}],"seed_played":"-828363208105560510","potions_obtained":[{"floor":1.0,"key":"Dexterity Potion"},{"floor":2.0,"key":"AttackPotion"},{"floor":14.0,"key":"Block Potion"},{"floor":16.0,"key":"DDmod:CleansePotion"},{"floor":19,"key":"SteroidPotion"},{"floor":22,"key":"DDmod:CleansePotion"},{"floor":30,"key":"Block Potion"},{"floor":37,"key":"ColorlessPotion"},{"floor":44,"key":"EssenceOfSteel"},{"floor":46,"key":"CultistPotion"}],"is_trial":false,"path_per_floor":["M","M","?","?","$","R","?","R","T","M","R","M","M","M","R","B",null,"M","M","T","$","M","R","E","T","T","M","NM","R","M","AVR","R_BF","B",null,"M","$","M","AVR","M","R","?","?","T","M","R","M","$","M","R","B"],"character_chosen":"WATCHER","items_purchased":["ReplayTheSpireMod:CursedCoin","Toxic Egg 2","Pen Nib","PathToVictory+1","Seeing Red+1","Metamorphosis+1","MerchantsRug","infinitespire:BlackPotion","EmptyFist","Gremlin Food","FollowUp","Regal Pillow","HornCleat","Discovery","MarkedMod:Acupuncture","LikeWater"],"campfire_rested":8,"item_purchase_floors":[0,0,0,0,0,0,0,0,0,5,5,21,36,36,36,47],"current_hp_per_floor":[40,40,22,40,40,61,61,61,61,50,71,41,20,69,72,61,72,52,33,33,33,22,58,58,58,58,54,54,72,40,40,40,40,72,49,49,44,44,44,72,72,72,72,14,50,11,11,10,46,0,0],"gold":53,"neow_bonus":"","is_prod":false,"is_daily":false,"chose_seed":false,"campfire_upgraded":1,"win_rate":0,"timestamp":1607508303,"path_taken":["M","M","?","?","$","R","?","R","T","M","R","M","?","?","R","BOSS","M","M","?","$","M","R","E","?","T","M","NM","R","?","AVR","R_BF","BOSS","M","$","M","AVR","M","R","?","?","T","M","R","M","$","M","R","BOSS"],"build_version":"2020-11-30","purchased_purges":0,"victory":false,"max_hp_per_floor":[72,72,72,72,72,72,72,72,72,72,72,72,72,72,72,72,72,72,72,72,72,72,72,72,72,72,72,72,72,72,72,72,72,72,72,72,72,72,72,72,72,72,72,72,72,72,72,72,72,72,72],"relic_stats":{"Regal Pillow":52,"counters":[313,1284],"obtain_stats":[{"Replay:Accelerometer":6,"Golden Egg":3,"Whetstone":53,"Ginger":0,"hubris:MysteriousPyramids":4,"Ring of Searing":9,"Blood Vial":3,"Replay:Ringing Soul":17,"infinitespire:ShieldingShard":13,"hubris:HerbalPaste":40,"MealTicket":3,"HandDrill":53,"Replay:Wax Seal":3,"Replay:Bottled Steam":42,"MerchantsRug":3,"hubris:MobiusCoin":17,"Pear":16,"Counterbalance":0,"ReplayTheSpireMod:Ring of Addiction":13,"hubris:SphereOfDissonance":44,"Eternal Feather":0,"ReplayTheSpireMod:SealedPack":17,"Pen Nib":6,"Akabeko":5,"infinitespire:EvilPickle":33,"infinitespire:Lychee Nut":4,"ReplayTheSpireMod:Ring of Collecting":3,"aspiration:SilentSkillbook":22,"Pandora\u0027s Box":34,"hubris:TenFootPole":54,"Kintsugi":17,"Abe\u0027s Treasure":19,"infinitespire:PuzzleCube":28,"hubris:Reverence":3,"Lantern":10,"Regal Pillow":20,"Torii":17,"Singing Bowl":10,"Blue Doll":2,"hubris:EmptyBottle":2,"Ancient Tea Set":29,"Pet Ghost":17,"Burning Blood":22,"BranchBurnRelic":24,"Matryoshka":7,"hubris:Backtick":22,"Shovel":0,"Toolbox":7,"hubris:ScarierMask":34,"hubris:CuriousFeather":9,"Chemical X":3,"Replay:Bottled Eggs":11,"infinitespire:Eraser":6,"Lee\u0027s Waffle":0,"Golden Idol":16,"hubris:64BitClover":7,"Damaru":17,"Circlet":0,"infinitespire:Joker Card":13,"PreservedInsect":12,"betterThird:NestCultRelic":22,"Ring of Greed":3,"infinitespire:CheckeredPen":24,"infinitespire:Lucky Rock":22,"hubris:Towel":14,"GoldenEye":0,"Replay:Arrowhead":36,"Ornamental Fan":21,"betterThird:SlimedRelic":12,"Ring of Misfortune":13,"Orrery":32,"Art of War":12,"Garlic":53,"ReplayTheSpireMod:Ring of Challenge":0,"ReplayTheSpireMod:Lightbulb":26,"Toy Ornithopter":13,"hubris:BottledRain":0,"Ice Cream":0,"hubris:CrystalStatue":4,"Calipers":0,"Tiny House":17,"CeramicFish":5,"MarkedMod:AcupunctureKit":3,"Sozu":34,"HornCleat":3,"Strawberry":2,"Prayer Wheel":3,"Toxic Egg 2":7,"Happy Flower":0,"Ring of Hypnosis":6,"hubris:DuctTape":3,"ReplayTheSpireMod:CursedCoin":3,"Astrolabe":22,"Dead Branch":17,"Oddly Smooth Stone":17,"hubris:FruitBowl":3,"infinitespire:Beetle Shell":6,"Letter Opener":0,"War Paint":21,"WarpedTongs":21,"Du-Vu Doll":21,"Bottled Flame":13,"Replay:Baseball":19,"Shuriken":2,"hubris:PeanutButter":12,"Simple Rune":0,"Molten Egg 2":0,"ReplayTheSpireMod:TigerMarble":3,"hubris:ToyBattleship":27,"Black Star":17,"Grinning Jar":8,"ReplayFunnel":3,"Darkstone Periapt":2,"SacredBark":19,"Melange":2,"hubris:SlimyHat":2,"Incense Burner":0,"CloakClasp":11,"Replay:Mystery Machine":43,"Empty Cage":45,"Nunchaku":2,"Replay:Bandana":3,"Dream Catcher":3,"hubris:Icosahedron":2,"TheAbacus":2,"Mummified Hand":4,"hubris:Stopwatch":17,"Pantograph":3,"Tiny Chest":2,"Replay:Bottled Snecko":11,"Runic Pyramid":34,"Gremlin Food":4,"hubris:KleinBottle":10,"Replay:Towering Pillar of Hats":9,"infinitespire:CursedDice":22,"Guide Book":53,"Replay:WaspNest":14,"infinitespire:FocusingShard":9,"Orichalcum":12,"Medical Kit":0,"White Beast Statue":9,"Calling Bell":21,"Strange Spoon":2,"Anchor":7,"infinitespire:WardingShard":9,"HolyWater":17,"infinitespire:Satchel":28,"ChewingGum":19,"Snack Pack":11,"Membership Card":16,"PureWater":0,"hubris:OldNail":2,"FossilizedHelix":29,"ReplayTheSpireMod:ShopPack":29},{"Replay:Accelerometer":141,"Golden Egg":231,"Whetstone":119,"Ginger":214,"hubris:MysteriousPyramids":134,"Ring of Searing":245,"Blood Vial":11,"Replay:Ringing Soul":103,"infinitespire:ShieldingShard":7,"hubris:HerbalPaste":61,"MealTicket":162,"HandDrill":119,"Replay:Wax Seal":77,"Replay:Bottled Steam":115,"MerchantsRug":11,"hubris:MobiusCoin":93,"Pear":53,"Counterbalance":121,"ReplayTheSpireMod:Ring of Addiction":123,"hubris:SphereOfDissonance":283,"Eternal Feather":233,"ReplayTheSpireMod:SealedPack":43,"Pen Nib":260,"Akabeko":140,"infinitespire:EvilPickle":111,"infinitespire:Lychee Nut":77,"ReplayTheSpireMod:Ring of Collecting":77,"aspiration:SilentSkillbook":273,"Pandora\u0027s Box":277,"hubris:TenFootPole":120,"Kintsugi":125,"Abe\u0027s Treasure":18,"infinitespire:PuzzleCube":304,"hubris:Reverence":156,"Lantern":40,"Regal Pillow":45,"Torii":93,"Singing Bowl":150,"Blue Doll":162,"hubris:EmptyBottle":97,"Ancient Tea Set":57,"Pet Ghost":93,"Burning Blood":153,"BranchBurnRelic":226,"Matryoshka":127,"hubris:Backtick":153,"Shovel":233,"Toolbox":127,"hubris:ScarierMask":227,"hubris:CuriousFeather":245,"Chemical X":48,"Replay:Bottled Eggs":14,"infinitespire:Eraser":28,"Lee\u0027s Waffle":203,"Golden Idol":17,"hubris:64BitClover":244,"Damaru":103,"Circlet":0,"infinitespire:Joker Card":16,"PreservedInsect":85,"betterThird:NestCultRelic":239,"Ring of Greed":77,"infinitespire:CheckeredPen":106,"infinitespire:Lucky Rock":273,"hubris:Towel":92,"GoldenEye":121,"Replay:Arrowhead":112,"Ornamental Fan":45,"betterThird:SlimedRelic":66,"Ring of Misfortune":123,"Orrery":57,"Art of War":85,"Garlic":119,"ReplayTheSpireMod:Ring of Challenge":19,"ReplayTheSpireMod:Lightbulb":107,"Toy Ornithopter":123,"hubris:BottledRain":230,"Ice Cream":62,"hubris:CrystalStatue":156,"Calipers":210,"Tiny House":238,"CeramicFish":213,"MarkedMod:AcupunctureKit":71,"Sozu":111,"HornCleat":48,"Strawberry":122,"Prayer Wheel":290,"Toxic Egg 2":122,"Happy Flower":35,"Ring of Hypnosis":243,"hubris:DuctTape":255,"ReplayTheSpireMod:CursedCoin":11,"Astrolabe":56,"Dead Branch":222,"Oddly Smooth Stone":222,"hubris:FruitBowl":127,"infinitespire:Beetle Shell":65,"Letter Opener":233,"War Paint":45,"WarpedTongs":94,"Du-Vu Doll":45,"Bottled Flame":52,"Replay:Baseball":94,"Shuriken":146,"hubris:PeanutButter":101,"Simple Rune":183,"Molten Egg 2":214,"ReplayTheSpireMod:TigerMarble":48,"hubris:ToyBattleship":107,"Black Star":131,"Grinning Jar":218,"ReplayFunnel":26,"Darkstone Periapt":63,"SacredBark":54,"Melange":122,"hubris:SlimyHat":179,"Incense Burner":197,"CloakClasp":260,"Replay:Mystery Machine":309,"Empty Cage":283,"Nunchaku":63,"Replay:Bandana":77,"Dream Catcher":127,"hubris:Icosahedron":216,"TheAbacus":248,"Mummified Hand":180,"hubris:Stopwatch":169,"Pantograph":290,"Tiny Chest":97,"Replay:Bottled Snecko":129,"Runic Pyramid":306,"Gremlin Food":134,"hubris:KleinBottle":175,"Replay:Towering Pillar of Hats":127,"infinitespire:CursedDice":56,"Guide Book":286,"Replay:WaspNest":42,"infinitespire:FocusingShard":65,"Orichalcum":129,"Medical Kit":19,"White Beast Statue":99,"Calling Bell":45,"Strange Spoon":262,"Anchor":75,"infinitespire:WardingShard":127,"HolyWater":32,"infinitespire:Satchel":57,"ChewingGum":152,"Snack Pack":92,"Membership Card":53,"PureWater":0,"hubris:OldNail":122,"FossilizedHelix":275,"ReplayTheSpireMod:ShopPack":57},{"Replay:Accelerometer":613,"Golden Egg":957,"Whetstone":521,"Ginger":883,"hubris:MysteriousPyramids":591,"Ring of Searing":1020,"Blood Vial":45,"Replay:Ringing Soul":453,"infinitespire:ShieldingShard":25,"hubris:HerbalPaste":259,"MealTicket":700,"HandDrill":521,"Replay:Wax Seal":328,"Replay:Bottled Steam":505,"MerchantsRug":45,"hubris:MobiusCoin":387,"Pear":213,"Counterbalance":531,"ReplayTheSpireMod:Ring of Addiction":536,"hubris:SphereOfDissonance":1160,"Eternal Feather":965,"ReplayTheSpireMod:SealedPack":174,"Pen Nib":1064,"Akabeko":610,"infinitespire:EvilPickle":492,"infinitespire:Lychee Nut":328,"ReplayTheSpireMod:Ring of Collecting":328,"aspiration:SilentSkillbook":1119,"Pandora\u0027s Box":1138,"hubris:TenFootPole":528,"Kintsugi":555,"Abe\u0027s Treasure":73,"infinitespire:PuzzleCube":1246,"hubris:Reverence":680,"Lantern":160,"Regal Pillow":186,"Torii":387,"Singing Bowl":648,"Blue Doll":700,"hubris:EmptyBottle":412,"Ancient Tea Set":236,"Pet Ghost":387,"Burning Blood":672,"BranchBurnRelic":934,"Matryoshka":561,"hubris:Backtick":672,"Shovel":965,"Toolbox":561,"hubris:ScarierMask":939,"hubris:CuriousFeather":1020,"Chemical X":193,"Replay:Bottled Eggs":53,"infinitespire:Eraser":109,"Lee\u0027s Waffle":844,"Golden Idol":64,"hubris:64BitClover":1018,"Damaru":453,"Circlet":0,"infinitespire:Joker Card":60,"PreservedInsect":355,"betterThird:NestCultRelic":992,"Ring of Greed":328,"infinitespire:CheckeredPen":465,"infinitespire:Lucky Rock":1119,"hubris:Towel":376,"GoldenEye":531,"Replay:Arrowhead":495,"Ornamental Fan":186,"betterThird:SlimedRelic":275,"Ring of Misfortune":536,"Orrery":236,"Art of War":355,"Garlic":521,"ReplayTheSpireMod:Ring of Challenge":77,"ReplayTheSpireMod:Lightbulb":468,"Toy Ornithopter":536,"hubris:BottledRain":955,"Ice Cream":261,"hubris:CrystalStatue":680,"Calipers":869,"Tiny House":986,"CeramicFish":879,"MarkedMod:AcupunctureKit":297,"Sozu":492,"HornCleat":193,"Strawberry":534,"Prayer Wheel":1189,"Toxic Egg 2":534,"Happy Flower":145,"Ring of Hypnosis":1009,"hubris:DuctTape":1049,"ReplayTheSpireMod:CursedCoin":45,"Astrolabe":231,"Dead Branch":915,"Oddly Smooth Stone":915,"hubris:FruitBowl":561,"infinitespire:Beetle Shell":272,"Letter Opener":965,"War Paint":186,"WarpedTongs":396,"Du-Vu Doll":186,"Bottled Flame":208,"Replay:Baseball":396,"Shuriken":631,"hubris:PeanutButter":431,"Simple Rune":782,"Molten Egg 2":883,"ReplayTheSpireMod:TigerMarble":193,"hubris:ToyBattleship":468,"Black Star":579,"Grinning Jar":897,"ReplayFunnel":100,"Darkstone Periapt":263,"SacredBark":221,"Melange":534,"hubris:SlimyHat":769,"Incense Burner":829,"CloakClasp":1064,"Replay:Mystery Machine":1264,"Empty Cage":1160,"Nunchaku":263,"Replay:Bandana":328,"Dream Catcher":561,"hubris:Icosahedron":889,"TheAbacus":1029,"Mummified Hand":773,"hubris:Stopwatch":731,"Pantograph":1189,"Tiny Chest":412,"Replay:Bottled Snecko":568,"Runic Pyramid":1255,"Gremlin Food":591,"hubris:KleinBottle":754,"Replay:Towering Pillar of Hats":561,"infinitespire:CursedDice":231,"Guide Book":1175,"Replay:WaspNest":169,"infinitespire:FocusingShard":272,"Orichalcum":568,"Medical Kit":77,"White Beast Statue":423,"Calling Bell":186,"Strange Spoon":1071,"Anchor":321,"infinitespire:WardingShard":561,"HolyWater":131,"infinitespire:Satchel":236,"ChewingGum":664,"Snack Pack":376,"Membership Card":213,"PureWater":0,"hubris:OldNail":534,"FossilizedHelix":1127,"ReplayTheSpireMod:ShopPack":236}]},"card_choices":[{"not_picked":["Setup+1","ClearTheMind+1"],"picked":"MarkedMod:GentlePulse+1","floor":1.0},{"not_picked":["Weave","EmptyBody+1"],"picked":"MarkedMod:Acupuncture","floor":2.0},{"not_picked":["hubris:Fate","infinitespire:SevenWalls"],"picked":"infinitespire:FutureSight","floor":3.0},{"not_picked":["Stack","Replay:BluntJabs"],"picked":"LikeWater","floor":10.0},{"not_picked":["Worship","Replay:Cycle"],"picked":"Study","floor":12.0},{"not_picked":["Reflex","Scrape"],"picked":"MarkedMod:NorthStar","floor":13.0},{"not_picked":["Replay:Anticipation","Nirvana"],"picked":"Stack","floor":14.0},{"not_picked":["Wraith Form v2","Doppelganger"],"picked":"MarkedMod:NorthStar","floor":16.0},{"not_picked":["Outmaneuver","Clash"],"picked":"BootSequence","floor":18},{"not_picked":["Replay:Battleflow","Replay:BluntJabs"],"picked":"PathToVictory+1","floor":19},{"not_picked":["Sever Soul","Outmaneuver"],"picked":"MarkedMod:PinPointDefense+1","floor":22},{"not_picked":["FollowUp","Brutality"],"picked":"Rage","floor":24},{"not_picked":["ClearTheMind","MentalFortress"],"picked":"MarkedMod:Acupuncture+1","floor":27},{"not_picked":["Stack","Indignation"],"picked":"WindmillStrike","floor":28},{"not_picked":["CutThroughFate","Tactician"],"picked":"FlurryOfBlows","floor":30},{"not_picked":["Sadistic Nature","Alpha"],"picked":"Wish","floor":33},{"not_picked":["CutThroughFate+1","Underhanded Strike+1"],"picked":"Hello World+1","floor":35},{"not_picked":["Halt+1","FearNoEvil"],"picked":"MarkedMod:FirstStrike","floor":37},{"not_picked":["Blizzard","Replay:BluntJabs+1"],"picked":"Chill","floor":39},{"not_picked":["Outmaneuver","EmptyFist+1"],"picked":"MarkedMod:Acupuncture+1","floor":44},{"not_picked":["Halt+1","FollowUp+1"],"picked":"MentalFortress","floor":46},{"not_picked":["FlurryOfBlows","Replay:AtTheReady+1"],"picked":"Prostrate+1","floor":48}],"player_experience":274934,"relics_obtained":[{"floor":20,"key":"Akabeko"},{"floor":24,"key":"Replay:Accelerometer"},{"floor":25,"key":"Whetstone"},{"floor":26,"key":"Replay:Baseball"},{"floor":28,"key":"infinitespire:PuzzleCube"},{"floor":43,"key":"Replay:Mystery Machine"}],"event_choices":[{"damage_healed":18.0,"max_hp_gain":0.0,"max_hp_loss":0.0,"gold_gain":0.0,"event_name":"The Cleric","player_choice":"Healed","floor":4.0,"gold_loss":35.0,"damage_taken":0.0},{"damage_healed":0,"gold_gain":0,"player_choice":"Forge","damage_taken":0,"max_hp_gain":0,"max_hp_loss":0,"event_name":"Accursed Blacksmith","floor":42,"gold_loss":0,"cards_upgraded":["MarkedMod:NorthStar"]}],"is_beta":false,"boss_relics":[{"not_picked":["Kintsugi","aspiration:RunicSpoon"],"picked":"Astrolabe"},{"not_picked":["Sozu","Runic Dome"],"picked":"Runic Pyramid"}],"items_purged_floors":[],"is_endless":false,"potions_floor_spawned":[1,2,14,16,19,22,30,37,44,46],"killed_by":"infinitespire:MassOfShapes","ascension_level":0}}