{"host":"htpechobqgpaugnv","time":1607485428,"event":{"gold_per_floor":[12,28,28,38,51,82,82,82,82],"floor_reached":8,"playtime":260,"items_purged":[],"score":116,"play_id":"fe23b353-c419-4638-973a-8843c3b7fd41","local_time":"20201208214348","is_ascension_mode":true,"campfire_choices":[{"floor":7,"key":"REST"}],"neow_cost":"NO_GOLD","seed_source_timestamp":65428383689600,"circlet_count":0,"master_deck":["AscendersBane","Strike_P","Strike_P","Strike_P","Defend_P","Defend_P","Defend_P","Eruption","Vigilance","Consecrate","Consecrate","PathToVictory","SpiritShield","Consecrate+1"],"special_seed":0,"relics":["PureWater","Molten Egg 2"],"potions_floor_usage":[8],"damage_taken":[{"damage":0.0,"enemies":"2 Louse","floor":1.0,"turns":2.0},{"damage":0.0,"enemies":"Cultist","floor":2.0,"turns":3.0},{"damage":4.0,"enemies":"Small Slimes","floor":4.0,"turns":3.0},{"damage":16.0,"enemies":"Exordium Thugs","floor":5.0,"turns":3.0},{"damage":35,"enemies":"3 Sentries","floor":6,"turns":6},{"damage":44,"enemies":"Lagavulin","floor":8,"turns":3}],"seed_played":"-4628065836903779256","potions_obtained":[{"floor":4.0,"key":"Explosive Potion"},{"floor":6,"key":"DistilledChaos"}],"is_trial":false,"path_per_floor":["M","M","?","M","M","E","R","E"],"character_chosen":"WATCHER","items_purchased":[],"campfire_rested":1,"item_purchase_floors":[],"current_hp_per_floor":[61,61,61,57,41,6,26,0,0],"gold":82,"neow_bonus":"REMOVE_TWO","is_prod":false,"is_daily":false,"chose_seed":false,"campfire_upgraded":0,"win_rate":0,"timestamp":1607485428,"path_taken":["M","M","?","?","M","E","R","E"],"build_version":"2020-11-30","purchased_purges":0,"victory":false,"max_hp_per_floor":[68,68,68,68,68,68,68,68,68],"relic_stats":{"counters":[6,20],"obtain_stats":[{"Molten Egg 2":6,"PureWater":0},{"Molten Egg 2":5,"PureWater":0},{"Molten Egg 2":17,"PureWater":0}]},"card_choices":[{"not_picked":["EmptyBody","BowlingBash"],"picked":"Consecrate","floor":1.0},{"not_picked":["Prostrate","BowlingBash"],"picked":"Consecrate","floor":2.0},{"not_picked":["BowlingBash","FollowUp"],"picked":"PathToVictory","floor":4.0},{"not_picked":["MentalFortress","Protect"],"picked":"SpiritShield","floor":5.0},{"not_picked":["CutThroughFate+1","FlyingSleeves+1"],"picked":"Consecrate+1","floor":6}],"player_experience":1247614,"relics_obtained":[{"floor":6,"key":"Molten Egg 2"}],"event_choices":[{"damage_healed":0.0,"max_hp_gain":0.0,"max_hp_loss":0.0,"gold_gain":0.0,"event_name":"Match and Keep!","player_choice":"0 cards matched","floor":3.0,"gold_loss":0.0,"damage_taken":0.0,"cards_obtained":[]}],"is_beta":false,"boss_relics":[],"items_purged_floors":[],"is_endless":false,"potions_floor_spawned":[4,6],"killed_by":"Lagavulin","ascension_level":20}}