{"host":"f0gpob8hq9vgebej","time":1607497487,"event":{"gold_per_floor":[112,132,151,169,94,94,94,126,126,146,146,156,78,78,78,151,151,164,59,58,58,58],"floor_reached":21,"playtime":643,"items_purged":["Strike_G","Defend_G"],"score":335,"play_id":"eff3667c-0939-4ab4-a213-a1a09ed30a5a","local_time":"20201209160447","is_ascension_mode":true,"campfire_choices":[{"data":"Noxious Fumes","floor":6.0,"key":"SMITH"},{"floor":15,"key":"REST"}],"neow_cost":"NONE","seed_source_timestamp":597629336688500,"circlet_count":0,"master_deck":["AscendersBane","Strike_G","Strike_G","Strike_G","Defend_G","Defend_G","Defend_G","Survivor","Neutralize","Infinite Blades","Noxious Fumes+1","Prepared","Backflip","PiercingWail","Blade Dance","Wraith Form v2","Acrobatics","Blade Dance","Calculated Gamble"],"special_seed":0,"relics":["Ring of the Snake","Anchor","Smiling Mask","Vajra","Black Star"],"potions_floor_usage":[16],"damage_taken":[{"damage":3.0,"enemies":"Cultist","floor":1.0,"turns":4.0},{"damage":0.0,"enemies":"Small Slimes","floor":2.0,"turns":4.0},{"damage":4.0,"enemies":"Jaw Worm","floor":3.0,"turns":6.0},{"damage":2.0,"enemies":"Looter","floor":4.0,"turns":4.0},{"damage":20.0,"enemies":"Lagavulin","floor":8.0,"turns":7.0},{"damage":4.0,"enemies":"2 Fungi Beasts","floor":10.0,"turns":4.0},{"damage":3,"enemies":"Blue Slaver","floor":12,"turns":4},{"damage":22,"enemies":"Hexaghost","floor":16,"turns":9},{"damage":23,"enemies":"Shell Parasite","floor":18,"turns":8},{"damage":14,"enemies":"2 Thieves","floor":20,"turns":4},{"damage":5,"enemies":"Snecko","floor":21,"turns":3}],"seed_played":"-1336000864107305808","potions_obtained":[{"floor":1.0,"key":"BlessingOfTheForge"},{"floor":2.0,"key":"GamblersBrew"},{"floor":8.0,"key":"PowerPotion"},{"floor":20,"key":"Ancient Potion"}],"is_trial":false,"path_per_floor":["M","M","M","M","?","R","?","E","T","M","?","M","$","?","R","B",null,"M","$","M","M"],"character_chosen":"THE_SILENT","items_purchased":["Blade Dance","Blade Dance"],"campfire_rested":1,"item_purchase_floors":[13,19],"current_hp_per_floor":[56,56,52,50,50,50,50,30,30,26,26,23,23,28,49,27,60,37,37,23,18,18],"gold":58,"neow_bonus":"RANDOM_COMMON_RELIC","is_prod":false,"is_daily":false,"chose_seed":false,"campfire_upgraded":1,"win_rate":0,"timestamp":1607497487,"path_taken":["M","M","?","M","?","R","?","E","T","M","?","M","$","?","R","BOSS","M","$","M","M"],"build_version":"2020-11-30","purchased_purges":2,"victory":false,"max_hp_per_floor":[66,66,66,66,66,66,66,66,66,66,66,66,66,71,71,71,71,71,71,71,71,71],"card_choices":[{"not_picked":["Slice","Dodge and Roll"],"picked":"Infinite Blades","floor":1.0},{"not_picked":["Slice","Outmaneuver"],"picked":"Noxious Fumes","floor":2.0},{"not_picked":["Dagger Throw","Flying Knee"],"picked":"Prepared","floor":3.0},{"not_picked":["Dodge and Roll","Deflect"],"picked":"Backflip","floor":4.0},{"not_picked":["Flying Knee","Slice"],"picked":"PiercingWail","floor":8.0},{"not_picked":["Eviscerate","Night Terror","Choke"],"picked":"SKIP","floor":10.0},{"not_picked":["Eviscerate","Outmaneuver","Cloak And Dagger"],"picked":"SKIP","floor":12},{"not_picked":["Unload","Glass Knife"],"picked":"Wraith Form v2","floor":16},{"not_picked":["Cloak And Dagger","Sucker Punch"],"picked":"Acrobatics","floor":18},{"not_picked":["Sucker Punch","Riddle With Holes"],"picked":"Calculated Gamble","floor":20}],"player_experience":269160,"relics_obtained":[{"floor":8.0,"key":"Smiling Mask"},{"floor":9.0,"key":"Vajra"}],"event_choices":[{"cards_removed":["Strike_G"],"damage_healed":0.0,"max_hp_gain":0.0,"max_hp_loss":0.0,"gold_gain":0.0,"event_name":"The Cleric","player_choice":"Card Removal","floor":5.0,"gold_loss":75.0,"damage_taken":0.0},{"damage_healed":0.0,"max_hp_gain":0.0,"max_hp_loss":0.0,"gold_gain":0.0,"event_name":"Shining Light","player_choice":"Ignored","floor":7.0,"gold_loss":0.0,"damage_taken":0.0},{"cards_removed":["Defend_G"],"damage_healed":0.0,"max_hp_gain":0.0,"max_hp_loss":0.0,"gold_gain":0.0,"event_name":"Living Wall","player_choice":"Forget","floor":11.0,"gold_loss":0.0,"damage_taken":0.0},{"damage_healed":0,"gold_gain":0,"player_choice":"Donut","damage_taken":0,"max_hp_gain":5,"max_hp_loss":0,"event_name":"Big Fish","floor":14,"gold_loss":0}],"is_beta":false,"boss_relics":[{"not_picked":["Fusion Hammer","Coffee Dripper"],"picked":"Black Star"}],"items_purged_floors":[13,19],"is_endless":false,"potions_floor_spawned":[1,2,8,20],"killed_by":"Snecko","ascension_level":17}}