{"host":"l4zsyynf3knc4g5z","time":1607540540,"event":{"gold_per_floor":[113,113,133,133,150,179,110,121,193,193,193,212,162,175,350,350,350],"floor_reached":16,"playtime":400,"items_purged":[],"score":104,"play_id":"fd790298-a04f-4133-b495-809594598da2","local_time":"20201209110220","is_ascension_mode":false,"campfire_choices":[{"floor":10,"key":"REST"}],"neow_cost":"NONE","seed_source_timestamp":1585041336455600,"circlet_count":0,"master_deck":["dioMod:Strike","dioMod:Strike","Bite","dioMod:Defend","dioMod:Defend","dioMod:Defend","dioMod:Defend","dioMod:DoubleTime","dioMod:GoodbyeJojo","dioMod:HeavyLifting","dioMod:BloodSuck","dioMod:DarkRebirth","dioMod:BloodTransfusion","Doubt"],"relics":["dioMod:VampireBlood","NeowsBlessing","Potion Belt","hubris:DisguiseKit"],"potions_floor_usage":[6,12,16],"damage_taken":[{"damage":0,"enemies":"Jaw Worm","floor":1,"turns":1},{"damage":0,"enemies":"Cultist","floor":2,"turns":1},{"damage":0,"enemies":"2 Louse","floor":3,"turns":1},{"damage":22,"enemies":"Looter","floor":5,"turns":4},{"damage":59,"enemies":"Lagavulin","floor":6,"turns":8},{"damage":8,"enemies":"Exordium Wildlife","floor":8,"turns":5},{"damage":11,"enemies":"Gremlin Gang","floor":12,"turns":7},{"damage":45,"enemies":"Exordium Thugs","floor":14,"turns":6},{"damage":2,"enemies":"Hexaghost","floor":16,"turns":2}],"seed_played":"8128812121436884289","potions_obtained":[{"floor":3,"key":"LiquidMemories"},{"floor":5,"key":"Venom Potion"},{"floor":14,"key":"DistilledChaos"}],"is_trial":false,"path_per_floor":["M","M","M","?","M","E","$","M","T","R","?","M","?","M","R_BF","B"],"character_chosen":"THE_DEFAULT","items_purchased":["dioMod:BloodSuck"],"campfire_rested":1,"item_purchase_floors":[7],"current_hp_per_floor":[75,75,75,75,60,12,12,19,19,41,34,48,48,28,28,37,37],"gold":350,"neow_bonus":"THREE_ENEMY_KILL","is_prod":false,"is_daily":false,"chose_seed":false,"campfire_upgraded":0,"win_rate":0.0,"timestamp":1607540540,"path_taken":["M","M","M","?","?","E","$","M","T","R","?","M","?","?","R_BF","BOSS"],"build_version":"2020-11-30","purchased_purges":0,"victory":false,"max_hp_per_floor":[75,75,75,75,75,75,75,75,75,75,75,75,75,75,75,75,75],"card_choices":[{"not_picked":["dioMod:BloodShield","dioMod:ComboFever"],"picked":"dioMod:DoubleTime","floor":1},{"not_picked":["dioMod:CoffinBath","dioMod:Roundabout","dioMod:CautiousMuda"],"picked":"SKIP","floor":2},{"not_picked":["dioMod:BloodShield","dioMod:DominatingPresence"],"picked":"dioMod:GoodbyeJojo","floor":3},{"not_picked":["dioMod:SecretPlan","dioMod:Roundabout","dioMod:BloodTransfusion"],"picked":"SKIP","floor":5},{"not_picked":["dioMod:BloodShield","dioMod:DaggerSpree"],"picked":"dioMod:HeavyLifting","floor":6},{"not_picked":["dioMod:BloodSplash","dioMod:ComposedMuda"],"picked":"dioMod:DarkRebirth","floor":8},{"not_picked":["dioMod:Diversion","dioMod:BloodSplash","dioMod:Pluck","Break"],"picked":"SKIP","floor":12},{"not_picked":["dioMod:SecretPlan","dioMod:Minions","LockedMedicine"],"picked":"dioMod:BloodTransfusion","floor":14}],"player_experience":86076,"relics_obtained":[{"floor":6,"key":"Potion Belt"},{"floor":9,"key":"hubris:DisguiseKit"}],"event_choices":[{"cards_removed":["dioMod:Strike"],"damage_healed":0,"gold_gain":0,"player_choice":"Offered Basic","damage_taken":0,"max_hp_gain":0,"max_hp_loss":0,"event_name":"Bonfire Elementals","floor":4,"gold_loss":0},{"cards_removed":["dioMod:Strike"],"damage_healed":0,"gold_gain":0,"player_choice":"Card Removal","damage_taken":7,"max_hp_gain":0,"max_hp_loss":0,"event_name":"Golden Wing","floor":11,"gold_loss":0},{"cards_removed":["dioMod:Strike"],"damage_healed":0,"gold_gain":0,"player_choice":"Card Removal","damage_taken":0,"max_hp_gain":0,"max_hp_loss":0,"event_name":"The Cleric","floor":13,"gold_loss":50},{"damage_healed":0,"gold_gain":175,"player_choice":"AGREE","damage_taken":0,"max_hp_gain":0,"max_hp_loss":0,"event_name":"Liars Game","floor":15,"gold_loss":0,"cards_obtained":["Doubt"]}],"is_beta":false,"boss_relics":[],"items_purged_floors":[],"is_endless":false,"potions_floor_spawned":[3,5,14],"killed_by":"Hexaghost","ascension_level":0}}