{"host":"qf6a1vkjx65tfr1z","time":1607481971,"event":{"gold_per_floor":[117,152,168,233,258,258,294,294,320,320,241,241,307,337,337,427,527,645,373,388,398,398,434,434,518,518,619,683,683,733,852,852,932,932,950,950,495,515,528,528,561,461,461,494,494,520,192,192,192,195,199],"floor_reached":52,"playtime":9083,"items_purged":[],"score":2141,"play_id":"43dd6509-943e-4d6a-83e9-15ed303bdf06","local_time":"20201208214611","is_ascension_mode":true,"campfire_choices":[{"data":"Koishi:ConfinedInnocent+1","floor":6,"key":"SMITH"},{"data":"Koishi:ConfinedInnocent+2","floor":6,"key":"SMITH"},{"data":"ChosenOfTheMoon+1","floor":6,"key":"SMITH"},{"data":"Koishi:ConfinedInnocent+3","floor":6,"key":"SMITH"},{"data":"Koishi:ConfinedInnocent+4","floor":8,"key":"SMITH"},{"data":"Koishi:ConfinedInnocent+5","floor":8,"key":"SMITH"},{"data":"Koishi:ConfinedInnocent+6","floor":8,"key":"SMITH"},{"data":"Koishi:ConfinedInnocent+7","floor":8,"key":"SMITH"},{"data":"Koishi:ConfinedInnocent+8","floor":10,"key":"SMITH"},{"data":"CBP: ChaoticOffering+3","floor":10,"key":"SMITH"},{"data":"rat:BloodPact+1","floor":10,"key":"SMITH"},{"data":"WalpurgisNight+1","floor":10,"key":"SMITH"},{"data":"Koishi:ConfinedInnocent+9","floor":12,"key":"SMITH"},{"data":"Koishi:ConfinedInnocent+10","floor":12,"key":"SMITH"},{"data":"Koishi:ConfinedInnocent+11","floor":12,"key":"SMITH"},{"data":"Koishi:ConfinedInnocent+12","floor":12,"key":"SMITH"},{"data":"Glutton:GuardStance+1","floor":24,"key":"SMITH"},{"data":"rat:BloodPact+2","floor":24,"key":"SMITH"},{"data":"Koishi:ConfinedInnocent+13","floor":24,"key":"SMITH"},{"data":"ChosenOfTheMoon+2","floor":24,"key":"SMITH"},{"data":"Glutton:GuardStance+2","floor":32,"key":"SMITH"},{"data":"Pain","floor":32,"key":"SMITH"},{"data":"Replay:AtTheReady","floor":32,"key":"SMITH"},{"data":"EmptyFist","floor":32,"key":"SMITH"},{"data":"Koishi:BloodcurdlingScream","floor":40,"key":"SMITH"},{"data":"Glutton:EatAlive+2","floor":40,"key":"SMITH"},{"data":"Glutton:GuardStance+3","floor":40,"key":"SMITH"},{"data":"Glutton:GuardStance+4","floor":40,"key":"SMITH"},{"floor":49,"key":"REST"}],"neow_cost":"","seed_source_timestamp":0,"circlet_count":0,"master_deck":["HollowMod:Hiveblood+1","Glutton:GuardStance+5","ChosenOfTheMoon+3","StrangeBrew+1","WalpurgisNight+2","Koishi:PerfectMindControl+1","Koishi:ConfinedInnocent+14","LagranYue:PowerDreamCard+1","jedi:cleanse+1","rat:BloodPact+3","Exhume+1","Corruption+1","Barricade+1","Double Energy+1","Adaptation+1","Tantrum+1","Scrawl+1","Replay:AtTheReady+1","Koishi:BloodcurdlingScream+1","Koishi:StingingMind"],"relics":["PureWater","Hammer of Thor","Seething Fire","Anvil of the Gods","hubris:64BitClover","AncientExoskeleton","Replay:Arrowhead","Blue Candle","Golden_Hairpin","conspire:InfiniteJournal","Ooze Armor","halation:PenCase","halation:PrussianBluePaint","infinitespire:Joker Card","halation:IllGainedPizza","Juzu Bracelet","Whetstone","WingedGreaves","PreservedInsect","hubris:OldNail","StuffTheSpire:Barrel","Replay:Antivirus Software","Replay:Wanted Poster","vexMod:BarristanHead","Pet Ghost","conspire:GiftBox","Mythril_Glove","Pear","NlothsMask","Eternal Feather","LagranYue:RareGoldArmorRelic","CCEMRelics:Moonstone","Gem_Box","Potion Belt","PrismaticShard","MealTicket","HollowMod:PaleOreRelic","infinitespire:EmpoweringShard","ClockworkSouvenir","Bag of Preparation"],"potions_floor_usage":[],"damage_taken":[{"damage":20,"enemies":"conspire:RoseBush","floor":1,"turns":6},{"damage":42,"enemies":"Jaw Worm","floor":2,"turns":7},{"damage":30,"enemies":"Cultist","floor":3,"turns":6},{"damage":40,"enemies":"Gremlin Nob","floor":7,"turns":6},{"damage":18,"enemies":"3 Sentries","floor":13,"turns":6},{"damage":23,"enemies":"HollowMod:MossKnight","floor":14,"turns":5},{"damage":86,"enemies":"The Guardian","floor":16,"turns":10},{"damage":10,"enemies":"Spheric Guardian","floor":18,"turns":4},{"damage":30,"enemies":"Chosen","floor":20,"turns":3},{"damage":0,"enemies":"Snake Plant","floor":21,"turns":3},{"damage":17,"enemies":"Gremlin Leader","floor":23,"turns":5},{"damage":32,"enemies":"conspire:Head Lice","floor":25,"turns":4},{"damage":2,"enemies":"conspire:MimicChest","floor":27,"turns":4},{"damage":23,"enemies":"Slavers","floor":28,"turns":4},{"damage":50,"enemies":"Colosseum Slavers","floor":31,"turns":4},{"damage":0,"enemies":"Colosseum Nobs","floor":31,"turns":2},{"damage":26,"enemies":"hubris:MusketHawk","floor":33,"turns":5},{"damage":7,"enemies":"3 Shapes","floor":35,"turns":5},{"damage":4,"enemies":"3 Darklings","floor":38,"turns":2},{"damage":3,"enemies":"Spire Growth","floor":39,"turns":4},{"damage":58,"enemies":"Nightmare","floor":41,"turns":3},{"damage":1,"enemies":"R_Hoarder","floor":44,"turns":4},{"damage":0,"enemies":"Giant Head","floor":46,"turns":2},{"damage":50,"enemies":"Replay:Hell Engine","floor":50,"turns":3},{"damage":4,"enemies":"hubris:GrandSnecko","floor":51,"turns":4}],"seed_played":"6361655145449026580","potions_obtained":[{"floor":3,"key":"Energy Potion"},{"floor":44,"key":"BlessingOfTheForge"}],"is_trial":true,"path_per_floor":["M","M","M","?","T","R","E","R","T","R","$","R","E","E","R","B",null,"M","$","M","M","?","E","R","E","T","?","E","?","?","?","R","B",null,"M","?","$","M","M","R","NM","NS","T","E","?","E","$","?","R","B","B",null],"character_chosen":"WATCHER","items_purchased":["sneckomod:MuddlingPotion","Energy Potion","Mayhem","Potion Belt","Adrenaline Potion","Energy Potion","PrismaticShard","ClockworkSouvenir","Bag of Preparation"],"campfire_rested":1,"item_purchase_floors":[11,19,19,37,37,37,37,47,47],"current_hp_per_floor":[100,95,144,144,144,144,150,150,150,150,150,150,175,170,170,193,193,193,193,251,251,251,258,258,265,265,275,296,296,296,296,296,302,317,342,342,342,339,355,356,371,371,371,372,372,372,372,372,372,372,372],"gold":199,"neow_bonus":"","is_prod":false,"is_daily":false,"chose_seed":false,"campfire_upgraded":28,"win_rate":0.0,"timestamp":1607481971,"path_taken":["M","M","M","?","?","R","E","R","T","R","$","R","E","E","R","BOSS","M","$","M","M","?","E","R","E","T","?","E","?","?","?","R","BOSS","M","?","$","M","M","R","NM","NS","T","E","?","E","$","?","R","BOSS","BOSS"],"build_version":"2020-11-30","purchased_purges":0,"victory":true,"max_hp_per_floor":[100,100,144,144,144,144,157,157,157,157,157,157,176,193,193,193,193,193,193,267,267,267,267,267,267,267,277,296,296,296,296,296,322,322,342,342,342,343,356,356,372,372,372,372,372,372,372,372,372,372,372],"card_choices":[{"not_picked":["Worship","Wireheading","WindmillStrike"],"picked":"SKIP","floor":1},{"not_picked":["EmptyFist","Replay:Vibes","Replay:AtTheReady"],"picked":"SKIP","floor":2},{"not_picked":["Prostrate","ThirdEye"],"picked":"Adaptation","floor":3},{"not_picked":["Halt","Prostrate","ForeignInfluence"],"picked":"SKIP","floor":7},{"not_picked":["Evaluate","SignatureMove"],"picked":"Tantrum","floor":13},{"not_picked":["Replay:Battleflow","EmptyBody"],"picked":"Scrawl","floor":14},{"not_picked":["Evaluate","Replay:ManipulateFuture","ClearTheMind+1"],"picked":"SKIP","floor":18},{"not_picked":["Wireheading","PathToVictory"],"picked":"EmptyFist","floor":20},{"not_picked":["Prostrate+1","EmptyBody","FlurryOfBlows"],"picked":"SKIP","floor":21},{"not_picked":["Fasting2","Replay:Cycle","Wish"],"picked":"SKIP","floor":23},{"not_picked":["MasterReality","Vengeance","LikeWater"],"picked":"SKIP","floor":25},{"not_picked":["BattleHymn+1","Replay:Vibes","Halt"],"picked":"SKIP","floor":28},{"not_picked":["BattleHymn+1","Replay:Vibes","Halt"],"picked":"SKIP","floor":28},{"not_picked":["Tantrum","MentalFortress"],"picked":"Replay:AtTheReady","floor":30},{"not_picked":["Consecrate","Vengeance","EmptyBody"],"picked":"SKIP","floor":35},{"not_picked":["FollowUp+1","Evaluate+1","DeceiveReality"],"picked":"SKIP","floor":35},{"not_picked":["somnambulantmod: ShowerThought","Death_Coil"],"picked":"Koishi:BloodcurdlingScream","floor":38},{"not_picked":["Replay:ManipulateFuture","BowlingBash","Weave"],"picked":"SKIP","floor":38},{"not_picked":["Judgement","SignatureMove","MentalFortress"],"picked":"SKIP","floor":39},{"not_picked":["jedi:locknload","DoubleEdge","somnambulantmod: LeechFears"],"picked":"SKIP","floor":39},{"not_picked":["ReplayTheSpireMod:Scrap Shanks","hexamod:Hexaguard+1"],"picked":"Koishi:StingingMind","floor":41},{"not_picked":["Blasphemy","Replay:AtTheReady","Brilliance"],"picked":"SKIP","floor":41},{"not_picked":["Replay:DivineShield","Wish","SashWhip"],"picked":"SKIP","floor":44},{"not_picked":["construct:FlakBarrage","Replay:AtTheReady","theTrickster:MistForm"],"picked":"SKIP","floor":44},{"not_picked":["Replay:DivineShield","Wish","SashWhip"],"picked":"SKIP","floor":44},{"not_picked":["construct:FlakBarrage","Replay:AtTheReady","theTrickster:MistForm"],"picked":"SKIP","floor":44},{"not_picked":["DeusExMachina","ThirdEye","Establishment"],"picked":"SKIP","floor":46},{"not_picked":["Koishi:FidgetySnatcher+1","jedi:fear","theTrickster:CautiousManeuver+1"],"picked":"SKIP","floor":46}],"player_experience":69610,"relics_obtained":[{"floor":1,"key":"infinitespire:Joker Card"},{"floor":2,"key":"halation:IllGainedPizza"},{"floor":3,"key":"Juzu Bracelet"},{"floor":5,"key":"Whetstone"},{"floor":7,"key":"PreservedInsect"},{"floor":9,"key":"hubris:OldNail"},{"floor":13,"key":"StuffTheSpire:Barrel"},{"floor":21,"key":"vexMod:BarristanHead"},{"floor":23,"key":"Pet Ghost"},{"floor":25,"key":"conspire:GiftBox"},{"floor":26,"key":"Mythril_Glove"},{"floor":27,"key":"Pear"},{"floor":30,"key":"Eternal Feather"},{"floor":31,"key":"LagranYue:RareGoldArmorRelic"},{"floor":31,"key":"CCEMRelics:Moonstone"},{"floor":41,"key":"MealTicket"},{"floor":44,"key":"HollowMod:PaleOreRelic"},{"floor":46,"key":"infinitespire:EmpoweringShard"}],"event_choices":[{"damage_healed":0,"gold_gain":65,"player_choice":"Gained Gold","damage_taken":0,"max_hp_gain":0,"max_hp_loss":0,"event_name":"Golden Wing","floor":4,"gold_loss":0},{"cards_removed":["Echo Form"],"damage_healed":0,"gold_gain":0,"player_choice":"Purged","damage_taken":0,"max_hp_gain":0,"max_hp_loss":0,"event_name":"Purifier","floor":22,"gold_loss":0},{"damage_healed":0,"gold_gain":0,"player_choice":"Trade","damage_taken":0,"relics_obtained":["NlothsMask"],"max_hp_gain":0,"max_hp_loss":0,"event_name":"FaceTrader","floor":29,"gold_loss":0},{"damage_healed":0,"gold_gain":0,"player_choice":"Fight","damage_taken":0,"max_hp_gain":0,"max_hp_loss":0,"event_name":"Colosseum","floor":31,"gold_loss":0},{"damage_healed":0,"gold_gain":0,"player_choice":"Fought Nobs","damage_taken":0,"max_hp_gain":0,"max_hp_loss":0,"event_name":"Colosseum","floor":31,"gold_loss":0},{"damage_healed":0,"gold_gain":0,"player_choice":"Ignored","damage_taken":0,"max_hp_gain":0,"max_hp_loss":0,"event_name":"SecretPortal","floor":36,"gold_loss":0},{"damage_healed":0,"gold_gain":0,"player_choice":"Ignored","damage_taken":0,"max_hp_gain":0,"max_hp_loss":0,"event_name":"Tomb of Lord Red Mask","floor":48,"gold_loss":0}],"is_beta":false,"boss_relics":[{"not_picked":["conspire:SlowCooker","energizedSpire:EnergizedDie"],"picked":"Replay:Wanted Poster"},{"not_picked":["halation:HeavySnake","Pandora\u0027s Box"],"picked":"Gem_Box"}],"items_purged_floors":[],"is_endless":false,"potions_floor_spawned":[3,14,16,20,21,25,31,31,35,44],"ascension_level":20}}