{"host":"0msxzbajcl1c78mb","time":1607478870,"event":{"gold_per_floor":[111,123,48,48,48,77,77,108,108,143,43,218,218,218,218],"floor_reached":14,"playtime":442,"items_purged":["Strike_R","Strike_R"],"score":161,"play_id":"0ac1b935-d143-434e-a73d-1363d60c9f08","local_time":"20201208205430","is_ascension_mode":true,"campfire_choices":[],"neow_cost":"NONE","seed_source_timestamp":461660072605500,"circlet_count":0,"master_deck":["Strike_R","Strike_R","Defend_R","Defend_R","Defend_R","Defend_R+1","Bash","Flame Barrier+1","Shrug It Off","Cleave+1","Iron Wave","Spot Weakness","Doubt","Anger"],"relics":["Burning Blood","NeowsBlessing","Pantograph","Bag of Preparation","Juzu Bracelet","Centennial Puzzle"],"potions_floor_usage":[8,14],"damage_taken":[{"damage":0,"enemies":"Small Slimes","floor":1,"turns":1},{"damage":0,"enemies":"Cultist","floor":2,"turns":1},{"damage":0,"enemies":"3 Sentries","floor":6,"turns":2},{"damage":39,"enemies":"Lagavulin","floor":8,"turns":8},{"damage":27,"enemies":"Gremlin Nob","floor":10,"turns":4},{"damage":12,"enemies":"3 Sentries","floor":14,"turns":4}],"seed_played":"-452166868482814961","potions_obtained":[{"floor":1,"key":"Weak Potion"},{"floor":10,"key":"SpeedPotion"}],"is_trial":false,"path_per_floor":["M","M","$","?","$","E","?","E","T","E","$","?","?","E"],"character_chosen":"IRONCLAD","items_purchased":[],"campfire_rested":0,"item_purchase_floors":[],"current_hp_per_floor":[80,80,80,80,80,80,64,31,31,10,10,10,10,0,0],"gold":218,"neow_bonus":"THREE_ENEMY_KILL","is_prod":false,"is_daily":false,"chose_seed":false,"campfire_upgraded":0,"win_rate":0,"timestamp":1607478870,"path_taken":["M","M","$","?","?","E","?","E","T","E","$","?","?","E"],"build_version":"2020-11-30","purchased_purges":2,"victory":false,"max_hp_per_floor":[80,80,80,80,80,80,80,80,80,80,80,80,80,80,80],"relic_stats":{"Centennial Puzzle":[3],"counters":[6,20],"Pantograph":0,"Bag of Preparation":[4],"Juzu Bracelet":1,"obtain_stats":[{"Centennial Puzzle":10,"NeowsBlessing":0,"Pantograph":6,"Bag of Preparation":8,"Juzu Bracelet":9,"Burning Blood":0},{"Centennial Puzzle":5,"NeowsBlessing":0,"Pantograph":3,"Bag of Preparation":4,"Juzu Bracelet":4,"Burning Blood":0},{"Centennial Puzzle":16,"NeowsBlessing":0,"Pantograph":4,"Bag of Preparation":12,"Juzu Bracelet":12,"Burning Blood":0}],"Burning Blood":12},"card_choices":[{"not_picked":["Reckless Charge","Pummel"],"picked":"Flame Barrier","floor":1},{"not_picked":["Clash","Anger"],"picked":"Shrug It Off","floor":2},{"not_picked":["Heavy Blade","Burning Pact"],"picked":"Cleave","floor":6},{"not_picked":["Rupture","Fire Breathing"],"picked":"Iron Wave","floor":8},{"not_picked":["Armaments","Heavy Blade"],"picked":"Spot Weakness","floor":10}],"player_experience":219178,"relics_obtained":[{"floor":6,"key":"Pantograph"},{"floor":8,"key":"Bag of Preparation"},{"floor":9,"key":"Juzu Bracelet"},{"floor":10,"key":"Centennial Puzzle"}],"event_choices":[{"damage_healed":0,"gold_gain":0,"player_choice":"Upgraded","damage_taken":0,"max_hp_gain":0,"max_hp_loss":0,"event_name":"Upgrade Shrine","floor":4,"gold_loss":0,"cards_upgraded":["Flame Barrier"]},{"damage_healed":0,"gold_gain":0,"player_choice":"Entered Light","damage_taken":16,"max_hp_gain":0,"max_hp_loss":0,"event_name":"Shining Light","floor":7,"gold_loss":0,"cards_upgraded":["Defend_R","Cleave"]},{"damage_healed":0,"gold_gain":175,"player_choice":"AGREE","damage_taken":0,"max_hp_gain":0,"max_hp_loss":0,"event_name":"Liars Game","floor":12,"gold_loss":0,"cards_obtained":["Doubt"]},{"damage_healed":0,"gold_gain":0,"cards_transformed":["Strike_R"],"player_choice":"Change","damage_taken":0,"max_hp_gain":0,"max_hp_loss":0,"event_name":"Living Wall","floor":13,"gold_loss":0,"cards_obtained":["Anger"]}],"is_beta":false,"boss_relics":[],"items_purged_floors":[3,11],"is_endless":false,"potions_floor_spawned":[1,10],"killed_by":"3 Sentries","ascension_level":5}}