{"host":"chv1qanoipyt46jc","time":1607550960,"event":{"gold_per_floor":[804,661,661,675,691,691,706,706,733,733,759,755,755,780,780,878,878,890,904,904,916,933,960,974,974,974,989,1002,1002,1019,1037,1037,1139,1139,1149,1149,1149,1160,1178,1213,1213,1241,1241,1241,1270,1270,1280,1294,1294,1294,1294,1294,1294,1324,1324],"floor_reached":56,"playtime":3475,"items_purged":["Strike_P","Strike_P","Strike_P","Strike_P","Defend_P","Defend_P","Defend_P","Defend_P","Eruption","Vigilance"],"score":1465,"play_id":"d84309cc-4776-460d-b3f8-a244d60b3825","local_time":"20201209155600","is_ascension_mode":false,"campfire_choices":[{"data":"BattleHymn","floor":6,"key":"SMITH"},{"data":"SandsOfTime","floor":10,"key":"SMITH"},{"data":"Swivel","floor":13,"key":"SMITH"},{"data":"Devotion","floor":15,"key":"SMITH"},{"data":"WindmillStrike","floor":25,"key":"SMITH"},{"data":"Establishment","floor":29,"key":"SMITH"},{"data":"Study","floor":32,"key":"SMITH"},{"data":"DevaForm","floor":41,"key":"SMITH"},{"floor":44,"key":"RECALL"},{"floor":46,"key":"DIG"},{"floor":49,"key":"DIG"},{"floor":53,"key":"DIG"}],"neow_cost":"","seed_source_timestamp":102565999573600,"circlet_count":0,"master_deck":["conspire:Banana+1","Nirvana","Weave","ThirdEye+1","BattleHymn+1","Weave","SandsOfTime+1","WindmillStrike+1","Devotion+1","Brilliance","Study+1","Study+1","Establishment+1","CutThroughFate","DevaForm+1","JustLucky","Perseverance+1"],"relics":["PureWater","Omamori","Ice Cream","conspire:GlowingRock","Melange","Juzu Bracelet","conspire:GiftBox","conspire:RoyalGoblet","Ancient Tea Set","HornCleat","Black Star","Question Card","CeramicFish","Shovel","PreservedInsect","Mango","Shuriken","White Beast Statue","Oddly Smooth Stone"],"potions_floor_usage":[55,55,55,55,55],"damage_taken":[{"damage":2,"enemies":"Small Slimes","floor":1,"turns":3},{"damage":1,"enemies":"conspire:RoseBush","floor":4,"turns":3},{"damage":3,"enemies":"Jaw Worm","floor":5,"turns":4},{"damage":11,"enemies":"Blue Slaver","floor":7,"turns":3},{"damage":9,"enemies":"3 Sentries","floor":11,"turns":5},{"damage":7,"enemies":"Lagavulin","floor":14,"turns":4},{"damage":5,"enemies":"Slime Boss","floor":16,"turns":6},{"damage":22,"enemies":"2 Thieves","floor":18,"turns":4},{"damage":22,"enemies":"Spheric Guardian","floor":19,"turns":4},{"damage":19,"enemies":"Snake Plant","floor":21,"turns":4},{"damage":30,"enemies":"3 Cultists","floor":22,"turns":5},{"damage":25,"enemies":"conspire:Head Lice","floor":23,"turns":5},{"damage":30,"enemies":"Centurion and Healer","floor":24,"turns":5},{"damage":12,"enemies":"Snecko","floor":27,"turns":4},{"damage":0,"enemies":"conspire:HollyBat","floor":28,"turns":5},{"damage":20,"enemies":"Shelled Parasite and Fungi","floor":30,"turns":4},{"damage":20,"enemies":"Sentry and Sphere","floor":31,"turns":5},{"damage":23,"enemies":"conspire:MysteriousRune","floor":33,"turns":6},{"damage":14,"enemies":"Orb Walker","floor":35,"turns":4},{"damage":36,"enemies":"3 Shapes","floor":38,"turns":4},{"damage":34,"enemies":"Spire Growth","floor":39,"turns":5},{"damage":13,"enemies":"Giant Head","floor":40,"turns":5},{"damage":57,"enemies":"Jaw Worm Horde","floor":42,"turns":5},{"damage":112,"enemies":"4 Shapes","floor":45,"turns":5},{"damage":46,"enemies":"Spire Growth","floor":47,"turns":5},{"damage":12,"enemies":"Maw","floor":48,"turns":6},{"damage":47,"enemies":"conspire:OrnateMirror","floor":50,"turns":5},{"damage":81,"enemies":"Shield and Spear","floor":54,"turns":5},{"damage":213,"enemies":"The Heart","floor":55,"turns":9}],"seed_played":"5200016051807221425","potions_obtained":[{"floor":1,"key":"Strength Potion"},{"floor":5,"key":"LiquidBronze"},{"floor":11,"key":"BlessingOfTheForge"},{"floor":18,"key":"Swift Potion"},{"floor":31,"key":"LiquidMemories"},{"floor":45,"key":"EntropicBrew"}],"is_trial":false,"path_per_floor":["M","$","?","M","M","R","M","?","T","R","E","$","R","E","R","B",null,"M","M","?","M","M","E","M","R","T","M","M","R","M","M","R","B",null,"M","$","?","M","M","E","R","M","T","R","M","R","M","M","R","B",null,"$","R","E","B",null],"character_chosen":"WATCHER","items_purchased":["conspire:Banana","Omamori","Swivel","Nirvana","Weave","Ice Cream","conspire:GlowingRock","ThirdEye","Melange"],"campfire_rested":0,"item_purchase_floors":[0,0,0,0,0,0,0,0,2],"current_hp_per_floor":[49,59,69,79,87,97,97,76,86,96,99,109,119,124,134,141,262,252,242,252,245,227,214,196,206,216,216,228,238,230,222,232,221,454,452,462,472,446,424,423,433,388,398,408,308,318,284,284,308,273,654,664,674,605,404],"gold":1324,"neow_bonus":"","is_prod":false,"is_daily":false,"chose_seed":false,"campfire_upgraded":8,"win_rate":0,"timestamp":1607550960,"path_taken":["M","$","?","M","M","R","M","?","T","R","E","$","R","E","R","BOSS","M","M","?","M","M","E","M","R","T","M","M","R","M","M","R","BOSS","M","$","?","M","M","E","R","M","T","R","M","R","M","M","R","BOSS","$","R","E","BOSS"],"build_version":"2020-11-30","purchased_purges":10,"victory":true,"max_hp_per_floor":[93,103,113,124,135,145,156,166,176,186,198,208,218,230,240,252,262,274,286,296,308,320,332,344,354,364,376,388,398,410,422,432,444,454,466,476,486,496,508,520,530,542,552,562,574,584,596,608,632,644,654,664,674,686,698],"card_choices":[{"not_picked":["Halt","ClearTheMind"],"picked":"BattleHymn","floor":1},{"not_picked":["WindmillStrike","Vengeance","CarveReality"],"picked":"SKIP","floor":4},{"not_picked":["SandsOfTime","EmptyMind"],"picked":"Weave","floor":5},{"not_picked":["Crescendo","BowlingBash"],"picked":"SandsOfTime","floor":7},{"not_picked":["Collect","Prostrate"],"picked":"WindmillStrike","floor":11},{"not_picked":["Blasphemy","Vault"],"picked":"Devotion","floor":14},{"not_picked":["ForeignInfluence","Halt","SandsOfTime"],"picked":"SKIP","floor":14},{"not_picked":["SpiritShield","Scrawl"],"picked":"Brilliance","floor":16},{"not_picked":["WheelKick+1","Protect+1"],"picked":"Study","floor":18},{"not_picked":["CutThroughFate","Fasting2+1"],"picked":"Study+1","floor":19},{"not_picked":["Adaptation","FlurryOfBlows","Fasting2"],"picked":"SKIP","floor":21},{"not_picked":["SashWhip","Consecrate","InnerPeace"],"picked":"SKIP","floor":22},{"not_picked":["Tantrum","CrushJoints","Prostrate"],"picked":"SKIP","floor":23},{"not_picked":["Study","EmptyFist","EmptyMind"],"picked":"SKIP","floor":24},{"not_picked":["Consecrate+1","ThirdEye+1"],"picked":"Establishment","floor":27},{"not_picked":["Protect","EmptyFist","CarveReality"],"picked":"SKIP","floor":28},{"not_picked":["Worship+1","FlyingSleeves+1","ClearTheMind"],"picked":"SKIP","floor":30},{"not_picked":["Nirvana+1","EmptyFist"],"picked":"CutThroughFate","floor":31},{"not_picked":["Judgement","Ragnarok"],"picked":"DevaForm","floor":33},{"not_picked":["Protect","SashWhip+1","EmptyBody"],"picked":"SKIP","floor":35},{"not_picked":["PathToVictory+1","BowlingBash+1","Crescendo"],"picked":"SKIP","floor":38},{"not_picked":["Crescendo","Protect","WheelKick"],"picked":"SKIP","floor":39},{"not_picked":["Wallop","WheelKick+1","Consecrate"],"picked":"SKIP","floor":40},{"not_picked":["Fasting2","Vault","FlyingSleeves+1"],"picked":"JustLucky","floor":42},{"not_picked":["CrushJoints","PathToVictory+1","FlyingSleeves"],"picked":"Perseverance+1","floor":45},{"not_picked":["CrushJoints","ThirdEye+1","Protect+1","EmptyBody"],"picked":"SKIP","floor":47},{"not_picked":["Conclude","Alpha","Indignation+1","Halt"],"picked":"SKIP","floor":48},{"not_picked":["FlurryOfBlows+1","BowlingBash+1","Halt+1","Protect+1"],"picked":"SKIP","floor":54}],"player_experience":268929,"relics_obtained":[{"floor":11,"key":"Juzu Bracelet"},{"floor":14,"key":"conspire:GiftBox"},{"floor":23,"key":"Ancient Tea Set"},{"floor":26,"key":"HornCleat"},{"floor":40,"key":"Question Card"},{"floor":40,"key":"CeramicFish"},{"floor":43,"key":"Shovel"},{"floor":46,"key":"PreservedInsect"},{"floor":49,"key":"Mango"},{"floor":53,"key":"Shuriken"},{"floor":54,"key":"White Beast Statue"},{"floor":54,"key":"Oddly Smooth Stone"}],"event_choices":[{"damage_healed":0,"gold_gain":0,"player_choice":"Disagree","damage_taken":0,"max_hp_gain":0,"max_hp_loss":0,"event_name":"conspire:LoneGhost","floor":3,"gold_loss":0},{"damage_healed":0,"gold_gain":0,"player_choice":"Entered Light","damage_taken":31,"max_hp_gain":0,"max_hp_loss":0,"event_name":"Shining Light","floor":8,"gold_loss":0,"cards_upgraded":["ThirdEye","conspire:Banana"]},{"damage_healed":0,"gold_gain":0,"player_choice":"Ignored","damage_taken":0,"max_hp_gain":0,"max_hp_loss":0,"event_name":"Cursed Tome","floor":20,"gold_loss":0},{"cards_removed":["Swivel"],"damage_healed":0,"gold_gain":0,"player_choice":"Removed Skill","damage_taken":0,"max_hp_gain":0,"max_hp_loss":0,"event_name":"Falling","floor":37,"gold_loss":0}],"is_beta":false,"boss_relics":[{"not_picked":["Calling Bell","SacredBark"],"picked":"conspire:RoyalGoblet"},{"not_picked":["Busted Crown","Cursed Key"],"picked":"Black Star"}],"items_purged_floors":[0,0,0,0,0,0,0,0,12,12],"is_endless":false,"potions_floor_spawned":[1,5,11,14,18,19,28,30,31,38,45,47],"ascension_level":0}}