{"host":"pgqkv8mh62pnrbci","time":1607516364,"event":{"gold_per_floor":[117,55,65,83,133,133,143,143,143,143,159,172,185,203,203,203,203],"floor_reached":16,"playtime":532,"items_purged":[],"score":187,"play_id":"2ecfcbef-9097-4521-9fc4-7cb4f3b35dc7","local_time":"20201209211924","is_ascension_mode":true,"campfire_choices":[{"data":"Neutralize","floor":6.0,"key":"SMITH"},{"data":"Blasphemy","floor":8.0,"key":"SMITH"},{"data":"Draining Mist","floor":10.0,"key":"SMITH"},{"floor":15,"key":"DIG"}],"neow_cost":"TEN_PERCENT_HP_LOSS","seed_source_timestamp":524198597044300,"circlet_count":0,"master_deck":["AscendersBane","Strike_G","Strike_G","Strike_G","Strike_G","Strike_G","Defend_G","Defend_G","Defend_G","Defend_G","Defend_G","Survivor","Neutralize+1","Blasphemy+1","Draining Mist+1","A Thousand Cuts","Skewer","Blade Dance"],"special_seed":0,"relics":["Ring of the Snake","REME_ComplimentaryCards","Pocketwatch","StrikeDummy","MealTicket","Toy Ornithopter"],"potions_floor_usage":[16,16],"damage_taken":[{"damage":0.0,"enemies":"2 Louse","floor":1.0,"turns":4.0},{"damage":2.0,"enemies":"Cultist","floor":3.0,"turns":3.0},{"damage":0.0,"enemies":"Small Slimes","floor":4.0,"turns":4.0},{"damage":25.0,"enemies":"Gremlin Gang","floor":7.0,"turns":5.0},{"damage":0.0,"enemies":"2 Fungi Beasts","floor":11.0,"turns":3.0},{"damage":0.0,"enemies":"Looter","floor":12.0,"turns":3.0},{"damage":0.0,"enemies":"3 Louse","floor":13.0,"turns":1.0},{"damage":0.0,"enemies":"Exordium Thugs","floor":14.0,"turns":4.0},{"damage":65,"enemies":"Fading Forest","floor":16,"turns":9}],"seed_played":"-6108603998161397030","potions_obtained":[{"floor":7.0,"key":"FearPotion"},{"floor":12.0,"key":"Weak Potion"},{"floor":14.0,"key":"DistilledChaos"}],"is_trial":false,"path_per_floor":["M","?","M","M","?","R","M","R","T","R","M","M","M","M","R","B"],"character_chosen":"THE_SILENT","items_purchased":[],"campfire_rested":0,"item_purchase_floors":[],"current_hp_per_floor":[59,59,57,57,51,51,26,26,26,26,26,26,26,26,26,0,0],"gold":203,"neow_bonus":"ONE_RARE_RELIC","is_prod":false,"is_daily":false,"chose_seed":false,"campfire_upgraded":3,"win_rate":0,"timestamp":1607516364,"path_taken":["M","?","?","M","?","R","M","R","T","R","M","M","M","?","R","BOSS"],"build_version":"2020-11-30","purchased_purges":0,"victory":false,"max_hp_per_floor":[60,60,60,60,60,60,60,60,60,60,60,60,60,60,60,60,60],"card_choices":[{"not_picked":["Dodge and Roll","Slice"],"picked":"Draining Mist","floor":1.0},{"not_picked":["ReplayTheSpireMod:Exploit Weakness","Outmaneuver","Deflect"],"picked":"SKIP","floor":3.0},{"not_picked":["Infinite Blades","Prepared","Deflect"],"picked":"SKIP","floor":4.0},{"not_picked":["Concentrate","Deadly Poison","Sucker Punch"],"picked":"SKIP","floor":7.0},{"not_picked":["Poisoned Stab","Dagger Spray","Cloak And Dagger"],"picked":"SKIP","floor":11.0},{"not_picked":["ReplayTheSpireMod:The Works","Dodge and Roll"],"picked":"A Thousand Cuts","floor":12.0},{"not_picked":["Quick Slash","ReplayTheSpireMod:The Works"],"picked":"Skewer","floor":13.0},{"not_picked":["Bane","Dodge and Roll"],"picked":"Blade Dance","floor":14.0}],"player_experience":527649,"relics_obtained":[{"floor":9.0,"key":"MealTicket"},{"floor":15,"key":"Toy Ornithopter"}],"event_choices":[{"damage_healed":0.0,"max_hp_gain":0.0,"max_hp_loss":0.0,"gold_gain":0.0,"event_name":"WeMeetAgain","player_choice":"Paid Gold","floor":2.0,"gold_loss":62.0,"damage_taken":0.0,"relics_obtained":["StrikeDummy"]},{"damage_healed":0.0,"max_hp_gain":0.0,"max_hp_loss":0.0,"gold_gain":50.0,"event_name":"FaceTrader","player_choice":"Touch","floor":5.0,"gold_loss":0.0,"damage_taken":6.0}],"is_beta":false,"boss_relics":[],"items_purged_floors":[],"is_endless":false,"potions_floor_spawned":[7,12,14],"killed_by":"Fading Forest","ascension_level":19}}