{"host":"ygefd14btj4nx1b7","time":1607474441,"event":{"gold_per_floor":[113,126,142,159,159,192,192,192,192,207,207,256,276,276],"floor_reached":13,"playtime":933,"items_purged":[],"score":96,"play_id":"4ac251ee-eaab-4e2b-8871-293e62a7c8a6","local_time":"20201208184041","is_ascension_mode":true,"campfire_choices":[{"data":"Apotheosis","floor":7,"key":"SMITH"},{"floor":11,"key":"REST"}],"neow_cost":"TEN_PERCENT_HP_LOSS","seed_source_timestamp":971625173577400,"circlet_count":0,"master_deck":["Strike_R","Strike_R","Strike_R","Strike_R","Strike_R","Defend_R","Defend_R","Defend_R","Bash","Apotheosis+1","Searing Blow","Perfected Strike","Thunderclap+1","Rage+1","Rage","Replay:Undeath\u0027s Touch","True Grit"],"relics":["Burning Blood","Replay:Bottled Flurry","Garlic"],"potions_floor_usage":[6],"damage_taken":[{"damage":10,"enemies":"Cultist","floor":1,"turns":4},{"damage":18,"enemies":"Jaw Worm","floor":2,"turns":4},{"damage":0,"enemies":"Small Slimes","floor":3,"turns":2},{"damage":16,"enemies":"Exordium Thugs","floor":4,"turns":4},{"damage":20,"enemies":"Gremlin Nob","floor":6,"turns":3},{"damage":11,"enemies":"Gremlin Gang","floor":10,"turns":4},{"damage":11,"enemies":"3 Louse","floor":13,"turns":4}],"seed_played":"3918400693573646685","potions_obtained":[{"floor":3,"key":"Reflective Coating"},{"floor":4,"key":"Death Potion"}],"is_trial":false,"path_per_floor":["M","M","M","M","?","E","R","?","T","M","R","T","M"],"character_chosen":"IRONCLAD","items_purchased":[],"campfire_rested":1,"item_purchase_floors":[],"current_hp_per_floor":[68,56,62,52,38,24,24,24,24,19,40,40,35,35],"gold":276,"neow_bonus":"RANDOM_COLORLESS_2","is_prod":false,"is_daily":false,"chose_seed":false,"campfire_upgraded":1,"win_rate":0,"timestamp":1607474441,"path_taken":["M","?","M","M","?","E","R","?","T","?","R","?","?"],"build_version":"2020-11-30","purchased_purges":0,"victory":false,"max_hp_per_floor":[72,72,72,72,72,72,72,72,72,72,72,72,72,72],"card_choices":[{"not_picked":["Master of Strategy","Secret Technique"],"picked":"Apotheosis","floor":0},{"not_picked":["Perfected Strike","Clash"],"picked":"Searing Blow","floor":1},{"not_picked":["Feel No Pain","Pommel Strike"],"picked":"Perfected Strike","floor":2},{"not_picked":["Armaments","Combust"],"picked":"Thunderclap","floor":3},{"not_picked":["Searing Blow","Fire Breathing"],"picked":"Rage","floor":4},{"not_picked":["Havoc","Anger"],"picked":"Rage","floor":6},{"not_picked":["ReplayTheSpireMod:Strike From Hell","Thunderclap"],"picked":"Replay:Undeath\u0027s Touch","floor":10},{"not_picked":["Havoc","Clothesline"],"picked":"True Grit","floor":13}],"player_experience":367299,"relics_obtained":[{"floor":6,"key":"Replay:Bottled Flurry"},{"floor":9,"key":"Garlic"}],"event_choices":[{"damage_healed":0,"gold_gain":0,"player_choice":"Entered Light","damage_taken":14,"max_hp_gain":0,"max_hp_loss":0,"event_name":"Shining Light","floor":5,"gold_loss":0,"cards_upgraded":["Rage","Thunderclap"]},{"cards_removed":["Defend_R"],"damage_healed":0,"gold_gain":0,"player_choice":"Purged","damage_taken":0,"max_hp_gain":0,"max_hp_loss":0,"event_name":"Purifier","floor":8,"gold_loss":0}],"is_beta":false,"boss_relics":[],"items_purged_floors":[],"is_endless":false,"potions_floor_spawned":[3,4],"killed_by":"3 Louse","ascension_level":2}}