{"host":"78hrz0ylpj9lzvi8","time":1607526709,"event":{"gold_per_floor":[218,234,254,265,18,49,49,88,112,13,13,30,66,31,31,114,114,129,138,157,157,170,170,214,9,9,32,69,69,69,80,80,80,80],"floor_reached":33,"playtime":1166,"items_purged":["Strike_B"],"score":660,"play_id":"f4dd129b-0d4e-4f00-857c-4f9cd9006670","local_time":"20201209121149","is_ascension_mode":true,"campfire_choices":[{"data":"Dualcast","floor":7.0,"key":"SMITH"},{"floor":11,"key":"REST"},{"data":"Zap","floor":15,"key":"SMITH"},{"floor":23,"key":"REST"},{"floor":29,"key":"REST"},{"floor":32,"key":"REST"}],"neow_cost":"NONE","seed_source_timestamp":469392169700,"circlet_count":0,"master_deck":["AscendersBane","Strike_B","Strike_B","Strike_B","Defend_B","Defend_B","Defend_B","Defend_B","Zap+1","Dualcast+1","Sunder","Gash","Gash","Ball Lightning","Scrape","Melter","Self Repair","Gash","Beam Cell","Echo Form","RitualDagger","FTL","Reboot","Glacier","Machine Learning","Seek"],"special_seed":0,"relics":["Cracked Core","Bag of Marbles","CeramicFish","Akabeko","Vajra","SlaversCollar","Nloth\u0027s Gift","Question Card","Blue Candle","The Courier"],"potions_floor_usage":[13,16,24,27,28,31],"damage_taken":[{"damage":1.0,"enemies":"Cultist","floor":1.0,"turns":3.0},{"damage":1.0,"enemies":"2 Louse","floor":2.0,"turns":3.0},{"damage":12.0,"enemies":"Jaw Worm","floor":3.0,"turns":3.0},{"damage":11.0,"enemies":"Blue Slaver","floor":4.0,"turns":4.0},{"damage":8.0,"enemies":"3 Sentries","floor":6.0,"turns":5.0},{"damage":30,"enemies":"Lagavulin","floor":8,"turns":4},{"damage":6,"enemies":"Lots of Slimes","floor":12,"turns":3},{"damage":0,"enemies":"Gremlin Nob","floor":13,"turns":2},{"damage":30,"enemies":"Slime Boss","floor":16,"turns":6},{"damage":16,"enemies":"Shell Parasite","floor":18,"turns":2},{"damage":24,"enemies":"3 Byrds","floor":20,"turns":4},{"damage":6,"enemies":"3 Cultists","floor":22,"turns":3},{"damage":29,"enemies":"Gremlin Leader","floor":24,"turns":5},{"damage":6,"enemies":"Cultist and Chosen","floor":27,"turns":4},{"damage":21,"enemies":"Book of Stabbing","floor":28,"turns":4},{"damage":31,"enemies":"Shelled Parasite and Fungi","floor":31,"turns":3},{"damage":30,"enemies":"Automaton","floor":33,"turns":4}],"seed_played":"-2815477928489787263","potions_obtained":[{"floor":1.0,"key":"EssenceOfSteel"},{"floor":4.0,"key":"PowerPotion"},{"floor":13,"key":"EssenceOfSteel"},{"floor":22,"key":"SneckoOil"},{"floor":27,"key":"FearPotion"}],"is_trial":false,"path_per_floor":["M","M","M","M","$","E","R","E","T","$","R","M","E","?","R","B",null,"M","?","M","?","M","R","E","$","T","M","E","R","?","M","R","B"],"character_chosen":"DEFECT","items_purchased":["Bag of Marbles","Scrape","Gash","BlessingOfTheForge","Glacier","Block Potion"],"campfire_rested":4,"item_purchase_floors":[5,5,10,10,25,25],"current_hp_per_floor":[63,62,50,39,39,31,31,1,1,1,22,23,23,40,40,17,58,42,36,19,19,20,41,19,19,19,27,13,34,34,3,24,0,0],"gold":80,"neow_bonus":"HUNDRED_GOLD","is_prod":false,"is_daily":false,"chose_seed":false,"campfire_upgraded":2,"win_rate":0,"timestamp":1607526709,"path_taken":["M","?","M","M","$","E","R","E","T","$","R","M","E","?","R","BOSS","M","?","M","?","?","R","E","$","T","M","E","R","?","M","R","BOSS"],"build_version":"2020-11-30","purchased_purges":1,"victory":false,"max_hp_per_floor":[71,71,71,71,71,71,71,71,71,71,71,71,71,71,71,71,71,71,71,71,71,71,71,71,71,71,71,71,71,71,71,71,71,71],"card_choices":[{"not_picked":["Doom and Gloom","Barrage"],"picked":"Sunder","floor":1.0},{"not_picked":["Capacitor","Beam Cell"],"picked":"Gash","floor":2.0},{"not_picked":["Compile Driver","Rebound"],"picked":"Gash","floor":3.0},{"not_picked":["Hologram","Redo"],"picked":"Ball Lightning","floor":4.0},{"not_picked":["Steam","Tempest"],"picked":"Melter","floor":6.0},{"not_picked":["Redo","Creative AI"],"picked":"Self Repair","floor":8},{"not_picked":["Barrage","Sweeping Beam","Defragment"],"picked":"SKIP","floor":12},{"not_picked":["Sweeping Beam","Leap"],"picked":"Beam Cell","floor":13},{"not_picked":["Seek","Creative AI"],"picked":"Echo Form","floor":16},{"not_picked":["Aggregate+1","Redo","Sweeping Beam"],"picked":"SKIP","floor":18},{"not_picked":["Conserve Battery","Aggregate"],"picked":"FTL","floor":20},{"not_picked":["Amplify","Static Discharge+1","Streamline"],"picked":"SKIP","floor":22},{"not_picked":["Doom and Gloom","Echo Form"],"picked":"Reboot","floor":24},{"not_picked":["Blizzard","Redo","Hello World"],"picked":"Machine Learning","floor":27},{"not_picked":["Biased Cognition","Loop","Buffer"],"picked":"Seek","floor":28},{"not_picked":["Core Surge","Double Energy+1","Streamline","Blizzard"],"picked":"SKIP","floor":31}],"player_experience":897970,"relics_obtained":[{"floor":6.0,"key":"Potion Belt"},{"floor":8,"key":"CeramicFish"},{"floor":9,"key":"Akabeko"},{"floor":13,"key":"Vajra"},{"floor":24,"key":"Question Card"},{"floor":26,"key":"Blue Candle"},{"floor":28,"key":"The Courier"}],"event_choices":[{"damage_healed":17,"gold_gain":0,"player_choice":"Healed","damage_taken":0,"max_hp_gain":0,"max_hp_loss":0,"event_name":"The Cleric","floor":14,"gold_loss":35},{"damage_healed":0,"gold_gain":0,"player_choice":"Joined the Cult","damage_taken":6,"max_hp_gain":0,"max_hp_loss":0,"event_name":"Nest","floor":19,"gold_loss":0,"cards_obtained":["RitualDagger"]},{"damage_healed":0,"gold_gain":0,"player_choice":"Traded Relic","damage_taken":0,"relics_obtained":["Nloth\u0027s Gift"],"max_hp_gain":0,"max_hp_loss":0,"event_name":"N\u0027loth","floor":21,"relics_lost":["Potion Belt"],"gold_loss":0},{"damage_healed":0,"gold_gain":0,"player_choice":"Ignored","damage_taken":0,"max_hp_gain":0,"max_hp_loss":0,"event_name":"The Mausoleum","floor":30,"gold_loss":0}],"is_beta":false,"boss_relics":[{"not_picked":["Snecko Eye","FrozenCore"],"picked":"SlaversCollar"}],"items_purged_floors":[25],"is_endless":false,"potions_floor_spawned":[1,4,13,22,27],"killed_by":"Automaton","ascension_level":20}}