{"host":"e1zuqie93klo2ncl","time":1607545427,"event":{"gold_per_floor":[115,126,143,157,137,102,102,113,184,202,212,212,44,60,60,132,132,146,146,161,161,176,176,101,101,154,166,207,238,250,287,299,387,399,427,457,469,491,516,528,551,563,575,587,587],"floor_reached":44,"playtime":2656,"items_purged":["Strike_G"],"score":942,"play_id":"e5cfe192-2a07-467e-9413-72bd46d345dd","local_time":"20201209202347","is_ascension_mode":true,"campfire_choices":[{"data":"Dramatic Entrance","floor":7.0,"key":"SMITH"},{"floor":12.0,"key":"REST"},{"data":"Noxious Fumes","floor":15.0,"key":"SMITH"},{"floor":23.0,"key":"REST"},{"data":"Footwork","floor":25.0,"key":"SMITH"},{"data":"Dagger Spray","floor":27.0,"key":"SMITH"},{"floor":30.0,"key":"REST"},{"data":"Neutralize","floor":32.0,"key":"SMITH"},{"floor":40,"key":"REST"}],"neow_cost":"NONE","seed_source_timestamp":0,"circlet_count":0,"master_deck":["AscendersBane","Strike_G","Strike_G","Strike_G","Defend_G","Defend_G","Defend_G","Defend_G","Survivor","Neutralize+1","Dramatic Entrance+1","Quick Slash","Well Laid Plans+1","Infinite Blades","Dagger Spray+1","Unload","Poisoned Stab","Blade Dance","Noxious Fumes+1","Dodge and Roll","Grand Finale","Footwork+1","Backflip","Deflect","Acrobatics","Acrobatics","Doubt"],"special_seed":0,"relics":["Ring of the Snake","Bottled Tornado","Busted Crown","MawBank","Pantograph","Incense Burner","Cursed Key","Frozen Egg 2"],"potions_floor_usage":[41],"damage_taken":[{"damage":0.0,"enemies":"Cultist","floor":1.0,"turns":4.0},{"damage":4.0,"enemies":"2 Louse","floor":2.0,"turns":2.0},{"damage":0.0,"enemies":"Small Slimes","floor":3.0,"turns":2.0},{"damage":13.0,"enemies":"Exordium Wildlife","floor":4.0,"turns":4.0},{"damage":13.0,"enemies":"Exordium Thugs","floor":5.0,"turns":5.0},{"damage":8.0,"enemies":"Large Slime","floor":8.0,"turns":7.0},{"damage":6.0,"enemies":"Looter","floor":10.0,"turns":3.0},{"damage":9.0,"enemies":"Blue Slaver","floor":11.0,"turns":2.0},{"damage":9.0,"enemies":"Exordium Wildlife","floor":14.0,"turns":3.0},{"damage":12.0,"enemies":"Hexaghost","floor":16.0,"turns":9.0},{"damage":1.0,"enemies":"3 Byrds","floor":18.0,"turns":4.0},{"damage":12.0,"enemies":"Chosen","floor":20.0,"turns":3.0},{"damage":30.0,"enemies":"Shelled Parasite and Fungi","floor":22.0,"turns":6.0},{"damage":0.0,"enemies":"Gremlin Leader","floor":28.0,"turns":5.0},{"damage":3.0,"enemies":"Snecko","floor":29.0,"turns":7.0},{"damage":30.0,"enemies":"Book of Stabbing","floor":31.0,"turns":5.0},{"damage":10.0,"enemies":"Automaton","floor":33.0,"turns":13.0},{"damage":7.0,"enemies":"3 Shapes","floor":35.0,"turns":8.0},{"damage":13.0,"enemies":"Orb Walker","floor":36.0,"turns":4.0},{"damage":12.0,"enemies":"3 Darklings","floor":38.0,"turns":4.0},{"damage":28.0,"enemies":"Maw","floor":39.0,"turns":8.0},{"damage":25,"enemies":"Spire Growth","floor":41,"turns":5},{"damage":19,"enemies":"Jaw Worm Horde","floor":44,"turns":2}],"seed_played":"-5631455226694727028","potions_obtained":[{"floor":1.0,"key":"Dexterity Potion"},{"floor":5.0,"key":"Poison Potion"},{"floor":8.0,"key":"LiquidBronze"},{"floor":11.0,"key":"FearPotion"},{"floor":16.0,"key":"FearPotion"},{"floor":29.0,"key":"GhostInAJar"},{"floor":33.0,"key":"Fruit Juice"},{"floor":36.0,"key":"Fruit Juice"},{"floor":38.0,"key":"FearPotion"},{"floor":39.0,"key":"Weak Potion"}],"is_trial":false,"path_per_floor":["M","M","M","M","M","?","R","M","T","M","M","R","$","M","R","B",null,"M","?","M","?","M","R","?","R","T","R","E","M","R","E","R","B",null,"M","M","?","M","M","R","M","?","T","M"],"character_chosen":"THE_SILENT","items_purchased":["Noxious Fumes","Dodge and Roll"],"campfire_rested":4,"item_purchase_floors":[13,13],"current_hp_per_floor":[59,55,55,42,29,45,45,37,37,31,22,41,41,32,32,20,55,54,54,42,42,12,31,31,31,31,31,31,28,47,17,17,32,58,51,43,43,31,8,30,5,5,5,0,0],"gold":587,"neow_bonus":"RANDOM_COLORLESS","is_prod":false,"is_daily":false,"chose_seed":false,"campfire_upgraded":5,"win_rate":0,"timestamp":1607545427,"path_taken":["M","M","?","M","M","?","R","M","T","M","M","R","$","M","R","BOSS","M","?","M","?","?","R","?","R","T","R","E","M","R","E","R","BOSS","M","M","?","M","M","R","M","?","T","?"],"build_version":"2020-11-30","purchased_purges":1,"victory":false,"max_hp_per_floor":[66,66,66,66,66,66,66,66,66,66,66,66,66,66,66,66,66,66,66,66,66,66,66,66,66,66,66,66,66,66,66,66,66,66,66,71,71,71,76,76,76,76,76,76,76],"relic_stats":{"Busted Crown":24,"counters":[23,115],"Pantograph":25,"MawBank":216,"Cursed Key":1,"obtain_stats":[{"Busted Crown":17,"Pantograph":28,"Incense Burner":31,"Bottled Tornado":9,"Frozen Egg 2":43,"MawBank":26,"Cursed Key":34,"Ring of the Snake":0},{"Busted Crown":10,"Pantograph":14,"Incense Burner":16,"Bottled Tornado":6,"Frozen Egg 2":22,"MawBank":13,"Cursed Key":17,"Ring of the Snake":0},{"Busted Crown":41,"Pantograph":59,"Incense Burner":71,"Bottled Tornado":24,"Frozen Egg 2":113,"MawBank":54,"Cursed Key":84,"Ring of the Snake":0}],"Ring of the Snake":[46]},"card_choices":[{"not_picked":["Trip","Blind"],"picked":"Dramatic Entrance","floor":0.0},{"not_picked":["Eviscerate","Dodge and Roll"],"picked":"Quick Slash","floor":1.0},{"not_picked":["Quick Slash","Heel Hook"],"picked":"Well Laid Plans","floor":2.0},{"not_picked":["Bane","Cloak And Dagger"],"picked":"Infinite Blades","floor":3.0},{"not_picked":["Infinite Blades","Backflip"],"picked":"Dagger Spray","floor":4.0},{"not_picked":["Prepared","Flechettes"],"picked":"Unload","floor":5.0},{"not_picked":["Prepared","Dagger Spray"],"picked":"Poisoned Stab","floor":8.0},{"not_picked":["Masterful Stab","Dagger Throw","Bane"],"picked":"SKIP","floor":10.0},{"not_picked":["Flying Knee","Catalyst"],"picked":"Blade Dance","floor":11.0},{"not_picked":["Deadly Poison","Slice","Glass Knife"],"picked":"SKIP","floor":14.0},{"not_picked":["Venomology","Die Die Die"],"picked":"Grand Finale","floor":16.0},{"not_picked":["Blade Dance"],"picked":"SKIP","floor":18.0},{"not_picked":["Blade Dance"],"picked":"SKIP","floor":20.0},{"not_picked":["Caltrops"],"picked":"SKIP","floor":22.0},{"not_picked":[],"picked":"Backflip","floor":28.0},{"not_picked":[],"picked":"Deflect","floor":29.0},{"not_picked":["Concentrate"],"picked":"SKIP","floor":31.0},{"not_picked":[],"picked":"Acrobatics","floor":35.0},{"not_picked":["Poisoned Stab"],"picked":"SKIP","floor":36.0},{"not_picked":[],"picked":"Acrobatics","floor":38.0},{"not_picked":["Dagger Throw"],"picked":"SKIP","floor":39.0},{"not_picked":["Underhanded Strike"],"picked":"SKIP","floor":41}],"player_experience":772923,"relics_obtained":[{"floor":9.0,"key":"Bottled Tornado"},{"floor":26.0,"key":"MawBank"},{"floor":28.0,"key":"Pantograph"},{"floor":31.0,"key":"Incense Burner"},{"floor":43,"key":"Frozen Egg 2"}],"event_choices":[{"damage_healed":16.0,"max_hp_gain":0.0,"max_hp_loss":0.0,"gold_gain":0.0,"event_name":"The Cleric","player_choice":"Healed","floor":6.0,"gold_loss":35.0,"damage_taken":0.0},{"damage_healed":0.0,"max_hp_gain":0.0,"max_hp_loss":0.0,"gold_gain":0.0,"event_name":"The Library","player_choice":"Read","floor":19.0,"gold_loss":0.0,"damage_taken":0.0,"cards_obtained":["Footwork"]},{"damage_healed":0.0,"max_hp_gain":0.0,"max_hp_loss":0.0,"gold_gain":0.0,"event_name":"Accursed Blacksmith","player_choice":"Forge","floor":21.0,"gold_loss":0.0,"damage_taken":0.0,"cards_upgraded":["Well Laid Plans"]},{"cards_removed":["Strike_G"],"damage_healed":0.0,"max_hp_gain":0.0,"max_hp_loss":0.0,"gold_gain":0.0,"event_name":"Beggar","player_choice":"Gave Gold","floor":24.0,"gold_loss":75.0,"damage_taken":0.0},{"cards_removed":["Defend_G"],"damage_healed":0.0,"max_hp_gain":0.0,"max_hp_loss":0.0,"gold_gain":0.0,"event_name":"Falling","player_choice":"Removed Skill","floor":37.0,"gold_loss":0.0,"damage_taken":0.0},{"damage_healed":0,"gold_gain":0,"player_choice":"Ignored","damage_taken":0,"max_hp_gain":0,"max_hp_loss":0,"event_name":"SecretPortal","floor":42,"gold_loss":0}],"is_beta":false,"boss_relics":[{"not_picked":["SacredBark","WristBlade"],"picked":"Busted Crown"},{"not_picked":["Tiny House","Empty Cage"],"picked":"Cursed Key"}],"items_purged_floors":[13],"is_endless":false,"potions_floor_spawned":[1,5,8,11,16,29,33,36,38,39],"killed_by":"Jaw Worm Horde","ascension_level":20}}