{"host":"7bu9q13m6bmpbxjk","time":1607509541,"event":{"gold_per_floor":[109,38,48,48,65,93,106,106,106,121,139,139,139,153,153,281,281,305,320,395,420,420,420],"floor_reached":22,"playtime":1709,"items_purged":[],"score":190,"play_id":"34c0513f-7df5-4748-aa61-a3b4b93111aa","local_time":"20201209112541","is_ascension_mode":false,"campfire_choices":[{"data":"Wallop","floor":8,"key":"SMITH"},{"data":"LikeWater","floor":12,"key":"SMITH"},{"data":"LikeWater","floor":15,"key":"SMITH"}],"neow_cost":"NONE","seed_source_timestamp":12084301638100,"circlet_count":0,"master_deck":["Strike_P","Strike_P","Strike_P","Strike_P","Defend_P","Defend_P","Defend_P","Defend_P","Eruption","Vigilance","LikeWater+1","Wallop+1","SpiritShield","Meditate","Prostrate","SandsOfTime","Injury","LikeWater+1","SpiritShield","Wallop"],"relics":["PureWater","Ancient Tea Set","Pantograph","TungstenRod","Golden Idol","VioletLotus"],"potions_floor_usage":[14,16,19,19,21],"damage_taken":[{"damage":0,"enemies":"2 Louse","floor":1,"turns":4},{"damage":0,"enemies":"Cultist","floor":3,"turns":6},{"damage":1,"enemies":"Jaw Worm","floor":5,"turns":4},{"damage":22,"enemies":"3 Sentries","floor":6,"turns":11},{"damage":16,"enemies":"Exordium Thugs","floor":7,"turns":6},{"damage":0,"enemies":"Looter","floor":10,"turns":4},{"damage":0,"enemies":"Red Slaver","floor":11,"turns":7},{"damage":0,"enemies":"Large Slime","floor":14,"turns":1},{"damage":47,"enemies":"The Guardian","floor":16,"turns":14},{"damage":2,"enemies":"Spheric Guardian","floor":18,"turns":12},{"damage":19,"enemies":"3 Byrds","floor":19,"turns":9},{"damage":12,"enemies":"Centurion and Healer","floor":21,"turns":9},{"damage":33,"enemies":"Chosen and Byrds","floor":22,"turns":9}],"seed_played":"-7226692293471913880","potions_obtained":[{"floor":1,"key":"GamblersBrew"},{"floor":6,"key":"FearPotion"},{"floor":10,"key":"Energy Potion"},{"floor":18,"key":"BlessingOfTheForge"},{"floor":19,"key":"ColorlessPotion"}],"is_trial":false,"path_per_floor":["M","$","M","?","M","E","M","R","T","M","M","R","?","M","R","B",null,"M","M","?","M","M"],"character_chosen":"WATCHER","items_purchased":["LikeWater"],"campfire_rested":0,"item_purchase_floors":[2],"current_hp_per_floor":[72,72,72,72,71,49,33,33,33,33,33,33,33,33,33,11,72,70,51,45,33,0,0],"gold":420,"neow_bonus":"RANDOM_COMMON_RELIC","is_prod":false,"is_daily":false,"chose_seed":false,"campfire_upgraded":3,"win_rate":0,"timestamp":1607509541,"path_taken":["M","$","M","?","M","E","M","R","T","M","?","R","?","M","R","BOSS","M","M","?","M","M"],"build_version":"2020-11-30","purchased_purges":0,"victory":false,"max_hp_per_floor":[72,72,72,72,72,72,72,72,72,72,72,72,72,72,72,72,72,72,72,72,72,72,72],"relic_stats":{"counters":[13,96],"Golden Idol":42,"Pantograph":25,"VioletLotus":[4],"obtain_stats":[{"Golden Idol":13,"Pantograph":6,"VioletLotus":17,"PureWater":0,"Ancient Tea Set":0,"TungstenRod":9},{"Golden Idol":7,"Pantograph":4,"VioletLotus":9,"PureWater":0,"Ancient Tea Set":0,"TungstenRod":5},{"Golden Idol":42,"Pantograph":25,"VioletLotus":57,"PureWater":0,"Ancient Tea Set":0,"TungstenRod":31}],"TungstenRod":28},"card_choices":[{"not_picked":["Vengeance","ThirdEye","FlurryOfBlows"],"picked":"SKIP","floor":1},{"not_picked":["SashWhip","ThirdEye"],"picked":"Wallop","floor":3},{"not_picked":["Crescendo","FollowUp"],"picked":"SpiritShield","floor":5},{"not_picked":["Crescendo","CrushJoints"],"picked":"Meditate","floor":6},{"not_picked":["ThirdEye","CrushJoints","Evaluate"],"picked":"SKIP","floor":7},{"not_picked":["FlyingSleeves","CrushJoints"],"picked":"Prostrate","floor":10},{"not_picked":["FlyingSleeves","Collect"],"picked":"SandsOfTime","floor":11},{"not_picked":["FlurryOfBlows","Consecrate"],"picked":"LikeWater","floor":14},{"not_picked":["Ragnarok","Scrawl"],"picked":"SpiritShield","floor":16},{"not_picked":["SashWhip","CutThroughFate"],"picked":"Wallop","floor":18},{"not_picked":["Halt","EmptyBody","CrushJoints"],"picked":"SKIP","floor":19},{"not_picked":["Blasphemy","EmptyBody","Halt"],"picked":"SKIP","floor":21}],"player_experience":500265,"relics_obtained":[{"floor":6,"key":"Pantograph"},{"floor":9,"key":"TungstenRod"}],"event_choices":[{"damage_healed":0,"gold_gain":0,"player_choice":"Ignored","damage_taken":0,"max_hp_gain":0,"max_hp_loss":0,"event_name":"NoteForYourself","floor":4,"gold_loss":0},{"damage_healed":0,"gold_gain":0,"player_choice":"Take Wound","damage_taken":0,"relics_obtained":["Golden Idol"],"max_hp_gain":0,"max_hp_loss":0,"event_name":"Golden Idol","floor":13,"gold_loss":0,"cards_obtained":["Injury"]},{"damage_healed":0,"gold_gain":75,"player_choice":"Touch","damage_taken":7,"max_hp_gain":0,"max_hp_loss":0,"event_name":"FaceTrader","floor":20,"gold_loss":0}],"is_beta":false,"boss_relics":[{"not_picked":["Sozu","Busted Crown"],"picked":"VioletLotus"}],"items_purged_floors":[],"is_endless":false,"potions_floor_spawned":[1,6,10,18,19],"killed_by":"Chosen and Byrds","ascension_level":0}}