{"host":"vzugls1u57eppbds","time":1607538491,"event":{"gold_per_floor":[119,119,119,144,62,93,109,127,179,254,254,275,77,116,116,116,116],"floor_reached":16,"playtime":435,"items_purged":[],"score":110,"play_id":"c2ed3ed6-52f7-459f-b5ea-92ea8d5907ca","local_time":"20201209192811","is_ascension_mode":false,"campfire_choices":[{"floor":11,"key":"REST"},{"floor":15,"key":"REST"}],"neow_cost":"NONE","seed_source_timestamp":0,"circlet_count":0,"master_deck":["Strike_G","Strike_G+1","Strike_G+1","Strike_G","Strike_G","Defend_G","Defend_G","Defend_G","Defend_G","Defend_G","Survivor","Neutralize","Dramatic Entrance","Die Die Die","Leg Sweep","Cloak And Dagger","Blade Dance","Acrobatics"],"special_seed":0,"relics":["Ring of the Snake","Golden Idol","Frozen Egg 2","Anchor","Regal Pillow","Centennial Puzzle"],"potions_floor_usage":[6,14,14,16],"damage_taken":[{"damage":0,"enemies":"2 Louse","floor":1,"turns":2},{"damage":0,"enemies":"Small Slimes","floor":4,"turns":2},{"damage":42,"enemies":"Lagavulin","floor":6,"turns":10},{"damage":0,"enemies":"Jaw Worm","floor":7,"turns":2},{"damage":0,"enemies":"Exordium Thugs","floor":8,"turns":3},{"damage":0,"enemies":"3 Louse","floor":12,"turns":1},{"damage":6,"enemies":"3 Sentries","floor":14,"turns":4},{"damage":62,"enemies":"Hexaghost","floor":16,"turns":16}],"seed_played":"-3297462292721454608","potions_obtained":[{"floor":1,"key":"Ancient Potion"},{"floor":4,"key":"Regen Potion"},{"floor":7,"key":"FearPotion"},{"floor":8,"key":"Explosive Potion"},{"floor":12,"key":"BlessingOfTheForge"}],"is_trial":false,"path_per_floor":["M","?","?","M","$","E","M","M","T","?","R","M","$","E","R","B"],"character_chosen":"THE_SILENT","items_purchased":["Leg Sweep","Regal Pillow","Acrobatics"],"campfire_rested":2,"item_purchase_floors":[5,13,13],"current_hp_per_floor":[70,65,52,52,52,25,25,25,25,14,33,33,33,27,61,0,0],"gold":116,"neow_bonus":"RANDOM_COLORLESS","is_prod":false,"is_daily":false,"chose_seed":false,"campfire_upgraded":0,"win_rate":0,"timestamp":1607538491,"path_taken":["M","?","?","M","$","E","M","M","T","?","R","M","?","E","R","BOSS"],"build_version":"2020-11-30","purchased_purges":0,"victory":false,"max_hp_per_floor":[70,65,65,65,65,65,65,65,65,65,65,65,65,65,65,65,65],"relic_stats":{"Regal Pillow":15,"Centennial Puzzle":[3],"counters":[8,40],"Golden Idol":30,"obtain_stats":[{"Anchor":9,"Regal Pillow":13,"Centennial Puzzle":14,"Golden Idol":2,"Frozen Egg 2":6,"Ring of the Snake":0},{"Anchor":5,"Regal Pillow":6,"Centennial Puzzle":7,"Golden Idol":1,"Frozen Egg 2":3,"Ring of the Snake":0},{"Anchor":19,"Regal Pillow":20,"Centennial Puzzle":24,"Golden Idol":2,"Frozen Egg 2":14,"Ring of the Snake":0}],"Ring of the Snake":[16]},"card_choices":[{"not_picked":["Trip","Good Instincts"],"picked":"Dramatic Entrance","floor":0},{"not_picked":["Expertise","Flying Knee","Dagger Throw"],"picked":"SKIP","floor":1},{"not_picked":["Poisoned Stab","Dodge and Roll"],"picked":"Die Die Die","floor":4},{"not_picked":["Dagger Throw","Noxious Fumes+1","Underhanded Strike"],"picked":"SKIP","floor":6},{"not_picked":["Deflect","Dagger Throw"],"picked":"Cloak And Dagger","floor":7},{"not_picked":["Slice","Terror"],"picked":"Blade Dance","floor":8},{"not_picked":["Malaise","Prepared","Bane"],"picked":"SKIP","floor":12},{"not_picked":["Endless Agony","Reflex","Slice"],"picked":"SKIP","floor":14}],"player_experience":194529,"relics_obtained":[{"floor":6,"key":"Frozen Egg 2"},{"floor":9,"key":"Anchor"},{"floor":14,"key":"Centennial Puzzle"}],"event_choices":[{"damage_healed":0,"gold_gain":0,"player_choice":"Lose Max HP","damage_taken":0,"relics_obtained":["Golden Idol"],"max_hp_gain":0,"max_hp_loss":5,"event_name":"Golden Idol","floor":2,"gold_loss":0},{"damage_healed":65,"gold_gain":0,"player_choice":"Upgrade","damage_taken":13,"max_hp_gain":0,"max_hp_loss":65,"event_name":"betterThird:BetterShining","floor":3,"gold_loss":0,"cards_upgraded":["Strike_G","Strike_G"]},{"damage_healed":0,"gold_gain":75,"player_choice":"Gold","damage_taken":11,"max_hp_gain":0,"max_hp_loss":0,"event_name":"betterThird:BetterGoop","floor":10,"gold_loss":0}],"is_beta":false,"boss_relics":[],"items_purged_floors":[],"is_endless":false,"potions_floor_spawned":[1,4,7,8,12],"killed_by":"Hexaghost","ascension_level":0}}