{"host":"plbsiuh3vwan8ocg","time":1607480807,"event":{"gold_per_floor":[112,112,132,43,59,85,103,119,146,171,189,189,208,208,208,284,284,300,319,319,319,79,79,111,111,158,158,158],"floor_reached":27,"playtime":1636,"items_purged":[],"score":401,"play_id":"e8c59feb-962a-49c9-b56e-3b7b234e6b7e","local_time":"20201208212647","is_ascension_mode":true,"campfire_choices":[{"floor":12,"key":"REST"},{"floor":15,"key":"REST"},{"data":"Jack Of All Trades","floor":23,"key":"SMITH"},{"floor":25,"key":"REST"}],"neow_cost":"NONE","seed_source_timestamp":505502792378800,"circlet_count":0,"master_deck":["AscendersBane","Strike_B","Strike_B","Strike_B","Defend_B","Defend_B","Defend_B","Defend_B","Zap","Dualcast","Rip and Tear","Stack","Discovery","Conserve Battery","Hologram","Capacitor","Defragment","Electrodynamics","Steam","Chaos","Meteor Strike","Melter+1","Glacier","Jack Of All Trades+1","Sunder+1"],"special_seed":0,"relics":["Cracked Core","MealTicket","Smiling Mask","Lantern","Sozu","MutagenicStrength","Boot","Omamori","Nunchaku"],"potions_floor_usage":[10,11],"damage_taken":[{"damage":3.0,"enemies":"Jaw Worm","floor":1.0,"turns":4.0},{"damage":0.0,"enemies":"Cultist","floor":3.0,"turns":3.0},{"damage":0.0,"enemies":"2 Louse","floor":5.0,"turns":2.0},{"damage":10.0,"enemies":"3 Sentries","floor":6.0,"turns":3.0},{"damage":4.0,"enemies":"Blue Slaver","floor":7.0,"turns":3.0},{"damage":0.0,"enemies":"2 Fungi Beasts","floor":8.0,"turns":3.0},{"damage":56,"enemies":"Gremlin Nob","floor":10,"turns":5},{"damage":3,"enemies":"Red Slaver","floor":11,"turns":4},{"damage":10,"enemies":"Exordium Thugs","floor":13,"turns":5},{"damage":26,"enemies":"Slime Boss","floor":16,"turns":6},{"damage":24,"enemies":"3 Byrds","floor":18,"turns":5},{"damage":33,"enemies":"2 Thieves","floor":19,"turns":4},{"damage":36,"enemies":"Book of Stabbing","floor":24,"turns":6},{"damage":48,"enemies":"Gremlin Leader","floor":27,"turns":6}],"seed_played":"-5365239917340677893","potions_obtained":[{"floor":1.0,"key":"SneckoOil"},{"floor":6.0,"key":"Regen Potion"},{"floor":7.0,"key":"AttackPotion"},{"floor":13,"key":"Ancient Potion"}],"is_trial":false,"path_per_floor":["M","?","M","$","M","E","M","M","T","E","M","R","M","?","R","B",null,"M","M","?","?","$","R","E","R","T","E"],"character_chosen":"DEFECT","items_purchased":["Discovery","Jack Of All Trades","Boot"],"campfire_rested":3,"item_purchase_floors":[4,22,22],"current_hp_per_floor":[72,72,72,72,72,62,58,58,58,2,11,35,25,25,49,23,67,43,10,37,37,52,52,16,40,40,0,0],"gold":158,"neow_bonus":"TEN_PERCENT_HP_BONUS","is_prod":false,"is_daily":false,"chose_seed":false,"campfire_upgraded":1,"win_rate":0,"timestamp":1607480807,"path_taken":["M","?","?","?","M","E","M","M","T","E","?","R","M","?","R","BOSS","M","M","?","?","$","R","E","R","T","E"],"build_version":"2020-11-30","purchased_purges":0,"victory":false,"max_hp_per_floor":[82,82,82,82,82,82,82,82,82,82,82,82,82,82,82,82,82,82,82,82,82,82,82,82,82,82,82,82],"card_choices":[{"not_picked":["Reinforced Body","Gash"],"picked":"Rip and Tear","floor":1.0},{"not_picked":["Rip and Tear","Barrage"],"picked":"Stack","floor":3.0},{"not_picked":["Compile Driver","Turbo"],"picked":"Conserve Battery","floor":5.0},{"not_picked":["Force Field","Compile Driver"],"picked":"Hologram","floor":6.0},{"not_picked":["FTL","Turbo"],"picked":"Capacitor","floor":7.0},{"not_picked":["Fusion","Beam Cell"],"picked":"Defragment","floor":8.0},{"not_picked":["Amplify","Turbo"],"picked":"Electrodynamics","floor":10},{"not_picked":["Leap","Gash"],"picked":"Steam","floor":11},{"not_picked":["BootSequence","Reinforced Body"],"picked":"Chaos","floor":13},{"not_picked":["Multi-Cast","Thunder Strike"],"picked":"Meteor Strike","floor":16},{"not_picked":["Steam","Redo"],"picked":"Melter+1","floor":18},{"not_picked":["Rebound","Gash"],"picked":"Glacier","floor":19},{"not_picked":["Force Field","Auto Shields"],"picked":"Sunder+1","floor":24}],"player_experience":373016,"relics_obtained":[{"floor":6.0,"key":"MealTicket"},{"floor":9.0,"key":"Smiling Mask"},{"floor":10,"key":"Lantern"},{"floor":24,"key":"Omamori"},{"floor":26,"key":"Nunchaku"}],"event_choices":[{"cards_removed":["Strike_B"],"damage_healed":0.0,"max_hp_gain":0.0,"max_hp_loss":0.0,"gold_gain":0.0,"event_name":"Wheel of Change","player_choice":"Card Removal","floor":2.0,"gold_loss":0.0,"damage_taken":0.0},{"damage_healed":0,"gold_gain":0,"player_choice":"Ignored","damage_taken":0,"max_hp_gain":0,"max_hp_loss":0,"event_name":"Golden Wing","floor":14,"gold_loss":0},{"damage_healed":27,"gold_gain":0,"player_choice":"Heal","damage_taken":0,"max_hp_gain":0,"max_hp_loss":0,"event_name":"The Library","floor":20,"gold_loss":0},{"damage_healed":0,"gold_gain":0,"player_choice":"Inject Mutagens","damage_taken":0,"relics_obtained":["MutagenicStrength"],"max_hp_gain":0,"max_hp_loss":0,"event_name":"Drug Dealer","floor":21,"gold_loss":0}],"is_beta":false,"boss_relics":[{"not_picked":["Runic Dome","Snecko Eye"],"picked":"Sozu"}],"items_purged_floors":[],"is_endless":false,"potions_floor_spawned":[1,6,7,13,19,24],"killed_by":"Gremlin Leader","ascension_level":13}}