{"host":"1a32ffxog1zcqoh0","time":1607499746,"event":{"gold_per_floor":[118,134,234,253,263,263,288,288,357,383,399,99,99,49,49,151,151,151,151,151,151,151,151,151,151,151,151,151,151,151,151,151,151,151,151,151,151,151,151,151,151,151,151,151,151,151,151,32,32,32,32],"floor_reached":50,"playtime":3397,"items_purged":["Strike_G"],"score":725,"play_id":"2d285337-60d4-497f-ab14-b92c994b9c8a","local_time":"20201209024226","is_ascension_mode":true,"campfire_choices":[{"data":"Poisoned Stab","floor":6,"key":"SMITH"},{"data":"A Thousand Cuts","floor":8,"key":"SMITH"},{"floor":15,"key":"REST"},{"data":"Crippling Poison","floor":23,"key":"SMITH"},{"floor":32,"key":"REST"},{"data":"Bouncing Flask","floor":40,"key":"SMITH"},{"data":"Poisoned Stab","floor":42,"key":"SMITH"},{"data":"Bane","floor":44,"key":"SMITH"},{"data":"Setup","floor":49,"key":"SMITH"}],"neow_cost":"NONE","seed_source_timestamp":288368953704200,"circlet_count":0,"master_deck":["Strike_G","Strike_G","Strike_G","Defend_G","Defend_G","Defend_G","Defend_G","Survivor","Neutralize","Poisoned Stab+1","Poisoned Stab+1","Dagger Spray","Sucker Punch","A Thousand Cuts+1","Setup+1","Bane+1","Crippling Poison+1","After Image","Prepared","Deadly Poison+1","Dagger Spray","Bouncing Flask+1","Flying Knee","Bane+1","Escape Plan","Prepared","Blade Dance","Storm of Steel","Deadly Poison","Crippling Poison+1","Backflip+1","Noxious Fumes+1","Decay","Crippling Poison+1","Poisoned Stab+1","Poisoned Stab+1","Bane+1"],"relics":["Ring of the Snake","Pocketwatch","Paper Crane","MealTicket","Happy Flower","Thread and Needle","Ectoplasm","Eternal Feather","Molten Egg 2","Ornamental Fan","Bag of Preparation","SlaversCollar","Ginger","HornCleat","Ninja Scroll"],"potions_floor_usage":[16,25,27,28,31,36,36,38,41,50,50],"damage_taken":[{"damage":0,"enemies":"Small Slimes","floor":1,"turns":3},{"damage":0,"enemies":"Cultist","floor":2,"turns":3},{"damage":0,"enemies":"2 Louse","floor":4,"turns":2},{"damage":1,"enemies":"2 Fungi Beasts","floor":5,"turns":3},{"damage":28,"enemies":"Lagavulin","floor":7,"turns":7},{"damage":8,"enemies":"Gremlin Nob","floor":10,"turns":4},{"damage":1,"enemies":"Looter","floor":11,"turns":3},{"damage":7,"enemies":"The Guardian","floor":16,"turns":9},{"damage":1,"enemies":"Spheric Guardian","floor":18,"turns":4},{"damage":5,"enemies":"Shell Parasite","floor":21,"turns":4},{"damage":0,"enemies":"3 Cultists","floor":22,"turns":4},{"damage":42,"enemies":"Slavers","floor":24,"turns":5},{"damage":1,"enemies":"Snecko","floor":25,"turns":4},{"damage":9,"enemies":"Shelled Parasite and Fungi","floor":27,"turns":4},{"damage":29,"enemies":"Book of Stabbing","floor":28,"turns":5},{"damage":9,"enemies":"Gremlin Leader","floor":30,"turns":4},{"damage":3,"enemies":"Snake Plant","floor":31,"turns":4},{"damage":42,"enemies":"Collector","floor":33,"turns":7},{"damage":15,"enemies":"3 Darklings","floor":35,"turns":4},{"damage":0,"enemies":"Mind Bloom Boss Battle","floor":36,"turns":6},{"damage":0,"enemies":"Orb Walker","floor":38,"turns":3},{"damage":15,"enemies":"Jaw Worm Horde","floor":41,"turns":4},{"damage":32,"enemies":"Nemesis","floor":46,"turns":7},{"damage":10,"enemies":"Spire Growth","floor":47,"turns":4},{"damage":75,"enemies":"Time Eater","floor":50,"turns":9}],"seed_played":"1465134607158601990","potions_obtained":[{"floor":2,"key":"FairyPotion"},{"floor":10,"key":"SteroidPotion"},{"floor":11,"key":"Block Potion"},{"floor":16,"key":"Ancient Potion"},{"floor":21,"key":"LiquidBronze"},{"floor":24,"key":"AttackPotion"},{"floor":27,"key":"CunningPotion"},{"floor":30,"key":"Poison Potion"},{"floor":35,"key":"EntropicBrew"},{"floor":38,"key":"ColorlessPotion"}],"is_trial":false,"path_per_floor":["M","M","?","M","M","R","E","R","T","E","M","$","?","?","R","B",null,"M","?","?","M","M","R","E","M","T","M","E","$","E","M","R","B",null,"M","?","?","M","?","R","M","R","T","R","?","E","M","$","R","B"],"character_chosen":"THE_SILENT","items_purchased":["Crippling Poison","Happy Flower","Poisoned Stab+1","Bane+1","PowerPotion"],"campfire_rested":2,"item_purchase_floors":[12,12,48,48,48],"current_hp_per_floor":[70,70,70,70,69,69,41,41,41,33,32,47,44,44,65,58,67,66,66,66,61,61,61,19,18,18,9,4,19,10,7,43,1,53,38,38,38,38,38,56,41,59,59,70,70,38,28,43,64,0,0],"gold":32,"neow_bonus":"THREE_CARDS","is_prod":false,"is_daily":false,"chose_seed":false,"campfire_upgraded":7,"win_rate":0,"timestamp":1607499746,"path_taken":["M","M","?","?","M","R","E","R","T","E","M","?","?","?","R","BOSS","M","?","?","M","?","R","E","M","T","?","E","$","E","M","R","BOSS","M","?","?","M","?","R","M","R","T","R","?","E","M","$","R","BOSS"],"build_version":"2020-11-30","purchased_purges":1,"victory":false,"max_hp_per_floor":[70,70,70,70,70,70,70,70,70,70,70,70,70,70,70,70,70,70,70,70,70,70,70,70,70,70,70,70,70,70,70,70,70,70,70,70,70,70,70,70,70,70,70,70,70,70,70,70,70,70,70],"relic_stats":{"Happy Flower":[30],"counters":[25,116],"Ornamental Fan":[88],"MealTicket":45,"Eternal Feather":83,"Ectoplasm":423,"Bag of Preparation":[14],"Ginger":[0],"obtain_stats":[{"Happy Flower":12,"Thread and Needle":13,"Eternal Feather":24,"Bag of Preparation":30,"Ginger":36,"Paper Crane":9,"SlaversCollar":34,"HornCleat":43,"Ornamental Fan":28,"Ninja Scroll":46,"MealTicket":10,"Molten Egg 2":26,"Ectoplasm":17,"Ring of the Snake":0,"Pocketwatch":7},{"Happy Flower":7,"Thread and Needle":7,"Eternal Feather":12,"Bag of Preparation":16,"Ginger":20,"Paper Crane":5,"SlaversCollar":18,"HornCleat":22,"Ornamental Fan":15,"Ninja Scroll":23,"MealTicket":6,"Molten Egg 2":13,"Ectoplasm":8,"Ring of the Snake":0,"Pocketwatch":5},{"Happy Flower":25,"Thread and Needle":25,"Eternal Feather":51,"Bag of Preparation":68,"Ginger":89,"Paper Crane":18,"SlaversCollar":79,"HornCleat":96,"Ornamental Fan":64,"Ninja Scroll":103,"MealTicket":22,"Molten Egg 2":55,"Ectoplasm":34,"Ring of the Snake":0,"Pocketwatch":18}],"Ring of the Snake":[50],"Pocketwatch":[54]},"card_choices":[{"not_picked":["Dodge and Roll","Calculated Gamble"],"picked":"Poisoned Stab","floor":0},{"not_picked":["Dodge and Roll","Reflex"],"picked":"Poisoned Stab","floor":1},{"not_picked":["Poisoned Stab","Sucker Punch"],"picked":"Dagger Spray","floor":2},{"not_picked":["Underhanded Strike","Quick Slash"],"picked":"Sucker Punch","floor":4},{"not_picked":["Tactician","Setup"],"picked":"Escape Plan","floor":5},{"not_picked":["Flechettes","Riddle With Holes"],"picked":"A Thousand Cuts","floor":7},{"not_picked":["Accuracy","Dagger Throw"],"picked":"Setup","floor":10},{"not_picked":["Bouncing Flask","Calculated Gamble"],"picked":"Bane","floor":11},{"not_picked":["Tools of the Trade","Glass Knife"],"picked":"After Image","floor":16},{"not_picked":["Cloak And Dagger+1","Accuracy+1"],"picked":"Prepared","floor":18},{"not_picked":["Dash","Backflip+1"],"picked":"Deadly Poison+1","floor":21},{"not_picked":["Acrobatics","Blur"],"picked":"Dagger Spray","floor":22},{"not_picked":["Leg Sweep","Deadly Poison"],"picked":"Bouncing Flask","floor":24},{"not_picked":["Outmaneuver+1","Deadly Poison"],"picked":"Flying Knee","floor":25},{"not_picked":["Blade Dance","Infinite Blades+1"],"picked":"Bane+1","floor":27},{"not_picked":["PiercingWail","Deflect+1"],"picked":"Escape Plan","floor":28},{"not_picked":["A Thousand Cuts","Backflip+1"],"picked":"Prepared","floor":30},{"not_picked":["PiercingWail","Acrobatics"],"picked":"Blade Dance","floor":31},{"not_picked":["Doppelganger","Unload+1"],"picked":"Storm of Steel","floor":33},{"not_picked":["Deflect","Dodge and Roll"],"picked":"Deadly Poison","floor":35},{"not_picked":["Acrobatics","Dagger Spray+1"],"picked":"Crippling Poison+1","floor":36},{"not_picked":["Blur","Distraction+1"],"picked":"Backflip+1","floor":38},{"not_picked":["Bane+1","Poisoned Stab+1"],"picked":"Noxious Fumes+1","floor":41},{"not_picked":["Prepared+1","Storm of Steel"],"picked":"Crippling Poison+1","floor":46},{"not_picked":["Dash+1","Quick Slash+1"],"picked":"Poisoned Stab+1","floor":47}],"player_experience":224122,"relics_obtained":[{"floor":7,"key":"Pocketwatch"},{"floor":9,"key":"Paper Crane"},{"floor":10,"key":"MealTicket"},{"floor":24,"key":"Eternal Feather"},{"floor":26,"key":"Molten Egg 2"},{"floor":28,"key":"Ornamental Fan"},{"floor":30,"key":"Bag of Preparation"},{"floor":36,"key":"Ginger"},{"floor":43,"key":"HornCleat"},{"floor":46,"key":"Ninja Scroll"}],"event_choices":[{"damage_healed":0,"gold_gain":100,"player_choice":"Pray","damage_taken":0,"max_hp_gain":0,"max_hp_loss":0,"event_name":"Golden Shrine","floor":3,"gold_loss":0},{"damage_healed":0,"gold_gain":0,"player_choice":"Success","damage_taken":3,"relics_obtained":["Thread and Needle"],"max_hp_gain":0,"max_hp_loss":0,"event_name":"Scrap Ooze","floor":13,"gold_loss":0},{"cards_removed":["Strike_G"],"damage_healed":0,"gold_gain":0,"player_choice":"Card Removal","damage_taken":0,"max_hp_gain":0,"max_hp_loss":0,"event_name":"The Cleric","floor":14,"gold_loss":50},{"damage_healed":0,"gold_gain":0,"player_choice":"Ignored","damage_taken":0,"max_hp_gain":0,"max_hp_loss":0,"event_name":"Ghosts","floor":19,"gold_loss":0},{"cards_removed":["Defend_G"],"damage_healed":0,"gold_gain":0,"player_choice":"Purged","damage_taken":0,"max_hp_gain":0,"max_hp_loss":0,"event_name":"Purifier","floor":20,"gold_loss":0},{"damage_healed":0,"gold_gain":0,"player_choice":"Fight","damage_taken":0,"max_hp_gain":0,"max_hp_loss":0,"event_name":"MindBloom","floor":36,"gold_loss":0},{"damage_healed":0,"gold_gain":0,"player_choice":"Ignored","damage_taken":0,"max_hp_gain":0,"max_hp_loss":0,"event_name":"Mysterious Sphere","floor":37,"gold_loss":0},{"cards_removed":["Escape Plan"],"damage_healed":0,"gold_gain":0,"player_choice":"Removed Skill","damage_taken":0,"max_hp_gain":0,"max_hp_loss":0,"event_name":"Falling","floor":39,"gold_loss":0},{"damage_healed":0,"gold_gain":0,"player_choice":"Cursed","damage_taken":0,"max_hp_gain":0,"max_hp_loss":0,"event_name":"Wheel of Change","floor":45,"gold_loss":0,"cards_obtained":["Decay"]}],"is_beta":false,"boss_relics":[{"not_picked":["SacredBark","Tiny House"],"picked":"Ectoplasm"},{"not_picked":["Coffee Dripper","Cursed Key"],"picked":"SlaversCollar"}],"items_purged_floors":[12],"is_endless":false,"potions_floor_spawned":[2,10,11,16,21,24,27,30,35,38],"killed_by":"Time Eater","ascension_level":5}}