{"host":"w67240tx264gh7zw","time":1607548846,"event":{"gold_per_floor":[117,131,131,54,54,54,83,95,95,129,129,84,84,95,95,192,192,206,206,221,237,80,80,80,80,80,80,107,107,117,117,117,135,135,234,234,248,248,248,22,39,39,54,65,91,111,111,111,123,143,143,143,143,143,18,43,43],"floor_reached":58,"playtime":3989,"items_purged":[],"score":942,"play_id":"2c60e533-6af9-4611-86e7-12dc58380f4d","local_time":"20201209132046","is_ascension_mode":false,"campfire_choices":[{"floor":6.0,"key":"RECALL"},{"floor":15.0,"key":"REST"},{"data":"infinitespire:Gouge","floor":27.0,"key":"SMITH"},{"data":"PathToVictory","floor":32.0,"key":"SMITH"},{"floor":34.0,"key":"REST"},{"floor":42.0,"key":"REST"},{"floor":51.0,"key":"REST"}],"neow_cost":"NONE","seed_source_timestamp":76897241458000,"circlet_count":0,"master_deck":["Strike_P","Strike_P","Strike_P","Strike_P","Defend_P","Defend_P","Defend_P+1","Defend_P","Vigilance","Devotion","Protect","MarkedMod:SlowDance","MarkedMod:Acupuncture","DeceiveReality","Worship","BattleHymn","Replay:LoomingThreat","Evaluate+1","infinitespire:Gouge+1","Worship","Evaluate","Worship+1","PathToVictory+1","Consecrate","DevaForm","PathToVictory","REME_Flogging","PathToVictory+1","Parasite","SashWhip+1","SashWhip+1","TalkToTheHand+1","Consecrate+1","Parasite","FollowUp","Prostrate"],"special_seed":0,"relics":["PureWater","REME_ComplimentaryCards","NeowsBlessing","aspiration:Nostalgia","infinitespire:DarkRift","Replay:Rubber Ducky","Snack Pack","hubris:ScarierMask","Membership Card","MutagenicStrength","Mummified Hand","infinitespire:Satchel","Chameleon Ring","SacredBark","hubris:EmptyBottle","Mango","aspiration:ChemicalBlood","War Paint","hubris:Icosahedron","Damaru","Happy Flower"],"potions_floor_usage":[57,57,57,57,57,57,57,57,57,57],"damage_taken":[{"damage":0.0,"enemies":"Cultist","floor":1.0,"turns":1.0},{"damage":0.0,"enemies":"Jaw Worm","floor":2.0,"turns":1.0},{"damage":0.0,"enemies":"Lagavulin","floor":7.0,"turns":1.0},{"damage":0.0,"enemies":"Small Slimes","floor":8.0,"turns":3.0},{"damage":32.0,"enemies":"3 Sentries","floor":10.0,"turns":9.0},{"damage":6.0,"enemies":"Looter","floor":12.0,"turns":5.0},{"damage":15.0,"enemies":"2 Fungi Beasts","floor":14.0,"turns":6.0},{"damage":48.0,"enemies":"Fading Forest","floor":16.0,"turns":11.0},{"damage":2.0,"enemies":"Chosen","floor":18.0,"turns":2.0},{"damage":3.0,"enemies":"3 Byrds","floor":20.0,"turns":5.0},{"damage":0.0,"enemies":"conspire:HollyBat","floor":21.0,"turns":6.0},{"damage":1.0,"enemies":"Shelled Parasite and Fungi","floor":30.0,"turns":4.0},{"damage":11.0,"enemies":"3 Cultists","floor":33.0,"turns":4.0},{"damage":17.0,"enemies":"conspire:MysteriousRune","floor":35.0,"turns":7.0},{"damage":5.0,"enemies":"3 Darklings","floor":37.0,"turns":6.0},{"damage":20.0,"enemies":"Orb Walker","floor":41.0,"turns":5.0},{"damage":0.0,"enemies":"Writhing Mass","floor":43.0,"turns":5.0},{"damage":38.0,"enemies":"Transient","floor":44.0,"turns":5.0},{"damage":19.0,"enemies":"Spire Growth","floor":46.0,"turns":6.0},{"damage":0.0,"enemies":"Jaw Worm Horde","floor":49.0,"turns":3.0},{"damage":3.0,"enemies":"Writhing Mass","floor":50.0,"turns":6.0},{"damage":32,"enemies":"Time Eater","floor":52,"turns":3},{"damage":11,"enemies":"Shield and Spear","floor":56,"turns":4},{"damage":135,"enemies":"The Heart","floor":57,"turns":9}],"seed_played":"6786126203605890950","potions_obtained":[{"floor":1.0,"key":"blueLaboratory:PressurePotion"},{"floor":10.0,"key":"BottledMiracle"},{"floor":20.0,"key":"Doom Potion"},{"floor":30.0,"key":"blueLaboratory:BubblePotion"},{"floor":33.0,"key":"blueLaboratory:HummingbirdPotion"},{"floor":37.0,"key":"Strength Potion"},{"floor":54,"key":"Flashbang"},{"floor":54,"key":"LiquidMemories"},{"floor":57,"key":"PowerPotion"}],"is_trial":false,"path_per_floor":["M","M","?","$","?","R","E","M","T","E","?","M","$","M","R","B",null,"M","AVR","M","M","$","?","PTL","PTL","?","R","T","T","M","?","R","M","R","B",null,"M","?","?","$","M","R","M","M","T","M","AVR","?","M","M","R","B",null,"R","$","E","B",null],"character_chosen":"WATCHER","items_purchased":["aspiration:Nostalgia","Membership Card","hubris:EmptyBottle","Mango","Damaru","conspire:TimeTravelPotion"],"campfire_rested":4,"item_purchase_floors":[4,22,40,40,55,55],"current_hp_per_floor":[72,72,72,72,72,72,72,72,72,40,40,36,36,23,44,14,72,70,70,69,71,71,71,71,71,71,71,71,71,72,72,72,63,72,59,72,69,69,69,83,63,86,86,48,48,31,31,31,31,30,55,54,86,86,86,79,34],"gold":43,"neow_bonus":"THREE_ENEMY_KILL","is_prod":false,"is_daily":false,"chose_seed":false,"campfire_upgraded":2,"win_rate":0.0,"timestamp":1607548846,"path_taken":["M","M","?","$","?","R","E","M","T","E","?","?","$","M","R","BOSS","M","AVR","M","M","$","?","PTL","PTL","?","R","T","?","M","?","R","M","R","BOSS","M","?","?","$","M","R","M","M","T","M","AVR","?","M","?","R","BOSS","R","$","E","BOSS"],"build_version":"2020-11-30","purchased_purges":0,"victory":true,"max_hp_per_floor":[72,72,72,72,72,72,72,72,72,72,72,72,72,72,72,72,72,72,72,72,72,72,72,72,72,72,72,72,72,72,72,72,72,72,72,72,72,72,72,86,86,86,86,86,86,86,86,86,86,86,86,86,86,86,86,86,86],"relic_stats":{"Happy Flower":[3],"counters":[24,117],"Mummified Hand":[45],"War Paint":["PathToVictory","Defend_P"],"obtain_stats":[{"NeowsBlessing":0,"Happy Flower":56,"aspiration:Nostalgia":4,"SacredBark":36,"Damaru":55,"Mango":40,"hubris:EmptyBottle":40,"War Paint":47,"Replay:Rubber Ducky":7,"infinitespire:DarkRift":4,"Chameleon Ring":29,"hubris:Icosahedron":48,"Mummified Hand":26,"MutagenicStrength":23,"hubris:ScarierMask":17,"infinitespire:Satchel":28,"Snack Pack":10,"Membership Card":22,"PureWater":0,"REME_ComplimentaryCards":0,"aspiration:ChemicalBlood":45},{"NeowsBlessing":0,"Happy Flower":23,"aspiration:Nostalgia":2,"SacredBark":14,"Damaru":22,"Mango":15,"hubris:EmptyBottle":15,"War Paint":19,"Replay:Rubber Ducky":3,"infinitespire:DarkRift":2,"Chameleon Ring":11,"hubris:Icosahedron":19,"Mummified Hand":11,"MutagenicStrength":11,"hubris:ScarierMask":8,"infinitespire:Satchel":11,"Snack Pack":5,"Membership Card":11,"PureWater":0,"REME_ComplimentaryCards":0,"aspiration:ChemicalBlood":18},{"NeowsBlessing":0,"Happy Flower":108,"aspiration:Nostalgia":2,"SacredBark":65,"Damaru":104,"Mango":71,"hubris:EmptyBottle":71,"War Paint":92,"Replay:Rubber Ducky":3,"infinitespire:DarkRift":2,"Chameleon Ring":50,"hubris:Icosahedron":92,"Mummified Hand":50,"MutagenicStrength":50,"hubris:ScarierMask":37,"infinitespire:Satchel":50,"Snack Pack":15,"Membership Card":50,"PureWater":0,"REME_ComplimentaryCards":0,"aspiration:ChemicalBlood":86}]},"card_choices":[{"not_picked":["Meditate","Tantrum"],"picked":"Protect","floor":1.0},{"not_picked":["FlyingSleeves","REME_Repentance"],"picked":"MarkedMod:GentlePulse","floor":2.0},{"not_picked":["Replay:Cycle","Replay:AtTheReady","Vengeance"],"picked":"SKIP","floor":7.0},{"not_picked":["Weave","Conclude"],"picked":"MarkedMod:Acupuncture","floor":8.0},{"not_picked":["MarkedMod:PinPointDefense","Replay:Vibes"],"picked":"DeceiveReality","floor":10.0},{"not_picked":["EmptyBody","WheelKick"],"picked":"Worship","floor":12.0},{"not_picked":["REME_WorshipGod","ThirdEye"],"picked":"BattleHymn","floor":14.0},{"not_picked":["ConjureBlade","REME_WorshipGod"],"picked":"Replay:LoomingThreat","floor":16.0},{"not_picked":["Replay:ManipulateFuture","Consecrate"],"picked":"Evaluate+1","floor":18.0},{"not_picked":["MarkedMod:GentlePulse+1","LikeWater"],"picked":"Worship","floor":20.0},{"not_picked":["WreathOfFlame","JustLucky+1"],"picked":"Evaluate","floor":21.0},{"not_picked":["MarkedMod:FirstStrike+1","FollowUp"],"picked":"Worship+1","floor":30.0},{"not_picked":["Perseverance+1","Replay:Cycle"],"picked":"Consecrate","floor":33.0},{"not_picked":["Omniscience","MarkedMod:NorthStar"],"picked":"DevaForm","floor":35.0},{"not_picked":["FlurryOfBlows+1","Wireheading"],"picked":"PathToVictory","floor":37.0},{"not_picked":["PanicButton","hubris:Ssssneak"],"picked":"REME_Flogging","floor":38.0},{"not_picked":["MarkedMod:FirstStrike","Replay:Battleflow"],"picked":"PathToVictory","floor":41.0},{"not_picked":["Vengeance","FlurryOfBlows"],"picked":"SashWhip+1","floor":43.0},{"not_picked":["Consecrate","Sanctity"],"picked":"SashWhip+1","floor":44.0},{"not_picked":["Replay:BluntJabs+1","Replay:AtTheReady"],"picked":"TalkToTheHand+1","floor":46.0},{"not_picked":["Collect+1","WaveOfTheHand"],"picked":"Consecrate+1","floor":49.0},{"not_picked":["MarkedMod:Acupuncture","Replay:AtTheReady+1"],"picked":"FollowUp","floor":50.0},{"not_picked":["FlurryOfBlows","Replay:Anticipation+1"],"picked":"Prostrate","floor":56}],"player_experience":463061,"relics_obtained":[{"floor":7.0,"key":"Replay:Rubber Ducky"},{"floor":10.0,"key":"Snack Pack"},{"floor":28.0,"key":"infinitespire:Satchel"},{"floor":29.0,"key":"Chameleon Ring"},{"floor":45.0,"key":"aspiration:ChemicalBlood"},{"floor":56,"key":"Happy Flower"}],"event_choices":[{"damage_healed":72.0,"max_hp_gain":0.0,"max_hp_loss":72.0,"gold_gain":0.0,"event_name":"betterThird:BetterShining","player_choice":"Leave","floor":3.0,"gold_loss":0.0,"damage_taken":0.0},{"damage_healed":0.0,"max_hp_gain":0.0,"max_hp_loss":0.0,"gold_gain":0.0,"cards_transformed":["MarkedMod:GentlePulse"],"event_name":"Transmorgrifier","player_choice":"Transformed","floor":5.0,"gold_loss":0.0,"damage_taken":0.0,"cards_obtained":["MarkedMod:SlowDance"]},{"damage_healed":0.0,"max_hp_gain":0.0,"max_hp_loss":0.0,"gold_gain":0.0,"event_name":"conspire:LoneGhost","player_choice":"Disagree","floor":11.0,"gold_loss":0.0,"damage_taken":0.0},{"damage_healed":0.0,"max_hp_gain":0.0,"max_hp_loss":0.0,"gold_gain":0.0,"event_name":"Drug Dealer","player_choice":"Inject Mutagens","floor":23.0,"gold_loss":0.0,"damage_taken":0.0,"relics_obtained":["MutagenicStrength"]},{"damage_healed":0.0,"max_hp_gain":0.0,"max_hp_loss":0.0,"gold_gain":0.0,"event_name":"WeMeetAgain","player_choice":"Gave Potion","floor":26.0,"gold_loss":0.0,"damage_taken":0.0,"relics_obtained":["Mummified Hand"]},{"damage_healed":0.0,"max_hp_gain":0.0,"max_hp_loss":0.0,"gold_gain":0.0,"event_name":"The Library","player_choice":"Read","floor":31.0,"gold_loss":0.0,"damage_taken":0.0,"cards_obtained":["PathToVictory"]},{"damage_healed":0.0,"max_hp_gain":0.0,"max_hp_loss":0.0,"gold_gain":0.0,"event_name":"SensoryStone","player_choice":"Memory 1","floor":38.0,"gold_loss":0.0,"damage_taken":0.0},{"cards_removed":["Eruption"],"damage_healed":0.0,"max_hp_gain":0.0,"max_hp_loss":0.0,"gold_gain":0.0,"event_name":"Falling","player_choice":"Removed Attack","floor":39.0,"gold_loss":0.0,"damage_taken":0.0}],"is_beta":false,"boss_relics":[{"not_picked":["ChewingGum","Honey Jar"],"picked":"hubris:ScarierMask"},{"not_picked":["Empty Cage","hubris:VirtuousBlindfold"],"picked":"SacredBark"}],"items_purged_floors":[],"is_endless":false,"potions_floor_spawned":[1,10,20,30,33,37,46,50,56],"ascension_level":0}}