{"host":"yllrlz30c75z9571","time":1607551055,"event":{"gold_per_floor":[109,121,134,151,168,168,168,168,168,187,265,278,291,316,347,361,361,361,361],"floor_reached":18,"playtime":783,"items_purged":[],"score":120,"play_id":"46e99aff-8436-4c7c-ad61-0bd7e4a95234","local_time":"20201209215735","is_ascension_mode":false,"campfire_choices":[{"data":"Shade:OpenGraves","floor":6,"key":"SMITH"},{"floor":17,"key":"REST"}],"neow_cost":"NONE","seed_source_timestamp":472591364258800,"circlet_count":0,"master_deck":["Shade:Strike_Shade","Shade:Strike_Shade","Shade:Strike_Shade","Shade:Strike_Shade","Shade:Defend_Shade","Shade:Defend_Shade","Shade:Defend_Shade","Shade:Defend_Shade","Shade:AnimateDead","Shade:CarefulCut","Shade:OpenGraves+1","Shade:PoundOfFlesh","Shade:FingerOfDeath","Shade:Frenzy","Shade:Bite_Shade","Shade:SkeletonArmy","Shade:UnbarTheGrave","Shade:Brains","Shade:Bonestorm","Shade:Asphyxiate","Shade:SkeletonHug"],"relics":["Shade:YorickSkull","HushsDoor","aspiration:Nostalgia","bard:PitchPipe","PillsDrop","Golden Idol","StuffTheSpire:Gunfinga"],"potions_floor_usage":[15],"damage_taken":[{"damage":2,"enemies":"Cultist","floor":1,"turns":3},{"damage":0,"enemies":"2 Louse","floor":2,"turns":3},{"damage":0,"enemies":"Jaw Worm","floor":3,"turns":2},{"damage":8,"enemies":"Lots of Slimes","floor":4,"turns":4},{"damage":3,"enemies":"Blue Slaver","floor":5,"turns":4},{"damage":18,"enemies":"Exordium Wildlife","floor":10,"turns":5},{"damage":0,"enemies":"Large Slime","floor":12,"turns":5},{"damage":4,"enemies":"Exordium Thugs","floor":13,"turns":4},{"damage":1,"enemies":"Exordium Wildlife","floor":14,"turns":4},{"damage":9,"enemies":"Gremlin Nob","floor":15,"turns":4},{"damage":7,"enemies":"Blue Slaver","floor":16,"turns":3},{"damage":0,"enemies":"The Guardian","floor":18,"turns":1}],"seed_played":"771683152045868115","potions_obtained":[{"floor":1,"key":"DistilledChaos"},{"floor":2,"key":"FearPotion"},{"floor":14,"key":"Fire Potion"},{"floor":16,"key":"GamblersBrew"}],"is_trial":false,"path_per_floor":["M","M","M","M","M","R","?","PTL","PTL","M","T","M","M","M","E","M","R","B"],"character_chosen":"SHADE","items_purchased":[],"campfire_rested":1,"item_purchase_floors":[],"current_hp_per_floor":[63,63,63,55,52,52,36,36,36,22,22,26,24,25,18,13,31,31,31],"gold":361,"neow_bonus":"NOSTALGIA","is_prod":false,"is_daily":false,"chose_seed":false,"campfire_upgraded":1,"win_rate":0.0,"timestamp":1607551055,"path_taken":["M","M","M","?","?","R","?","PTL","PTL","M","T","M","M","M","E","M","R","BOSS"],"build_version":"2020-11-30","purchased_purges":0,"victory":false,"max_hp_per_floor":[65,65,65,65,65,65,65,65,65,65,65,65,65,65,65,60,60,60,60],"card_choices":[{"not_picked":["Shade:SpontaneousRitual","Shade:Doomsay"],"picked":"Shade:OpenGraves","floor":1},{"not_picked":["Shade:AncientSpear","Shade:Excise"],"picked":"Shade:PoundOfFlesh","floor":2},{"not_picked":["Shade:BoneShards","Shade:AncientSpear"],"picked":"Shade:FingerOfDeath","floor":3},{"not_picked":["Shade:OneIsEnough","Shade:ClawBack"],"picked":"Shade:Frenzy","floor":4},{"not_picked":["Shade:FeralStrike","Shade:StitchTogether"],"picked":"Shade:Bite_Shade","floor":5},{"not_picked":["Shade:Trample","Shade:FuneraryArmor"],"picked":"Shade:SkeletonArmy","floor":10},{"not_picked":["Shade:FleshToFlesh","Shade:StitchTogether"],"picked":"Shade:UnbarTheGrave","floor":12},{"not_picked":["Bomb","Shade:Awaken"],"picked":"Shade:Brains","floor":13},{"not_picked":["Shade:CommandSoldier","Shade:ClawBack"],"picked":"Shade:Bonestorm","floor":14},{"not_picked":["Shade:Haruspicy","Shade:FuneraryArmor"],"picked":"Shade:Asphyxiate","floor":15},{"not_picked":["Shade:FingerOfDeath","Shade:GreyBargain"],"picked":"Shade:SkeletonHug","floor":16}],"player_experience":96992,"relics_obtained":[{"floor":15,"key":"StuffTheSpire:Gunfinga"}],"event_choices":[{"damage_healed":0,"gold_gain":0,"player_choice":"Take Damage","damage_taken":16,"relics_obtained":["Golden Idol"],"max_hp_gain":0,"max_hp_loss":0,"event_name":"Golden Idol","floor":7,"gold_loss":0}],"is_beta":false,"boss_relics":[],"items_purged_floors":[],"is_endless":false,"potions_floor_spawned":[1,2,14,16],"killed_by":"The Guardian","ascension_level":0}}