{"host":"pcbz64t4k17ey4z1","time":1607539355,"event":{"gold_per_floor":[119,138,138,158,158,158,193,211,238,238,238,210,229,244,244,244,244],"floor_reached":16,"playtime":840,"items_purged":[],"score":187,"play_id":"6fe20fd0-b030-41a1-bfdf-1ab00de9fc1f","local_time":"20201209184235","is_ascension_mode":true,"campfire_choices":[{"data":"Vigilance","floor":6,"key":"SMITH"},{"data":"MentalFortress","floor":10,"key":"SMITH"},{"data":"TalkToTheHand","floor":15,"key":"SMITH"}],"neow_cost":"NONE","seed_source_timestamp":1563259568500100,"circlet_count":0,"master_deck":["AscendersBane","Strike_P+1","Strike_P+1","Defend_P","Defend_P","Defend_P","Eruption+1","Vigilance+1","Collect+1","MentalFortress+1","Adaptation","TalkToTheHand+1"],"relics":["PureWater","Hammer of Thor","Seething Fire","Anvil of the Gods","aspiration:Nostalgia","beaked:MendingPlumage","Singing Bowl"],"potions_floor_usage":[7,12,13],"damage_taken":[{"damage":10,"enemies":"Small Slimes","floor":1,"turns":6},{"damage":7,"enemies":"Cultist","floor":2,"turns":3},{"damage":9,"enemies":"Jaw Worm","floor":4,"turns":6},{"damage":33,"enemies":"Lagavulin","floor":7,"turns":13},{"damage":0,"enemies":"2 Fungi Beasts","floor":8,"turns":3},{"damage":4,"enemies":"Exordium Thugs","floor":12,"turns":5},{"damage":25,"enemies":"Exordium Wildlife","floor":13,"turns":8},{"damage":48,"enemies":"Lots of Slimes","floor":14,"turns":7},{"damage":59,"enemies":"Slime Boss","floor":16,"turns":3}],"seed_played":"6660970944528569065","potions_obtained":[{"floor":1,"key":"Elixir"},{"floor":2,"key":"PowerPotion"},{"floor":7,"key":"Weak Potion"}],"is_trial":false,"path_per_floor":["M","M","?","M","?","R","E","M","T","R","?","M","M","M","R","B"],"character_chosen":"WATCHER","items_purchased":[],"campfire_rested":0,"item_purchase_floors":[],"current_hp_per_floor":[68,63,43,57,57,57,65,70,70,70,70,70,59,33,33,0,0],"gold":244,"neow_bonus":"NOSTALGIA","is_prod":false,"is_daily":false,"chose_seed":false,"campfire_upgraded":3,"win_rate":0,"timestamp":1607539355,"path_taken":["M","M","?","M","?","R","E","M","T","R","?","?","M","M","R","BOSS"],"build_version":"2020-11-30","purchased_purges":0,"victory":false,"max_hp_per_floor":[68,68,68,68,68,68,70,70,70,70,70,70,70,72,72,72,72],"card_choices":[{"not_picked":["PathToVictory","Wallop"],"picked":"Collect","floor":1},{"not_picked":["JustLucky","FlyingSleeves","ThirdEye"],"picked":"SKIP","floor":2},{"not_picked":["Crescendo","Halt"],"picked":"MentalFortress","floor":4},{"not_picked":["Wallop","Consecrate","Halt"],"picked":"Singing Bowl","floor":7},{"not_picked":["SashWhip","Consecrate","BowlingBash"],"picked":"SKIP","floor":8},{"not_picked":["DeceiveReality","Nirvana"],"picked":"Adaptation","floor":12},{"not_picked":["Protect","CutThroughFate"],"picked":"TalkToTheHand","floor":13},{"not_picked":["Evaluate","SashWhip","JustLucky"],"picked":"Singing Bowl","floor":14}],"player_experience":3702937,"relics_obtained":[{"floor":7,"key":"Singing Bowl"}],"event_choices":[{"damage_healed":0,"gold_gain":0,"player_choice":"Entered Light","damage_taken":20,"max_hp_gain":0,"max_hp_loss":0,"event_name":"Shining Light","floor":3,"gold_loss":0,"cards_upgraded":["Strike_P","Strike_P"]},{"damage_healed":0,"gold_gain":0,"player_choice":"Grow","damage_taken":0,"max_hp_gain":0,"max_hp_loss":0,"event_name":"Living Wall","floor":5,"gold_loss":0,"cards_upgraded":["Collect"]},{"damage_healed":0,"gold_gain":0,"player_choice":"Upgraded","damage_taken":0,"max_hp_gain":0,"max_hp_loss":0,"event_name":"Upgrade Shrine","floor":11,"gold_loss":0,"cards_upgraded":["Eruption"]}],"is_beta":false,"boss_relics":[],"items_purged_floors":[],"is_endless":false,"potions_floor_spawned":[1,2,7],"killed_by":"Slime Boss","ascension_level":16}}