{"host":"7cp3z5w0tcrrm8ys","time":1607514587,"event":{"gold_per_floor":[115,115,115,125,44,77,103,133,171,195,241,265,291,329,341,353,353],"floor_reached":16,"playtime":444,"items_purged":[],"score":348,"play_id":"0b267c64-f2d4-4e30-90c0-f9a300e61a4c","local_time":"20201209204947","is_ascension_mode":true,"campfire_choices":[{"data":"Shockwave","floor":15,"key":"SMITH"}],"neow_cost":"NONE","seed_source_timestamp":264934847168200,"circlet_count":0,"master_deck":["AscendersBane","Strike_R","Strike_R","Strike_R","Strike_R","Strike_R","Defend_R","Defend_R","Defend_R","Defend_R+1","Bash+1","Pommel Strike","Clothesline","Feel No Pain","Fiend Fire","Bloodletting","Feel No Pain","Shockwave+1","Inflame"],"special_seed":0,"relics":["Burning Blood","NeowsBlessing","MawBank","Potion Belt","Pen Nib","Tiny Chest"],"potions_floor_usage":[11,14,14,16],"damage_taken":[{"damage":0.0,"enemies":"Cultist","floor":1.0,"turns":1.0},{"damage":0.0,"enemies":"Jaw Worm","floor":4.0,"turns":1.0},{"damage":0.0,"enemies":"Lagavulin","floor":6.0,"turns":1.0},{"damage":0.0,"enemies":"Small Slimes","floor":7.0,"turns":2.0},{"damage":8.0,"enemies":"Looter","floor":8.0,"turns":4.0},{"damage":23.0,"enemies":"Large Slime","floor":10.0,"turns":5.0},{"damage":17,"enemies":"3 Sentries","floor":11,"turns":11},{"damage":6,"enemies":"3 Louse","floor":12,"turns":6},{"damage":0,"enemies":"2 Fungi Beasts","floor":13,"turns":3},{"damage":3,"enemies":"Gremlin Nob","floor":14,"turns":2},{"damage":49,"enemies":"The Guardian","floor":16,"turns":11}],"seed_played":"-6537217961737367648","potions_obtained":[{"floor":3.0,"key":"FearPotion"},{"floor":3.0,"key":"Strength Potion"},{"floor":8.0,"key":"Swift Potion"},{"floor":10.0,"key":"LiquidMemories"},{"floor":13,"key":"Fire Potion"}],"is_trial":false,"path_per_floor":["M","?","?","M","$","E","M","M","T","M","E","M","M","E","R","B"],"character_chosen":"IRONCLAD","items_purchased":["Feel No Pain"],"campfire_rested":0,"item_purchase_floors":[5],"current_hp_per_floor":[74,51,51,57,57,63,69,67,67,50,39,39,45,48,48,0,0],"gold":353,"neow_bonus":"THREE_ENEMY_KILL","is_prod":false,"is_daily":false,"chose_seed":false,"campfire_upgraded":1,"win_rate":0,"timestamp":1607514587,"path_taken":["M","?","?","?","?","E","M","M","T","M","E","M","M","E","R","BOSS"],"build_version":"2020-11-30","purchased_purges":0,"victory":false,"max_hp_per_floor":[75,75,75,75,75,75,75,75,75,75,75,75,75,75,75,75,75],"card_choices":[{"not_picked":["Clash","Armaments"],"picked":"Pommel Strike","floor":1.0},{"not_picked":["Intimidate","Havoc"],"picked":"Clothesline","floor":4.0},{"not_picked":["Carnage","Sentinel"],"picked":"Fiend Fire","floor":6.0},{"not_picked":["Clash","Heavy Blade","Havoc"],"picked":"SKIP","floor":7.0},{"not_picked":["Infernal Blade","Havoc"],"picked":"Bloodletting","floor":8.0},{"not_picked":["True Grit","Clash","Body Slam"],"picked":"SKIP","floor":10.0},{"not_picked":["Armaments","Evolve"],"picked":"Feel No Pain","floor":11},{"not_picked":["Fiend Fire","Havoc"],"picked":"Shockwave","floor":12},{"not_picked":["Pommel Strike","Headbutt"],"picked":"Inflame","floor":13},{"not_picked":["Combust","Iron Wave","Twin Strike"],"picked":"SKIP","floor":14}],"player_experience":783707,"relics_obtained":[{"floor":6.0,"key":"MawBank"},{"floor":9.0,"key":"Potion Belt"},{"floor":11,"key":"Pen Nib"},{"floor":14,"key":"Tiny Chest"}],"event_choices":[{"damage_healed":0.0,"max_hp_gain":0.0,"max_hp_loss":0.0,"gold_gain":0.0,"event_name":"Shining Light","player_choice":"Entered Light","floor":2.0,"gold_loss":0.0,"damage_taken":23.0,"cards_upgraded":["Bash","Defend_R"]},{"damage_healed":0.0,"max_hp_gain":0.0,"max_hp_loss":0.0,"gold_gain":0.0,"event_name":"Lab","player_choice":"Got Potions","floor":3.0,"gold_loss":0.0,"damage_taken":0.0}],"is_beta":false,"boss_relics":[],"items_purged_floors":[],"is_endless":false,"potions_floor_spawned":[4,8,10,13],"killed_by":"The Guardian","ascension_level":20}}