{"host":"kyy1kus4tsuq869y","time":1607507657,"event":{"gold_per_floor":[116,58,76,151,151,151,163,163,163,163,163,173,186,186,186,265,265,279,264,46,46,46,46,46,46],"floor_reached":24,"playtime":555,"items_purged":["Strike_R"],"score":322,"play_id":"f0f579a1-07df-484f-a02b-c60b31eb483e","local_time":"20201209175417","is_ascension_mode":true,"campfire_choices":[{"data":"Apotheosis","floor":6.0,"key":"SMITH"},{"data":"Fire Breathing","floor":8.0,"key":"SMITH"},{"data":"Fire Breathing","floor":11.0,"key":"SMITH"},{"data":"Dark Embrace","floor":15.0,"key":"SMITH"},{"data":"Limit Break","floor":23,"key":"SMITH"}],"neow_cost":"TEN_PERCENT_HP_LOSS","seed_source_timestamp":7853199653900,"circlet_count":0,"master_deck":["AscendersBane","Strike_R","Strike_R","Strike_R","Strike_R","Defend_R","Defend_R","Defend_R+1","Defend_R","Apotheosis+1","Shrug It Off","Fire Breathing+1","Fire Breathing+1","Pommel Strike","Disarm+1","Reckless Charge","Parasite","Dark Embrace+1","Limit Break+1","Shrug It Off","Evolve+1","Reckless Charge"],"special_seed":0,"relics":["Burning Blood","War Paint","Sozu","Orrery"],"potions_floor_usage":[24,24],"damage_taken":[{"damage":8.0,"enemies":"Cultist","floor":1.0,"turns":5.0},{"damage":4.0,"enemies":"2 Louse","floor":3.0,"turns":3.0},{"damage":2.0,"enemies":"Jaw Worm","floor":7.0,"turns":5.0},{"damage":15.0,"enemies":"Lots of Slimes","floor":12.0,"turns":3.0},{"damage":19.0,"enemies":"3 Louse","floor":13.0,"turns":3.0},{"damage":14.0,"enemies":"Fading Forest","floor":16.0,"turns":11.0},{"damage":20.0,"enemies":"Shell Parasite","floor":18.0,"turns":5.0},{"damage":26.0,"enemies":"2 Thieves","floor":19.0,"turns":4.0},{"damage":42,"enemies":"Slavers","floor":24,"turns":2}],"seed_played":"-4404124482253556463","potions_obtained":[{"floor":7.0,"key":"Dexterity Potion"},{"floor":12.0,"key":"Ancient Potion"}],"is_trial":false,"path_per_floor":["M","$","M","?","?","R","M","R","T","?","R","M","M","?","R","B",null,"M","M","$","?","T","R","E"],"character_chosen":"IRONCLAD","items_purchased":["Fire Breathing","Orrery"],"campfire_rested":0,"item_purchase_floors":[2,20],"current_hp_per_floor":[66,66,68,57,57,57,61,61,61,68,68,59,46,51,51,51,68,54,34,34,34,34,34,0,0],"gold":46,"neow_bonus":"RANDOM_COLORLESS_2","is_prod":false,"is_daily":false,"chose_seed":false,"campfire_upgraded":5,"win_rate":0,"timestamp":1607507657,"path_taken":["M","$","?","?","?","R","?","R","T","?","R","M","M","?","R","BOSS","M","M","$","?","?","R","E"],"build_version":"2020-11-30","purchased_purges":1,"victory":false,"max_hp_per_floor":[68,68,68,68,68,68,68,68,68,68,68,68,68,73,73,73,73,73,73,73,73,73,73,73,73],"card_choices":[{"not_picked":["Transmutation","ReplayTheSpireMod:Necrogeddon"],"picked":"Apotheosis","floor":0.0},{"not_picked":["Metallicize","Sever Soul"],"picked":"Shrug It Off","floor":1.0},{"not_picked":["Anger","Havoc"],"picked":"Pommel Strike","floor":3.0},{"not_picked":["Shrug It Off","Iron Wave"],"picked":"Reckless Charge","floor":7.0},{"not_picked":["Run Through","Rampage","Twin Strike"],"picked":"SKIP","floor":12.0},{"not_picked":["Run Through","Body Slam"],"picked":"Dark Embrace","floor":13.0},{"not_picked":["Double Tap","Fiend Fire"],"picked":"Limit Break","floor":16.0},{"not_picked":["hubris:CleavingFinish","Havoc"],"picked":"Shrug It Off","floor":18.0},{"not_picked":["Clash","ReplayTheSpireMod:Strike From Hell","Shrug It Off"],"picked":"SKIP","floor":19.0},{"not_picked":["Bludgeon","Sword Boomerang"],"picked":"Evolve","floor":20.0},{"not_picked":["Armaments","Carnage"],"picked":"Reckless Charge","floor":20.0}],"player_experience":425447,"relics_obtained":[{"floor":9.0,"key":"War Paint"}],"event_choices":[{"damage_healed":0.0,"max_hp_gain":0.0,"max_hp_loss":0.0,"gold_gain":75.0,"event_name":"World of Goop","player_choice":"Gather Gold","floor":4.0,"gold_loss":0.0,"damage_taken":11.0},{"damage_healed":0.0,"max_hp_gain":0.0,"max_hp_loss":0.0,"gold_gain":0.0,"cards_transformed":["Bash"],"event_name":"Transmorgrifier","player_choice":"Transformed","floor":5.0,"gold_loss":0.0,"damage_taken":0.0,"cards_obtained":["Disarm"]},{"damage_healed":17.0,"max_hp_gain":0.0,"max_hp_loss":0.0,"gold_gain":0.0,"event_name":"Mushrooms","player_choice":"Healed and dodged fight","floor":10.0,"gold_loss":0.0,"damage_taken":0.0,"cards_obtained":["Parasite"]},{"damage_healed":0.0,"max_hp_gain":5.0,"max_hp_loss":0.0,"gold_gain":0.0,"event_name":"Big Fish","player_choice":"Donut","floor":14.0,"gold_loss":0.0,"damage_taken":0.0}],"is_beta":false,"boss_relics":[{"not_picked":["construct:WeddingRing","hubris:CrackedHourglass"],"picked":"Sozu"}],"items_purged_floors":[20],"is_endless":false,"potions_floor_spawned":[7,12,16,19],"killed_by":"Slavers","ascension_level":15}}