{"host":"87fdiiwflhrwsj8a","time":1607548748,"event":{"gold_per_floor":[115,115,8,8,8,8,40,55,100,100,15,15,55,70,70,155,155,185,185,212,242,242,252,252],"floor_reached":23,"playtime":671,"items_purged":[],"score":694,"play_id":"8c9c0b73-bab8-4535-9075-e3f1b67e1c74","local_time":"20201209161908","is_ascension_mode":true,"campfire_choices":[{"data":"Trip","floor":6.0,"key":"SMITH"},{"floor":10.0,"key":"DIG"},{"floor":15.0,"key":"REST"}],"neow_cost":"","seed_source_timestamp":103057562083700,"circlet_count":0,"master_deck":["AscendersBane","Strike_B","Strike_B","Strike_B+1","Strike_B","Defend_B","Defend_B","Defend_B","Zap","Dualcast","StuffTheSpire:ShieldGenerator","Trip+1","BasicCrystalCard+1","Rip and Tear","Sunder","Echo Form"],"special_seed":0,"relics":["Cracked Core","StuffTheSpire:Nightcore","Turnip","Replay:Multitool","infinitespire:Beetle Shell","Replay:Bandana","Replay:Antivirus Software","Painkiller Herb","Golden Egg"],"potions_floor_usage":[16,20,20],"damage_taken":[{"damage":2.0,"enemies":"2 Louse","floor":1.0,"turns":2.0},{"damage":42.0,"enemies":"3 Sentries","floor":7.0,"turns":8.0},{"damage":0.0,"enemies":"Cultist","floor":8.0,"turns":2.0},{"damage":27.0,"enemies":"Lagavulin","floor":13.0,"turns":6.0},{"damage":0.0,"enemies":"Small Slimes","floor":14.0,"turns":2.0},{"damage":9,"enemies":"Slime Boss","floor":16,"turns":3},{"damage":5,"enemies":"Chosen","floor":18,"turns":4},{"damage":5,"enemies":"3 Byrds","floor":20,"turns":3},{"damage":16,"enemies":"3 Cultists","floor":21,"turns":5},{"damage":32,"enemies":"Slavers","floor":23,"turns":3}],"seed_played":"-8411442896847911232","potions_obtained":[{"floor":1.0,"key":"Energy Potion"},{"floor":14.0,"key":"Death Potion"},{"floor":16,"key":"DistilledChaos"},{"floor":21,"key":"FocusPotion"}],"is_trial":false,"path_per_floor":["M","?","$","T","?","R","E","M","T","R","$","?","E","M","R","B",null,"?","AVR","?","?","?","E"],"character_chosen":"DEFECT","items_purchased":["Master of Strategy","Energy Potion","Trip","Rip and Tear"],"campfire_rested":1,"item_purchase_floors":[0,0,3,11],"current_hp_per_floor":[41,71,71,71,71,71,29,29,29,29,29,29,2,2,23,14,57,52,52,47,31,31,0,0],"gold":252,"neow_bonus":"","is_prod":false,"is_daily":false,"chose_seed":false,"campfire_upgraded":1,"win_rate":0,"timestamp":1607548748,"path_taken":["M","?","$","?","?","R","E","M","T","R","?","?","E","M","R","BOSS","?","AVR","?","?","?","E"],"build_version":"2020-11-30","purchased_purges":0,"victory":false,"max_hp_per_floor":[71,71,71,71,71,71,71,71,71,71,71,71,71,71,71,71,71,71,71,71,71,71,71,71],"card_choices":[{"not_picked":["Compile Driver","BootSequence"],"picked":"StuffTheSpire:ShieldGenerator","floor":1.0},{"not_picked":["BasicCrystalCard","Undo","Coolheaded"],"picked":"SKIP","floor":7.0},{"not_picked":["Leap","Stack","Barrage"],"picked":"SKIP","floor":8.0},{"not_picked":["Storm","Gash"],"picked":"Sunder","floor":13.0},{"not_picked":["StuffTheSpire:Synthwave","BasicCrystalCard","StuffTheSpire:SnapShoot"],"picked":"SKIP","floor":14.0},{"not_picked":["Amplify","Mirror Shield"],"picked":"Echo Form","floor":16},{"not_picked":["Panic Button","BasicCrystalCard","Barrage"],"picked":"SKIP","floor":18},{"not_picked":["Loop","Turbo","Panic Button"],"picked":"SKIP","floor":20},{"not_picked":["BootSequence","Go for the Eyes","Stack+1"],"picked":"SKIP","floor":21}],"player_experience":2510105,"relics_obtained":[{"floor":4.0,"key":"Turnip"},{"floor":7.0,"key":"Replay:Multitool"},{"floor":9.0,"key":"infinitespire:Beetle Shell"},{"floor":10.0,"key":"Replay:Bandana"},{"floor":13.0,"key":"Replay:Antivirus Software"}],"event_choices":[{"damage_healed":30.0,"max_hp_gain":0.0,"max_hp_loss":0.0,"gold_gain":0.0,"event_name":"Wheel of Change","player_choice":"Full Heal","floor":2.0,"gold_loss":0.0,"damage_taken":0.0},{"cards_removed":["Defend_B"],"damage_healed":0,"gold_gain":0,"player_choice":"Give","damage_taken":0,"max_hp_gain":0,"max_hp_loss":0,"event_name":"betterNote:BetterNote","floor":22,"gold_loss":0,"cards_obtained":["None"]}],"is_beta":false,"boss_relics":[{"not_picked":["Inserter","ReplayTheSpireMod:SealedPack"],"picked":"Painkiller Herb"}],"items_purged_floors":[],"is_endless":false,"potions_floor_spawned":[1,7,14,16,18,21],"killed_by":"Slavers","ascension_level":20}}