{"host":"thovpxgnyjc4psom","time":1607554952,"event":{"gold_per_floor":[118,118,137,137,155,155,172,172,172,12,12,38,38,51,51,130,130,144,144,58,71,71,71,97,97,97,115,115,115,115,115],"floor_reached":30,"playtime":1936,"items_purged":[],"score":425,"play_id":"0fcaf192-8319-4597-b3b6-920e0439cc41","local_time":"20201210000232","is_ascension_mode":true,"campfire_choices":[{"data":"Zap","floor":6,"key":"SMITH"},{"data":"Compile Driver","floor":8,"key":"SMITH"},{"data":"Sweeping Beam","floor":11,"key":"SMITH"},{"data":"Leap","floor":15,"key":"SMITH"},{"data":"Beam Cell","floor":23,"key":"SMITH"},{"data":"Fission","floor":25,"key":"SMITH"},{"floor":28,"key":"REST"}],"neow_cost":"NONE","seed_source_timestamp":481040243886139,"circlet_count":0,"master_deck":["AscendersBane","Strike_B+1","Strike_B+1","Strike_B+1","Strike_B+1","Defend_B+1","Defend_B+1","Defend_B+1","Zap+1","Dualcast","Leap+1","Compile Driver+1","Ball Lightning+1","Sweeping Beam+1","Hello World","Conserve Battery","Fission+1","Rip and Tear","Beam Cell+1","Undo","Beam Cell"],"special_seed":0,"relics":["Cracked Core","NeowsBlessing","Mummified Hand","Bottled Lightning","Odd Mushroom","Cursed Key","NlothsMask","Bottled Tornado"],"potions_floor_usage":[12,18,30,30],"damage_taken":[{"damage":0.0,"enemies":"2 Louse","floor":1.0,"turns":1.0},{"damage":0.0,"enemies":"Cultist","floor":3.0,"turns":1.0},{"damage":0,"enemies":"Small Slimes","floor":5,"turns":1},{"damage":3,"enemies":"Blue Slaver","floor":7,"turns":3},{"damage":13,"enemies":"The Mushroom Lair","floor":12,"turns":3},{"damage":0,"enemies":"Gremlin Gang","floor":14,"turns":2},{"damage":12,"enemies":"The Guardian","floor":16,"turns":13},{"damage":4,"enemies":"Spheric Guardian","floor":18,"turns":3},{"damage":4,"enemies":"3 Byrds","floor":21,"turns":5},{"damage":22,"enemies":"Gremlin Leader","floor":24,"turns":6},{"damage":30,"enemies":"3 Cultists","floor":27,"turns":5},{"damage":24,"enemies":"Slavers","floor":30,"turns":6}],"seed_played":"-7139847726314743505","potions_obtained":[{"floor":1.0,"key":"Swift Potion"},{"floor":7,"key":"Dexterity Potion"},{"floor":12,"key":"Swift Potion"},{"floor":24,"key":"Weak Potion"}],"is_trial":false,"path_per_floor":["M","?","M","?","M","R","M","R","T","$","R","?","?","M","R","B",null,"M","?","$","M","?","R","E","R","T","M","R","?","E"],"character_chosen":"DEFECT","items_purchased":["Ball Lightning","Sweeping Beam","Strength Potion","Rip and Tear"],"campfire_rested":1,"item_purchase_floors":[10,10,10,20],"current_hp_per_floor":[64,64,64,64,64,64,61,61,61,61,61,48,48,48,48,36,62,58,58,58,54,54,54,32,32,32,2,23,23,0,0],"gold":115,"neow_bonus":"THREE_ENEMY_KILL","is_prod":false,"is_daily":false,"chose_seed":false,"campfire_upgraded":6,"win_rate":0,"timestamp":1607554952,"path_taken":["M","?","M","?","?","R","M","R","T","$","R","?","?","M","R","BOSS","M","?","$","?","?","R","E","R","T","M","R","?","E"],"build_version":"2020-11-30","purchased_purges":0,"victory":false,"max_hp_per_floor":[71,71,71,71,71,71,71,71,71,71,71,71,71,71,71,71,71,71,71,71,71,71,71,71,71,71,71,71,71,71,71],"relic_stats":{"counters":[12,49],"Mummified Hand":[6],"Cursed Key":1,"obtain_stats":[{"NeowsBlessing":0,"Mummified Hand":2,"Bottled Lightning":9,"Odd Mushroom":12,"Bottled Tornado":24,"Cracked Core":0,"Cursed Key":17,"NlothsMask":19},{"NeowsBlessing":0,"Mummified Hand":1,"Bottled Lightning":4,"Odd Mushroom":5,"Bottled Tornado":10,"Cracked Core":0,"Cursed Key":7,"NlothsMask":8},{"NeowsBlessing":0,"Mummified Hand":1,"Bottled Lightning":6,"Odd Mushroom":9,"Bottled Tornado":38,"Cracked Core":0,"Cursed Key":24,"NlothsMask":27}]},"card_choices":[{"not_picked":["Redo","Steam"],"picked":"Leap","floor":1.0},{"not_picked":["Hologram","Darkness","Go for the Eyes"],"picked":"SKIP","floor":3},{"not_picked":["Loop","Redo","Steam"],"picked":"SKIP","floor":5},{"not_picked":["Chill","Go for the Eyes"],"picked":"Compile Driver","floor":7},{"not_picked":["Hologram","Chaos"],"picked":"Hello World","floor":12},{"not_picked":["Hyperbeam","Recycle"],"picked":"Conserve Battery","floor":14},{"not_picked":["Reboot","Multi-Cast"],"picked":"Fission","floor":16},{"not_picked":["Leap","Stack","Skim"],"picked":"SKIP","floor":18},{"not_picked":["Coolheaded+1","Loop+1"],"picked":"Beam Cell","floor":21},{"not_picked":["Heatsinks","Conserve Battery"],"picked":"Undo","floor":24},{"not_picked":["Storm","Leap"],"picked":"Beam Cell","floor":27}],"player_experience":872256,"relics_obtained":[{"floor":9,"key":"Bottled Lightning"},{"floor":12,"key":"Odd Mushroom"},{"floor":24,"key":"Bottled Tornado"}],"event_choices":[{"damage_healed":0.0,"max_hp_gain":0.0,"max_hp_loss":0.0,"gold_gain":0.0,"event_name":"WeMeetAgain","player_choice":"Gave Potion","floor":2.0,"gold_loss":0.0,"damage_taken":0.0,"relics_obtained":["Mummified Hand"]},{"cards_removed":["Defend_B"],"damage_healed":0,"gold_gain":0,"player_choice":"Offered Basic","damage_taken":0,"max_hp_gain":0,"max_hp_loss":0,"event_name":"Bonfire Elementals","floor":4,"gold_loss":0},{"damage_healed":0,"gold_gain":0,"player_choice":"Fought Mushrooms","damage_taken":0,"max_hp_gain":0,"max_hp_loss":0,"event_name":"Mushrooms","floor":12,"gold_loss":0},{"damage_healed":0,"gold_gain":0,"player_choice":"Grow","damage_taken":0,"max_hp_gain":0,"max_hp_loss":0,"event_name":"Living Wall","floor":13,"gold_loss":0,"cards_upgraded":["Ball Lightning"]},{"damage_healed":0,"gold_gain":0,"player_choice":"Trade","damage_taken":0,"relics_obtained":["NlothsMask"],"max_hp_gain":0,"max_hp_loss":0,"event_name":"FaceTrader","floor":19,"gold_loss":0},{"damage_healed":0,"gold_gain":0,"player_choice":"Simplicity","damage_taken":0,"max_hp_gain":0,"max_hp_loss":0,"event_name":"Back to Basics","floor":22,"gold_loss":0,"cards_upgraded":["Strike_B","Strike_B","Strike_B","Strike_B","Defend_B","Defend_B","Defend_B"]},{"cards_removed":["Pain"],"damage_healed":0,"gold_gain":0,"player_choice":"Purged","damage_taken":0,"max_hp_gain":0,"max_hp_loss":0,"event_name":"Purifier","floor":29,"gold_loss":0}],"is_beta":false,"boss_relics":[{"not_picked":["Busted Crown","Calling Bell"],"picked":"Cursed Key"}],"items_purged_floors":[],"is_endless":false,"potions_floor_spawned":[1,7,12,24],"killed_by":"Slavers","ascension_level":16}}