{"host":"0vkf1k7bkmi4whcf","time":1607554730,"event":{"gold_per_floor":[135,135,135,135,149,188,188,211,211,225,225,258,24,44,44,143,143,157,157,82,103,103,103,117,158,203,247,268,268,287,287,287,381,381,404,404,737,252,270,288,288,322,322,27,56,11,11,27,27,27],"floor_reached":51,"playtime":1738,"items_purged":["Burn+1","Injury"],"score":1433,"play_id":"b23890ae-7d7f-4d51-9881-0b526e21f87d","local_time":"20201209235850","is_ascension_mode":true,"campfire_choices":[{"floor":7,"key":"REST"},{"floor":15,"key":"REST"},{"floor":23,"key":"REST"},{"data":"Nest_LightFlightworm_purple","floor":32,"key":"SMITH"},{"data":"Mirror_FourBoundary_purple","floor":41,"key":"SMITH"},{"data":"Apotheosis","floor":49,"key":"SMITH"}],"neow_cost":"NONE","seed_source_timestamp":0,"circlet_count":0,"master_deck":["AscendersBane","AT_purpleEX","AT_purpleEX","AT_purpleEX","Defend_purpleEX","Defend_purpleEX","Defend_purpleEX","Defend_purpleEX","Observe_purple_1","Observe_purple_2","ExistenceContinue_purple","Observe_purple_1","WeekHit_purple","DimensionStaggered_purple","Charmbait_purple","OmniscientAndOmnipotent_Monster_purple","Mirror_FourBoundary_purple+1","Mirror_FourBoundary_purple","AdvanceAttack_purple","StateDuplicate_purple","RealityDreamConfluencek_purple","Fancifulhole_purple","Nest_LightFlightworm_purple","Nest_LightFlightworm_purple+1","Bait_Toxicbait_purple","ContainerChange_purple","OmniscientAndOmnipotent_Monster_purple+1","Bait_HighSpeedFlying_purple","DimensionStaggered_purple+1","WatchEyeChange_purple","SfantasyHide_purple","Monsters_DoubleDeathButterfly_purple","OmniscientAndOmnipotent_Monster_purple","Mirror_FourBoundary_purple","OmniscientAndOmnipotent_Monster_purple","MonsterNeedle_purple","StateErode_purple","WasteWire_Metro_purple+1","Apotheosis+1","Boundary_DreamRealityDamnation_purple+1","Boundary_of_Extermination_purpleEX","Shallow_ocean_purpleEX+1","Charmbait_purple+1","Charmbait_purple+1"],"special_seed":0,"relics":["Boundary_crack","Memoryfragments_purpleEX","Centennial Puzzle","Bag of Marbles","Shuriken","Sozu","Mercury Hourglass","Omamori","Red Mask","Black Star","PreservedInsect","OrangePellets","Smiling Mask","Molten Egg 2","Boot","DemoMod:GlassGuonStoneRelic","Meat on the Bone","AntiCross"],"potions_floor_usage":[],"damage_taken":[{"damage":1.0,"enemies":"2 Louse","floor":1.0,"turns":3.0},{"damage":4,"enemies":"Small Slimes","floor":5,"turns":4},{"damage":39,"enemies":"Gremlin Nob","floor":6,"turns":5},{"damage":0,"enemies":"Cultist","floor":8,"turns":3},{"damage":0,"enemies":"2 Fungi Beasts","floor":10,"turns":2},{"damage":33,"enemies":"3 Sentries","floor":12,"turns":6},{"damage":0,"enemies":"Looter","floor":14,"turns":3},{"damage":2,"enemies":"Slime Boss","floor":16,"turns":8},{"damage":11,"enemies":"3 Byrds","floor":18,"turns":6},{"damage":11,"enemies":"2 Thieves","floor":21,"turns":3},{"damage":0,"enemies":"Snake Plant","floor":24,"turns":3},{"damage":27,"enemies":"Book of Stabbing","floor":25,"turns":4},{"damage":3,"enemies":"Masked Bandits","floor":27,"turns":4},{"damage":6,"enemies":"Centurion and Healer","floor":28,"turns":5},{"damage":4,"enemies":"Shelled Parasite and Fungi","floor":30,"turns":3},{"damage":23,"enemies":"Collector","floor":33,"turns":7},{"damage":0,"enemies":"Orb Walker","floor":35,"turns":5},{"damage":13,"enemies":"3 Darklings","floor":39,"turns":2},{"damage":0,"enemies":"Maw","floor":40,"turns":7},{"damage":23,"enemies":"Reptomancer","floor":42,"turns":5},{"damage":0,"enemies":"Nemesis","floor":45,"turns":6},{"damage":0,"enemies":"Writhing Mass","floor":48,"turns":2},{"damage":20,"enemies":"Awakened One","floor":50,"turns":8}],"seed_played":"8008891239911179175","potions_obtained":[{"floor":1.0,"key":"SmokeBomb"},{"floor":8,"key":"Energy Potion"}],"is_trial":false,"path_per_floor":["M","?","?","?","M","E","R","M","T","M","?","E","$","M","R","B",null,"M","?","?","M","?","R","M","E","T","?","M","?","M","?","R","B",null,"M","?","?","$","M","M","R","E","T","$","E","$","?","M","R","B",null],"character_chosen":"Youkari","items_purchased":["Mirror_FourBoundary_purple","AdvanceAttack_purple","StateDuplicate_purple","PreservedInsect","Mirror_FourBoundary_purple","OrangePellets","OmniscientAndOmnipotent_Monster_purple","Apotheosis","Boundary_DreamRealityDamnation_purple+1","Boundary_of_Extermination_purpleEX","Charmbait_purple+1"],"campfire_rested":3,"item_purchase_floors":[13,13,13,38,38,38,38,44,44,44,46],"current_hp_per_floor":[66,66,66,66,63,25,46,47,47,49,49,17,17,19,40,43,66,59,38,38,28,28,51,51,28,28,30,27,43,42,42,42,23,64,70,78,78,78,68,73,73,57,57,57,60,60,60,61,61,50],"gold":27,"neow_bonus":"TEN_PERCENT_HP_BONUS","is_prod":false,"is_daily":false,"chose_seed":false,"campfire_upgraded":3,"win_rate":0,"timestamp":1607554730,"path_taken":["M","?","?","?","M","E","R","M","T","?","?","E","$","M","R","BOSS","M","?","?","M","?","R","?","E","T","?","M","?","M","?","R","BOSS","M","?","?","?","M","M","R","E","T","?","E","$","?","?","R","BOSS"],"build_version":"2020-11-30","purchased_purges":2,"victory":true,"max_hp_per_floor":[71,71,71,71,71,71,71,71,71,71,71,71,71,71,71,73,73,73,78,78,78,78,78,78,78,78,78,78,78,78,78,78,78,78,78,78,78,78,78,78,78,78,78,78,78,78,78,78,78,78],"relic_stats":{"Sozu":7,"OrangePellets":[7],"Centennial Puzzle":[12],"counters":[23,103],"Shuriken":[31],"PreservedInsect":113,"Black Star":2,"Smiling Mask":0,"Boot":[28],"obtain_stats":[{"Golden Idol":3,"DemoMod:GlassGuonStoneRelic":1,"PreservedInsect":38,"Omamori":26,"Boundary_crack":0,"Smiling Mask":42,"Boot":43,"Mercury Hourglass":25,"Sozu":17,"OrangePellets":38,"Centennial Puzzle":6,"Shuriken":12,"Molten Egg 2":42,"AntiCross":45,"Bag of Marbles":9,"Red Mask":27,"Black Star":34,"Memoryfragments_purpleEX":0,"Meat on the Bone":45},{"Golden Idol":1,"DemoMod:GlassGuonStoneRelic":1,"PreservedInsect":17,"Omamori":12,"Boundary_crack":0,"Smiling Mask":20,"Boot":20,"Mercury Hourglass":12,"Sozu":8,"OrangePellets":17,"Centennial Puzzle":3,"Shuriken":6,"Molten Egg 2":20,"AntiCross":21,"Bag of Marbles":4,"Red Mask":13,"Black Star":16,"Memoryfragments_purpleEX":0,"Meat on the Bone":21},{"Golden Idol":3,"DemoMod:GlassGuonStoneRelic":3,"PreservedInsect":73,"Omamori":50,"Boundary_crack":0,"Smiling Mask":87,"Boot":87,"Mercury Hourglass":50,"Sozu":34,"OrangePellets":73,"Centennial Puzzle":12,"Shuriken":23,"Molten Egg 2":87,"AntiCross":93,"Bag of Marbles":15,"Red Mask":53,"Black Star":68,"Memoryfragments_purpleEX":0,"Meat on the Bone":93}],"Mercury Hourglass":[212],"Meat on the Bone":0},"card_choices":[{"not_picked":["Realm_recovery_purpleEX","Shallow_ocean_purpleEX"],"picked":"ExistenceContinue_purple","floor":1.0},{"not_picked":["Realm_recovery_purpleEX","ExistenceContinue_purple"],"picked":"WeekHit_purple","floor":5},{"not_picked":["Line_surface_state_purple","WangLiang_OokamiKakushi_purple"],"picked":"DimensionStaggered_purple","floor":6},{"not_picked":["MNeedle_purple","Boundary_DreamRealityDamnation_purple"],"picked":"Charmbait_purple","floor":8},{"not_picked":["Umbrella_purple","EighthInstrument_OneDividesIntoTwo_purple"],"picked":"OmniscientAndOmnipotent_Monster_purple","floor":10},{"not_picked":["WeekHit_purple","StateDuplicate_purple"],"picked":"Mirror_FourBoundary_purple","floor":12},{"not_picked":["Worldmountain_purple","ExistenceContinue_purple"],"picked":"RealityDreamConfluencek_purple","floor":14},{"not_picked":["GluttonyofRealm_purpleEX","Theboundaryofcreation_purpleEX"],"picked":"Fancifulhole_purple","floor":16},{"not_picked":["WatchEChange_purple","Charmbait_purple"],"picked":"Nest_LightFlightworm_purple","floor":18},{"not_picked":["RuleDissolution_purple","Mirror_FormAndEmptin_purple"],"picked":"Nest_LightFlightworm_purple","floor":21},{"not_picked":["SharpContractionReality_purple","UniverseChoice_purple"],"picked":"OmniscientAndOmnipotent_Monster_purple+1","floor":24},{"not_picked":["Shallow_ocean_purpleEX","StretchesForeverDream_purple"],"picked":"Bait_HighSpeedFlying_purple","floor":25},{"not_picked":["Boundary_of_Extermination_purpleEX","Shallow_ocean_purpleEX+1"],"picked":"DimensionStaggered_purple+1","floor":27},{"not_picked":["Mirror_FormAndEmptin_purple","RuleDissolution_purple"],"picked":"WatchEyeChange_purple","floor":28},{"not_picked":["Realm_recovery_purpleEX","SharpContractionReality_purple"],"picked":"SfantasyHide_purple","floor":30},{"not_picked":["Human_Monster_Realm_purple","Boundary_LifeAndDeath_purple"],"picked":"Monsters_DoubleDeathButterfly_purple","floor":33},{"not_picked":["Worldmountain_purple","ExistenceContinue_purple+1"],"picked":"OmniscientAndOmnipotent_Monster_purple","floor":35},{"not_picked":["Boundary_DreamRealityDamnation_purple","Shallow_ocean_purpleEX"],"picked":"MonsterNeedle_purple","floor":39},{"not_picked":["CommonSense_AntiCommonSense_purple","PositiveMatter_Antimatter_Universe_purple+1"],"picked":"StateErode_purple","floor":40},{"not_picked":["DarkRealmRedLine_purple+1","MetroBOOM_purple"],"picked":"WasteWire_Metro_purple+1","floor":42},{"not_picked":["FragmentationRealm_purple+1","Worldmountain_purple+1"],"picked":"Shallow_ocean_purpleEX+1","floor":45},{"not_picked":["StateDuplicate_purple","StretchesForeverDream_purple"],"picked":"Charmbait_purple+1","floor":48}],"player_experience":694370,"relics_obtained":[{"floor":6,"key":"Centennial Puzzle"},{"floor":9,"key":"Bag of Marbles"},{"floor":12,"key":"Shuriken"},{"floor":25,"key":"Mercury Hourglass"},{"floor":26,"key":"Omamori"},{"floor":27,"key":"Red Mask"},{"floor":42,"key":"Smiling Mask"},{"floor":42,"key":"Molten Egg 2"},{"floor":43,"key":"Boot"},{"floor":45,"key":"Meat on the Bone"},{"floor":45,"key":"AntiCross"}],"event_choices":[{"damage_healed":0.0,"max_hp_gain":0.0,"max_hp_loss":0.0,"gold_gain":0.0,"event_name":"The Cleric","player_choice":"Leave","floor":2.0,"gold_loss":0.0,"damage_taken":0.0},{"damage_healed":0.0,"max_hp_gain":0.0,"max_hp_loss":0.0,"gold_gain":0.0,"event_name":"Golden Idol","player_choice":"Take Wound","floor":3.0,"gold_loss":0.0,"damage_taken":0.0,"relics_obtained":["Golden Idol"],"cards_obtained":["Injury"]},{"damage_healed":0.0,"max_hp_gain":0.0,"max_hp_loss":0.0,"gold_gain":0.0,"event_name":"Match and Keep!","player_choice":"2 cards matched","floor":4.0,"gold_loss":0.0,"damage_taken":0.0,"cards_obtained":["Observe_purple_1","Decay"]},{"damage_healed":49,"gold_gain":0,"player_choice":"Embrace Burn","damage_taken":0,"max_hp_gain":0,"max_hp_loss":71,"event_name":"betterThird:BetterShining","floor":11,"gold_loss":0},{"damage_healed":0,"gold_gain":0,"player_choice":"Shed Blood","damage_taken":26,"max_hp_gain":5,"max_hp_loss":0,"event_name":"Forgotten Altar","floor":19,"gold_loss":0},{"cards_removed":["Decay"],"damage_healed":0,"gold_gain":0,"player_choice":"Gave Gold","damage_taken":0,"max_hp_gain":0,"max_hp_loss":0,"event_name":"Beggar","floor":20,"gold_loss":75},{"damage_healed":0,"gold_gain":0,"player_choice":"2 cards matched","damage_taken":0,"max_hp_gain":0,"max_hp_loss":0,"event_name":"Match and Keep!","floor":22,"gold_loss":0,"cards_obtained":["Bait_Toxicbait_purple","ContainerChange_purple"]},{"damage_healed":0,"gold_gain":0,"player_choice":"Fought Bandits","damage_taken":0,"max_hp_gain":0,"max_hp_loss":0,"event_name":"Masked Bandits","floor":27,"gold_loss":0},{"damage_healed":16,"gold_gain":0,"player_choice":"Heal","damage_taken":0,"max_hp_gain":0,"max_hp_loss":0,"event_name":"The Library","floor":29,"gold_loss":0},{"damage_healed":16,"gold_gain":0,"player_choice":"Writhe","damage_taken":0,"max_hp_gain":0,"max_hp_loss":0,"event_name":"Winding Halls","floor":36,"gold_loss":0,"cards_obtained":["Writhe"]},{"damage_healed":0,"gold_gain":333,"player_choice":"Gave Idol","damage_taken":0,"max_hp_gain":0,"max_hp_loss":0,"event_name":"The Moai Head","floor":37,"relics_lost":["Golden Idol"],"gold_loss":0},{"cards_removed":["AT_purpleEX"],"damage_healed":0,"gold_gain":0,"player_choice":"Purged","damage_taken":0,"max_hp_gain":0,"max_hp_loss":0,"event_name":"Purifier","floor":47,"gold_loss":0}],"is_beta":false,"boss_relics":[{"not_picked":["Busted Crown","Coffee Dripper"],"picked":"Sozu"},{"not_picked":["Fusion Hammer","Silver_Glasses"],"picked":"Black Star"}],"items_purged_floors":[13,38],"is_endless":false,"potions_floor_spawned":[1,8,10,16,21,25,27,33,39,40,48],"ascension_level":15}}