{"host":"mfnmuqrd82gyb59l","time":1607524829,"event":{"gold_per_floor":[113,113,113,132,151,151,161,161,161],"floor_reached":8,"playtime":1186,"items_purged":[],"score":53,"play_id":"7601b1eb-a955-4ec8-b46e-728b48d59fe3","local_time":"20201210014029","is_ascension_mode":true,"campfire_choices":[{"floor":6,"key":"RECALL"}],"neow_cost":"NONE","seed_source_timestamp":30748453323900,"circlet_count":0,"master_deck":["Strike_R","Strike_R","Strike_R","Strike_R","Defend_R","Defend_R","Defend_R","Defend_R","Bash","Clothesline","Pain","Battle Trance"],"relics":["Burning Blood","Matryoshka","WarpedTongs"],"potions_floor_usage":[],"damage_taken":[{"damage":11,"enemies":"2 Louse","floor":1,"turns":3},{"damage":2,"enemies":"Small Slimes","floor":4,"turns":3},{"damage":7,"enemies":"Cultist","floor":5,"turns":3},{"damage":21,"enemies":"Red Slaver","floor":7,"turns":4},{"damage":49,"enemies":"Gremlin Nob","floor":8,"turns":4}],"seed_played":"1558350693739540842","potions_obtained":[{"floor":4,"key":"BloodPotion"},{"floor":5,"key":"LiquidMemories"}],"is_trial":false,"path_per_floor":["M","?","?","M","M","R","M","E"],"character_chosen":"IRONCLAD","items_purchased":[],"campfire_rested":0,"item_purchase_floors":[],"current_hp_per_floor":[75,57,57,61,60,60,45,0,0],"gold":161,"neow_bonus":"REMOVE_CARD","is_prod":false,"is_daily":false,"chose_seed":false,"campfire_upgraded":0,"win_rate":0,"timestamp":1607524829,"path_taken":["M","?","?","M","M","R","?","E"],"build_version":"2020-11-30","purchased_purges":0,"victory":false,"max_hp_per_floor":[80,80,80,80,80,80,80,80,80],"card_choices":[{"not_picked":["Warcry","Ghostly Armor"],"picked":"Clothesline","floor":1},{"not_picked":["Wild Strike","Clash","Sever Soul"],"picked":"SKIP","floor":4},{"not_picked":["Impervious","Sword Boomerang","Cleave"],"picked":"SKIP","floor":5},{"not_picked":["Heavy Blade","Pummel"],"picked":"Battle Trance","floor":7}],"player_experience":1993586,"relics_obtained":[],"event_choices":[{"damage_healed":0,"gold_gain":0,"player_choice":"Success","damage_taken":18,"relics_obtained":["Matryoshka"],"max_hp_gain":0,"max_hp_loss":0,"event_name":"Scrap Ooze","floor":2,"gold_loss":0},{"damage_healed":0,"gold_gain":0,"player_choice":"Rummage","damage_taken":0,"relics_obtained":["WarpedTongs"],"max_hp_gain":0,"max_hp_loss":0,"event_name":"Accursed Blacksmith","floor":3,"gold_loss":0,"cards_obtained":["Pain"]}],"is_beta":false,"boss_relics":[],"items_purged_floors":[],"is_endless":false,"potions_floor_spawned":[4,5],"killed_by":"Gremlin Nob","ascension_level":2}}