{"host":"4od3vimf955filln","time":1607556738,"event":{"gold_per_floor":[109,109,121,121,121,149,179,216,255,267,289,320,358,370,382,494,506,528,540,52,52,52,52,52,87,139,151,183,198,123,153,153,257,257,275,295,311,80,80,105,105,130,130,157,210,224,259,272,272,272],"floor_reached":51,"playtime":2828,"items_purged":["Defend_R","Defend_R"],"score":861,"play_id":"4ee3bfc9-42ad-4d3a-8698-6ce16754dfc0","local_time":"20201209233218","is_ascension_mode":false,"campfire_choices":[{"floor":10,"key":"REST"},{"data":"Disarm","floor":15,"key":"SMITH"},{"data":"Demon Form","floor":23,"key":"SMITH"},{"floor":32,"key":"REST"},{"data":"Reaper","floor":41,"key":"SMITH"},{"data":"Reaper","floor":49,"key":"SMITH"}],"neow_cost":"","seed_source_timestamp":544400979640000,"circlet_count":0,"master_deck":["Defend_R","Bash","Power Through+1","Sword Boomerang+1","Disarm+1","Twin Strike","Disarm","Pommel Strike","Pommel Strike","Demon Form+1","Headbutt","Burning Pact","Inflame+1","Shrug It Off","Bite","Bite","Bite","Bite","Bite","Ghostly Armor","Whirlwind+1","Thunderclap","Shockwave","Clothesline","Double Tap","CurseOfTheBell","Pommel Strike+1","Carnage+1","Reaper+1","Madness","Madness","Reaper+1","Brutality+1","Armaments+1","Parasite","Rage"],"relics":["Burning Blood","Bronze Scales","MawBank","MealTicket","Orichalcum","Bag of Marbles","Velvet Choker","Frozen Egg 2","Vajra","Red Mask","Dream Catcher","Blood Vial","Anchor","Calling Bell","Strawberry","Letter Opener","Thread and Needle","PreservedInsect","Juzu Bracelet","HornCleat","Ancient Tea Set","FossilizedHelix","White Beast Statue"],"potions_floor_usage":[11,16,37,40,46,48],"damage_taken":[{"damage":1,"enemies":"Cultist","floor":1,"turns":3},{"damage":0,"enemies":"Small Slimes","floor":3,"turns":3},{"damage":31,"enemies":"3 Sentries","floor":6,"turns":9},{"damage":4,"enemies":"Jaw Worm","floor":7,"turns":4},{"damage":29,"enemies":"Lagavulin","floor":8,"turns":8},{"damage":8,"enemies":"3 Louse","floor":11,"turns":3},{"damage":4,"enemies":"2 Fungi Beasts","floor":12,"turns":3},{"damage":3,"enemies":"The Guardian","floor":16,"turns":12},{"damage":0,"enemies":"Shell Parasite","floor":18,"turns":4},{"damage":23,"enemies":"Masked Bandits","floor":25,"turns":4},{"damage":0,"enemies":"Chosen","floor":27,"turns":3},{"damage":0,"enemies":"Gremlin Leader","floor":28,"turns":6},{"damage":5,"enemies":"Sentry and Sphere","floor":29,"turns":4},{"damage":7,"enemies":"Book of Stabbing","floor":31,"turns":4},{"damage":16,"enemies":"Champ","floor":33,"turns":7},{"damage":20,"enemies":"3 Darklings","floor":35,"turns":5},{"damage":0,"enemies":"Orb Walker","floor":36,"turns":3},{"damage":15,"enemies":"Sphere and 2 Shapes","floor":37,"turns":5},{"damage":29,"enemies":"Nemesis","floor":40,"turns":7},{"damage":25,"enemies":"Reptomancer","floor":42,"turns":4},{"damage":27,"enemies":"Giant Head","floor":44,"turns":7},{"damage":13,"enemies":"2 Orb Walkers","floor":45,"turns":4},{"damage":35,"enemies":"Spire Growth","floor":46,"turns":5},{"damage":33,"enemies":"Nemesis","floor":47,"turns":5},{"damage":4,"enemies":"Writhing Mass","floor":48,"turns":6},{"damage":67,"enemies":"Awakened One","floor":50,"turns":11}],"seed_played":"7732331489614990153","potions_obtained":[{"floor":6,"key":"FearPotion"},{"floor":7,"key":"BloodPotion"},{"floor":8,"key":"SpeedPotion"},{"floor":11,"key":"DistilledChaos"},{"floor":12,"key":"SteroidPotion"},{"floor":18,"key":"ElixirPotion"},{"floor":33,"key":"Fire Potion"},{"floor":35,"key":"LiquidMemories"},{"floor":37,"key":"BlessingOfTheForge"},{"floor":44,"key":"SteroidPotion"},{"floor":47,"key":"Energy Potion"},{"floor":48,"key":"FearPotion"}],"is_trial":false,"path_per_floor":["M","?","M","?","?","E","M","E","T","R","M","M","T","$","R","B",null,"M","?","$","?","?","R","$","?","T","M","E","M","$","E","R","B",null,"M","M","M","$","?","E","R","E","T","E","?","M","E","M","R","B",null],"character_chosen":"IRONCLAD","items_purchased":["Frozen Egg 2","Inflame+1","Shrug It Off","Vajra","Reaper","Fire Potion"],"campfire_rested":2,"item_purchase_floors":[20,20,20,20,38,38],"current_hp_per_floor":[80,77,80,64,64,39,41,18,18,42,56,58,58,73,73,76,80,80,80,80,56,56,56,56,45,45,55,56,56,56,56,56,46,63,49,63,56,63,55,44,44,48,48,37,42,52,33,51,51,44],"gold":272,"neow_bonus":"","is_prod":false,"is_daily":false,"chose_seed":false,"campfire_upgraded":4,"win_rate":0.0,"timestamp":1607556738,"path_taken":["M","?","M","?","?","E","?","E","T","R","M","M","?","$","R","BOSS","M","?","$","?","?","R","?","?","T","M","E","?","$","E","R","BOSS","M","M","M","$","?","E","R","E","T","E","?","M","E","M","R","BOSS"],"build_version":"2020-11-30","purchased_purges":2,"victory":true,"max_hp_per_floor":[80,80,80,80,80,80,80,80,80,80,80,80,80,80,80,80,80,80,80,80,56,56,56,56,56,56,56,56,56,56,56,56,56,63,63,63,63,63,63,63,63,63,63,63,63,63,63,63,63,63],"relic_stats":{"Blood Vial":18,"Dream Catcher":1,"counters":[26,139],"Bronze Scales":[335],"MealTicket":22,"PreservedInsect":230,"Juzu Bracelet":0,"Letter Opener":[16],"Orichalcum":[282],"MawBank":168,"obtain_stats":[{"Velvet Choker":17,"Vajra":20,"Thread and Needle":34,"PreservedInsect":40,"Juzu Bracelet":42,"Letter Opener":34,"Orichalcum":9,"Frozen Egg 2":20,"MawBank":6,"Ancient Tea Set":44,"Burning Blood":0,"White Beast Statue":47,"Blood Vial":28,"Calling Bell":34,"Dream Catcher":26,"Anchor":31,"HornCleat":43,"Bronze Scales":2,"Strawberry":34,"MealTicket":8,"Bag of Marbles":13,"Red Mask":25,"FossilizedHelix":45},{"Velvet Choker":8,"Vajra":9,"Thread and Needle":15,"PreservedInsect":19,"Juzu Bracelet":20,"Letter Opener":15,"Orichalcum":5,"Frozen Egg 2":9,"MawBank":3,"Ancient Tea Set":21,"Burning Blood":0,"White Beast Statue":24,"Blood Vial":12,"Calling Bell":15,"Dream Catcher":10,"Anchor":14,"HornCleat":20,"Bronze Scales":1,"Strawberry":15,"MealTicket":5,"Bag of Marbles":7,"Red Mask":10,"FossilizedHelix":22},{"Velvet Choker":45,"Vajra":49,"Thread and Needle":77,"PreservedInsect":97,"Juzu Bracelet":101,"Letter Opener":77,"Orichalcum":27,"Frozen Egg 2":49,"MawBank":15,"Ancient Tea Set":108,"Burning Blood":0,"White Beast Statue":122,"Blood Vial":62,"Calling Bell":77,"Dream Catcher":53,"Anchor":70,"HornCleat":101,"Bronze Scales":3,"Strawberry":77,"MealTicket":27,"Bag of Marbles":33,"Red Mask":53,"FossilizedHelix":112}],"Burning Blood":132},"card_choices":[{"not_picked":["Clash","Iron Wave"],"picked":"Power Through","floor":1},{"not_picked":["Power Through","Anger"],"picked":"Sword Boomerang","floor":3},{"not_picked":["Brutality","Iron Wave"],"picked":"Disarm","floor":6},{"not_picked":["Clash","Second Wind"],"picked":"Twin Strike","floor":7},{"not_picked":["Iron Wave","Flex"],"picked":"Disarm","floor":8},{"not_picked":["Rampage","Twin Strike"],"picked":"Pommel Strike","floor":11},{"not_picked":["Body Slam","Disarm"],"picked":"Pommel Strike","floor":12},{"not_picked":["Berserk","Fiend Fire"],"picked":"Demon Form","floor":16},{"not_picked":["Clash+1","Pommel Strike"],"picked":"Headbutt","floor":18},{"not_picked":["Dark Embrace+1","Anger"],"picked":"Ghostly Armor","floor":25},{"not_picked":["Ghostly Armor+1","Headbutt"],"picked":"Whirlwind+1","floor":27},{"not_picked":["Clothesline","Fire Breathing+1","Power Through"],"picked":"SKIP","floor":28},{"not_picked":["Burning Pact","Clothesline"],"picked":"Thunderclap","floor":29},{"not_picked":["Bloodletting","Cleave+1"],"picked":"Shockwave","floor":31},{"not_picked":["Thunderclap","Twin Strike+1"],"picked":"Clothesline","floor":32},{"not_picked":["Berserk+1","Juggernaut+1"],"picked":"Double Tap","floor":33},{"not_picked":["Twin Strike","Perfected Strike+1"],"picked":"Pommel Strike+1","floor":35},{"not_picked":["Thunderclap","Flex"],"picked":"Carnage+1","floor":36},{"not_picked":["Iron Wave","Cleave","Warcry+1"],"picked":"SKIP","floor":37},{"not_picked":["Shockwave","Pummel"],"picked":"Reaper","floor":40},{"not_picked":["Rupture+1","Armaments","Warcry"],"picked":"SKIP","floor":42},{"not_picked":["Barricade+1","Clothesline+1"],"picked":"Brutality+1","floor":44},{"not_picked":["Battle Trance","Reckless Charge+1"],"picked":"Armaments+1","floor":45},{"not_picked":["Sword Boomerang","Rampage","Clash+1"],"picked":"SKIP","floor":46},{"not_picked":["Sword Boomerang+1","Entrench+1","Clash"],"picked":"SKIP","floor":47},{"not_picked":["Body Slam","Flex+1"],"picked":"Rage","floor":48}],"player_experience":0,"relics_obtained":[{"floor":6,"key":"MawBank"},{"floor":8,"key":"MealTicket"},{"floor":9,"key":"Orichalcum"},{"floor":13,"key":"Bag of Marbles"},{"floor":25,"key":"Red Mask"},{"floor":26,"key":"Dream Catcher"},{"floor":28,"key":"Blood Vial"},{"floor":31,"key":"Anchor"},{"floor":34,"key":"Strawberry"},{"floor":34,"key":"Letter Opener"},{"floor":34,"key":"Thread and Needle"},{"floor":40,"key":"PreservedInsect"},{"floor":42,"key":"Juzu Bracelet"},{"floor":43,"key":"HornCleat"},{"floor":44,"key":"Ancient Tea Set"},{"floor":45,"key":"FossilizedHelix"},{"floor":47,"key":"White Beast Statue"}],"event_choices":[{"damage_healed":0,"gold_gain":0,"player_choice":"Success","damage_taken":3,"relics_obtained":["Bronze Scales"],"max_hp_gain":0,"max_hp_loss":0,"event_name":"Scrap Ooze","floor":2,"gold_loss":0},{"damage_healed":0,"gold_gain":0,"player_choice":"Entered Light","damage_taken":16,"max_hp_gain":0,"max_hp_loss":0,"event_name":"Shining Light","floor":4,"gold_loss":0,"cards_upgraded":["Sword Boomerang","Power Through"]},{"cards_removed":["Strike_R"],"damage_healed":0,"gold_gain":0,"player_choice":"Offered Basic","damage_taken":0,"max_hp_gain":0,"max_hp_loss":0,"event_name":"Bonfire Elementals","floor":5,"gold_loss":0},{"damage_healed":0,"gold_gain":0,"player_choice":"Read","damage_taken":0,"max_hp_gain":0,"max_hp_loss":0,"event_name":"The Library","floor":19,"gold_loss":0,"cards_obtained":["Burning Pact"]},{"damage_healed":0,"gold_gain":0,"player_choice":"Became a vampire","damage_taken":0,"max_hp_gain":0,"max_hp_loss":24,"event_name":"Vampires","floor":21,"gold_loss":0,"cards_obtained":["Bite","Bite","Bite","Bite","Bite"]},{"cards_removed":["Defend_R"],"damage_healed":0,"gold_gain":0,"player_choice":"Elegance","damage_taken":0,"max_hp_gain":0,"max_hp_loss":0,"event_name":"Back to Basics","floor":22,"gold_loss":0},{"damage_healed":0,"gold_gain":0,"player_choice":"Fought Bandits","damage_taken":0,"max_hp_gain":0,"max_hp_loss":0,"event_name":"Masked Bandits","floor":25,"gold_loss":0},{"damage_healed":0,"gold_gain":0,"player_choice":"Embrace Madness","damage_taken":8,"max_hp_gain":0,"max_hp_loss":0,"event_name":"Winding Halls","floor":39,"gold_loss":0,"cards_obtained":["Madness","Madness"]},{"damage_healed":0,"gold_gain":0,"player_choice":"Fight","damage_taken":0,"max_hp_gain":0,"max_hp_loss":0,"event_name":"Mysterious Sphere","floor":45,"gold_loss":0}],"is_beta":false,"boss_relics":[{"not_picked":["Coffee Dripper","Philosopher\u0027s Stone"],"picked":"Velvet Choker"},{"not_picked":["Fusion Hammer","Runic Pyramid"],"picked":"Calling Bell"}],"items_purged_floors":[30,38],"is_endless":false,"potions_floor_spawned":[6,7,8,11,12,18,31,33,35,37,44,45,47,48],"ascension_level":0}}