{"host":"og6lam4kt3nibbw0","time":1607542455,"event":{"gold_per_floor":[113,125,125,144,144,171,171,200,257,289,301,313,325,337,361,373,459,471,496,508,520,551,613,547,547,566,566,593,593,593],"floor_reached":29,"playtime":676,"items_purged":[],"score":462,"play_id":"720b461f-3e96-4573-8879-64f2464630cc","local_time":"20201210043415","is_ascension_mode":true,"campfire_choices":[{"data":"Apotheosis","floor":7.0,"key":"SMITH"},{"floor":14.0,"key":"REST"},{"floor":16.0,"key":"REST"},{"floor":25.0,"key":"REST"},{"floor":27,"key":"REST"}],"neow_cost":"TEN_PERCENT_HP_LOSS","seed_source_timestamp":537794923090899,"circlet_count":0,"master_deck":["AscendersBane","Strike_P","Strike_P","Strike_P","Defend_P","Defend_P","Eruption","Vigilance","Apotheosis+1","Consecrate","Halt+1","CrushJoints+1","DeusExMachina","Adaptation"],"special_seed":0,"relics":["PureWater","Sundial","MawBank","Pen Nib","Empty Cage"],"potions_floor_usage":[],"damage_taken":[{"damage":4.0,"enemies":"Jaw Worm","floor":1.0,"turns":5.0},{"damage":0.0,"enemies":"Small Slimes","floor":2.0,"turns":3.0},{"damage":0.0,"enemies":"Cultist","floor":4.0,"turns":2.0},{"damage":8.0,"enemies":"Gremlin Nob","floor":6.0,"turns":3.0},{"damage":32.0,"enemies":"Lagavulin","floor":8.0,"turns":6.0},{"damage":10.0,"enemies":"Red Slaver","floor":10.0,"turns":3.0},{"damage":0.0,"enemies":"Gremlin Gang","floor":15.0,"turns":3.0},{"damage":6.0,"enemies":"The Guardian","floor":17.0,"turns":9.0},{"damage":0.0,"enemies":"Spheric Guardian","floor":19.0,"turns":3.0},{"damage":32.0,"enemies":"3 Byrds","floor":22.0,"turns":6.0},{"damage":27,"enemies":"Shelled Parasite and Fungi","floor":26,"turns":3},{"damage":39,"enemies":"Slavers","floor":29,"turns":2}],"seed_played":"8468780671617903917","potions_obtained":[{"floor":2.0,"key":"DuplicationPotion"},{"floor":4.0,"key":"PowerPotion"},{"floor":10.0,"key":"Explosive Potion"}],"is_trial":false,"path_per_floor":["M","M","?","M","?","E","R","E","T","M","M","?","?","R","M","R","B",null,"M","$","?","M","?","$","R","M","R","T","E"],"character_chosen":"WATCHER","items_purchased":["Adaptation"],"campfire_rested":4,"item_purchase_floors":[24],"current_hp_per_floor":[57,57,57,57,57,49,49,17,17,7,7,7,7,25,25,43,37,56,56,56,56,24,24,24,42,15,33,33,0,0],"gold":593,"neow_bonus":"RANDOM_COLORLESS_2","is_prod":false,"is_daily":false,"chose_seed":false,"campfire_upgraded":1,"win_rate":0,"timestamp":1607542455,"path_taken":["M","M","?","M","?","E","R","E","T","M","M","?","?","R","M","R","BOSS","M","$","?","?","?","$","R","M","R","T","E"],"build_version":"2020-11-30","purchased_purges":0,"victory":false,"max_hp_per_floor":[62,62,62,62,62,62,62,62,62,62,62,62,62,62,62,62,62,62,62,62,62,62,62,62,62,62,62,62,62,62],"card_choices":[{"not_picked":["Magnetism","Metamorphosis"],"picked":"Apotheosis","floor":0.0},{"not_picked":["SashWhip","EmptyFist"],"picked":"Consecrate","floor":1.0},{"not_picked":["ThirdEye","Wallop","PathToVictory"],"picked":"SKIP","floor":2.0},{"not_picked":["Indignation","Protect"],"picked":"Halt","floor":4.0},{"not_picked":["SandsOfTime","EmptyBody","Study"],"picked":"SKIP","floor":6.0},{"not_picked":["Evaluate","Ragnarok","ClearTheMind"],"picked":"SKIP","floor":8.0},{"not_picked":["EmptyBody","Prostrate","BowlingBash"],"picked":"SKIP","floor":10.0},{"not_picked":["InnerPeace","Nirvana"],"picked":"CrushJoints","floor":15.0},{"not_picked":["LessonLearned","Alpha"],"picked":"DeusExMachina","floor":17.0},{"not_picked":["EmptyBody","LikeWater","Protect"],"picked":"SKIP","floor":19.0},{"not_picked":["Collect","EmptyBody","Crescendo"],"picked":"SKIP","floor":22.0},{"not_picked":["Study","SashWhip","Pray"],"picked":"SKIP","floor":26}],"player_experience":759509,"relics_obtained":[{"floor":6.0,"key":"Sundial"},{"floor":8.0,"key":"MawBank"},{"floor":9.0,"key":"Pen Nib"}],"event_choices":[{"cards_removed":["Defend_P"],"damage_healed":0.0,"max_hp_gain":0.0,"max_hp_loss":0.0,"gold_gain":0.0,"event_name":"Living Wall","player_choice":"Forget","floor":3.0,"gold_loss":0.0,"damage_taken":0.0},{"damage_healed":0.0,"max_hp_gain":0.0,"max_hp_loss":0.0,"gold_gain":0.0,"event_name":"Scrap Ooze","player_choice":"Fled","floor":5.0,"gold_loss":0.0,"damage_taken":0.0},{"damage_healed":0.0,"max_hp_gain":0.0,"max_hp_loss":0.0,"gold_gain":0.0,"event_name":"Golden Idol","player_choice":"Ignored","floor":12.0,"gold_loss":0.0,"damage_taken":0.0},{"damage_healed":0.0,"max_hp_gain":0.0,"max_hp_loss":0.0,"gold_gain":0.0,"event_name":"Upgrade Shrine","player_choice":"Upgraded","floor":13.0,"gold_loss":0.0,"damage_taken":0.0,"cards_upgraded":["Halt"]},{"damage_healed":0.0,"max_hp_gain":0.0,"max_hp_loss":0.0,"gold_gain":0.0,"event_name":"Accursed Blacksmith","player_choice":"Forge","floor":21.0,"gold_loss":0.0,"damage_taken":0.0,"cards_upgraded":["CrushJoints"]},{"damage_healed":0.0,"max_hp_gain":0.0,"max_hp_loss":0.0,"gold_gain":100.0,"event_name":"The Joust","player_choice":"Bet on Murderer","floor":23.0,"gold_loss":50.0,"damage_taken":0.0}],"is_beta":false,"boss_relics":[{"not_picked":["Tiny House","Runic Pyramid"],"picked":"Empty Cage"}],"items_purged_floors":[],"is_endless":false,"potions_floor_spawned":[2,4,10],"killed_by":"Slavers","ascension_level":20}}