{"host":"ec2wu4mdnvke243f","time":1607525907,"event":{"gold_per_floor":[99,118,118,118,148,164,164,4,29,29,44,44,66,86,105,115,115],"floor_reached":16,"playtime":1105,"items_purged":[],"score":118,"play_id":"0e18e0dc-8331-4c92-bc82-e0b257d068ff","local_time":"20201209155827","is_ascension_mode":true,"campfire_choices":[{"floor":1,"key":"RECALL"},{"floor":3,"key":"REST"},{"data":"hermit:Showdown","floor":10,"key":"SMITH"}],"neow_cost":"PERCENT_DAMAGE","seed_source_timestamp":193291070007100,"circlet_count":0,"master_deck":["hermit:Strike_Hermit","hermit:Strike_Hermit","hermit:Strike_Hermit","hermit:Strike_Hermit","hermit:Defend_Hermit","hermit:Defend_Hermit","hermit:Defend_Hermit","hermit:Defend_Hermit+1","hermit:Snapshot","hermit:Covet","hermit:Misfire","hermit:Quickdraw","hermit:Scavenge","hermit:Glare","hermit:Dissolve+1","hermit:Showdown+1","hermit:HighCaliber","hermit:TrackingShot","hermit:Coalescence","Panacea","hermit:Scavenge","hermit:GoldenBullet","hermit:EyeOfTheStorm"],"relics":["hermit:Momento","Sundial","Orrery","War Paint"],"potions_floor_usage":[9,9,16,16,16],"damage_taken":[{"damage":12,"enemies":"infinitespire:Voidling","floor":2,"turns":3},{"damage":30,"enemies":"3 Sentries","floor":5,"turns":9},{"damage":3,"enemies":"Jaw Worm","floor":6,"turns":2},{"damage":1,"enemies":"downfall:FleeingMerchant","floor":8,"turns":4},{"damage":3,"enemies":"Lagavulin","floor":9,"turns":5},{"damage":0,"enemies":"Cultist","floor":11,"turns":3},{"damage":19,"enemies":"Exordium Wildlife","floor":13,"turns":5},{"damage":0,"enemies":"Red Slaver","floor":14,"turns":1},{"damage":7,"enemies":"Gremlin Gang","floor":15,"turns":6},{"damage":23,"enemies":"downfall:CharBossIronclad","floor":16,"turns":9}],"seed_played":"-4862363784296658362","potions_obtained":[{"floor":4,"key":"hermit:Eclipse"},{"floor":4,"key":"Block Potion"},{"floor":4,"key":"DistilledChaos"},{"floor":13,"key":"Explosive Potion"},{"floor":14,"key":"EssenceOfSteel"}],"is_trial":false,"path_per_floor":["R","M","R","?","E","M","T","$","E","R","M","?","M","M","M","B"],"character_chosen":"HERMIT","items_purchased":["Orrery"],"campfire_rested":1,"item_purchase_floors":[8],"current_hp_per_floor":[68,60,86,86,56,53,53,52,49,49,49,49,30,30,23,0,0],"gold":115,"neow_bonus":"TWENTY_PERCENT_HP_BONUS","is_prod":false,"is_daily":false,"chose_seed":false,"campfire_upgraded":1,"win_rate":0,"timestamp":1607525907,"path_taken":["R","?","R","?","E","?","T","$","E","R","M","?","M","M","M","BOSS"],"build_version":"2020-11-30","purchased_purges":0,"victory":false,"max_hp_per_floor":[89,89,89,89,89,89,89,89,89,89,89,89,89,89,89,89,89],"card_choices":[{"not_picked":["hermit:Vantage","hermit:LowProfile"],"picked":"hermit:Misfire","floor":2},{"not_picked":["hermit:Spite","hermit:HoleUp"],"picked":"hermit:Quickdraw","floor":5},{"not_picked":["hermit:Brawl","hermit:TakeAim"],"picked":"hermit:Scavenge","floor":6},{"not_picked":["hermit:Manifest","hermit:CalledShot"],"picked":"hermit:Glare","floor":8},{"not_picked":["hermit:BodyArmor","hermit:Horror"],"picked":"hermit:Dissolve","floor":8},{"not_picked":["hermit:Shortfuse","hermit:NoHoldsBarred"],"picked":"hermit:Showdown","floor":8},{"not_picked":["hermit:Coalescence","hermit:Deadeye"],"picked":"hermit:HighCaliber","floor":8},{"not_picked":["hermit:HoleUp","hermit:Spite"],"picked":"hermit:TrackingShot","floor":8},{"not_picked":["hermit:WideOpen","hermit:CalledShot","hermit:HighNoon"],"picked":"SKIP","floor":9},{"not_picked":["hermit:SprayPray","hermit:TakeAim"],"picked":"hermit:Coalescence","floor":11},{"not_picked":["hermit:ShadowCloak","hermit:Vantage"],"picked":"hermit:GoldenBullet","floor":13},{"not_picked":["hermit:TrackingShot","hermit:Ricochet"],"picked":"hermit:EyeOfTheStorm","floor":14},{"not_picked":["hermit:Vantage","hermit:Desperado","hermit:Feint"],"picked":"SKIP","floor":15}],"player_experience":490225,"relics_obtained":[{"floor":5,"key":"Sundial"},{"floor":9,"key":"War Paint"}],"event_choices":[{"damage_healed":0,"gold_gain":0,"player_choice":"Got Potions","damage_taken":0,"max_hp_gain":0,"max_hp_loss":0,"event_name":"Lab","floor":4,"gold_loss":0}],"is_beta":false,"boss_relics":[],"items_purged_floors":[],"is_endless":false,"potions_floor_spawned":[13,14,15],"killed_by":"downfall:CharBossIronclad","ascension_level":1}}