{"host":"baymyijz6sxaqj5s","time":1607557618,"event":{"gold_per_floor":[112,129,129,143,153,153,166,166,166,197,197,207,224,244,244,347,347,358,377,396,416,429,429,429,429],"floor_reached":24,"playtime":1407,"items_purged":[],"score":206,"play_id":"1bd6dec2-46cd-4056-b3ab-88e5db85952f","local_time":"20201210084658","is_ascension_mode":false,"campfire_choices":[{"data":"Redo","floor":6,"key":"SMITH"},{"data":"Coolheaded","floor":8,"key":"SMITH"},{"data":"Zap","floor":15,"key":"SMITH"},{"data":"Electrodynamics","floor":23,"key":"SMITH"}],"neow_cost":"NONE","seed_source_timestamp":549944812883800,"circlet_count":0,"master_deck":["Strike_B","Defend_B","Defend_B","Defend_B","Defend_B","Zap+1","Dualcast+1","Ball Lightning","Leap","Redo+1","Auto Shields","Coolheaded+1","Undo+1","Melter","Conserve Battery","Rebound","Electrodynamics+1","Skim+1","FTL+1","Barrage","Leap","Doom and Gloom+1"],"relics":["Cracked Core","Pen Nib","Dream Catcher","Empty Cage"],"potions_floor_usage":[4,10,10,12,14,18,18,18,21],"damage_taken":[{"damage":6,"enemies":"Jaw Worm","floor":1,"turns":3},{"damage":0,"enemies":"Cultist","floor":2,"turns":4},{"damage":1,"enemies":"2 Louse","floor":4,"turns":3},{"damage":0,"enemies":"Large Slime","floor":5,"turns":4},{"damage":2,"enemies":"Red Slaver","floor":7,"turns":3},{"damage":11,"enemies":"3 Sentries","floor":10,"turns":8},{"damage":0,"enemies":"Blue Slaver","floor":12,"turns":2},{"damage":0,"enemies":"2 Fungi Beasts","floor":13,"turns":3},{"damage":3,"enemies":"Looter","floor":14,"turns":3},{"damage":48,"enemies":"Slime Boss","floor":16,"turns":13},{"damage":3,"enemies":"3 Byrds","floor":18,"turns":5},{"damage":0,"enemies":"Spheric Guardian","floor":19,"turns":2},{"damage":5,"enemies":"Snecko","floor":20,"turns":4},{"damage":6,"enemies":"Shelled Parasite and Fungi","floor":21,"turns":5},{"damage":2,"enemies":"Snake Plant","floor":22,"turns":6},{"damage":61,"enemies":"Slavers","floor":24,"turns":4}],"seed_played":"3517980868406618374","potions_obtained":[{"floor":2,"key":"PowerPotion"},{"floor":7,"key":"EntropicBrew"},{"floor":10,"key":"Regen Potion"},{"floor":13,"key":"Swift Potion"},{"floor":16,"key":"FearPotion"},{"floor":18,"key":"EssenceOfSteel"},{"floor":21,"key":"SteroidPotion"}],"is_trial":false,"path_per_floor":["M","M","?","M","M","R","M","R","T","E","?","M","M","M","R","B",null,"M","M","M","M","M","R","E"],"character_chosen":"DEFECT","items_purchased":[],"campfire_rested":0,"item_purchase_floors":[],"current_hp_per_floor":[69,69,69,68,68,68,66,66,66,55,55,60,60,57,57,9,75,72,72,67,61,59,59,0,0],"gold":429,"neow_bonus":"REMOVE_CARD","is_prod":false,"is_daily":false,"chose_seed":false,"campfire_upgraded":4,"win_rate":0.0,"timestamp":1607557618,"path_taken":["M","M","?","M","?","R","?","R","T","E","?","M","M","M","R","BOSS","M","M","M","M","M","R","E"],"build_version":"2020-11-30","purchased_purges":0,"victory":false,"max_hp_per_floor":[75,75,75,75,75,75,75,75,75,75,75,75,75,75,75,75,75,75,75,75,75,75,75,75,75],"card_choices":[{"not_picked":["Compile Driver","Steam Power"],"picked":"Ball Lightning","floor":1},{"not_picked":["Go for the Eyes","BootSequence"],"picked":"Leap","floor":2},{"not_picked":["Hologram","Scrape"],"picked":"Redo","floor":4},{"not_picked":["Force Field","Scrape"],"picked":"Auto Shields","floor":5},{"not_picked":["Gash","Scrape"],"picked":"Coolheaded","floor":7},{"not_picked":["Self Repair","Sweeping Beam"],"picked":"Undo","floor":10},{"not_picked":["Aggregate","Gash"],"picked":"Melter","floor":12},{"not_picked":["Heatsinks","Cold Snap"],"picked":"Conserve Battery","floor":13},{"not_picked":["Ball Lightning","Hologram"],"picked":"Rebound","floor":14},{"not_picked":["Amplify","Reboot"],"picked":"Electrodynamics","floor":16},{"not_picked":["Rip and Tear","Go for the Eyes"],"picked":"Skim+1","floor":18},{"not_picked":["Rebound","Auto Shields+1"],"picked":"FTL+1","floor":19},{"not_picked":["Hologram","Aggregate"],"picked":"Barrage","floor":20},{"not_picked":["BootSequence+1","Compile Driver"],"picked":"Leap","floor":21},{"not_picked":["Reprogram","Compile Driver"],"picked":"Doom and Gloom+1","floor":22}],"player_experience":130343,"relics_obtained":[{"floor":9,"key":"Pen Nib"},{"floor":10,"key":"Dream Catcher"}],"event_choices":[{"damage_healed":0,"gold_gain":0,"player_choice":"Forge","damage_taken":0,"max_hp_gain":0,"max_hp_loss":0,"event_name":"Accursed Blacksmith","floor":3,"gold_loss":0,"cards_upgraded":["Dualcast"]},{"damage_healed":0,"gold_gain":0,"player_choice":"Grow","damage_taken":0,"max_hp_gain":0,"max_hp_loss":0,"event_name":"Living Wall","floor":11,"gold_loss":0,"cards_upgraded":["Undo"]}],"is_beta":false,"boss_relics":[{"not_picked":["Runic Dome","Black Star"],"picked":"Empty Cage"}],"items_purged_floors":[],"is_endless":false,"potions_floor_spawned":[2,7,10,13,16,18,21],"killed_by":"Slavers","ascension_level":0}}