{"host":"Squid","time":1607524904,"event":{"gold_per_floor":[18,18,31,41,41,74,74,102,102,102,121,121,86,130,130,130,130],"floor_reached":16,"playtime":790,"items_purged":[],"score":183,"play_id":"9603655d-88f9-4cfd-81ea-e29ff0d84050","local_time":"20201209094144","is_ascension_mode":true,"campfire_choices":[{"data":"Neutralize","floor":7,"key":"SMITH"},{"floor":10,"key":"REST"},{"data":"Dagger Throw","floor":15,"key":"SMITH"}],"neow_cost":"NO_GOLD","seed_source_timestamp":923448198900,"circlet_count":0,"master_deck":["AscendersBane","Strike_G","Strike_G","Strike_G","Strike_G","Strike_G","Defend_G","Defend_G","Defend_G","Defend_G","Defend_G","Survivor","Neutralize+1","Dagger Throw+1","Caltrops","Underhanded Strike","Endless Agony","After Image","Tactician","Footwork"],"special_seed":0,"relics":["Ring of the Snake","Ginger","Potion Belt","Bottled Tornado","Smiling Mask","Golden Idol","Mummified Hand"],"potions_floor_usage":[6,14,16],"damage_taken":[{"damage":4.0,"enemies":"Jaw Worm","floor":1.0,"turns":7.0},{"damage":4,"enemies":"Cultist","floor":3,"turns":4},{"damage":0,"enemies":"2 Louse","floor":4,"turns":3},{"damage":17,"enemies":"3 Sentries","floor":6,"turns":8},{"damage":21,"enemies":"Gremlin Nob","floor":8,"turns":5},{"damage":7,"enemies":"Exordium Wildlife","floor":11,"turns":6},{"damage":10,"enemies":"Lagavulin","floor":14,"turns":8},{"damage":39,"enemies":"Slime Boss","floor":16,"turns":15}],"seed_played":"-1991300169714950731","potions_obtained":[{"floor":4,"key":"Block Potion"},{"floor":8,"key":"PowerPotion"},{"floor":14,"key":"SpeedPotion"}],"is_trial":false,"path_per_floor":["M","?","M","M","$","E","R","E","T","R","M","?","?","E","R","B"],"character_chosen":"THE_SILENT","items_purchased":[],"campfire_rested":1,"item_purchase_floors":[],"current_hp_per_floor":[59,59,55,55,55,38,38,17,17,38,31,31,47,37,37,0,0],"gold":130,"neow_bonus":"ONE_RARE_RELIC","is_prod":false,"is_daily":false,"chose_seed":false,"campfire_upgraded":2,"win_rate":0,"timestamp":1607524904,"path_taken":["M","?","M","M","$","E","R","E","T","R","?","?","?","E","R","BOSS"],"build_version":"2020-12-07","purchased_purges":0,"victory":false,"max_hp_per_floor":[70,70,70,70,70,70,70,70,70,70,70,65,65,65,65,65,65],"card_choices":[{"not_picked":["Backflip","Deadly Poison"],"picked":"Dagger Throw","floor":1},{"not_picked":["Backstab","Finisher"],"picked":"Underhanded Strike","floor":3},{"not_picked":["Deflect","Heel Hook"],"picked":"Endless Agony","floor":4},{"not_picked":["Bane","Acrobatics"],"picked":"After Image","floor":6},{"not_picked":["Backflip","Outmaneuver"],"picked":"Tactician","floor":8},{"not_picked":["Setup","PiercingWail"],"picked":"Footwork","floor":11},{"not_picked":["Escape Plan","Poisoned Stab","Flying Knee"],"picked":"SKIP","floor":14}],"player_experience":821967,"relics_obtained":[{"floor":6,"key":"Potion Belt"},{"floor":8,"key":"Bottled Tornado"},{"floor":9,"key":"Smiling Mask"},{"floor":14,"key":"Mummified Hand"}],"event_choices":[{"damage_healed":0,"gold_gain":0,"player_choice":"1 cards matched","damage_taken":0,"max_hp_gain":0,"max_hp_loss":0,"event_name":"Match and Keep!","floor":2,"gold_loss":0,"cards_obtained":["Caltrops"]},{"damage_healed":0,"gold_gain":0,"player_choice":"Lose Max HP","damage_taken":0,"relics_obtained":["Golden Idol"],"max_hp_gain":0,"max_hp_loss":5,"event_name":"Golden Idol","floor":12,"gold_loss":0},{"damage_healed":16,"gold_gain":0,"player_choice":"Healed","damage_taken":0,"max_hp_gain":0,"max_hp_loss":0,"event_name":"The Cleric","floor":13,"gold_loss":35}],"is_beta":true,"boss_relics":[],"items_purged_floors":[],"is_endless":false,"potions_floor_spawned":[4,8,14],"killed_by":"Slime Boss","ascension_level":11}}