{"host":"re9xirrjoezsqg3h","time":1607503239,"event":{"gold_per_floor":[119,138,138,138,157,157,174,174,174,192,192,208,223,12,12,109,109,127,143,143,143,198,198,208,82,108,108,118,130,147,167,254,254,254],"floor_reached":33,"playtime":1828,"items_purged":["hermit:Defend_Hermit","Looming Evil"],"score":245,"play_id":"ed69b6df-0141-42ce-a5ff-0dc87183b580","local_time":"20201209164039","is_ascension_mode":false,"campfire_choices":[{"data":"hermit:Strike_Hermit","floor":6,"key":"SMITH"},{"data":"hermit:Strike_Hermit","floor":8,"key":"SMITH"},{"data":"hermit:GoldenBullet","floor":15,"key":"SMITH"},{"data":"hermit:Snipe","floor":23,"key":"SMITH"},{"data":"hermit:CursedWeapon","floor":27,"key":"SMITH"}],"neow_cost":"NONE","seed_source_timestamp":2069040508300,"circlet_count":0,"master_deck":["hermit:Strike_Hermit+1","hermit:Strike_Hermit","hermit:Strike_Hermit+1","hermit:Defend_Hermit","hermit:Defend_Hermit","hermit:Snapshot","hermit:Covet","hermit:Deadeye","hermit:Ricochet","hermit:Vantage","hermit:GoldenBullet+1","hermit:CursedWeapon+1","hermit:Snipe+1","hermit:Glare","hermit:GoldenBullet+1","hermit:Maintenance+1"],"relics":["hermit:Momento","NeowsBlessing","The Courier","Eternal Feather","ReplayTheSpireMod:TigerMarble","Coffee Dripper","ReplayTheSpireMod:Ring of Challenge","Ring of Peace","Orichalcum"],"potions_floor_usage":[22,29,33],"damage_taken":[{"damage":0,"enemies":"Jaw Worm","floor":1,"turns":1},{"damage":0,"enemies":"Small Slimes","floor":2,"turns":1},{"damage":0,"enemies":"Cultist","floor":5,"turns":1},{"damage":2,"enemies":"Lots of Slimes","floor":7,"turns":5},{"damage":5,"enemies":"Looter","floor":10,"turns":2},{"damage":7,"enemies":"3 Louse","floor":12,"turns":4},{"damage":4,"enemies":"2 Fungi Beasts","floor":13,"turns":5},{"damage":58,"enemies":"Hexaghost","floor":16,"turns":9},{"damage":15,"enemies":"2 Thieves","floor":18,"turns":3},{"damage":18,"enemies":"Cultist and Chosen","floor":19,"turns":5},{"damage":18,"enemies":"Snecko","floor":22,"turns":6},{"damage":14,"enemies":"Sentry and Sphere","floor":24,"turns":4},{"damage":16,"enemies":"Shelled Parasite and Fungi","floor":28,"turns":5},{"damage":0,"enemies":"Snake Plant","floor":29,"turns":3},{"damage":10,"enemies":"Centurion and Healer","floor":30,"turns":4},{"damage":5,"enemies":"Cultist and Chosen","floor":31,"turns":6},{"damage":12,"enemies":"Champ","floor":33,"turns":3}],"seed_played":"-7244901820190852528","potions_obtained":[{"floor":1,"key":"SteroidPotion"},{"floor":10,"key":"Fire Potion"},{"floor":12,"key":"Milkshake"},{"floor":28,"key":"LifebloodPotion"},{"floor":31,"key":"Fire Potion"}],"is_trial":false,"path_per_floor":["M","M","?","?","M","R","M","R","T","M","T","M","M","$","R","B",null,"M","M","?","?","M","R","M","$","T","R","M","M","M","M","R","B"],"character_chosen":"HERMIT","items_purchased":["hermit:CursedWeapon","ReplayTheSpireMod:TigerMarble","hermit:Maintenance+1"],"campfire_rested":0,"item_purchase_floors":[14,14,25],"current_hp_per_floor":[75,75,75,75,75,75,73,73,73,68,68,61,57,57,63,5,75,60,42,42,42,24,33,19,19,19,28,16,16,6,1,10,0,0],"gold":254,"neow_bonus":"THREE_ENEMY_KILL","is_prod":false,"is_daily":false,"chose_seed":false,"campfire_upgraded":5,"win_rate":0.0,"timestamp":1607503239,"path_taken":["M","M","?","?","M","R","M","R","T","M","?","M","M","$","R","BOSS","M","M","?","?","?","R","M","?","T","R","M","M","M","M","R","BOSS"],"build_version":"2020-11-30","purchased_purges":2,"victory":false,"max_hp_per_floor":[75,75,75,75,75,75,75,75,75,75,75,75,75,75,75,75,75,75,75,75,75,75,75,75,75,75,75,75,75,75,75,75,75,75],"card_choices":[{"not_picked":["hermit:Scavenge","hermit:BigShot"],"picked":"hermit:Deadeye","floor":1},{"not_picked":["hermit:EyeOfTheStorm","hermit:Cheat","hermit:Manifest"],"picked":"SKIP","floor":2},{"not_picked":["hermit:BodyArmor","hermit:Malice","hermit:PistolWhip"],"picked":"SKIP","floor":5},{"not_picked":["hermit:TakeAim","hermit:EyeOfTheStorm"],"picked":"hermit:Ricochet","floor":7},{"not_picked":["hermit:Ricochet","hermit:BodyArmor"],"picked":"hermit:Vantage","floor":10},{"not_picked":["hermit:BodyArmor","hermit:Deadeye"],"picked":"hermit:GoldenBullet","floor":12},{"not_picked":["hermit:Enervate","hermit:Feint","hermit:LuckOfTheDraw"],"picked":"SKIP","floor":13},{"not_picked":["hermit:CalledShot","hermit:Roulette","hermit:Brawl"],"picked":"SKIP","floor":18},{"not_picked":["hermit:Coalescence+1","hermit:Dive"],"picked":"hermit:Snipe","floor":19},{"not_picked":["hermit:Vantage","hermit:TrackingShot"],"picked":"hermit:GoldenBullet+1","floor":22},{"not_picked":["hermit:Glare","hermit:Deadeye","hermit:Feint+1"],"picked":"SKIP","floor":24},{"not_picked":["hermit:ItchyTrigger+1","hermit:Virtue","hermit:Scavenge+1"],"picked":"SKIP","floor":28},{"not_picked":["hermit:Quickdraw+1","hermit:Headshot","hermit:DeadOrAlive"],"picked":"SKIP","floor":29},{"not_picked":["hermit:Ricochet","hermit:Manifest+1","hermit:Misfire"],"picked":"SKIP","floor":30},{"not_picked":["hermit:EyeOfTheStorm","hermit:Coalescence","hermit:Scavenge"],"picked":"SKIP","floor":31}],"player_experience":250608,"relics_obtained":[{"floor":9,"key":"The Courier"},{"floor":11,"key":"Eternal Feather"},{"floor":20,"key":"ReplayTheSpireMod:Ring of Challenge"},{"floor":20,"key":"Ring of Peace"},{"floor":26,"key":"Orichalcum"}],"event_choices":[{"cards_removed":["hermit:Strike_Hermit"],"damage_healed":0,"gold_gain":0,"player_choice":"Forget","damage_taken":0,"max_hp_gain":0,"max_hp_loss":0,"event_name":"Living Wall","floor":4,"gold_loss":0},{"damage_healed":0,"gold_gain":0,"player_choice":"1 cards matched","damage_taken":0,"max_hp_gain":0,"max_hp_loss":0,"event_name":"Match and Keep!","floor":21,"gold_loss":0,"cards_obtained":["hermit:Glare"]}],"is_beta":false,"boss_relics":[{"not_picked":["ReplayTheSpireMod:DimensionalGlitch","Astrolabe"],"picked":"Coffee Dripper"}],"items_purged_floors":[14,25],"is_endless":false,"potions_floor_spawned":[1,10,12,13,16,18,28,31],"killed_by":"Champ","ascension_level":0}}