{"host":"nptej036rrbiurf5","time":1607478100,"event":{"gold_per_floor":[117,136,147,160,170,170,170,170,170,170,201,201,234,247,247,338,338,361,361,361],"floor_reached":19,"playtime":426,"items_purged":[],"score":321,"play_id":"8040e02f-a441-4b1e-9ec0-8734ab8ba192","local_time":"20201209104140","is_ascension_mode":true,"campfire_choices":[{"data":"Recycle","floor":6.0,"key":"SMITH"},{"data":"Redo","floor":8.0,"key":"SMITH"},{"floor":15,"key":"REST"}],"neow_cost":"NONE","seed_source_timestamp":1199997091345600,"circlet_count":0,"master_deck":["AscendersBane","Strike_B","Strike_B","Defend_B","Defend_B","Defend_B","Defend_B","Zap","Dualcast","Doom and Gloom","Redo+1","Recycle+1","Electrodynamics","Steam","Skim","Reinforced Body","Core Surge"],"special_seed":0,"relics":["Cracked Core","Golden Idol","Akabeko","Odd Mushroom","Oddly Smooth Stone","Inserter"],"potions_floor_usage":[14,16,16],"damage_taken":[{"damage":1.0,"enemies":"Cultist","floor":1.0,"turns":3.0},{"damage":7.0,"enemies":"Small Slimes","floor":2.0,"turns":3.0},{"damage":8.0,"enemies":"2 Louse","floor":3.0,"turns":2.0},{"damage":0.0,"enemies":"Gremlin Gang","floor":4.0,"turns":1.0},{"damage":12.0,"enemies":"Large Slime","floor":5.0,"turns":4.0},{"damage":13.0,"enemies":"The Mushroom Lair","floor":11.0,"turns":3.0},{"damage":14,"enemies":"Lagavulin","floor":13,"turns":5},{"damage":1,"enemies":"Blue Slaver","floor":14,"turns":2},{"damage":8,"enemies":"The Guardian","floor":16,"turns":8},{"damage":41,"enemies":"2 Thieves","floor":18,"turns":4},{"damage":10,"enemies":"Shell Parasite","floor":19,"turns":2}],"seed_played":"-5848466696502318935","potions_obtained":[{"floor":1.0,"key":"DistilledChaos"},{"floor":2.0,"key":"FocusPotion"},{"floor":11.0,"key":"DistilledChaos"},{"floor":14,"key":"Block Potion"}],"is_trial":false,"path_per_floor":["M","M","M","M","M","R","?","R","T","?","?","?","E","M","R","B",null,"M","M"],"character_chosen":"DEFECT","items_purchased":[],"campfire_rested":1,"item_purchase_floors":[],"current_hp_per_floor":[63,56,48,48,36,36,36,36,36,29,16,16,2,1,20,12,51,10,0,0],"gold":361,"neow_bonus":"REMOVE_CARD","is_prod":false,"is_daily":false,"chose_seed":false,"campfire_upgraded":2,"win_rate":0,"timestamp":1607478100,"path_taken":["M","M","?","M","M","R","?","R","T","?","?","?","E","M","R","BOSS","M","M"],"build_version":"2020-11-30","purchased_purges":0,"victory":false,"max_hp_per_floor":[71,71,71,71,71,71,64,64,64,64,64,64,64,64,64,64,64,64,64,64],"card_choices":[{"not_picked":["Turbo","BootSequence"],"picked":"Doom and Gloom","floor":1.0},{"not_picked":["Coolheaded","Barrage"],"picked":"Redo","floor":2.0},{"not_picked":["Go for the Eyes","Ball Lightning"],"picked":"Recycle","floor":3.0},{"not_picked":["Reprogram","Doom and Gloom"],"picked":"Electrodynamics","floor":4.0},{"not_picked":["Heatsinks","Gash","Melter"],"picked":"SKIP","floor":5.0},{"not_picked":["Ball Lightning","Stack"],"picked":"Steam","floor":11.0},{"not_picked":["Tempest","Storm"],"picked":"Skim","floor":13},{"not_picked":["Cold Snap","Recycle"],"picked":"Reinforced Body","floor":14},{"not_picked":["Hyperbeam","Amplify"],"picked":"Core Surge","floor":16},{"not_picked":["Gash","Cold Snap","Sweeping Beam"],"picked":"SKIP","floor":18}],"player_experience":801853,"relics_obtained":[{"floor":9.0,"key":"Akabeko"},{"floor":11.0,"key":"Odd Mushroom"},{"floor":13,"key":"Oddly Smooth Stone"}],"event_choices":[{"damage_healed":0.0,"max_hp_gain":0.0,"max_hp_loss":7.0,"gold_gain":0.0,"event_name":"Golden Idol","player_choice":"Lose Max HP","floor":7.0,"gold_loss":0.0,"damage_taken":0.0,"relics_obtained":["Golden Idol"]},{"cards_removed":["Strike_B"],"damage_healed":0.0,"max_hp_gain":0.0,"max_hp_loss":0.0,"gold_gain":0.0,"event_name":"Golden Wing","player_choice":"Card Removal","floor":10.0,"gold_loss":0.0,"damage_taken":7.0},{"damage_healed":0.0,"max_hp_gain":0.0,"max_hp_loss":0.0,"gold_gain":0.0,"event_name":"Mushrooms","player_choice":"Fought Mushrooms","floor":11.0,"gold_loss":0.0,"damage_taken":0.0},{"damage_healed":0,"gold_gain":0,"player_choice":"Fled","damage_taken":0,"max_hp_gain":0,"max_hp_loss":0,"event_name":"Scrap Ooze","floor":12,"gold_loss":0}],"is_beta":false,"boss_relics":[{"not_picked":["Velvet Choker","Philosopher\u0027s Stone"],"picked":"Inserter"}],"items_purged_floors":[],"is_endless":false,"potions_floor_spawned":[1,2,11,14],"killed_by":"Shell Parasite","ascension_level":18}}