{"host":"3qj1vaxru8jk8t9y","time":1607510280,"event":{"gold_per_floor":[119,294,101,112,112,139,139,174,174,174,174,79,27,62,62,158,158,171,190,202,202,217,246,246,266,344,360,360,410,410,421,421,516,516,529,548,548,55,55,55,88,88,88,88,121,140,154,171,171,171],"floor_reached":51,"playtime":5089,"items_purged":["Strike_B","Doubt"],"score":1040,"play_id":"955a98a9-495e-4fa9-a05a-e54acf8c900e","local_time":"20201209183800","is_ascension_mode":true,"campfire_choices":[{"data":"Doom and Gloom","floor":7.0,"key":"SMITH"},{"data":"Glacier","floor":10.0,"key":"SMITH"},{"data":"Chill","floor":15.0,"key":"SMITH"},{"data":"Fusion","floor":24,"key":"SMITH"},{"data":"Tempest","floor":28,"key":"SMITH"},{"data":"Defragment","floor":30,"key":"SMITH"},{"data":"Go for the Eyes","floor":32,"key":"SMITH"},{"data":"Aggregate","floor":40,"key":"SMITH"},{"data":"Deep Breath","floor":42,"key":"SMITH"},{"data":"White Noise","floor":49,"key":"SMITH"}],"neow_cost":"","seed_source_timestamp":0,"circlet_count":0,"master_deck":["Zap","Dualcast","Doom and Gloom+1","Cold Snap","Deep Breath+1","Sunder+1","BootSequence","Glacier+1","Leap","Chill+1","Fission+1","Hologram","Machine Learning","Tempest+1","Defragment+1","Fusion+1","Thunder Strike","Go for the Eyes+1","Aggregate+1","Redo+1","Conserve Battery+1","Lockon","Coolheaded+1","White Noise+1"],"special_seed":0,"relics":["Cracked Core","Pocketwatch","Pen Nib","hubris:EmptyBottle","Bag of Preparation","Lantern","Toy Ornithopter","Orichalcum","hubris:BottledRain","Pandora\u0027s Box","Girya","hubris:RGBLights","Busted Crown","Spirit Poop","Sundial","Gremlin Horn","Mercury Hourglass","Cables","hubris:Towel","DataDisk"],"potions_floor_usage":[23,25,25,33,33,33,50,50,50],"damage_taken":[{"damage":0.0,"enemies":"2 Louse","floor":1.0,"turns":3.0},{"damage":1.0,"enemies":"Small Slimes","floor":4.0,"turns":3.0},{"damage":17.0,"enemies":"Gremlin Nob","floor":6.0,"turns":4.0},{"damage":9.0,"enemies":"Lagavulin","floor":8.0,"turns":5.0},{"damage":10.0,"enemies":"Gremlin Nob","floor":14.0,"turns":3.0},{"damage":0.0,"enemies":"The Guardian","floor":16.0,"turns":9.0},{"damage":0,"enemies":"3 Byrds","floor":18,"turns":2},{"damage":0,"enemies":"Chosen","floor":19,"turns":4},{"damage":2,"enemies":"Snecko","floor":20,"turns":3},{"damage":0,"enemies":"3 Cultists","floor":22,"turns":4},{"damage":0,"enemies":"Slavers","floor":23,"turns":5},{"damage":0,"enemies":"Snake Plant","floor":25,"turns":2},{"damage":0,"enemies":"Snecko","floor":27,"turns":2},{"damage":1,"enemies":"Sentry and Sphere","floor":31,"turns":3},{"damage":22,"enemies":"hubris:MusketHawk","floor":33,"turns":6},{"damage":0,"enemies":"3 Shapes","floor":35,"turns":4},{"damage":0,"enemies":"Orb Walker","floor":36,"turns":2},{"damage":1,"enemies":"Reptomancer","floor":41,"turns":3},{"damage":17,"enemies":"Nemesis","floor":45,"turns":3},{"damage":0,"enemies":"Maw","floor":46,"turns":4},{"damage":0,"enemies":"3 Darklings","floor":47,"turns":2},{"damage":0,"enemies":"4 Shapes","floor":48,"turns":2},{"damage":15,"enemies":"hubris:GrandSnecko","floor":50,"turns":6}],"seed_played":"-963526465033157751","potions_obtained":[{"floor":16.0,"key":"ColorlessPotion"},{"floor":20,"key":"Strength Potion"},{"floor":22,"key":"BlessingOfTheForge"},{"floor":23,"key":"AttackPotion"},{"floor":31,"key":"Strength Potion"},{"floor":45,"key":"DistilledChaos"},{"floor":48,"key":"BlessingOfTheForge"}],"is_trial":false,"path_per_floor":["M","?","$","M","?","E","R","E","T","R","?","?","$","E","R","B",null,"M","M","M","?","M","E","R","M","T","M","R","?","R","M","R","B",null,"M","M","?","$","$","R","E","R","T","?","E","M","M","M","R","B",null],"character_chosen":"DEFECT","items_purchased":["Pen Nib","hubris:EmptyBottle","Doom and Gloom","Deep Breath","Leap","Sundial","Gremlin Horn"],"campfire_rested":0,"item_purchase_floors":[0,0,0,3,13,38,38],"current_hp_per_floor":[75,75,75,74,74,57,57,48,48,48,66,66,66,56,56,56,75,75,75,73,73,73,75,75,75,75,75,75,75,75,74,74,63,75,75,75,72,72,72,72,71,71,71,71,54,54,54,54,54,54],"gold":171,"neow_bonus":"","is_prod":false,"is_daily":false,"chose_seed":false,"campfire_upgraded":10,"win_rate":0,"timestamp":1607510280,"path_taken":["M","?","$","M","?","E","R","E","T","R","?","?","$","E","R","BOSS","M","M","M","?","?","E","R","M","T","M","R","?","R","?","R","BOSS","M","M","?","?","$","R","E","R","T","?","E","M","M","M","R","BOSS"],"build_version":"2020-11-30","purchased_purges":2,"victory":true,"max_hp_per_floor":[75,75,75,75,75,75,75,75,75,75,75,75,75,75,75,75,75,75,75,75,75,75,75,75,75,75,75,75,75,75,75,75,75,75,75,75,72,72,72,72,72,72,72,72,72,72,72,72,72,72],"card_choices":[{"not_picked":["Steam","Melter"],"picked":"Cold Snap","floor":1.0},{"not_picked":["Darkness","Steam"],"picked":"Sunder","floor":4.0},{"not_picked":["Barrage","Creative AI"],"picked":"BootSequence","floor":6.0},{"not_picked":["Reprogram","White Noise"],"picked":"Glacier","floor":8.0},{"not_picked":["Barrage","Hologram"],"picked":"Chill","floor":14.0},{"not_picked":["All For One","Multi-Cast"],"picked":"Fission","floor":16.0},{"not_picked":["Compile Driver","Gash+1"],"picked":"Aggregate","floor":18},{"not_picked":["Go for the Eyes","Streamline"],"picked":"Redo+1","floor":19},{"not_picked":["Biased Cognition","Cold Snap","Steam+1"],"picked":"SKIP","floor":20},{"not_picked":["Compile Driver","Leap"],"picked":"Conserve Battery+1","floor":22},{"not_picked":["Sweeping Beam+1","Beam Cell","Stack"],"picked":"SKIP","floor":23},{"not_picked":["Buffer","Cold Snap"],"picked":"Lockon","floor":25},{"not_picked":["Storm","Rip and Tear","Redo"],"picked":"SKIP","floor":27},{"not_picked":["Doom and Gloom","Chaos","Go for the Eyes"],"picked":"SKIP","floor":31},{"not_picked":["Blizzard"],"picked":"SKIP","floor":35},{"not_picked":["Rip and Tear+1"],"picked":"SKIP","floor":36},{"not_picked":["Buffer"],"picked":"SKIP","floor":41},{"not_picked":["Beam Cell"],"picked":"SKIP","floor":45},{"not_picked":[],"picked":"Coolheaded+1","floor":46},{"not_picked":["Stack"],"picked":"SKIP","floor":47},{"not_picked":[],"picked":"White Noise","floor":48}],"player_experience":290340,"relics_obtained":[{"floor":6.0,"key":"Bag of Preparation"},{"floor":8.0,"key":"Lantern"},{"floor":9.0,"key":"Toy Ornithopter"},{"floor":14.0,"key":"hubris:BottledRain"},{"floor":23,"key":"Girya"},{"floor":26,"key":"hubris:RGBLights"},{"floor":41,"key":"Mercury Hourglass"},{"floor":43,"key":"Cables"},{"floor":45,"key":"DataDisk"}],"event_choices":[{"damage_healed":0.0,"max_hp_gain":0.0,"max_hp_loss":0.0,"gold_gain":175.0,"event_name":"Liars Game","player_choice":"AGREE","floor":2.0,"gold_loss":0.0,"damage_taken":0.0,"cards_obtained":["Doubt"]},{"damage_healed":18.0,"max_hp_gain":0.0,"max_hp_loss":0.0,"gold_gain":0.0,"event_name":"Mushrooms","player_choice":"Healed and dodged fight","floor":11.0,"gold_loss":0.0,"damage_taken":0.0,"cards_obtained":["Parasite"]},{"damage_healed":0.0,"max_hp_gain":0.0,"max_hp_loss":0.0,"gold_gain":0.0,"event_name":"WeMeetAgain","player_choice":"Paid Gold","floor":12.0,"gold_loss":95.0,"damage_taken":0.0,"relics_obtained":["Orichalcum"]},{"damage_healed":0,"gold_gain":0,"player_choice":"Forge","damage_taken":0,"max_hp_gain":0,"max_hp_loss":0,"event_name":"Accursed Blacksmith","floor":21,"gold_loss":0,"cards_upgraded":["Fission"]},{"damage_healed":0,"gold_gain":100,"player_choice":"Bet on Murderer","damage_taken":0,"max_hp_gain":0,"max_hp_loss":0,"event_name":"The Joust","floor":29,"gold_loss":50},{"cards_removed":["Parasite"],"damage_healed":0,"gold_gain":0,"player_choice":"Offered Curse","damage_taken":0,"relics_obtained":["Spirit Poop"],"max_hp_gain":0,"max_hp_loss":0,"event_name":"Bonfire Elementals","floor":37,"gold_loss":0}],"is_beta":false,"boss_relics":[{"not_picked":["Philosopher\u0027s Stone","Fusion Hammer"],"picked":"Pandora\u0027s Box"},{"not_picked":["hubris:VirtuousBlindfold","Tiny House"],"picked":"Busted Crown"}],"items_purged_floors":[0,3],"is_endless":false,"potions_floor_spawned":[16,20,22,23,31,45,48],"ascension_level":3}}