{"host":"zk71suw73lg2r165","time":1607488970,"event":{"gold_per_floor":[14,29,40,58,58,58,71,71,96,121,121,165,165,165],"floor_reached":13,"playtime":805,"items_purged":[],"score":174,"play_id":"d7322c07-03aa-46c8-93ee-41c2dcc0f601","local_time":"20201208234250","is_ascension_mode":true,"campfire_choices":[{"data":"Bash","floor":6,"key":"SMITH"},{"data":"Combust","floor":8,"key":"SMITH"},{"data":"Strike_R","floor":11,"key":"PURGE"}],"neow_cost":"NO_GOLD","seed_source_timestamp":7953467515681,"circlet_count":0,"master_deck":["AscendersBane","Strike_R","Strike_R","Strike_R","Strike_R","Defend_R","Defend_R","Defend_R","Defend_R","Bash+1","Cleave","Dropkick","Shockwave","Combust+1","True Grit","Hemokinesis","Havoc"],"relics":["Burning Blood","Peace Pipe","Golden Idol","Nunchaku","Ancient Tea Set"],"potions_floor_usage":[12],"damage_taken":[{"damage":6,"enemies":"Cultist","floor":1,"turns":3},{"damage":9,"enemies":"Jaw Worm","floor":2,"turns":5},{"damage":2,"enemies":"2 Louse","floor":3,"turns":3},{"damage":8,"enemies":"Blue Slaver","floor":4,"turns":5},{"damage":13,"enemies":"2 Fungi Beasts","floor":7,"turns":3},{"damage":28,"enemies":"Large Slime","floor":10,"turns":5},{"damage":28,"enemies":"3 Sentries","floor":12,"turns":5},{"damage":8,"enemies":"Blue Slaver","floor":13,"turns":2}],"seed_played":"8084299136549516822","potions_obtained":[{"floor":2,"key":"Strength Potion"},{"floor":4,"key":"Weak Potion"},{"floor":7,"key":"SpeedPotion"}],"is_trial":false,"path_per_floor":["M","M","M","M","?","R","M","R","T","M","R","E","M"],"character_chosen":"IRONCLAD","items_purchased":[],"campfire_rested":0,"item_purchase_floors":[],"current_hp_per_floor":[68,65,69,67,67,67,60,60,60,38,38,16,8,8],"gold":165,"neow_bonus":"ONE_RARE_RELIC","is_prod":false,"is_daily":false,"chose_seed":false,"campfire_upgraded":2,"win_rate":0,"timestamp":1607488970,"path_taken":["M","?","M","M","?","R","M","R","T","M","R","E","M"],"build_version":"2020-11-30","purchased_purges":0,"victory":false,"max_hp_per_floor":[75,75,75,75,68,68,68,68,68,68,68,68,68,68],"relic_stats":{"Peace Pipe":1,"Nunchaku":[1],"counters":[8,31],"Golden Idol":17,"obtain_stats":[{"Peace Pipe":0,"Nunchaku":9,"Golden Idol":5,"Ancient Tea Set":12,"Burning Blood":0},{"Peace Pipe":0,"Nunchaku":5,"Golden Idol":4,"Ancient Tea Set":7,"Burning Blood":0},{"Peace Pipe":0,"Nunchaku":19,"Golden Idol":16,"Ancient Tea Set":29,"Burning Blood":0}],"Burning Blood":42},"card_choices":[{"not_picked":["Disarm","Havoc"],"picked":"Cleave","floor":1},{"not_picked":["Spot Weakness","Rage"],"picked":"Dropkick","floor":2},{"not_picked":["Evolve","Flex"],"picked":"Shockwave","floor":3},{"not_picked":["Flex","Evolve"],"picked":"Combust","floor":4},{"not_picked":["Dropkick","Sword Boomerang"],"picked":"True Grit","floor":7},{"not_picked":["Dropkick","Cleave"],"picked":"Hemokinesis","floor":10},{"not_picked":["Rupture","Rage"],"picked":"Havoc","floor":12}],"player_experience":1299340,"relics_obtained":[{"floor":9,"key":"Nunchaku"},{"floor":12,"key":"Ancient Tea Set"}],"event_choices":[{"damage_healed":0,"gold_gain":0,"player_choice":"Lose Max HP","damage_taken":0,"relics_obtained":["Golden Idol"],"max_hp_gain":0,"max_hp_loss":7,"event_name":"Golden Idol","floor":5,"gold_loss":0}],"is_beta":false,"boss_relics":[],"items_purged_floors":[],"is_endless":false,"potions_floor_spawned":[2,4,7],"killed_by":"Blue Slaver","ascension_level":20}}