{"host":"5s7sm4h73jkd9266","time":1607526137,"event":{"gold_per_floor":[17,17,17,37,55,55,88,88,88,112,112,138,62,93,93,99,99],"floor_reached":16,"playtime":1089,"items_purged":[],"score":173,"play_id":"2fa47854-46da-4211-af89-8078cef36e77","local_time":"20201209100217","is_ascension_mode":true,"campfire_choices":[{"data":"Bouncing Flask","floor":6,"key":"SMITH"},{"floor":8,"key":"REST"},{"floor":11,"key":"REST"},{"floor":15,"key":"REST"}],"neow_cost":"NO_GOLD","seed_source_timestamp":20672344783300,"circlet_count":0,"master_deck":["AscendersBane","Strike_G","Strike_G","Strike_G","Strike_G","Strike_G","Defend_G","Defend_G","Defend_G","Defend_G","Defend_G","Neutralize","Bouncing Flask+1","m_Survivalism","Injury","Draining Mist","Deflect","ReplayTheSpireMod:Necrosis","StuffTheSpire:BumpUp","StuffTheSpire:Injection","Predator"],"relics":["Ring of the Snake","Golden Idol","hubris:DeckOfHolding","Replay:Bandana"],"potions_floor_usage":[12,16,16],"damage_taken":[{"damage":3,"enemies":"Cultist","floor":1,"turns":5},{"damage":0,"enemies":"2 Louse","floor":4,"turns":3},{"damage":6,"enemies":"Jaw Worm","floor":5,"turns":4},{"damage":23,"enemies":"Lagavulin","floor":7,"turns":6},{"damage":8,"enemies":"2 Fungi Beasts","floor":10,"turns":4},{"damage":22,"enemies":"Lots of Slimes","floor":12,"turns":7},{"damage":5,"enemies":"Red Slaver","floor":14,"turns":4},{"damage":77,"enemies":"Hexaghost","floor":16,"turns":14}],"seed_played":"-7194503431645288371","potions_obtained":[{"floor":4,"key":"blueLaboratory:AbyssPotion"},{"floor":10,"key":"SpeedPotion"},{"floor":12,"key":"blueLaboratory:PhilterOfMotion"}],"is_trial":false,"path_per_floor":["M","?","?","M","M","R","E","R","T","M","R","M","$","M","R","B"],"character_chosen":"THE_SILENT","items_purchased":["blueLaboratory:TrueEctoplasm"],"campfire_rested":3,"item_purchase_floors":[13],"current_hp_per_floor":[68,68,68,68,62,62,39,62,62,54,77,55,55,50,73,0,0],"gold":99,"neow_bonus":"TWENTY_PERCENT_HP_BONUS","is_prod":false,"is_daily":false,"chose_seed":false,"campfire_upgraded":1,"win_rate":0,"timestamp":1607526137,"path_taken":["M","?","?","?","M","R","E","R","T","M","R","M","$","M","R","BOSS"],"build_version":"2020-11-30","purchased_purges":0,"victory":false,"max_hp_per_floor":[78,78,78,78,78,78,78,78,78,78,78,78,78,78,78,78,78],"card_choices":[{"not_picked":["Hidden Blade","Blur"],"picked":"Bouncing Flask","floor":1},{"not_picked":["Bane","Hidden Blade"],"picked":"Draining Mist","floor":4},{"not_picked":["Sucker Punch","Cloak And Dagger"],"picked":"Deflect","floor":5},{"not_picked":["Infinite Blades","Dodge and Roll"],"picked":"ReplayTheSpireMod:Necrosis","floor":7},{"not_picked":["Setup","StuffTheSpire:ClusterCrunch"],"picked":"StuffTheSpire:BumpUp","floor":10},{"not_picked":["Sneak Up","Acrobatics"],"picked":"StuffTheSpire:Injection","floor":12},{"not_picked":["Backflip","Slice"],"picked":"Predator","floor":14}],"player_experience":5269659,"relics_obtained":[{"floor":7,"key":"hubris:DeckOfHolding"},{"floor":9,"key":"Replay:Bandana"}],"event_choices":[{"damage_healed":0,"gold_gain":0,"player_choice":"Take Wound","damage_taken":0,"relics_obtained":["Golden Idol"],"max_hp_gain":0,"max_hp_loss":0,"event_name":"Golden Idol","floor":3,"gold_loss":0,"cards_obtained":["Injury"]}],"is_beta":false,"boss_relics":[],"items_purged_floors":[],"is_endless":false,"potions_floor_spawned":[4,10,12],"killed_by":"Hexaghost","ascension_level":14}}