{"host":"xodzlm10r37577ou","time":1607491465,"event":{"gold_per_floor":[116,116,38,38,76,109,131,131,131,42,59,90,104,104,104],"floor_reached":14,"playtime":398,"items_purged":[],"score":236,"play_id":"7662a101-9b3f-4fb4-8f9b-6ff2de84770f","local_time":"20201209132425","is_ascension_mode":true,"campfire_choices":[{"data":"Neutralize","floor":8,"key":"SMITH"}],"neow_cost":"NONE","seed_source_timestamp":337259187261100,"circlet_count":0,"master_deck":["AscendersBane","Strike_G","Strike_G","Strike_G","Strike_G","Strike_G","Defend_G","Defend_G","Defend_G","Defend_G","Defend_G","Survivor","Neutralize+1","Poisoned Stab","Bouncing Flask+1","PiercingWail","Footwork","Sneak Up","Reflex","Setup","Draining Mist","Footwork","Deadly Poison"],"relics":["Ring of the Snake","NeowsBlessing","Question Card","InkBottle","Odd Mushroom","Replay:PocketPolymizer","Replay:Mystery Machine"],"potions_floor_usage":[],"damage_taken":[{"damage":0,"enemies":"Small Slimes","floor":1,"turns":1},{"damage":0,"enemies":"3 Sentries","floor":6,"turns":1},{"damage":0,"enemies":"The Mushroom Lair","floor":7,"turns":1},{"damage":0,"enemies":"Jaw Worm","floor":11,"turns":6},{"damage":27,"enemies":"Gremlin Nob","floor":12,"turns":5},{"damage":1,"enemies":"2 Louse","floor":13,"turns":4},{"damage":3,"enemies":"3 Sentries","floor":14,"turns":4}],"seed_played":"8934349440433555654","potions_obtained":[{"floor":7,"key":"Strength Potion"},{"floor":12,"key":"Fire Potion"}],"is_trial":false,"path_per_floor":["M","?","$","?","?","E","?","R","T","$","M","E","M","E"],"character_chosen":"THE_SILENT","items_purchased":["Bouncing Flask","Setup"],"campfire_rested":0,"item_purchase_floors":[3,10],"current_hp_per_floor":[59,64,64,64,41,41,41,41,41,41,41,14,13,10,10],"gold":104,"neow_bonus":"THREE_ENEMY_KILL","is_prod":false,"is_daily":false,"chose_seed":false,"campfire_upgraded":1,"win_rate":0,"timestamp":1607491465,"path_taken":["M","?","$","?","?","E","?","R","T","?","M","E","M","E"],"build_version":"2020-11-30","purchased_purges":0,"victory":false,"max_hp_per_floor":[66,71,71,71,71,71,71,71,71,71,71,71,71,71,71],"card_choices":[{"not_picked":["Outmaneuver","ReplayTheSpireMod:Shiv Toss"],"picked":"Poisoned Stab","floor":1},{"not_picked":["Choke","Accuracy"],"picked":"PiercingWail","floor":5},{"not_picked":["PiercingWail","Quick Slash"],"picked":"Footwork","floor":5},{"not_picked":["Blur","Calculated Gamble","Acrobatics"],"picked":"Sneak Up","floor":6},{"not_picked":["Outmaneuver","ReplayTheSpireMod:Scrap Shanks","Eviscerate"],"picked":"Reflex","floor":7},{"not_picked":["All Out Attack","Blur","Poisoned Stab"],"picked":"Draining Mist","floor":11},{"not_picked":["Poisoned Stab","Blade Dance","Sucker Punch"],"picked":"Footwork","floor":12},{"not_picked":["Crippling Poison","Deflect","Hidden Blade"],"picked":"Deadly Poison","floor":13}],"player_experience":393077,"relics_obtained":[{"floor":5,"key":"Question Card"},{"floor":6,"key":"InkBottle"},{"floor":7,"key":"Odd Mushroom"},{"floor":9,"key":"Replay:PocketPolymizer"},{"floor":12,"key":"Replay:Mystery Machine"}],"event_choices":[{"damage_healed":0,"gold_gain":0,"player_choice":"Donut","damage_taken":0,"max_hp_gain":5,"max_hp_loss":0,"event_name":"Big Fish","floor":2,"gold_loss":0},{"damage_healed":0,"gold_gain":0,"player_choice":"Grow","damage_taken":0,"max_hp_gain":0,"max_hp_loss":0,"event_name":"Living Wall","floor":4,"gold_loss":0,"cards_upgraded":["Bouncing Flask"]},{"damage_healed":0,"gold_gain":0,"player_choice":"Fought Mushrooms","damage_taken":0,"max_hp_gain":0,"max_hp_loss":0,"event_name":"Mushrooms","floor":7,"gold_loss":0}],"is_beta":false,"boss_relics":[],"items_purged_floors":[],"is_endless":false,"potions_floor_spawned":[7,12],"killed_by":"3 Sentries","ascension_level":19}}