{"host":"xrbxyo513dr24h85","time":1607474976,"event":{"gold_per_floor":[214,214,18,35,35,63,35,35,35,46,74,87,107,142,142,239,239,249,249,155,155,155,180,193,193,216,243,243,258,277,277,277,375,375,389,239,254,175,175,175,193,193,193,208,238,249,249,263,263,263,263],"floor_reached":50,"playtime":1571,"items_purged":[],"score":555,"play_id":"44166b32-e9bd-4824-9bcc-c0c1a55545a9","local_time":"20201208164936","is_ascension_mode":false,"campfire_choices":[{"data":"Noxious Fumes","floor":8,"key":"SMITH"},{"floor":15,"key":"REST"},{"floor":25,"key":"REST"},{"data":"Apotheosis","floor":32,"key":"SMITH"},{"floor":40,"key":"RECALL"},{"data":"Footwork","floor":42,"key":"SMITH"},{"floor":49,"key":"REST"}],"neow_cost":"NONE","seed_source_timestamp":276887284636700,"circlet_count":0,"master_deck":["Strike_G+1","Strike_G+1","Strike_G+1","Strike_G+1","Strike_G+1","Defend_G+1","Defend_G+1","Defend_G+1","Defend_G+1","Defend_G+1","Neutralize","Noxious Fumes+1","Heel Hook","Poisoned Stab","Fluid Movement+1","Dodge and Roll","Dagger Spray","Cloak And Dagger","Apotheosis+1","Bouncing Flask+1","Well Laid Plans","ReplayTheSpireMod:From All Sides","Footwork+1","Backstab","expansioncontent:DefensiveMode","Fluid Movement","ReplayTheSpireMod:Doomed","Adrenaline","Footwork+1"],"relics":["Ring of the Snake","DDmod:BarbedSlagRelic","Membership Card","halation:OrihimeAndHikoboshiSamaAndTears","hubris:SphereOfDissonance","Regal Pillow","hubris:Backtick","Mummified Hand","MutagenicStrength","Orichalcum","Replay:Rubber Ducky","Pear","Cursed Key","halation:Thesaurus","Chameleon Ring","Pocketwatch","StrikeDummy","Sozu"],"potions_floor_usage":[6,11,18,33,37,45,48,50],"damage_taken":[{"damage":0,"enemies":"Small Slimes","floor":1,"turns":3},{"damage":1,"enemies":"2 Louse","floor":4,"turns":4},{"damage":25,"enemies":"Replay:BlueRogue","floor":6,"turns":7},{"damage":3,"enemies":"Jaw Worm","floor":10,"turns":2},{"damage":10,"enemies":"3 Sentries","floor":11,"turns":4},{"damage":0,"enemies":"Blue Slaver","floor":12,"turns":2},{"damage":0,"enemies":"3 Louse","floor":13,"turns":1},{"damage":5,"enemies":"Replay:BlueRogue","floor":14,"turns":5},{"damage":32,"enemies":"Hexaghost","floor":16,"turns":10},{"damage":0,"enemies":"Spheric Guardian","floor":18,"turns":3},{"damage":25,"enemies":"Book of Stabbing","floor":23,"turns":4},{"damage":2,"enemies":"2 Thieves","floor":24,"turns":3},{"damage":0,"enemies":"Gremlin Leader","floor":27,"turns":5},{"damage":9,"enemies":"Centurion and Healer","floor":29,"turns":5},{"damage":0,"enemies":"Snecko","floor":30,"turns":4},{"damage":23,"enemies":"hubris:MusketHawk","floor":33,"turns":8},{"damage":6,"enemies":"3 Shapes","floor":35,"turns":3},{"damage":0,"enemies":"3 Darklings","floor":37,"turns":1},{"damage":13,"enemies":"Transient","floor":41,"turns":5},{"damage":8,"enemies":"Sphere and 2 Shapes","floor":44,"turns":5},{"damage":1,"enemies":"Reptomancer","floor":45,"turns":6},{"damage":0,"enemies":"Spire Growth","floor":46,"turns":4},{"damage":0,"enemies":"3 Darklings","floor":48,"turns":4},{"damage":96,"enemies":"Awakened One","floor":50,"turns":11}],"seed_played":"-7323224495602882168","potions_obtained":[{"floor":1,"key":"SkillPotion"},{"floor":10,"key":"blueLaboratory:BottleOfRum"},{"floor":16,"key":"SkillPotion"},{"floor":27,"key":"Milkshake"},{"floor":35,"key":"Explosive Potion"},{"floor":46,"key":"GamblersBrew"}],"is_trial":false,"path_per_floor":["M","?","$","M","?","E","$","R","T","M","E","M","M","E","R","B",null,"M","?","$","HB","?","E","M","R","T","E","?","M","M","?","R","B",null,"M","$","M","$","?","R","M","R","T","M","E","M","HB","M","R","B"],"character_chosen":"THE_SILENT","items_purchased":["Membership Card","Noxious Fumes","Fluid Movement+1","Apotheosis","halation:Thesaurus","Footwork","Backstab","expansioncontent:DefensiveMode","Fluid Movement"],"campfire_rested":3,"item_purchase_floors":[3,3,7,20,36,36,36,38,38],"current_hp_per_floor":[70,70,70,69,69,44,44,44,44,41,31,31,31,26,62,30,70,70,70,70,35,35,10,8,33,33,43,43,34,34,34,34,11,45,39,39,39,39,45,45,32,32,32,24,23,23,23,23,45,0,0],"gold":263,"neow_bonus":"HUNDRED_GOLD","is_prod":false,"is_daily":false,"chose_seed":false,"campfire_upgraded":3,"win_rate":0,"timestamp":1607474976,"path_taken":["M","?","$","M","?","E","$","R","T","M","E","M","M","E","R","BOSS","M","?","$","HB","?","E","M","R","T","E","?","?","M","?","R","BOSS","M","$","M","$","?","R","?","R","T","M","E","?","HB","M","R","BOSS"],"build_version":"2020-11-30","purchased_purges":0,"victory":false,"max_hp_per_floor":[70,70,70,70,70,70,70,70,70,70,70,70,70,70,70,70,70,70,70,70,35,35,35,35,35,35,45,45,45,45,45,45,45,45,45,45,45,45,45,45,45,45,45,45,45,45,45,45,45,40,40],"relic_stats":{"Sozu":1,"Regal Pillow":39,"counters":[24,109],"Mummified Hand":[62],"Orichalcum":[48],"Cursed Key":1,"obtain_stats":[{"halation:OrihimeAndHikoboshiSamaAndTears":6,"Regal Pillow":11,"Pear":27,"hubris:SphereOfDissonance":9,"halation:Thesaurus":36,"hubris:MysteriousPyramids":14,"Orichalcum":23,"Cursed Key":34,"Replay:Rubber Ducky":26,"Sozu":47,"hubris:Backtick":17,"Chameleon Ring":36,"Mummified Hand":17,"MutagenicStrength":19,"Membership Card":3,"DDmod:BarbedSlagRelic":2,"StrikeDummy":45,"Ring of the Snake":0,"Pocketwatch":43},{"halation:OrihimeAndHikoboshiSamaAndTears":3,"Regal Pillow":5,"Pear":13,"hubris:SphereOfDissonance":3,"halation:Thesaurus":17,"hubris:MysteriousPyramids":8,"Orichalcum":11,"Cursed Key":16,"Replay:Rubber Ducky":12,"Sozu":22,"hubris:Backtick":9,"Chameleon Ring":17,"Mummified Hand":9,"MutagenicStrength":10,"Membership Card":1,"DDmod:BarbedSlagRelic":1,"StrikeDummy":21,"Ring of the Snake":0,"Pocketwatch":19},{"halation:OrihimeAndHikoboshiSamaAndTears":14,"Regal Pillow":20,"Pear":53,"hubris:SphereOfDissonance":14,"halation:Thesaurus":73,"hubris:MysteriousPyramids":28,"Orichalcum":45,"Cursed Key":70,"Replay:Rubber Ducky":48,"Sozu":94,"hubris:Backtick":38,"Chameleon Ring":73,"Mummified Hand":38,"MutagenicStrength":41,"Membership Card":3,"DDmod:BarbedSlagRelic":3,"StrikeDummy":90,"Ring of the Snake":0,"Pocketwatch":79}],"Ring of the Snake":[50],"Pocketwatch":[15]},"card_choices":[{"not_picked":["Terror","Blade Dance","Backflip"],"picked":"SKIP","floor":1},{"not_picked":["Quick Slash","Choke"],"picked":"Heel Hook","floor":4},{"not_picked":["Blur","Outmaneuver"],"picked":"Poisoned Stab","floor":6},{"not_picked":["ReplayTheSpireMod:The Works","Sucker Punch","Dagger Throw"],"picked":"SKIP","floor":10},{"not_picked":["Fluid Movement","Outmaneuver"],"picked":"Dodge and Roll","floor":11},{"not_picked":["Predator","Endless Agony"],"picked":"Dagger Spray","floor":12},{"not_picked":["Hidden Blade","Dodge and Roll"],"picked":"Cloak And Dagger","floor":13},{"not_picked":["Cloak And Dagger","Acrobatics","Backflip"],"picked":"SKIP","floor":14},{"not_picked":["Underhanded Strike","Flying Knee","ReplayTheSpireMod:Shiv Toss"],"picked":"SKIP","floor":18},{"not_picked":["Backflip","ReplayTheSpireMod:From All Sides","Acrobatics"],"picked":"SKIP","floor":23},{"not_picked":["Backflip","Slice","ReplayTheSpireMod:Shiv Toss+1"],"picked":"SKIP","floor":24},{"not_picked":["Tactician+1","hubris:TrickCloak"],"picked":"Bouncing Flask+1","floor":27},{"not_picked":["Deflect","hubris:Sniper+1","Well Laid Plans"],"picked":"SKIP","floor":29},{"not_picked":["Deflect","hubris:Sniper+1"],"picked":"Well Laid Plans","floor":29},{"not_picked":["Quick Slash","PiercingWail","Sneak Up"],"picked":"SKIP","floor":30},{"not_picked":["Burst","Phantasmal Killer"],"picked":"ReplayTheSpireMod:From All Sides","floor":33},{"not_picked":["Poisoned Stab","Dagger Spray","Hidden Blade"],"picked":"SKIP","floor":35},{"not_picked":["Poisoned Stab+1","Dagger Throw","Masterful Stab+1"],"picked":"SKIP","floor":37},{"not_picked":["Choke","Sneak Up+1","Cloak And Dagger"],"picked":"SKIP","floor":41},{"not_picked":["Flechettes","Dagger Spray+1"],"picked":"Adrenaline","floor":44},{"not_picked":["Backflip","Phantasmal Killer","Blade Dance+1"],"picked":"SKIP","floor":45},{"not_picked":["Quick Slash","Slice","Sucker Punch+1"],"picked":"SKIP","floor":46},{"not_picked":["Quick Slash","Outmaneuver+1"],"picked":"Footwork+1","floor":48}],"player_experience":1128602,"relics_obtained":[{"floor":6,"key":"halation:OrihimeAndHikoboshiSamaAndTears"},{"floor":9,"key":"hubris:SphereOfDissonance"},{"floor":11,"key":"Regal Pillow"},{"floor":14,"key":"hubris:MysteriousPyramids"},{"floor":23,"key":"Orichalcum"},{"floor":26,"key":"Replay:Rubber Ducky"},{"floor":27,"key":"Pear"},{"floor":43,"key":"Pocketwatch"},{"floor":45,"key":"StrikeDummy"}],"event_choices":[{"damage_healed":0,"gold_gain":0,"player_choice":"Inject Mutagens","damage_taken":0,"relics_obtained":["MutagenicStrength"],"max_hp_gain":0,"max_hp_loss":0,"event_name":"Drug Dealer","floor":19,"gold_loss":0},{"damage_healed":0,"gold_gain":0,"player_choice":"Simplicity","damage_taken":0,"max_hp_gain":0,"max_hp_loss":10,"event_name":"betterThird:BetterWriting","floor":22,"gold_loss":0},{"damage_healed":0,"gold_gain":0,"player_choice":"Ignored","damage_taken":0,"max_hp_gain":0,"max_hp_loss":0,"event_name":"Purifier","floor":28,"gold_loss":0},{"cards_removed":["All Out Attack"],"damage_healed":6,"gold_gain":0,"player_choice":"Offered Uncommon","damage_taken":0,"max_hp_gain":0,"max_hp_loss":0,"event_name":"Bonfire Elementals","floor":39,"gold_loss":0}],"is_beta":false,"boss_relics":[{"not_picked":["SacredBark","Fusion Hammer"],"picked":"hubris:Backtick"},{"not_picked":["Honey Jar","halation:LoveArrow"],"picked":"Cursed Key"}],"items_purged_floors":[],"is_endless":false,"potions_floor_spawned":[1,10,13,16,27,35,41,46,48],"killed_by":"Awakened One","ascension_level":0}}