{"host":"mike","time":1607553198,"event":{"gold_per_floor":[118,134,150,160,335,370,370,389,439,476,485,485,529,529,529,634,634,660,660,669,693,89,128,149,182,191,191,212,248,81,106,106,214,214,237,246,246,39,0,37,37,37,46,46,90,133,133,176,176,176,176,176,44,79,79,79],"floor_reached":55,"playtime":2948,"items_purged":["Regret","Pain"],"score":976,"play_id":"ac9625a5-d799-43e0-9b7c-aec6f68bfee6","local_time":"20201209173318","is_ascension_mode":true,"campfire_choices":[{"data":"TheCursedMod:AbyssShockwave","floor":7.0,"key":"SMITH"},{"data":"TheCursedMod:CleanUpWorkshop","floor":12.0,"key":"SMITH"},{"data":"TheCursedMod:CursedWand","floor":15.0,"key":"SMITH"},{"data":"TheCursedMod:LuckyCharm","floor":27.0,"key":"SMITH"},{"data":"TheCursedMod:Torture","floor":32.0,"key":"SMITH"},{"floor":41.0,"key":"RECALL"},{"data":"Mayhem","floor":42.0,"key":"SMITH"},{"data":"TheCursedMod:CircleOfAbyss","floor":44.0,"key":"SMITH"},{"data":"TheCursedMod:ManaCirculation","floor":47.0,"key":"SMITH"},{"data":"TheCursedMod:HellfireBreathing","floor":49.0,"key":"SMITH"},{"data":"TheCursedMod:Neurasthenia","floor":52,"key":"SMITH"}],"neow_cost":"NONE","seed_source_timestamp":5708189911920200,"circlet_count":0,"master_deck":["TheCursedMod:Strike_TheCursed+1","TheCursedMod:Strike_TheCursed+1","TheCursedMod:Strike_TheCursed+1","TheCursedMod:Defend_TheCursed+1","TheCursedMod:Defend_TheCursed+1","TheCursedMod:Defend_TheCursed+1","TheCursedMod:Defend_TheCursed+1","TheCursedMod:CursedWand+1","TheCursedMod:CleanUpWorkshop+1","TheCursedMod:Dregs","TheCursedMod:CursedSpellbook","TheCursedMod:AbyssShockwave+1","TheCursedMod:WearCloak","TheCursedMod:CursedAmulet","Doubt","TheCursedMod:CircleOfAbyss+1","TheCursedMod:Obscuration","TheCursedMod:TroublousMinions","TheCursedMod:BlessingInDisguise","TheCursedMod:DemonSword","TheCursedMod:SurpriseAttack","Shame","TheCursedMod:Torture+1","TheCursedMod:LuckyCharm+1","TheCursedMod:Neurasthenia+1","TheCursedMod:FleshFromBone","TheCursedMod:CursedBoomerang+1","TheCursedMod:SpitefulStrike","TheCursedMod:ManaBullet","TheCursedMod:LuckyCharm","TheCursedMod:CursedStaff","TheCursedMod:ManaBullet","TheCursedMod:ShockAndAwe","TheCursedMod:SmokeScreen","Mayhem+1","TheCursedMod:HellfireBreathing+1","TheCursedMod:FleshFromBone+1","Parasite","TheCursedMod:CircleOfFlame+1","TheCursedMod:ManaCirculation+1","TheCursedMod:CursedBlade+1","TheCursedMod:HellfireBreathing","TheCursedMod:PrepareRite","TheCursedMod:DoubleShield+1"],"special_seed":0,"relics":["TheCursedMod:BlackMagic101","PreservedInsect","Bag of Marbles","CeramicFish","TheCursedMod:BloodyHarpoon","Blood Vial","Akabeko","Cursed Key","Ancient Tea Set","TheCursedMod:PinkPellets","Bronze Scales","Anchor","Dream Catcher","Pantograph","WingedGreaves","Philosopher\u0027s Stone","Vajra","Red Mask","Peace Pipe","Happy Flower","Ornamental Fan","Pen Nib","TheCursedMod:CrystalBall"],"potions_floor_usage":[50,50,50,55],"damage_taken":[{"damage":4.0,"enemies":"Cultist","floor":1.0,"turns":4.0},{"damage":0.0,"enemies":"Small Slimes","floor":2.0,"turns":3.0},{"damage":0.0,"enemies":"2 Louse","floor":3.0,"turns":1.0},{"damage":0.0,"enemies":"Looter","floor":4.0,"turns":3.0},{"damage":1.0,"enemies":"3 Sentries","floor":6.0,"turns":3.0},{"damage":0.0,"enemies":"3 Louse","floor":8.0,"turns":2.0},{"damage":11.0,"enemies":"Lagavulin","floor":10.0,"turns":7.0},{"damage":2.0,"enemies":"3 Sentries","floor":13.0,"turns":5.0},{"damage":28.0,"enemies":"The Guardian","floor":16.0,"turns":17.0},{"damage":0.0,"enemies":"2 Thieves","floor":18.0,"turns":1.0},{"damage":0.0,"enemies":"Chosen","floor":21.0,"turns":5.0},{"damage":0.0,"enemies":"Book of Stabbing","floor":23.0,"turns":4.0},{"damage":18.0,"enemies":"Shelled Parasite and Fungi","floor":24.0,"turns":3.0},{"damage":0.0,"enemies":"Slavers","floor":25.0,"turns":2.0},{"damage":1.0,"enemies":"Snake Plant","floor":28.0,"turns":2.0},{"damage":17.0,"enemies":"Book of Stabbing","floor":29.0,"turns":3.0},{"damage":1.0,"enemies":"Sentry and Sphere","floor":31.0,"turns":6.0},{"damage":26.0,"enemies":"Champ","floor":33.0,"turns":16.0},{"damage":0.0,"enemies":"3 Darklings","floor":35.0,"turns":2.0},{"damage":2.0,"enemies":"Nemesis","floor":40.0,"turns":7.0},{"damage":15.0,"enemies":"Reptomancer","floor":45.0,"turns":5.0},{"damage":8.0,"enemies":"Giant Head","floor":46.0,"turns":6.0},{"damage":2.0,"enemies":"Nemesis","floor":48.0,"turns":5.0},{"damage":24,"enemies":"Donu and Deca","floor":50,"turns":8},{"damage":69,"enemies":"Shield and Spear","floor":54,"turns":8},{"damage":30,"enemies":"The Heart","floor":55,"turns":2}],"seed_played":"2038600022688919887","potions_obtained":[{"floor":1.0,"key":"CultistPotion"},{"floor":2.0,"key":"Swift Potion"},{"floor":6.0,"key":"DistilledChaos"},{"floor":8.0,"key":"PowerPotion"},{"floor":48.0,"key":"ColorlessPotion"},{"floor":54,"key":"Fire Potion"}],"is_trial":false,"path_per_floor":["M","M","M","M","?","E","R","M","T","E","?","R","E","?","R","B",null,"M","?","?","M","$","E","M","E","T","R","M","E","$","M","R","B",null,"M","?","?","$","?","E","R","R","T","R","E","E","R","E","R","B",null,"R","$","E","B"],"character_chosen":"THE_CURSED","items_purchased":["TheCursedMod:LuckyCharm","TheCursedMod:Neurasthenia","TheCursedMod:PinkPellets","TheCursedMod:FleshFromBone","Bronze Scales","TheCursedMod:CursedStaff","TheCursedMod:HellfireBreathing","Vajra","TheCursedMod:HellfireBreathing","TheCursedMod:PrepareRite"],"campfire_rested":0,"item_purchase_floors":[22,22,22,22,22,30,38,38,53,53],"current_hp_per_floor":[71,71,71,71,71,70,70,70,70,59,59,59,59,52,52,26,75,75,75,75,75,75,75,57,59,59,59,60,45,45,46,46,47,75,75,75,71,71,71,69,69,69,69,69,56,50,50,50,50,47,71,71,71,2,0,0],"gold":79,"neow_bonus":"RANDOM_COMMON_RELIC","is_prod":false,"is_daily":false,"chose_seed":false,"campfire_upgraded":10,"win_rate":0,"timestamp":1607553198,"path_taken":["M","?","M","M","?","E","R","M","T","E","?","R","E","?","R","BOSS","M","?","?","M","$","E","M","E","T","R","M","E","$","M","R","BOSS","M","?","?","$","?","E","R","R","T","R","E","E","R","E","R","BOSS","R","$","E","BOSS"],"build_version":"2020-12-07","purchased_purges":2,"victory":false,"max_hp_per_floor":[75,75,75,75,75,75,75,75,75,75,75,75,75,75,75,75,75,75,75,75,75,75,75,75,75,75,75,75,75,75,75,75,75,75,75,75,71,71,71,71,71,71,71,71,71,71,71,71,71,71,71,71,71,71,71,71],"relic_stats":{"Happy Flower":[9],"counters":[26,129],"CeramicFish":261,"PreservedInsect":560,"Pen Nib":[3],"Cursed Key":2,"Blood Vial":22,"Peace Pipe":0,"Dream Catcher":0,"Ornamental Fan":[32],"Bronze Scales":[249],"Pantograph":71,"obtain_stats":[{"TheCursedMod:BloodyHarpoon":10,"TheCursedMod:BlackMagic101":0,"Happy Flower":45,"CeramicFish":9,"Vajra":38,"TheCursedMod:PinkPellets":22,"PreservedInsect":0,"Pen Nib":48,"Cursed Key":17,"Ancient Tea Set":20,"Akabeko":13,"Blood Vial":11,"Peace Pipe":40,"Anchor":23,"Dream Catcher":25,"Ornamental Fan":46,"Bronze Scales":22,"Pantograph":26,"Philosopher\u0027s Stone":34,"TheCursedMod:CrystalBall":54,"WingedGreaves":29,"Bag of Marbles":6,"Red Mask":39},{"TheCursedMod:BloodyHarpoon":7,"TheCursedMod:BlackMagic101":0,"Happy Flower":21,"CeramicFish":6,"Vajra":19,"TheCursedMod:PinkPellets":11,"PreservedInsect":0,"Pen Nib":23,"Cursed Key":9,"Ancient Tea Set":10,"Akabeko":8,"Blood Vial":7,"Peace Pipe":20,"Anchor":12,"Dream Catcher":14,"Ornamental Fan":22,"Bronze Scales":11,"Pantograph":14,"Philosopher\u0027s Stone":18,"TheCursedMod:CrystalBall":25,"WingedGreaves":16,"Bag of Marbles":5,"Red Mask":19},{"TheCursedMod:BloodyHarpoon":23,"TheCursedMod:BlackMagic101":0,"Happy Flower":100,"CeramicFish":16,"Vajra":89,"TheCursedMod:PinkPellets":51,"PreservedInsect":0,"Pen Nib":111,"Cursed Key":45,"Ancient Tea Set":46,"Akabeko":28,"Blood Vial":23,"Peace Pipe":95,"Anchor":55,"Dream Catcher":60,"Ornamental Fan":106,"Bronze Scales":51,"Pantograph":60,"Philosopher\u0027s Stone":87,"TheCursedMod:CrystalBall":127,"WingedGreaves":65,"Bag of Marbles":14,"Red Mask":89}]},"card_choices":[{"not_picked":["TheCursedMod:CircleOfCorruption","TheCursedMod:SurpriseAttack"],"picked":"TheCursedMod:CursedSpellbook","floor":1.0},{"not_picked":["TheCursedMod:CircleOfCorruption","TheCursedMod:CircleOfWindfury"],"picked":"TheCursedMod:AbyssShockwave","floor":2.0},{"not_picked":["TheCursedMod:Evocation","TheCursedMod:VitalStrike"],"picked":"TheCursedMod:WearCloak","floor":3.0},{"not_picked":["TheCursedMod:CircleOfFlame","TheCursedMod:Stigma"],"picked":"TheCursedMod:CursedAmulet","floor":4.0},{"not_picked":["TheCursedMod:Evocation","TheCursedMod:SpitefulPlan"],"picked":"TheCursedMod:CircleOfAbyss","floor":6.0},{"not_picked":["TheCursedMod:EmpowerCircles","TheCursedMod:AshesToAshes"],"picked":"TheCursedMod:Obscuration","floor":8.0},{"not_picked":["TheCursedMod:TacticalStrike","TheCursedMod:Stretching"],"picked":"TheCursedMod:TroublousMinions","floor":10.0},{"not_picked":["TheCursedMod:CursedMace","TheCursedMod:CircleOfBlood"],"picked":"TheCursedMod:BlessingInDisguise","floor":13.0},{"not_picked":["TheCursedMod:UltimatePain","TheCursedMod:CursedRelics"],"picked":"TheCursedMod:DemonSword","floor":16.0},{"not_picked":["TheCursedMod:StingEye+1","TheCursedMod:RapidMovement"],"picked":"TheCursedMod:SurpriseAttack","floor":18.0},{"not_picked":["TheCursedMod:CircleOfCorruption","TheCursedMod:CursedShiv"],"picked":"TheCursedMod:Torture","floor":21.0},{"not_picked":["TheCursedMod:ReleasedKnowledge","TheCursedMod:SmokeScreen"],"picked":"TheCursedMod:CursedBoomerang+1","floor":23.0},{"not_picked":["TheCursedMod:ParallelWorld","TheCursedMod:CursedAmulet"],"picked":"TheCursedMod:SpitefulStrike","floor":24.0},{"not_picked":["TheCursedMod:ReleasedKnowledge","TheCursedMod:RapidMovement","TheCursedMod:PrepareRite+1"],"picked":"SKIP","floor":25.0},{"not_picked":["TheCursedMod:SmokeScreen","TheCursedMod:CircleOfFlame"],"picked":"TheCursedMod:ManaBullet","floor":28.0},{"not_picked":["TheCursedMod:SoulCrush","TheCursedMod:RavingStaff"],"picked":"TheCursedMod:LuckyCharm","floor":29.0},{"not_picked":["TheCursedMod:Torture","TheCursedMod:CircleOfFlame"],"picked":"TheCursedMod:ManaBullet","floor":31.0},{"not_picked":["TheCursedMod:DarkBarrier","TheCursedMod:StunningStrike"],"picked":"TheCursedMod:ShockAndAwe","floor":33.0},{"not_picked":["TheCursedMod:SurpriseAttack+1","TheCursedMod:RapidMovement+1"],"picked":"TheCursedMod:SmokeScreen","floor":35.0},{"not_picked":["Dramatic Entrance","Mind Blast"],"picked":"Mayhem","floor":36.0},{"not_picked":["TheCursedMod:DarkBarrier","TheCursedMod:ParallelWorld"],"picked":"TheCursedMod:FleshFromBone+1","floor":40.0},{"not_picked":["TheCursedMod:BlessingInDisguise","TheCursedMod:AntiAging"],"picked":"TheCursedMod:CircleOfFlame+1","floor":45.0},{"not_picked":["TheCursedMod:FleshFromBone+1","TheCursedMod:DarkBarrier"],"picked":"TheCursedMod:ManaCirculation","floor":46.0},{"not_picked":["TheCursedMod:TroublousMinions+1","TheCursedMod:CircleOfFlame"],"picked":"TheCursedMod:CursedBlade+1","floor":48.0},{"not_picked":["TheCursedMod:CircleOfCorruption+1","TheCursedMod:CursedAmulet"],"picked":"TheCursedMod:DoubleShield+1","floor":54}],"player_experience":257589,"relics_obtained":[{"floor":6.0,"key":"Bag of Marbles"},{"floor":9.0,"key":"CeramicFish"},{"floor":10.0,"key":"TheCursedMod:BloodyHarpoon"},{"floor":13.0,"key":"Akabeko"},{"floor":23.0,"key":"Anchor"},{"floor":25.0,"key":"Dream Catcher"},{"floor":26.0,"key":"Pantograph"},{"floor":29.0,"key":"WingedGreaves"},{"floor":40.0,"key":"Peace Pipe"},{"floor":45.0,"key":"Happy Flower"},{"floor":46.0,"key":"Ornamental Fan"},{"floor":48.0,"key":"Pen Nib"},{"floor":54,"key":"TheCursedMod:CrystalBall"}],"event_choices":[{"damage_healed":0.0,"max_hp_gain":0.0,"max_hp_loss":0.0,"gold_gain":175.0,"event_name":"Liars Game","player_choice":"AGREE","floor":5.0,"gold_loss":0.0,"damage_taken":0.0,"cards_obtained":["Doubt"]},{"damage_healed":0.0,"max_hp_gain":0.0,"max_hp_loss":0.0,"gold_gain":0.0,"event_name":"Big Fish","player_choice":"Box","floor":11.0,"gold_loss":0.0,"damage_taken":0.0,"relics_obtained":["Blood Vial"],"cards_obtained":["Regret"]},{"cards_removed":["TheCursedMod:Strike_TheCursed"],"damage_healed":0.0,"max_hp_gain":0.0,"max_hp_loss":0.0,"gold_gain":0.0,"event_name":"Golden Wing","player_choice":"Card Removal","floor":14.0,"gold_loss":0.0,"damage_taken":7.0},{"damage_healed":0.0,"max_hp_gain":0.0,"max_hp_loss":0.0,"gold_gain":0.0,"event_name":"Back to Basics","player_choice":"Simplicity","floor":19.0,"gold_loss":0.0,"damage_taken":0.0,"cards_upgraded":["TheCursedMod:Strike_TheCursed","TheCursedMod:Strike_TheCursed","TheCursedMod:Strike_TheCursed","TheCursedMod:Defend_TheCursed","TheCursedMod:Defend_TheCursed","TheCursedMod:Defend_TheCursed","TheCursedMod:Defend_TheCursed"]},{"damage_healed":0.0,"max_hp_gain":0.0,"max_hp_loss":0.0,"gold_gain":0.0,"event_name":"Addict","player_choice":"Stole Relic","floor":20.0,"gold_loss":0.0,"damage_taken":0.0,"relics_obtained":["Ancient Tea Set"],"cards_obtained":["Shame"]},{"damage_healed":0.0,"max_hp_gain":0.0,"max_hp_loss":0.0,"gold_gain":0.0,"event_name":"SensoryStone","player_choice":"Memory 1","floor":36.0,"gold_loss":0.0,"damage_taken":0.0},{"damage_healed":0.0,"max_hp_gain":0.0,"max_hp_loss":4.0,"gold_gain":0.0,"event_name":"Winding Halls","player_choice":"Max HP","floor":37.0,"gold_loss":0.0,"damage_taken":0.0},{"damage_healed":0.0,"max_hp_gain":0.0,"max_hp_loss":0.0,"gold_gain":0.0,"event_name":"Tomb of Lord Red Mask","player_choice":"Paid","floor":39.0,"gold_loss":39.0,"damage_taken":0.0,"relics_obtained":["Red Mask"]}],"is_beta":true,"boss_relics":[{"not_picked":["Calling Bell","Coffee Dripper"],"picked":"Cursed Key"},{"not_picked":["Empty Cage","Tiny House"],"picked":"Philosopher\u0027s Stone"}],"items_purged_floors":[22,30],"is_endless":false,"potions_floor_spawned":[1,2,6,8,10,23,24,28,29,33,35,46,48,54],"killed_by":"The Heart","ascension_level":1}}