{"host":"u0m9wcerzdqt9t83","time":1607553643,"event":{"gold_per_floor":[119,25,25,25,35,60,60,73,73,85,99,130,150,225,225,322,372,362,381,381,398,398,398],"floor_reached":22,"playtime":2077,"items_purged":[],"score":223,"play_id":"2cbcf765-ca6a-4560-8076-3ac12e922981","local_time":"20201209174043","is_ascension_mode":false,"campfire_choices":[{"data":"Shade:Brains","floor":7.0,"key":"SMITH"},{"floor":15.0,"key":"REST"}],"neow_cost":"","seed_source_timestamp":0,"circlet_count":0,"master_deck":["Shade:Strike_Shade","Shade:Strike_Shade","Shade:Strike_Shade","Shade:Strike_Shade","Shade:Defend_Shade","Shade:Defend_Shade","Shade:AnimateDead","Shade:CarefulCut","Shade:PressTheAttack","Shade:GoDigging","Enlightenment","Shade:WallOfFlesh","Shade:Brains","Shade:CoffinDance","Shade:Brains+1","Shade:FuneraryJewels","Shade:Asphyxiate","Shade:FleshToFlesh+1","Shade:LastGasp","Shade:OpenGraves","Shade:FuneraryJewels","Shade:FreshBones","Shade:OneIsEnough","Shade:Carnophage","Shade:Doomsay+1","Shade:SkeletonArmy","Shade:FuneraryArmor","Shade:BoneShards+1"],"special_seed":0,"relics":["Shade:YorickSkull","Mango","Dream Catcher","Happy Flower","Ornamental Fan","Omamori","Pantograph","Tiny House"],"potions_floor_usage":[16,21],"damage_taken":[{"damage":0.0,"enemies":"Cultist","floor":1.0,"turns":4.0},{"damage":0.0,"enemies":"Jaw Worm","floor":5.0,"turns":3.0},{"damage":9.0,"enemies":"Gremlin Nob","floor":6.0,"turns":5.0},{"damage":0.0,"enemies":"2 Louse","floor":8.0,"turns":2.0},{"damage":0.0,"enemies":"Blue Slaver","floor":10.0,"turns":4.0},{"damage":0.0,"enemies":"3 Louse","floor":11.0,"turns":4.0},{"damage":1.0,"enemies":"Lagavulin","floor":12.0,"turns":5.0},{"damage":0.0,"enemies":"Exordium Wildlife","floor":13.0,"turns":3.0},{"damage":11,"enemies":"Hexaghost","floor":16,"turns":12},{"damage":21,"enemies":"2 Thieves","floor":18,"turns":4},{"damage":0,"enemies":"3 Byrds","floor":19,"turns":7},{"damage":61,"enemies":"Cultist and Chosen","floor":21,"turns":9},{"damage":8,"enemies":"3 Cultists","floor":22,"turns":4}],"seed_played":"-18213474789949736","potions_obtained":[{"floor":6.0,"key":"Fruit Juice"},{"floor":12.0,"key":"Block Potion"},{"floor":16,"key":"PowerPotion"},{"floor":17,"key":"SteroidPotion"},{"floor":21,"key":"SpeedPotion"}],"is_trial":false,"path_per_floor":["M","$","?","?","M","E","R","M","T","M","M","E","M","?","R","B",null,"M","M","?","M","M"],"character_chosen":"SHADE","items_purchased":["Shade:PressTheAttack","Shade:GoDigging","Dream Catcher","Happy Flower","Enlightenment","Shade:Brains","Shade:CoffinDance"],"campfire_rested":1,"item_purchase_floors":[0,0,0,0,0,2,2],"current_hp_per_floor":[58,58,58,51,51,47,47,47,47,47,47,46,46,35,60,73,89,68,68,68,14,6,6],"gold":398,"neow_bonus":"","is_prod":false,"is_daily":false,"chose_seed":false,"campfire_upgraded":1,"win_rate":0.0,"timestamp":1607553643,"path_taken":["M","?","?","?","M","E","R","M","T","M","?","E","M","?","R","BOSS","M","M","?","M","M"],"build_version":"2020-11-30","purchased_purges":0,"victory":false,"max_hp_per_floor":[79,79,79,79,79,84,84,84,84,84,84,84,84,84,84,84,89,89,89,89,89,89,89],"card_choices":[{"not_picked":["Shade:FeralStrike","Shade:SpontaneousRitual"],"picked":"Shade:WallOfFlesh","floor":1.0},{"not_picked":["Shade:Asphyxiate","Shade:Trample"],"picked":"Shade:Brains","floor":5.0},{"not_picked":["Shade:CommandSoldier","Shade:GraveStillness"],"picked":"Shade:FuneraryJewels","floor":6.0},{"not_picked":["Shade:Brains","Shade:CommandSoldier"],"picked":"Shade:Asphyxiate","floor":8.0},{"not_picked":["Shade:ExtraLimbs","Shade:Awaken"],"picked":"Shade:FleshToFlesh","floor":10.0},{"not_picked":["Shade:FreshBones","Shade:ClawBack"],"picked":"Shade:LastGasp","floor":11.0},{"not_picked":["Shade:FingerOfDeath","Shade:Brains"],"picked":"Shade:OpenGraves","floor":12.0},{"not_picked":["Shade:CloudOfShrapnel","Shade:CoffinDance"],"picked":"Shade:FuneraryJewels","floor":13.0},{"not_picked":["Shade:GoDigging","Shade:BoneShards"],"picked":"Shade:FreshBones","floor":15.0},{"not_picked":["Shade:UnbarTheGrave","Shade:Consume"],"picked":"Shade:OneIsEnough","floor":16},{"not_picked":["Shade:SoulToxin","Shade:ClawBack"],"picked":"Shade:Carnophage","floor":17},{"not_picked":["Shade:FuneraryArmor+1","Shade:Bonestorm"],"picked":"Shade:Doomsay+1","floor":18},{"not_picked":["Shade:PotionOfRestlessness","Shade:SpectralStrikes"],"picked":"Shade:SkeletonArmy","floor":19},{"not_picked":["Shade:GreyBargain+1","Shade:FeralStrike"],"picked":"Shade:BoneShards+1","floor":21}],"player_experience":333107,"relics_obtained":[{"floor":6.0,"key":"Ornamental Fan"},{"floor":9.0,"key":"Omamori"},{"floor":12.0,"key":"Pantograph"}],"event_choices":[{"damage_healed":0.0,"max_hp_gain":0.0,"max_hp_loss":0.0,"gold_gain":0.0,"event_name":"Liars Game","player_choice":"Ignored","floor":3.0,"gold_loss":0.0,"damage_taken":0.0},{"cards_removed":["Shade:Defend_Shade"],"damage_healed":0.0,"max_hp_gain":0.0,"max_hp_loss":0.0,"gold_gain":0.0,"event_name":"Golden Wing","player_choice":"Card Removal","floor":4.0,"gold_loss":0.0,"damage_taken":7.0},{"damage_healed":0.0,"max_hp_gain":0.0,"max_hp_loss":0.0,"gold_gain":75.0,"event_name":"World of Goop","player_choice":"Gather Gold","floor":14.0,"gold_loss":0.0,"damage_taken":11.0},{"damage_healed":0,"gold_gain":0,"cards_transformed":["Shade:Defend_Shade"],"player_choice":"Transformed","damage_taken":0,"max_hp_gain":0,"max_hp_loss":0,"event_name":"Transmorgrifier","floor":20,"gold_loss":0,"cards_obtained":["Shade:FuneraryArmor"]}],"is_beta":false,"boss_relics":[{"not_picked":["Runic Pyramid","Calling Bell"],"picked":"Tiny House"}],"items_purged_floors":[],"is_endless":false,"potions_floor_spawned":[6,12,16,21],"killed_by":"3 Cultists","ascension_level":0}}