{"host":"3j2m8n0ywf988fwb","time":1607532451,"event":{"gold_per_floor":[116,66,66,84,84,117,64,78,108,108,133,159,191,211,211,310,310,330,32,48,65,65,65,65],"floor_reached":23,"playtime":1141,"items_purged":[],"score":279,"play_id":"60fb3d8c-1010-4eec-900f-d839b4c75c58","local_time":"20201209104731","is_ascension_mode":true,"campfire_choices":[{"floor":10,"key":"REST"},{"floor":15,"key":"REST"}],"neow_cost":"NONE","seed_source_timestamp":212526910879600,"circlet_count":0,"master_deck":["Strike_G","Strike_G","Strike_G","Strike_G","Strike_G","Defend_G","Defend_G","Defend_G","Defend_G","Defend_G","Survivor","Neutralize+1","Deadly Poison","PiercingWail","Dash","jedi:pocketpoison","Replay:Poison Smokescreen","Sucker Punch","Distraction","Tools of the Trade","jedi:pocketpoison","Draining Mist+1","Bane","Neutralize"],"relics":["Ring of the Snake","hubris:AncientText","Onion Ring","Blood Vial","CCEMRelics:PaperClip","StuffTheSpire:Gunfinga","Cursed Key","Membership Card","The Specimen"],"potions_floor_usage":[6,11,11,16,23,23],"damage_taken":[{"damage":0,"enemies":"2 Louse","floor":1,"turns":5},{"damage":2,"enemies":"Small Slimes","floor":4,"turns":3},{"damage":43,"enemies":"3 Sentries","floor":6,"turns":15},{"damage":0,"enemies":"Cultist","floor":8,"turns":2},{"damage":6,"enemies":"3 Louse","floor":9,"turns":9},{"damage":28,"enemies":"Gremlin Nob","floor":11,"turns":5},{"damage":0,"enemies":"3 Louse","floor":13,"turns":5},{"damage":0,"enemies":"3 Louse","floor":14,"turns":3},{"damage":29,"enemies":"Slime Boss","floor":16,"turns":15},{"damage":7,"enemies":"3 Byrds","floor":18,"turns":6},{"damage":23,"enemies":"Chosen","floor":20,"turns":5},{"damage":24,"enemies":"Shelled Parasite and Fungi","floor":21,"turns":6},{"damage":24,"enemies":"Slavers","floor":23,"turns":3}],"seed_played":"4799625742780137626","potions_obtained":[{"floor":3,"key":"GamblersBrew"},{"floor":3,"key":"Regen Potion"},{"floor":3,"key":"SneckoOil"},{"floor":6,"key":"SkillPotion"},{"floor":11,"key":"ColorlessPotion"},{"floor":14,"key":"Weak Potion"},{"floor":16,"key":"SteroidPotion"}],"is_trial":false,"path_per_floor":["M","?","?","M","?","E","$","M","MIM","R","E","T","MIM","M","R","B",null,"M","$","M","M","?","E"],"character_chosen":"THE_SILENT","items_purchased":["jedi:pocketpoison","Membership Card","The Specimen"],"campfire_rested":2,"item_purchase_floors":[7,19,19],"current_hp_per_floor":[63,63,63,61,61,18,18,18,12,33,19,19,21,23,44,17,57,52,52,31,9,9,0,0],"gold":65,"neow_bonus":"RANDOM_EVENT","is_prod":false,"is_daily":false,"chose_seed":false,"campfire_upgraded":0,"win_rate":0,"timestamp":1607532451,"path_taken":["M","?","?","?","?","E","$","M","MIM","R","E","?","?","M","R","BOSS","M","$","?","M","?","E"],"build_version":"2020-11-30","purchased_purges":0,"victory":false,"max_hp_per_floor":[70,70,70,70,70,70,70,70,70,70,70,70,70,70,70,70,70,70,70,70,70,70,70,70],"relic_stats":{"Blood Vial":16,"counters":[13,82],"Cursed Key":0,"obtain_stats":[{"Blood Vial":9,"StuffTheSpire:Gunfinga":13,"The Specimen":19,"Onion Ring":6,"Membership Card":19,"CCEMRelics:PaperClip":11,"Cursed Key":17,"hubris:AncientText":0,"Ring of the Snake":0},{"Blood Vial":5,"StuffTheSpire:Gunfinga":7,"The Specimen":10,"Onion Ring":3,"Membership Card":10,"CCEMRelics:PaperClip":6,"Cursed Key":9,"hubris:AncientText":0,"Ring of the Snake":0},{"Blood Vial":34,"StuffTheSpire:Gunfinga":44,"The Specimen":68,"Onion Ring":23,"Membership Card":68,"CCEMRelics:PaperClip":39,"Cursed Key":62,"hubris:AncientText":0,"Ring of the Snake":0}],"Ring of the Snake":[26]},"card_choices":[{"not_picked":["Outmaneuver","Sucker Punch"],"picked":"Deadly Poison","floor":1},{"not_picked":["Setup","Cloak And Dagger"],"picked":"PiercingWail","floor":4},{"not_picked":["hubris:SlightOfHand","Masterful Stab"],"picked":"Dash","floor":6},{"not_picked":["StuffTheSpire:BumpUp","ReplayTheSpireMod:Tripwire","StuffTheSpire:Shiver"],"picked":"SKIP","floor":8},{"not_picked":["StuffTheSpire:Sprint","Wraith Form v2"],"picked":"Replay:Poison Smokescreen","floor":11},{"not_picked":["Setup","StuffTheSpire:Python"],"picked":"Sucker Punch","floor":13},{"not_picked":["StuffTheSpire:ClusterCrunch","Blade Dance"],"picked":"Distraction","floor":14},{"not_picked":["Glass Knife","After Image"],"picked":"Tools of the Trade","floor":16},{"not_picked":["Sucker Punch","Prepared"],"picked":"jedi:pocketpoison","floor":18},{"not_picked":["Dodge and Roll","hubris:Sniper+1"],"picked":"Draining Mist+1","floor":20},{"not_picked":["Hidden Blade+1","Dodge and Roll+1"],"picked":"Bane","floor":21}],"player_experience":950017,"relics_obtained":[{"floor":6,"key":"Onion Ring"},{"floor":9,"key":"Blood Vial"},{"floor":11,"key":"CCEMRelics:PaperClip"},{"floor":13,"key":"StuffTheSpire:Gunfinga"}],"event_choices":[{"damage_healed":0,"gold_gain":0,"player_choice":"Box","damage_taken":0,"relics_obtained":["hubris:AncientText"],"max_hp_gain":0,"max_hp_loss":0,"event_name":"Big Fish","floor":0,"gold_loss":0,"cards_obtained":["Regret"]},{"cards_removed":["Regret"],"damage_healed":0,"gold_gain":0,"player_choice":"Card Removal","damage_taken":0,"max_hp_gain":0,"max_hp_loss":0,"event_name":"The Cleric","floor":2,"gold_loss":50},{"damage_healed":0,"gold_gain":0,"player_choice":"Got Potions","damage_taken":0,"max_hp_gain":0,"max_hp_loss":0,"event_name":"Lab","floor":3,"gold_loss":0},{"damage_healed":0,"gold_gain":0,"player_choice":"Upgraded","damage_taken":0,"max_hp_gain":0,"max_hp_loss":0,"event_name":"Upgrade Shrine","floor":5,"gold_loss":0,"cards_upgraded":["Neutralize"]},{"cards_removed":["Dash"],"damage_healed":0,"gold_gain":0,"player_choice":"Take \u0026 Give","damage_taken":0,"max_hp_gain":0,"max_hp_loss":0,"event_name":"betterNote:BetterNote","floor":22,"gold_loss":0,"cards_obtained":["Neutralize"]}],"is_beta":false,"boss_relics":[{"not_picked":["hubris:VirtuousBlindfold","Ring of Chaos"],"picked":"Cursed Key"}],"items_purged_floors":[],"is_endless":false,"potions_floor_spawned":[6,11,14,16,20,21],"killed_by":"Slavers","ascension_level":8}}