{"host":"a0bi5e935fpwrwib","time":1607547745,"event":{"gold_per_floor":[113,113,15,15,48,106,106,106,139,139,140,140,174,174,271,271,290,37,37,47,47,79,79,79,110,110,130,130,130,130],"floor_reached":33,"playtime":2502,"items_purged":["Strike_P","Defend_P","Replay:Hysterical Blindness","Parasite"],"score":441,"play_id":"0f56fd8d-dc59-4c66-a2d6-ebacacfde5fd","local_time":"20201209150225","is_ascension_mode":true,"campfire_choices":[{"data":"1","floor":13,"key":"LIFT"},{"data":"Scrawl","floor":23,"key":"SMITH"},{"data":"PathToVictory","floor":32,"key":"SMITH"}],"neow_cost":"","seed_source_timestamp":594963804700,"circlet_count":0,"master_deck":["Strike_P","Strike_P","Strike_P","Defend_P","Defend_P","Defend_P","Eruption","Vigilance","Study","CarveReality","Alpha","PathToVictory+1","Scrawl+1","PathToVictory+1","Replay:AtTheReady","Sanctity+1","Replay:AtTheReady"],"relics":["PureWater","Replay:Towering Pillar of Hats","MealTicket","Singing Bowl","hubris:Teleporter","ReplayTheSpireMod:Ring of Addiction","ReplayTheSpireMod:Ring of Challenge","Toy Ornithopter","Chameleon Ring","Iron Hammer","Girya","Pen Nib","ReplayTheSpireMod:CursedCoin","Potion Belt","hubris:Backtick","Bottled Lightning","Shovel","hubris:BottledHeart","ReplayTheSpireMod:TigerMarble","hubris:ToyBattleship"],"potions_floor_usage":[6,6,10,14,14,16,16,18,22,24,24,27],"damage_taken":[{"damage":2,"enemies":"2 Louse","floor":1,"turns":4},{"damage":5,"enemies":"3 Sentries","floor":6,"turns":7},{"damage":4,"enemies":"Small Slimes","floor":7,"turns":4},{"damage":14,"enemies":"Gremlin Nob","floor":10,"turns":5},{"damage":2,"enemies":"3 Sentries","floor":14,"turns":4},{"damage":43,"enemies":"Hexaghost","floor":16,"turns":6},{"damage":22,"enemies":"2 Thieves","floor":18,"turns":3},{"damage":3,"enemies":"3 Byrds","floor":22,"turns":3},{"damage":40,"enemies":"Book of Stabbing","floor":24,"turns":5},{"damage":0,"enemies":"Slavers","floor":27,"turns":7},{"damage":0,"enemies":"Centurion and Healer","floor":31,"turns":6},{"damage":2,"enemies":"Pondfish","floor":33,"turns":7}],"seed_played":"1204582303354565421","potions_obtained":[{"floor":1,"key":"Dexterity Potion"},{"floor":2,"key":"Fire Potion"},{"floor":2,"key":"SkillPotion"},{"floor":8,"key":"Block Potion"},{"floor":8,"key":"Adrenaline Potion"},{"floor":11,"key":"CultistPotion"},{"floor":14,"key":"Regen Potion"},{"floor":15,"key":"Venom Potion"},{"floor":15,"key":"GamblersBrew"},{"floor":16,"key":"LiquidBronze"},{"floor":18,"key":"Dexterity Potion"}],"is_trial":false,"path_per_floor":["M","?","$","?","E","M","R","T","E","?","$","R","E","R","B",null,"M","$","$","M","R","E","?","T","E","?","M","R","B"],"character_chosen":"WATCHER","items_purchased":["MealTicket","Study","Singing Bowl","CarveReality","PathToVictory","ReplayTheSpireMod:CursedCoin","BottledMiracle","PowerPotion"],"campfire_rested":0,"item_purchase_floors":[0,0,0,4,12,12,20,20],"current_hp_per_floor":[31,31,46,46,53,51,51,51,42,42,57,57,67,67,48,76,54,69,73,72,72,40,1,1,1,1,1,1,0,0],"gold":130,"neow_bonus":"","is_prod":false,"is_daily":false,"chose_seed":false,"campfire_upgraded":2,"win_rate":0,"timestamp":1607547745,"path_taken":["M","?","$","?","E","M","R","T","E","?","$","R","E","R","BOSS","M","?","$","?","R","E","?","T","E","?","M","R","BOSS"],"build_version":"2020-11-30","purchased_purges":4,"victory":false,"max_hp_per_floor":[74,74,74,74,76,78,78,78,76,76,76,76,76,76,76,76,76,73,73,75,75,75,1,1,1,1,1,1,1,1],"relic_stats":{"Shovel":0,"Singing Bowl":10,"counters":[194,830],"MealTicket":77,"Pen Nib":[3],"obtain_stats":[{"TwistedFunnel":0,"Golden Egg":0,"Bottled Tornado":21,"Boot":21,"Blood Vial":14,"Sundial":26,"MealTicket":5,"Replay:Bottled Flurry":0,"Kunai":8,"Replay:Wax Seal":30,"Replay:Bottled Steam":28,"ReplayTheSpireMod:Ring of Addiction":5,"Blue Candle":39,"Counterbalance":8,"Velvet Choker":19,"Eternal Feather":26,"Pen Nib":11,"Replay:Ancient Bell":36,"SlaversCollar":19,"hubris:BottledHeart":25,"MutagenicStrength":30,"Bird Faced Urn":36,"ReplayTheSpireMod:Ring of Collecting":19,"Lantern":31,"Regal Pillow":43,"Torii":0,"Singing Bowl":0,"Blue Doll":0,"StoneCalendar":24,"Bag of Preparation":31,"Cursed Key":17,"Smiling Mask":40,"Pet Ghost":8,"Replay:Rubber Ducky":44,"Matryoshka":9,"Ring of Fangs":19,"hubris:Backtick":17,"Shovel":24,"WristBlade":34,"Ninja Scroll":0,"Ring of Peace":19,"Chemical X":44,"Replay:Bottled Eggs":2,"Ring of Panic":39,"Ring of the Snake":0,"Potion Belt":19,"Lee\u0027s Waffle":0,"Golden Idol":2,"Damaru":7,"Thread and Needle":0,"The Courier":28,"PreservedInsect":0,"Omamori":9,"Geode":9,"Ring of Greed":5,"Frozen Egg 2":24,"MawBank":24,"Replay:Arrowhead":39,"Ornamental Fan":40,"Orrery":19,"Art of War":45,"Bottled Lightning":17,"ReplayTheSpireMod:Ring of Challenge":19,"ReplayTheSpireMod:Lightbulb":10,"Toy Ornithopter":26,"Calipers":0,"Gremlin Horn":0,"Nilry\u0027s Codex":30,"HoveringKite":17,"Vajra":29,"Lizard Tail":9,"Centennial Puzzle":28,"HornCleat":12,"DollysMirror":28,"Iron Hammer":48,"Toxic Egg 2":19,"Byrd Skull":4,"Girya":0,"hubris:Teleporter":0,"ReplayTheSpireMod:CursedCoin":28,"Replay:Grab Bag":19,"Oddly Smooth Stone":50,"Ring of Chaos":39,"Letter Opener":37,"War Paint":8,"Question Card":26,"OrangePellets":0,"Bottled Flame":2,"Replay:Baseball":41,"Bronze Scales":9,"Molten Egg 2":13,"Simple Rune":39,"Black Star":34,"ReplayTheSpireMod:TigerMarble":33,"hubris:ToyBattleship":29,"Grinning Jar":0,"Mirror":36,"Meat on the Bone":0,"Darkstone Periapt":6,"ReplayFunnel":28,"ReplayTheSpireMod:Ring of Exchange":8,"Replay:PocketPolymizer":30,"SacredBark":17,"Mango":21,"Snake Skull":8,"Juzu Bracelet":6,"Incense Burner":37,"Replay:Mystery Machine":0,"Empty Cage":17,"ClockworkSouvenir":45,"Replay:Bandana":6,"Dream Catcher":6,"Chameleon Ring":2,"Mummified Hand":12,"Pantograph":9,"Tiny Chest":23,"Red Mask":27,"Replay:Antivirus Software":26,"Replay:Drink Me":34,"Gremlin Food":27,"BargainBundle":4,"ReplayTheSpireMod:Ninjato":44,"Replay:Towering Pillar of Hats":0,"Quantum Egg":10,"Replay:WaspNest":5,"Odd Mushroom":8,"Medical Kit":20,"White Beast Statue":5,"Mercury Hourglass":6,"Strange Spoon":0,"Anchor":38,"ChewingGum":34,"Bag of Marbles":43,"Snack Pack":41,"Membership Card":0,"PureWater":0,"ReplayTheSpireMod:ShopPack":0},{"TwistedFunnel":15,"Golden Egg":116,"Bottled Tornado":126,"Boot":126,"Blood Vial":136,"Sundial":45,"MealTicket":34,"Replay:Bottled Flurry":130,"Kunai":36,"Replay:Wax Seal":13,"Replay:Bottled Steam":46,"ReplayTheSpireMod:Ring of Addiction":34,"Blue Candle":49,"Counterbalance":61,"Velvet Choker":164,"Eternal Feather":128,"Pen Nib":70,"Replay:Ancient Bell":174,"SlaversCollar":164,"hubris:BottledHeart":191,"MutagenicStrength":77,"Bird Faced Urn":107,"ReplayTheSpireMod:Ring of Collecting":138,"Lantern":29,"Regal Pillow":82,"Torii":32,"Singing Bowl":182,"Blue Doll":32,"StoneCalendar":76,"Bag of Preparation":47,"Cursed Key":40,"Smiling Mask":50,"Pet Ghost":61,"Replay:Rubber Ducky":83,"Matryoshka":20,"Ring of Fangs":26,"hubris:Backtick":188,"Shovel":191,"WristBlade":30,"Ninja Scroll":32,"Ring of Peace":138,"Chemical X":51,"Replay:Bottled Eggs":16,"Ring of Panic":81,"Ring of the Snake":0,"Potion Belt":9,"Lee\u0027s Waffle":86,"Golden Idol":155,"Damaru":119,"Thread and Needle":116,"The Courier":13,"PreservedInsect":32,"Omamori":69,"Geode":92,"Ring of Greed":34,"Frozen Egg 2":139,"MawBank":101,"Replay:Arrowhead":148,"Ornamental Fan":110,"Orrery":9,"Art of War":52,"Bottled Lightning":188,"ReplayTheSpireMod:Ring of Challenge":26,"ReplayTheSpireMod:Lightbulb":4,"Toy Ornithopter":12,"Calipers":130,"Gremlin Horn":56,"Nilry\u0027s Codex":46,"HoveringKite":8,"Vajra":103,"Lizard Tail":36,"Centennial Puzzle":46,"HornCleat":135,"DollysMirror":77,"Iron Hammer":151,"Toxic Egg 2":41,"Byrd Skull":34,"Girya":56,"hubris:Teleporter":182,"ReplayTheSpireMod:CursedCoin":46,"Replay:Grab Bag":164,"Oddly Smooth Stone":181,"Ring of Chaos":81,"Letter Opener":49,"War Paint":4,"Question Card":140,"OrangePellets":154,"Bottled Flame":65,"Replay:Baseball":149,"Bronze Scales":61,"Molten Egg 2":62,"Simple Rune":175,"Black Star":145,"ReplayTheSpireMod:TigerMarble":173,"hubris:ToyBattleship":192,"Grinning Jar":15,"Mirror":174,"Meat on the Bone":32,"Darkstone Periapt":3,"ReplayFunnel":170,"ReplayTheSpireMod:Ring of Exchange":119,"Replay:PocketPolymizer":143,"SacredBark":25,"Mango":26,"Snake Skull":20,"Juzu Bracelet":68,"Incense Burner":147,"Replay:Mystery Machine":0,"Empty Cage":72,"ClockworkSouvenir":83,"Replay:Bandana":19,"Dream Catcher":35,"Chameleon Ring":183,"Mummified Hand":38,"Pantograph":4,"Tiny Chest":43,"Red Mask":46,"Replay:Antivirus Software":102,"Replay:Drink Me":48,"Gremlin Food":28,"BargainBundle":34,"ReplayTheSpireMod:Ninjato":178,"Replay:Towering Pillar of Hats":182,"Quantum Egg":21,"Replay:WaspNest":2,"Odd Mushroom":92,"Medical Kit":98,"White Beast Statue":34,"Mercury Hourglass":159,"Strange Spoon":56,"Anchor":49,"ChewingGum":79,"Bag of Marbles":51,"Snack Pack":149,"Membership Card":32,"PureWater":0,"ReplayTheSpireMod:ShopPack":56},{"TwistedFunnel":80,"Golden Egg":491,"Bottled Tornado":527,"Boot":527,"Blood Vial":559,"Sundial":207,"MealTicket":174,"Replay:Bottled Flurry":542,"Kunai":177,"Replay:Wax Seal":63,"Replay:Bottled Steam":208,"ReplayTheSpireMod:Ring of Addiction":174,"Blue Candle":225,"Counterbalance":259,"Velvet Choker":685,"Eternal Feather":535,"Pen Nib":291,"Replay:Ancient Bell":724,"SlaversCollar":685,"hubris:BottledHeart":810,"MutagenicStrength":319,"Bird Faced Urn":452,"ReplayTheSpireMod:Ring of Collecting":564,"Lantern":148,"Regal Pillow":339,"Torii":165,"Singing Bowl":769,"Blue Doll":165,"StoneCalendar":316,"Bag of Preparation":212,"Cursed Key":193,"Smiling Mask":228,"Pet Ghost":259,"Replay:Rubber Ducky":344,"Matryoshka":103,"Ring of Fangs":132,"hubris:Backtick":799,"Shovel":810,"WristBlade":157,"Ninja Scroll":165,"Ring of Peace":564,"Chemical X":230,"Replay:Bottled Eggs":84,"Ring of Panic":334,"Ring of the Snake":0,"Potion Belt":44,"Lee\u0027s Waffle":366,"Golden Idol":650,"Damaru":501,"Thread and Needle":491,"The Courier":63,"PreservedInsect":165,"Omamori":286,"Geode":387,"Ring of Greed":174,"Frozen Egg 2":569,"MawBank":427,"Replay:Arrowhead":612,"Ornamental Fan":464,"Orrery":44,"Art of War":231,"Bottled Lightning":799,"ReplayTheSpireMod:Ring of Challenge":132,"ReplayTheSpireMod:Lightbulb":19,"Toy Ornithopter":57,"Calipers":542,"Gremlin Horn":247,"Nilry\u0027s Codex":208,"HoveringKite":38,"Vajra":437,"Lizard Tail":177,"Centennial Puzzle":208,"HornCleat":556,"DollysMirror":319,"Iron Hammer":628,"Toxic Egg 2":196,"Byrd Skull":174,"Girya":247,"hubris:Teleporter":769,"ReplayTheSpireMod:CursedCoin":208,"Replay:Grab Bag":685,"Oddly Smooth Stone":762,"Ring of Chaos":334,"Letter Opener":225,"War Paint":19,"Question Card":572,"OrangePellets":648,"Bottled Flame":270,"Replay:Baseball":619,"Bronze Scales":259,"Molten Egg 2":263,"Simple Rune":730,"Black Star":594,"ReplayTheSpireMod:TigerMarble":717,"hubris:ToyBattleship":817,"Grinning Jar":80,"Mirror":724,"Meat on the Bone":165,"Darkstone Periapt":13,"ReplayFunnel":705,"ReplayTheSpireMod:Ring of Exchange":501,"Replay:PocketPolymizer":585,"SacredBark":128,"Mango":132,"Snake Skull":103,"Juzu Bracelet":282,"Incense Burner":608,"Replay:Mystery Machine":0,"Empty Cage":304,"ClockworkSouvenir":344,"Replay:Bandana":97,"Dream Catcher":175,"Chameleon Ring":773,"Mummified Hand":182,"Pantograph":19,"Tiny Chest":202,"Red Mask":208,"Replay:Antivirus Software":430,"Replay:Drink Me":223,"Gremlin Food":142,"BargainBundle":174,"ReplayTheSpireMod:Ninjato":748,"Replay:Towering Pillar of Hats":769,"Quantum Egg":107,"Replay:WaspNest":9,"Odd Mushroom":387,"Medical Kit":417,"White Beast Statue":174,"Mercury Hourglass":664,"Strange Spoon":247,"Anchor":225,"ChewingGum":329,"Bag of Marbles":230,"Snack Pack":619,"Membership Card":165,"PureWater":0,"ReplayTheSpireMod:ShopPack":247}],"Toy Ornithopter":42},"card_choices":[{"not_picked":["ClearTheMind","LikeWater","BowlingBash"],"picked":"Singing Bowl","floor":1},{"not_picked":["Prostrate","CarveReality","CutThroughFate"],"picked":"Singing Bowl","floor":6},{"not_picked":["Pray","CrushJoints","Replay:BluntJabs"],"picked":"Singing Bowl","floor":7},{"not_picked":["Adaptation","CrushJoints"],"picked":"Alpha","floor":10},{"not_picked":["Evaluate","Study","CrushJoints"],"picked":"Singing Bowl","floor":14},{"not_picked":["Ragnarok","Alpha"],"picked":"Scrawl","floor":16},{"not_picked":["WaveOfTheHand","Sanctity"],"picked":"PathToVictory+1","floor":18},{"not_picked":["Replay:DivineShield","Indignation","Collect"],"picked":"Singing Bowl","floor":22},{"not_picked":["Wallop","Study+1"],"picked":"Replay:AtTheReady","floor":24},{"not_picked":["JustLucky","Halt"],"picked":"Sanctity+1","floor":27},{"not_picked":["CutThroughFate","FlyingSleeves"],"picked":"Replay:AtTheReady","floor":31}],"player_experience":118394,"relics_obtained":[{"floor":2,"key":"ReplayTheSpireMod:Ring of Addiction"},{"floor":2,"key":"ReplayTheSpireMod:Ring of Challenge"},{"floor":2,"key":"Toy Ornithopter"},{"floor":2,"key":"Chameleon Ring"},{"floor":6,"key":"Iron Hammer"},{"floor":9,"key":"Girya"},{"floor":10,"key":"Pen Nib"},{"floor":14,"key":"Potion Belt"},{"floor":24,"key":"Shovel"},{"floor":27,"key":"ReplayTheSpireMod:TigerMarble"}],"event_choices":[{"damage_healed":0,"gold_gain":0,"player_choice":"Ignored","damage_taken":0,"max_hp_gain":0,"max_hp_loss":0,"event_name":"Shining Light","floor":5,"gold_loss":0},{"damage_healed":0,"gold_gain":0,"player_choice":"Got Potions","damage_taken":0,"max_hp_gain":0,"max_hp_loss":0,"event_name":"Lab","floor":11,"gold_loss":0},{"damage_healed":0,"gold_gain":0,"player_choice":"Opened","damage_taken":0,"relics_obtained":["hubris:ToyBattleship"],"max_hp_gain":0,"max_hp_loss":0,"event_name":"The Mausoleum","floor":29,"gold_loss":0}],"is_beta":false,"boss_relics":[{"not_picked":["hubris:Stopwatch","hubris:HollowSoul"],"picked":"hubris:Backtick"}],"items_purged_floors":[0,0,12,20],"is_endless":false,"potions_floor_spawned":[1,14,16,18],"killed_by":"Pondfish","ascension_level":1}}