{"host":"e60lxwgnuildi45x","time":1607522216,"event":{"gold_per_floor":[118,43,61,103,103,154,154,193,272,299,319,375,399,446,446,488,488],"floor_reached":16,"playtime":810,"items_purged":["Defend_P"],"score":189,"play_id":"dbf43277-d9a8-4ccf-9be2-e3e72a318fc9","local_time":"20201209215656","is_ascension_mode":true,"campfire_choices":[{"data":"Eruption","floor":15,"key":"SMITH"}],"neow_cost":"NONE","seed_source_timestamp":10489875120100,"circlet_count":0,"master_deck":["Strike_P","Strike_P","Strike_P","Strike_P","Eruption+1","Vigilance","FollowUp","Adaptation","BowlingBash","Hallownest:skillLeafShield","Hallownest:skillLeafShield","Hallownest:skillLeafShield","Hallownest:skillLeafShield","Hallownest:skillLeafShield","Devotion","Conclude","WheelKick","EmptyBody","CrushJoints","Prostrate"],"relics":["HushsDoor","testmod-TestBox","testmod-ConstraintPeriapt","SalivaCoin","SacredBark","LetterFromLob","Torii","Hallownest:DreamNailRelic","Letter Opener","testmod-LifeArmor","testmod-OneHitWonder","Damaru"],"potions_floor_usage":[12,13,14,14],"damage_taken":[{"damage":0,"enemies":"Hallownest:monsterHuskGuard","floor":1,"turns":4},{"damage":4,"enemies":"2_ Uuma","floor":3,"turns":5},{"damage":6,"enemies":"Hallownest:2_Tiktiks_and_1_Crawlid","floor":4,"turns":2},{"damage":16,"enemies":"Hallownest:eliteMossKnight","floor":6,"turns":5},{"damage":10,"enemies":"Hallownest:eliteCrystalGuardian","floor":8,"turns":5},{"damage":10,"enemies":"Hallownest:1_Ooma_and_2_Uuma","floor":10,"turns":5},{"damage":0,"enemies":"Hallownest:monsterFoolEater","floor":11,"turns":3},{"damage":11,"enemies":"Hallownest:eliteMossKnight","floor":12,"turns":8},{"damage":2,"enemies":"Hallownest:Wandering_and_Horned","floor":13,"turns":4},{"damage":20,"enemies":"Hallownest:eliteCrystalGuardian","floor":14,"turns":4},{"damage":54,"enemies":"Hallownest:BossHornet","floor":16,"turns":6}],"seed_played":"8960724400499051548","potions_obtained":[{"floor":3,"key":"Fire Potion"},{"floor":10,"key":"AttackPotion"},{"floor":11,"key":"Weak Potion"},{"floor":12,"key":"EntropicBrew"},{"floor":14,"key":"Dexterity Potion"}],"is_trial":false,"path_per_floor":["M","$","M","M","?","E","?","E","T","M","M","E","M","E","R","B"],"character_chosen":"WATCHER","items_purchased":[],"campfire_rested":0,"item_purchase_floors":[],"current_hp_per_floor":[66,66,66,61,61,46,46,38,38,30,30,21,20,43,43,0,0],"gold":488,"neow_bonus":"BOSS_RELIC","is_prod":false,"is_daily":false,"chose_seed":false,"campfire_upgraded":1,"win_rate":0,"timestamp":1607522216,"path_taken":["M","$","M","M","?","E","?","E","T","M","M","E","?","E","R","BOSS"],"build_version":"2020-11-30","purchased_purges":1,"victory":false,"max_hp_per_floor":[72,72,72,72,72,72,72,72,72,72,72,72,72,72,72,72,72],"card_choices":[{"not_picked":["Indignation","Halt"],"picked":"FollowUp","floor":1},{"not_picked":["Fasting2","Consecrate"],"picked":"Adaptation","floor":3},{"not_picked":["Consecrate","WreathOfFlame"],"picked":"BowlingBash","floor":4},{"not_picked":["MentalFortress","Halt"],"picked":"Devotion","floor":6},{"not_picked":["SandsOfTime","Sanctity"],"picked":"Conclude","floor":8},{"not_picked":["FlyingSleeves","SashWhip"],"picked":"WheelKick","floor":10},{"not_picked":["PathToVictory","Meditate","BowlingBash"],"picked":"SKIP","floor":11},{"not_picked":["PathToVictory","WindmillStrike"],"picked":"EmptyBody","floor":12},{"not_picked":["Protect","Sanctity"],"picked":"CrushJoints","floor":13},{"not_picked":["CrushJoints","Establishment"],"picked":"Prostrate","floor":14}],"player_experience":514846,"relics_obtained":[{"floor":1,"key":"LetterFromLob"},{"floor":6,"key":"Torii"},{"floor":8,"key":"Letter Opener"},{"floor":9,"key":"testmod-LifeArmor"},{"floor":12,"key":"testmod-OneHitWonder"},{"floor":14,"key":"Damaru"}],"event_choices":[],"is_beta":false,"boss_relics":[],"items_purged_floors":[2],"is_endless":false,"potions_floor_spawned":[3,10,11,12,14],"killed_by":"Hallownest:BossHornet","ascension_level":7}}