{"host":"2461dio7vetlq1z3","time":1607505646,"event":{"gold_per_floor":[113,130,14,14,30,30,48,48,48],"floor_reached":8,"playtime":382,"items_purged":["Strike_P"],"score":53,"play_id":"eed32c96-3bd2-4556-bc4d-6ee7cce90bca","local_time":"20201209102046","is_ascension_mode":true,"campfire_choices":[{"data":"TalkToTheHand","floor":6,"key":"SMITH"}],"neow_cost":"","seed_source_timestamp":346150113482300,"circlet_count":0,"master_deck":["Strike_P","Strike_P","Strike_P","Defend_P","Defend_P","Defend_P","Defend_P","Eruption","Vigilance","CrumblingArmor","PathToVictory","CherryBlossoms","BattleHymn","TalkToTheHand+1","Freischutz","Prostrate","Wellcheers","Blasphemy"],"relics":["PureWater","CogitoBucket","LetterFromLob","RedMistMask","MealTicket"],"potions_floor_usage":[],"damage_taken":[{"damage":0,"enemies":"Small Slimes","floor":1,"turns":2},{"damage":19,"enemies":"Jaw Worm","floor":2,"turns":6},{"damage":0,"enemies":"Cultist","floor":5,"turns":4},{"damage":0,"enemies":"3 Louse","floor":7,"turns":2},{"damage":64,"enemies":"Gremlin Nob","floor":8,"turns":4}],"seed_played":"-2555588143796275706","potions_obtained":[{"floor":1,"key":"SpeedPotion"},{"floor":5,"key":"SpeedPotion"},{"floor":7,"key":"EssenceOfSteel"}],"is_trial":false,"path_per_floor":["M","M","$","?","M","R","M","E"],"character_chosen":"WATCHER","items_purchased":["TalkToTheHand"],"campfire_rested":0,"item_purchase_floors":[3],"current_hp_per_floor":[72,53,53,46,46,46,46,0,0],"gold":48,"neow_bonus":"","is_prod":false,"is_daily":false,"chose_seed":false,"campfire_upgraded":1,"win_rate":0,"timestamp":1607505646,"path_taken":["M","M","$","?","M","R","M","E"],"build_version":"2020-11-30","purchased_purges":1,"victory":false,"max_hp_per_floor":[72,72,72,72,72,72,72,72,72],"relic_stats":{"counters":[5,18],"MealTicket":0,"obtain_stats":[{"CogitoBucket":0,"MealTicket":4,"RedMistMask":1,"LetterFromLob":1,"PureWater":0},{"CogitoBucket":0,"MealTicket":2,"RedMistMask":1,"LetterFromLob":1,"PureWater":0},{"CogitoBucket":0,"MealTicket":8,"RedMistMask":2,"LetterFromLob":2,"PureWater":0}]},"card_choices":[{"not_picked":["VoidDream","MHz"],"picked":"CrumblingArmor","floor":1},{"not_picked":["Consecrate","ThirdEye"],"picked":"PathToVictory","floor":1},{"not_picked":["UniverseFragment","Bloodbath"],"picked":"CherryBlossoms","floor":2},{"not_picked":["Vengeance","Swivel"],"picked":"BattleHymn","floor":2},{"not_picked":["BeautyBeast","Scarecrow"],"picked":"Freischutz","floor":5},{"not_picked":["WindmillStrike","ClearTheMind"],"picked":"Prostrate","floor":5},{"not_picked":["LittlePrince","Yin"],"picked":"Wellcheers","floor":7},{"not_picked":["InnerPeace","FlurryOfBlows"],"picked":"Blasphemy","floor":7}],"player_experience":581074,"relics_obtained":[{"floor":1,"key":"LetterFromLob"},{"floor":1,"key":"RedMistMask"}],"event_choices":[{"damage_healed":0,"gold_gain":0,"player_choice":"Success","damage_taken":7,"relics_obtained":["MealTicket"],"max_hp_gain":0,"max_hp_loss":0,"event_name":"Scrap Ooze","floor":4,"gold_loss":0}],"is_beta":false,"boss_relics":[],"items_purged_floors":[3],"is_endless":false,"potions_floor_spawned":[1,5,7],"killed_by":"Gremlin Nob","ascension_level":2}}