{"host":"svwqvw2il1zfkkg0","time":1607484643,"event":{"gold_per_floor":[117,129,141,153,171,171,199,199,199,219,233,233,233,243,243,348,348,359,375,390,39,57,57,89,105,152,171,188,188,206,225,225,225,225],"floor_reached":33,"playtime":1116,"items_purged":[],"score":279,"play_id":"31ac50c9-1818-4d52-9e72-b65b04d75934","local_time":"20201208193043","is_ascension_mode":false,"campfire_choices":[{"floor":6,"key":"REST"},{"data":"Bouncing Flask","floor":8,"key":"SMITH"},{"floor":15,"key":"REST"},{"floor":23,"key":"REST"},{"floor":29,"key":"REST"},{"floor":32,"key":"REST"}],"neow_cost":"NONE","seed_source_timestamp":397037215774300,"circlet_count":0,"master_deck":["Strike_G","Strike_G","Strike_G","Strike_G","Defend_G","Defend_G","Defend_G","Defend_G","Defend_G","Survivor","Neutralize+1","Replay:Poison Smokescreen","Bouncing Flask+1","Sucker Punch","Blade Dance","Poisoned Stab","Flying Knee","Poisoned Stab","Crippling Poison","Backstab+1","Cloak And Dagger+1","Dagger Throw","Sucker Punch","Draining Mist","Masterful Stab","Backstab"],"relics":["Ring of the Snake","FossilizedHelix","Toy Ornithopter","Painkiller Herb","hubris:SphereOfDissonance","Bag of Marbles","infinitespire:PuzzleCube"],"potions_floor_usage":[3,16,20,30,30,30],"damage_taken":[{"damage":5,"enemies":"2 Louse","floor":1,"turns":3},{"damage":0,"enemies":"Small Slimes","floor":2,"turns":3},{"damage":7,"enemies":"infinitespire:Voidling","floor":3,"turns":3},{"damage":1,"enemies":"Looter","floor":4,"turns":3},{"damage":15,"enemies":"Exordium Wildlife","floor":5,"turns":4},{"damage":20,"enemies":"Gremlin Nob","floor":7,"turns":4},{"damage":0,"enemies":"Exordium Thugs","floor":10,"turns":4},{"damage":22,"enemies":"Gremlin Gang","floor":11,"turns":4},{"damage":0,"enemies":"2 Fungi Beasts","floor":14,"turns":3},{"damage":20,"enemies":"Hexaghost","floor":16,"turns":7},{"damage":21,"enemies":"2 Thieves","floor":18,"turns":3},{"damage":1,"enemies":"Shell Parasite","floor":19,"turns":3},{"damage":11,"enemies":"Centurion and Healer","floor":20,"turns":4},{"damage":12,"enemies":"Cultist and Chosen","floor":22,"turns":5},{"damage":14,"enemies":"Book of Stabbing","floor":24,"turns":4},{"damage":3,"enemies":"Chosen and Byrds","floor":25,"turns":3},{"damage":15,"enemies":"Shelled Parasite and Fungi","floor":27,"turns":5},{"damage":5,"enemies":"3 Cultists","floor":28,"turns":4},{"damage":0,"enemies":"Centurion and Healer","floor":30,"turns":4},{"damage":0,"enemies":"Snecko","floor":31,"turns":3},{"damage":74,"enemies":"Pondfish","floor":33,"turns":12}],"seed_played":"-4222234952931216544","potions_obtained":[{"floor":2,"key":"SneckoOil"},{"floor":4,"key":"Elixir"},{"floor":11,"key":"PowerPotion"},{"floor":19,"key":"Poison Potion"},{"floor":20,"key":"GamblersBrew"},{"floor":28,"key":"PowerPotion"}],"is_trial":false,"path_per_floor":["M","M","M","M","M","R","E","R","T","M","M","?","?","M","R","B",null,"?","?","?","T","?","T","E","?","T","?","?","T","?","?","T","B"],"character_chosen":"THE_SILENT","items_purchased":["hubris:SphereOfDissonance","Strength Potion","Explosive Potion"],"campfire_rested":5,"item_purchase_floors":[21,21,21],"current_hp_per_floor":[65,65,65,64,49,70,50,50,50,50,28,28,28,28,49,34,70,49,48,42,42,30,51,37,34,34,19,14,35,50,50,70,0,0],"gold":225,"neow_bonus":"UPGRADE_CARD","is_prod":false,"is_daily":false,"chose_seed":false,"campfire_upgraded":1,"win_rate":0,"timestamp":1607484643,"path_taken":["M","M","M","M","M","R","E","R","T","M","M","?","?","M","R","BOSS","?","?","?","T","?","T","E","?","T","?","?","T","?","?","T","BOSS"],"build_version":"2020-11-30","purchased_purges":0,"victory":false,"max_hp_per_floor":[70,70,70,70,70,70,70,70,70,70,70,70,70,70,70,70,70,70,70,70,70,70,70,70,70,70,70,70,70,70,70,70,70,70],"card_choices":[{"not_picked":["Backflip","Skewer"],"picked":"Replay:Poison Smokescreen","floor":1},{"not_picked":["Deflect","Prepared"],"picked":"Bouncing Flask","floor":2},{"not_picked":["Backflip","Acrobatics"],"picked":"Sucker Punch","floor":3},{"not_picked":["Cloak And Dagger","Outmaneuver"],"picked":"Blade Dance","floor":4},{"not_picked":["Dagger Throw","Dodge and Roll"],"picked":"Poisoned Stab","floor":5},{"not_picked":["Sucker Punch","Terror"],"picked":"Flying Knee","floor":7},{"not_picked":["Outmaneuver","Flying Knee"],"picked":"Poisoned Stab","floor":10},{"not_picked":["Tools of the Trade","Cloak And Dagger"],"picked":"Crippling Poison","floor":11},{"not_picked":["Escape Plan","Well Laid Plans","Backflip"],"picked":"SKIP","floor":14},{"not_picked":["Cloak And Dagger","Acrobatics"],"picked":"Backstab+1","floor":18},{"not_picked":["Slice","hubris:SlightOfHand","Outmaneuver"],"picked":"SKIP","floor":19},{"not_picked":["Quick Slash","Blade Dance"],"picked":"Cloak And Dagger+1","floor":20},{"not_picked":["Hidden Blade","ReplayTheSpireMod:Shiv Toss+1","Wraith Form v2"],"picked":"SKIP","floor":22},{"not_picked":["Accuracy","Footwork"],"picked":"Dagger Throw","floor":24},{"not_picked":["Backflip","PiercingWail"],"picked":"Sucker Punch","floor":25},{"not_picked":["Predator","Sucker Punch","Caltrops"],"picked":"SKIP","floor":27},{"not_picked":["Choke","Quick Slash"],"picked":"Draining Mist","floor":28},{"not_picked":["Hidden Blade","Slice"],"picked":"Masterful Stab","floor":30},{"not_picked":["Hidden Blade+1","Flying Knee"],"picked":"Backstab","floor":31}],"player_experience":348607,"relics_obtained":[{"floor":7,"key":"FossilizedHelix"},{"floor":9,"key":"Toy Ornithopter"},{"floor":24,"key":"Bag of Marbles"},{"floor":26,"key":"infinitespire:PuzzleCube"}],"event_choices":[{"damage_healed":0,"gold_gain":0,"player_choice":"Ignored","damage_taken":0,"max_hp_gain":0,"max_hp_loss":0,"event_name":"Shining Light","floor":12,"gold_loss":0},{"cards_removed":["Strike_G"],"damage_healed":0,"gold_gain":0,"player_choice":"Purged","damage_taken":0,"max_hp_gain":0,"max_hp_loss":0,"event_name":"Purifier","floor":13,"gold_loss":0}],"is_beta":false,"boss_relics":[{"not_picked":["hubris:RunicObelisk","Runic Pyramid"],"picked":"Painkiller Herb"}],"items_purged_floors":[],"is_endless":false,"potions_floor_spawned":[2,4,11,19,20,22,28],"killed_by":"Pondfish","ascension_level":0}}