{"host":"nuu0xlk1bpqu5s2n","time":1607512731,"event":{"gold_per_floor":[116,116,116,126,145,145,172,14,39,58,58,89,89,103,103,202,202,216,216,216,6,6,6,31,31,31,31,44,44,44,63,63,63,63],"floor_reached":33,"playtime":1491,"items_purged":[],"score":606,"play_id":"e02b5f3e-044b-437e-809d-e1fa57dda570","local_time":"20201209131851","is_ascension_mode":true,"campfire_choices":[{"data":"Consume","floor":6.0,"key":"SMITH"},{"data":"Lockon","floor":13.0,"key":"SMITH"},{"data":"Ball Lightning","floor":15.0,"key":"SMITH"},{"data":"Seek","floor":23,"key":"SMITH"},{"data":"BootSequence","floor":25,"key":"SMITH"},{"data":"Compile Driver","floor":27,"key":"SMITH"},{"data":"Static Discharge","floor":30,"key":"SMITH"},{"floor":32,"key":"REST"}],"neow_cost":"TEN_PERCENT_HP_LOSS","seed_source_timestamp":0,"circlet_count":0,"master_deck":["AscendersBane","Strike_B","Defend_B","Defend_B","Defend_B","Zap","Dualcast+1","Chill","Consume+1","FTL","Amplify","Ball Lightning+1","Steam+1","Steam","Lockon+1","Cold Snap","Seek+1","Compile Driver+1","Writhe","BootSequence+1","Clumsy","Static Discharge+1","Compile Driver"],"special_seed":0,"relics":["Cracked Core","War Paint","PreservedInsect","Pen Nib","Golden Idol","The Courier","Cursed Key","Vajra","HornCleat","Ice Cream"],"potions_floor_usage":[31,33,33],"damage_taken":[{"damage":1.0,"enemies":"Small Slimes","floor":1.0,"turns":4.0},{"damage":5.0,"enemies":"Jaw Worm","floor":4.0,"turns":4.0},{"damage":1.0,"enemies":"2 Louse","floor":5.0,"turns":2.0},{"damage":20.0,"enemies":"3 Sentries","floor":7.0,"turns":7.0},{"damage":0.0,"enemies":"Blue Slaver","floor":10.0,"turns":2.0},{"damage":10.0,"enemies":"Gremlin Nob","floor":12.0,"turns":3.0},{"damage":2.0,"enemies":"Red Slaver","floor":14.0,"turns":3.0},{"damage":0.0,"enemies":"Hexaghost","floor":16.0,"turns":7.0},{"damage":1.0,"enemies":"3 Byrds","floor":18.0,"turns":5.0},{"damage":0,"enemies":"Spheric Guardian","floor":24,"turns":3},{"damage":6,"enemies":"Centurion and Healer","floor":28,"turns":5},{"damage":17,"enemies":"Shelled Parasite and Fungi","floor":31,"turns":3},{"damage":65,"enemies":"Collector","floor":33,"turns":7}],"seed_played":"-8049477333771736123","potions_obtained":[{"floor":7.0,"key":"FocusPotion"},{"floor":10.0,"key":"Explosive Potion"},{"floor":12.0,"key":"FocusPotion"},{"floor":22.0,"key":"EntropicBrew"},{"floor":22.0,"key":"DuplicationPotion"}],"is_trial":false,"path_per_floor":["M","?","?","M","M","R","E","$","T","M","?","E","R","M","R","B",null,"M","?","?","$","?","R","M","R","T","R","M","$","R","M","R","B"],"character_chosen":"DEFECT","items_purchased":["PreservedInsect","HornCleat"],"campfire_rested":1,"item_purchase_floors":[8,21],"current_hp_per_floor":[63,63,56,51,50,50,30,30,30,30,30,20,20,18,18,18,48,47,47,47,47,47,47,47,47,47,47,41,41,41,24,41,0,0],"gold":63,"neow_bonus":"TRANSFORM_TWO_CARDS","is_prod":false,"is_daily":false,"chose_seed":false,"campfire_upgraded":7,"win_rate":0,"timestamp":1607512731,"path_taken":["M","?","?","M","M","R","E","?","T","M","?","E","R","M","R","BOSS","M","?","?","$","?","R","M","R","T","R","?","$","R","M","R","BOSS"],"build_version":"2020-11-30","purchased_purges":0,"victory":false,"max_hp_per_floor":[64,64,64,64,64,64,64,64,64,64,58,58,58,58,58,58,58,58,58,58,58,58,58,58,58,58,58,58,58,58,58,58,58,58],"card_choices":[{"not_picked":["Barrage","Sweeping Beam"],"picked":"FTL","floor":1.0},{"not_picked":["Fusion","Rebound"],"picked":"Ball Lightning","floor":4.0},{"not_picked":["Tempest","Stack"],"picked":"Steam","floor":5.0},{"not_picked":["Aggregate","Gash","Heatsinks"],"picked":"SKIP","floor":7.0},{"not_picked":["Aggregate","Barrage"],"picked":"Steam","floor":10.0},{"not_picked":["Compile Driver","Streamline"],"picked":"Lockon","floor":12.0},{"not_picked":["Redo","Steam Power"],"picked":"Cold Snap","floor":14.0},{"not_picked":["Reboot","Meteor Strike"],"picked":"Seek","floor":16.0},{"not_picked":["Redo","Steam"],"picked":"Compile Driver","floor":18.0},{"not_picked":["Reprogram","FTL"],"picked":"BootSequence","floor":24},{"not_picked":["Chill","Coolheaded"],"picked":"Static Discharge","floor":28},{"not_picked":["Chaos","All For One"],"picked":"Compile Driver","floor":31}],"player_experience":533614,"relics_obtained":[{"floor":7.0,"key":"War Paint"},{"floor":9.0,"key":"Pen Nib"},{"floor":12.0,"key":"The Courier"},{"floor":26,"key":"Ice Cream"}],"event_choices":[{"damage_healed":0.0,"max_hp_gain":0.0,"max_hp_loss":0.0,"gold_gain":0.0,"cards_transformed":["Strike_B"],"event_name":"Living Wall","player_choice":"Change","floor":2.0,"gold_loss":0.0,"damage_taken":0.0,"cards_obtained":["Amplify"]},{"cards_removed":["Strike_B"],"damage_healed":0.0,"max_hp_gain":0.0,"max_hp_loss":0.0,"gold_gain":0.0,"event_name":"Golden Wing","player_choice":"Card Removal","floor":3.0,"gold_loss":0.0,"damage_taken":7.0},{"damage_healed":0.0,"max_hp_gain":0.0,"max_hp_loss":6.0,"gold_gain":0.0,"event_name":"Golden Idol","player_choice":"Lose Max HP","floor":11.0,"gold_loss":0.0,"damage_taken":0.0,"relics_obtained":["Golden Idol"]},{"damage_healed":0.0,"max_hp_gain":0.0,"max_hp_loss":0.0,"gold_gain":0.0,"event_name":"Ghosts","player_choice":"Ignored","floor":19.0,"gold_loss":0.0,"damage_taken":0.0},{"damage_healed":0.0,"max_hp_gain":0.0,"max_hp_loss":0.0,"gold_gain":0.0,"event_name":"The Mausoleum","player_choice":"Opened","floor":20.0,"gold_loss":0.0,"damage_taken":0.0,"relics_obtained":["Vajra"],"cards_obtained":["Writhe"]},{"damage_healed":0.0,"max_hp_gain":0.0,"max_hp_loss":0.0,"gold_gain":0.0,"event_name":"Lab","player_choice":"Got Potions","floor":22.0,"gold_loss":0.0,"damage_taken":0.0}],"is_beta":false,"boss_relics":[{"not_picked":["Snecko Eye","Runic Pyramid"],"picked":"Cursed Key"}],"items_purged_floors":[],"is_endless":false,"potions_floor_spawned":[7,10,12,24],"killed_by":"Collector","ascension_level":20}}