{"host":"ecaj4hn004xnnrw9","time":1607472509,"event":{"gold_per_floor":[119,119,131,149,6,41,41,73,100,100,100,134,134,162,162,263,263,277,291,291,307,307,307,333,27,27,41,41,71,90,120,120,215,215,226,28,41,56,73,105,105,136,136,405,405,440,491,512,512,534,534,534,7,60,74],"floor_reached":56,"playtime":1946,"items_purged":["SwitchThreat","Reaper"],"score":1923,"play_id":"4bc9cc92-9d6a-4a41-aba1-c1c04cd8510f","local_time":"20201209000829","is_ascension_mode":true,"campfire_choices":[{"data":"Bash","floor":7,"key":"SMITH"},{"data":"Uppercut","floor":11,"key":"SMITH"},{"data":"Cleave","floor":15,"key":"SMITH"},{"data":"Sword Boomerang","floor":23,"key":"SMITH"},{"data":"ReplayTheSpireMod:Limb From Limb","floor":28,"key":"SMITH"},{"data":"Hemogenesis","floor":41,"key":"SMITH"},{"data":"Shrug It Off","floor":45,"key":"SMITH"},{"floor":49,"key":"RECALL"},{"data":"Reaper","floor":52,"key":"SMITH"}],"neow_cost":"NONE","seed_source_timestamp":33522457425100,"circlet_count":0,"master_deck":["Bash+1","ReplayTheSpireMod:Muscle Training","Shrug It Off+1","Reaper+1","Headbutt","Uppercut+1","Cleave+1","ReplayTheSpireMod:Stacked+1","ReplayTheSpireMod:Limb From Limb+1","Offering+1","ReplayTheSpireMod:Muscle Training+1","Exhume+1","Carnage","Disarm+1","Spot Weakness+1","Flame Barrier+1","Sword Boomerang+1","True Grit+1","Limit Break+1","Pummel+1","Hemogenesis+1","Combust+1","Limit Break+1","True Grit+1","Seeing Red+1","Heavy Blade+1","Limit Break+1","Armaments+1"],"relics":["Coffee Dripper","Replay:Baseball","Blood Vial","Centennial Puzzle","Red Skull","Toxic Egg 2","TungstenRod","BranchBurnRelic","Replay:Grab Bag","Velvet Choker","ChewingGum","Pandora\u0027s Box","Black Star","The Courier","Pen Nib","Bag of Preparation","ClockworkSouvenir","Mango","Akabeko","Replay:Ringing Soul","Onion Ring","Quantum Egg","MutagenicStrength","SacredBark","MealTicket","Matryoshka","Replay:Kaleidoscope","Replay:Bandana","Du-Vu Doll","Sundial","Oddly Smooth Stone","Calipers","Blue Doll","Replay:Accelerometer","Shuriken","ReplayTheSpireMod:Spearhead","Mercury Hourglass","Champion Belt"],"potions_floor_usage":[8,14,14,16,47,50,55,55],"damage_taken":[{"damage":2,"enemies":"Small Slimes","floor":1,"turns":3},{"damage":1,"enemies":"Cultist","floor":3,"turns":3},{"damage":3,"enemies":"Jaw Worm","floor":4,"turns":3},{"damage":29,"enemies":"Lagavulin","floor":6,"turns":7},{"damage":16,"enemies":"3 Sentries","floor":8,"turns":4},{"damage":19,"enemies":"Lagavulin","floor":12,"turns":4},{"damage":8,"enemies":"Gremlin Nob","floor":14,"turns":3},{"damage":12,"enemies":"The Guardian","floor":16,"turns":9},{"damage":4,"enemies":"Chosen","floor":18,"turns":3},{"damage":5,"enemies":"3 Byrds","floor":19,"turns":3},{"damage":37,"enemies":"Centurion and Healer","floor":21,"turns":4},{"damage":1,"enemies":"Gremlin Leader","floor":24,"turns":2},{"damage":5,"enemies":"Snake Plant","floor":27,"turns":1},{"damage":4,"enemies":"Book of Stabbing","floor":29,"turns":3},{"damage":5,"enemies":"Snecko","floor":30,"turns":1},{"damage":0,"enemies":"Gremlin Leader","floor":31,"turns":4},{"damage":5,"enemies":"Pondfish","floor":33,"turns":4},{"damage":0,"enemies":"3 Darklings","floor":35,"turns":1},{"damage":0,"enemies":"Orb Walker","floor":37,"turns":1},{"damage":0,"enemies":"Spire Growth","floor":38,"turns":2},{"damage":5,"enemies":"Jaw Worm Horde","floor":39,"turns":1},{"damage":0,"enemies":"R_Hoarder","floor":40,"turns":2},{"damage":5,"enemies":"Nemesis","floor":42,"turns":3},{"damage":27,"enemies":"Sphere and 2 Shapes","floor":46,"turns":3},{"damage":0,"enemies":"Giant Head","floor":47,"turns":2},{"damage":5,"enemies":"Spire Growth","floor":48,"turns":1},{"damage":5,"enemies":"Awakened One","floor":50,"turns":3},{"damage":5,"enemies":"Shield and Spear","floor":54,"turns":2},{"damage":49,"enemies":"The Heart","floor":55,"turns":5}],"seed_played":"6052452885157442617","potions_obtained":[{"floor":6,"key":"Death Potion"},{"floor":8,"key":"HeartOfIron"},{"floor":13,"key":"Toxic Potion"},{"floor":13,"key":"CultistPotion"},{"floor":19,"key":"LifebloodPotion"},{"floor":29,"key":"SkillPotion"},{"floor":31,"key":"Energy Potion"},{"floor":46,"key":"Strength Potion"},{"floor":47,"key":"Elixir"},{"floor":48,"key":"Flashbang"},{"floor":54,"key":"LiquidBronze"}],"is_trial":false,"path_per_floor":["M","?","M","M","$","E","R","E","T","T","R","E","?","E","R","B",null,"M","M","?","M","?","R","E","$","T","M","R","E","M","E","R","B",null,"M","$","M","M","M","E","R","E","T","?","R","M","E","M","R","B",null,"R","$","E","B",null],"character_chosen":"IRONCLAD","items_purchased":["Replay:Baseball","Limit Break+1","ClockworkSouvenir","MealTicket","Replay:Accelerometer","Shuriken","ReplayTheSpireMod:Spearhead"],"campfire_rested":0,"item_purchase_floors":[5,25,25,36,53,53,53],"current_hp_per_floor":[78,78,77,74,74,50,50,51,51,51,51,41,41,42,42,51,80,80,80,80,58,58,58,80,80,94,89,89,97,95,103,103,106,106,106,106,109,112,107,109,109,112,112,85,85,94,107,107,107,121,121,121,121,121,72],"gold":74,"neow_bonus":"BOSS_RELIC","is_prod":false,"is_daily":false,"chose_seed":false,"campfire_upgraded":8,"win_rate":0,"timestamp":1607472509,"path_taken":["M","?","M","M","?","E","R","E","T","?","R","E","?","E","R","BOSS","M","?","?","M","?","R","E","$","T","?","R","E","M","E","R","BOSS","M","$","?","M","M","E","R","E","T","?","R","M","E","M","R","BOSS","R","$","E","BOSS"],"build_version":"2020-11-30","purchased_purges":2,"victory":true,"max_hp_per_floor":[80,80,80,80,80,80,80,80,80,80,80,80,80,80,80,80,80,80,80,80,80,80,80,80,80,94,94,94,97,100,103,103,106,106,106,106,109,112,112,112,112,112,112,112,112,115,118,121,121,121,121,121,121,121,121],"card_choices":[{"not_picked":["Cleave","Headbutt"],"picked":"ReplayTheSpireMod:Muscle Training","floor":1},{"not_picked":["Pommel Strike","Replay:Undeath\u0027s Touch"],"picked":"Shrug It Off","floor":3},{"not_picked":["ReplayTheSpireMod:Muscle Training","Pommel Strike"],"picked":"Reaper","floor":4},{"not_picked":["Wild Strike","Perfected Strike"],"picked":"Headbutt","floor":6},{"not_picked":["Fire Breathing","Headbutt"],"picked":"Uppercut","floor":8},{"not_picked":["Replay:Undeath\u0027s Touch","Dropkick"],"picked":"Cleave","floor":12},{"not_picked":["ReplayTheSpireMod:Strike From Hell","Clash"],"picked":"ReplayTheSpireMod:Stacked+1","floor":14},{"not_picked":["Immolate","Feed"],"picked":"Reaper","floor":16},{"not_picked":["Thunderclap+1","Headbutt"],"picked":"Flame Barrier+1","floor":18},{"not_picked":["Burning Pact+1","Dropkick"],"picked":"Sword Boomerang","floor":19},{"not_picked":["Life Link","Clash","Warcry+1"],"picked":"SKIP","floor":21},{"not_picked":["Abandon+1","Shrug It Off+1"],"picked":"True Grit+1","floor":24},{"not_picked":["Flex+1","Thunderclap+1","Pommel Strike+1"],"picked":"SKIP","floor":27},{"not_picked":["Feel No Pain","Burning Pact+1"],"picked":"Pummel+1","floor":29},{"not_picked":["Inflame","Heavy Blade"],"picked":"Hemogenesis","floor":30},{"not_picked":["True Grit+1","ReplayTheSpireMod:Strike From Hell+1"],"picked":"Combust+1","floor":31},{"not_picked":["Impervious+1","Juggernaut"],"picked":"Limit Break+1","floor":33},{"not_picked":["Pommel Strike","Wild Strike+1","Twin Strike"],"picked":"SKIP","floor":35},{"not_picked":["Twin Strike","Body Slam"],"picked":"True Grit+1","floor":37},{"not_picked":["Intimidate+1","Wild Strike"],"picked":"Seeing Red+1","floor":38},{"not_picked":["Flex+1","Iron Wave+1","ReplayTheSpireMod:Strike From Hell+1"],"picked":"SKIP","floor":39},{"not_picked":["Thunderclap+1","Juggernaut","Clothesline"],"picked":"SKIP","floor":40},{"not_picked":["Perfected Strike","Flex+1","Havoc+1"],"picked":"SKIP","floor":42},{"not_picked":["Pommel Strike+1","ReplayTheSpireMod:Strike From Hell+1"],"picked":"Heavy Blade+1","floor":46},{"not_picked":["Fiend Fire","Feed"],"picked":"Limit Break+1","floor":47},{"not_picked":["ReplayTheSpireMod:Strike From Hell","Perfected Strike+1"],"picked":"Armaments+1","floor":48},{"not_picked":["Anger+1","Armaments+1","Dual Wield+1"],"picked":"SKIP","floor":54}],"player_experience":126828,"relics_obtained":[{"floor":6,"key":"Blood Vial"},{"floor":8,"key":"Centennial Puzzle"},{"floor":9,"key":"Red Skull"},{"floor":10,"key":"Toxic Egg 2"},{"floor":12,"key":"Dead Branch"},{"floor":14,"key":"TungstenRod"},{"floor":24,"key":"Pen Nib"},{"floor":24,"key":"Bag of Preparation"},{"floor":26,"key":"Mango"},{"floor":29,"key":"Akabeko"},{"floor":29,"key":"Replay:Ringing Soul"},{"floor":31,"key":"Onion Ring"},{"floor":31,"key":"Quantum Egg"},{"floor":40,"key":"Matryoshka"},{"floor":40,"key":"Replay:Kaleidoscope"},{"floor":42,"key":"Replay:Bandana"},{"floor":42,"key":"Du-Vu Doll"},{"floor":43,"key":"Sundial"},{"floor":44,"key":"Oddly Smooth Stone"},{"floor":47,"key":"Calipers"},{"floor":47,"key":"Blue Doll"},{"floor":54,"key":"Mercury Hourglass"},{"floor":54,"key":"Champion Belt"}],"event_choices":[{"cards_removed":["Strike_R"],"damage_healed":0,"gold_gain":0,"player_choice":"Purged","damage_taken":0,"max_hp_gain":0,"max_hp_loss":0,"event_name":"Purifier","floor":2,"gold_loss":0},{"damage_healed":0,"gold_gain":0,"player_choice":"Got Potions","damage_taken":0,"max_hp_gain":0,"max_hp_loss":0,"event_name":"Lab","floor":13,"gold_loss":0},{"cards_removed":["Abandon"],"damage_healed":0,"gold_gain":0,"player_choice":"Elegance","damage_taken":0,"max_hp_gain":0,"max_hp_loss":0,"event_name":"Back to Basics","floor":20,"gold_loss":0},{"damage_healed":0,"gold_gain":0,"player_choice":"Inject Mutagens","damage_taken":0,"relics_obtained":["MutagenicStrength"],"max_hp_gain":0,"max_hp_loss":0,"event_name":"Drug Dealer","floor":32,"gold_loss":0}],"is_beta":false,"boss_relics":[{"not_picked":["Fusion Hammer","Replay:Bronze Core"],"picked":"Replay:Grab Bag"},{"not_picked":["ReplayTheSpireMod:DimensionalGlitch","Runic Dome"],"picked":"Velvet Choker"},{"not_picked":["Cursed Key","Replay:Wanted Poster"],"picked":"ChewingGum"},{"not_picked":["Calling Bell","Astrolabe"],"picked":"Pandora\u0027s Box"},{"not_picked":["SlaversCollar","Replay:Drink Me"],"picked":"Black Star"},{"not_picked":["Honey Jar","Busted Crown"],"picked":"SacredBark"}],"items_purged_floors":[25,36],"is_endless":false,"potions_floor_spawned":[6,8,19,29,31,38,39,46,47,48,54],"ascension_level":4}}