{"host":"f7mgfv1rcbv6ir5v","time":1607496776,"event":{"gold_per_floor":[119,138,157,171,346,346,378,41,41,41,76,97,97,121,121,249,249,270,270,270,285,301,301,301,301],"floor_reached":24,"playtime":2182,"items_purged":["Doubt"],"score":250,"play_id":"1656abf1-6495-49d4-bca9-ce417145abf6","local_time":"20201208225256","is_ascension_mode":true,"campfire_choices":[{"data":"Go for the Eyes","floor":6,"key":"SMITH"},{"data":"Coolheaded","floor":13,"key":"SMITH"},{"data":"Recycle","floor":15,"key":"SMITH"},{"data":"Seek","floor":23,"key":"SMITH"}],"neow_cost":"NONE","seed_source_timestamp":2336435184666600,"circlet_count":0,"master_deck":["Strike_B","Strike_B","Defend_B","Defend_B","Defend_B","Defend_B","Zap","Dualcast","Cold Snap","Go for the Eyes+1","Recycle+1","Coolheaded+1","Doom and Gloom+1","Capacitor","Sunder+1","Auto Shields","Sweeping Beam+1","Rebound+1","Seek+1","Writhe","Fusion","Hologram","Beam Cell+1"],"relics":["Empty Cage","Molten Egg 2","OrangePellets","Letter Opener","Golden Idol","Bottled Lightning","Snecko Eye","Pocketwatch"],"potions_floor_usage":[24,24],"damage_taken":[{"damage":0,"enemies":"Cultist","floor":1,"turns":5},{"damage":4,"enemies":"Jaw Worm","floor":2,"turns":6},{"damage":0,"enemies":"2 Louse","floor":3,"turns":4},{"damage":7,"enemies":"Looter","floor":4,"turns":3},{"damage":14,"enemies":"Lagavulin","floor":7,"turns":13},{"damage":8,"enemies":"3 Sentries","floor":11,"turns":5},{"damage":6,"enemies":"Blue Slaver","floor":12,"turns":3},{"damage":5,"enemies":"Exordium Thugs","floor":14,"turns":4},{"damage":11,"enemies":"Hexaghost","floor":16,"turns":10},{"damage":0,"enemies":"Chosen","floor":18,"turns":4},{"damage":10,"enemies":"3 Byrds","floor":21,"turns":4},{"damage":27,"enemies":"Snake Plant","floor":22,"turns":4},{"damage":32,"enemies":"Book of Stabbing","floor":24,"turns":6}],"seed_played":"-3578156992355152723","potions_obtained":[{"floor":3,"key":"Weak Potion"},{"floor":14,"key":"Dexterity Potion"},{"floor":16,"key":"Energy Potion"}],"is_trial":false,"path_per_floor":["M","M","M","M","?","R","E","$","T","?","E","M","R","M","R","B",null,"M","?","?","M","M","R","E"],"character_chosen":"DEFECT","items_purchased":["Capacitor","OrangePellets","Sunder+1"],"campfire_rested":0,"item_purchase_floors":[8,8,8],"current_hp_per_floor":[75,71,71,64,64,64,50,50,50,50,42,36,36,31,31,20,69,69,69,69,59,32,32,0,0],"gold":301,"neow_bonus":"BOSS_RELIC","is_prod":false,"is_daily":false,"chose_seed":false,"campfire_upgraded":4,"win_rate":0,"timestamp":1607496776,"path_taken":["M","M","?","M","?","R","E","$","T","?","E","M","R","M","R","BOSS","M","?","?","M","M","R","E"],"build_version":"2020-11-30","purchased_purges":1,"victory":false,"max_hp_per_floor":[75,75,75,75,75,75,75,75,75,69,69,69,69,69,69,69,69,69,69,69,69,69,69,69,69],"relic_stats":{"OrangePellets":[2],"counters":[13,71],"Golden Idol":52,"Snecko Eye":[14,27,24,24],"Letter Opener":[37],"obtain_stats":[{"OrangePellets":8,"Golden Idol":10,"Snecko Eye":17,"Molten Egg 2":7,"Letter Opener":9,"Bottled Lightning":11,"Cracked Core":0,"Empty Cage":0,"Pocketwatch":19},{"OrangePellets":5,"Golden Idol":5,"Snecko Eye":9,"Molten Egg 2":5,"Letter Opener":5,"Bottled Lightning":6,"Cracked Core":0,"Empty Cage":0,"Pocketwatch":10},{"OrangePellets":31,"Golden Idol":31,"Snecko Eye":53,"Molten Egg 2":31,"Letter Opener":31,"Bottled Lightning":36,"Cracked Core":0,"Empty Cage":0,"Pocketwatch":57}],"Pocketwatch":[12]},"card_choices":[{"not_picked":["Stack","White Noise"],"picked":"Cold Snap","floor":1},{"not_picked":["Steam","Reprogram"],"picked":"Go for the Eyes","floor":2},{"not_picked":["Turbo","Blizzard"],"picked":"Recycle","floor":3},{"not_picked":["Cold Snap","Go for the Eyes"],"picked":"Coolheaded","floor":4},{"not_picked":["Thunder Strike+1","Loop"],"picked":"Doom and Gloom+1","floor":7},{"not_picked":["Double Energy","Tempest"],"picked":"Auto Shields","floor":11},{"not_picked":["Self Repair","Hologram"],"picked":"Sweeping Beam+1","floor":12},{"not_picked":["Heatsinks","Gash+1"],"picked":"Rebound+1","floor":14},{"not_picked":["Meteor Strike+1","All For One+1"],"picked":"Seek","floor":16},{"not_picked":["Rebound+1","Conserve Battery","Redo"],"picked":"SKIP","floor":18},{"not_picked":["Steam","Turbo"],"picked":"Hologram","floor":21},{"not_picked":["Thunder Strike+1","Blizzard+1"],"picked":"Beam Cell+1","floor":22}],"player_experience":289164,"relics_obtained":[{"floor":7,"key":"Molten Egg 2"},{"floor":9,"key":"Letter Opener"},{"floor":11,"key":"Bottled Lightning"}],"event_choices":[{"damage_healed":0,"gold_gain":175,"player_choice":"AGREE","damage_taken":0,"max_hp_gain":0,"max_hp_loss":0,"event_name":"Liars Game","floor":5,"gold_loss":0,"cards_obtained":["Doubt"]},{"damage_healed":0,"gold_gain":0,"player_choice":"Lose Max HP","damage_taken":0,"relics_obtained":["Golden Idol"],"max_hp_gain":0,"max_hp_loss":6,"event_name":"Golden Idol","floor":10,"gold_loss":0},{"damage_healed":0,"gold_gain":0,"player_choice":"Opened","damage_taken":0,"relics_obtained":["Pocketwatch"],"max_hp_gain":0,"max_hp_loss":0,"event_name":"The Mausoleum","floor":19,"gold_loss":0,"cards_obtained":["Writhe"]},{"damage_healed":0,"gold_gain":0,"player_choice":"1 cards matched","damage_taken":0,"max_hp_gain":0,"max_hp_loss":0,"event_name":"Match and Keep!","floor":20,"gold_loss":0,"cards_obtained":["Fusion"]}],"is_beta":false,"boss_relics":[{"not_picked":["SlaversCollar","Ectoplasm"],"picked":"Snecko Eye"}],"items_purged_floors":[8],"is_endless":false,"potions_floor_spawned":[3,14,16,21],"killed_by":"Book of Stabbing","ascension_level":4}}