{"host":"agela5aetnmltfvm","time":1607540212,"event":{"gold_per_floor":[114,114,114,114,140,178,206,206,254,249,20,42,92,149,149,149,149],"floor_reached":16,"playtime":430,"items_purged":["Regret"],"score":129,"play_id":"4c554388-2f5e-4f2d-9c2e-ee0be5de2423","local_time":"20201210025652","is_ascension_mode":false,"campfire_choices":[{"data":"hierophant:Community","floor":15,"key":"SMITH"}],"neow_cost":"NONE","seed_source_timestamp":17106604790200,"circlet_count":0,"master_deck":["hierophant:Strike_Hierophant","hierophant:Strike_Hierophant","hierophant:Strike_Hierophant","hierophant:Strike_Hierophant","hierophant:Punish","hierophant:Defend_Hierophant","hierophant:Defend_Hierophant","hierophant:Defend_Hierophant","hierophant:Defend_Hierophant","hierophant:ChurchCoffers+1","hierophant:Doubloon","hierophant:Refuge","Delirium","hierophant:Doubloon","hierophant:Remorse","hierophant:SecretStash","hierophant:MirrorShield","hierophant:Determination","hierophant:Community+1","hierophant:Doubloon","hierophant:Generosity"],"relics":["hierophant:PropheticMaskRelic","NeowsBlessing","Ornamental Fan","Replay:Bottled Snecko","ReplayTheSpireMod:Ring of Challenge","Iron Hammer","Tiny Chest"],"potions_floor_usage":[12,16,16],"damage_taken":[{"damage":0,"enemies":"Cultist","floor":1,"turns":1},{"damage":0,"enemies":"Jaw Worm","floor":5,"turns":1},{"damage":0,"enemies":"3 Sentries","floor":6,"turns":1},{"damage":0,"enemies":"2 Louse","floor":7,"turns":1},{"damage":13,"enemies":"Gremlin Gang","floor":10,"turns":6},{"damage":21,"enemies":"Exordium Thugs","floor":12,"turns":5},{"damage":11,"enemies":"Blue Slaver","floor":13,"turns":3},{"damage":10,"enemies":"Exordium Wildlife","floor":14,"turns":4},{"damage":30,"enemies":"Slime Boss","floor":16,"turns":3}],"seed_played":"2268244882544747430","potions_obtained":[{"floor":7,"key":"Adrenaline Potion"},{"floor":10,"key":"ColorlessPotion"},{"floor":12,"key":"Fruit Juice"},{"floor":14,"key":"FearPotion"}],"is_trial":false,"path_per_floor":["M","?","T","?","M","E","M","?","T","M","$","M","M","M","R","B"],"character_chosen":"HIEROPHANT","items_purchased":["hierophant:Determination"],"campfire_rested":0,"item_purchase_floors":[11],"current_hp_per_floor":[75,75,75,75,75,75,75,75,75,62,62,50,39,30,30,0,0],"gold":149,"neow_bonus":"THREE_ENEMY_KILL","is_prod":false,"is_daily":false,"chose_seed":false,"campfire_upgraded":1,"win_rate":0.0,"timestamp":1607540212,"path_taken":["M","?","?","?","?","E","M","?","T","?","$","M","M","M","R","BOSS"],"build_version":"2020-11-30","purchased_purges":1,"victory":false,"max_hp_per_floor":[75,75,75,75,75,75,75,75,75,75,75,80,80,80,80,80,80],"card_choices":[{"not_picked":["hierophant:MorningPrayer","hierophant:Purify"],"picked":"hierophant:Refuge","floor":1},{"not_picked":["hierophant:Flagellation","hierophant:RepressedViolence","hierophant:AuricBeam"],"picked":"SKIP","floor":5},{"not_picked":["hierophant:FlamingChariot","hierophant:SealAway"],"picked":"hierophant:Remorse","floor":6},{"not_picked":["hierophant:RepressedViolence","hierophant:SealAway"],"picked":"hierophant:SecretStash","floor":7},{"not_picked":["hierophant:Purify","hierophant:OrnateBuckler"],"picked":"hierophant:MirrorShield","floor":10},{"not_picked":["hierophant:RustyCrate","hierophant:OrnateBuckler"],"picked":"hierophant:Community","floor":12},{"not_picked":["hierophant:Sermon","hierophant:HammerAndAnvil","hierophant:DisplayOfPower"],"picked":"SKIP","floor":13},{"not_picked":["hierophant:MorningPrayer","hierophant:AuricBeam"],"picked":"hierophant:Generosity","floor":14}],"player_experience":496940,"relics_obtained":[{"floor":3,"key":"Replay:Bottled Snecko"},{"floor":4,"key":"ReplayTheSpireMod:Ring of Challenge"},{"floor":6,"key":"Iron Hammer"},{"floor":9,"key":"Tiny Chest"}],"event_choices":[{"damage_healed":0,"gold_gain":0,"player_choice":"Box","damage_taken":0,"relics_obtained":["Ornamental Fan"],"max_hp_gain":0,"max_hp_loss":0,"event_name":"Big Fish","floor":2,"gold_loss":0,"cards_obtained":["Regret"]},{"damage_healed":0,"gold_gain":0,"player_choice":"Upgraded","damage_taken":0,"max_hp_gain":0,"max_hp_loss":0,"event_name":"Upgrade Shrine","floor":8,"gold_loss":0,"cards_upgraded":["hierophant:ChurchCoffers"]}],"is_beta":false,"boss_relics":[],"items_purged_floors":[11],"is_endless":false,"potions_floor_spawned":[7,10,12,14],"killed_by":"Slime Boss","ascension_level":0}}