{"host":"ozldcesm2z8rukg9","time":1607473005,"event":{"gold_per_floor":[114,114,39,60,74,74,109,134,134,134,173,173,198,212,212,305,305,328,243,243,243,258,299,57,57,110,110,110],"floor_reached":27,"playtime":4130,"items_purged":["Strike_G"],"score":478,"play_id":"3e85d30e-0130-42ac-b276-24311ca6ae1c","local_time":"20201208191645","is_ascension_mode":true,"campfire_choices":[{"floor":10,"key":"REST"},{"data":"Predator","floor":12,"key":"SMITH"},{"floor":15,"key":"REST"}],"neow_cost":"NONE","seed_source_timestamp":0,"circlet_count":0,"master_deck":["AscendersBane","Strike_G+1","Strike_G","Defend_G","Defend_G","Defend_G","Defend_G","Survivor+1","Neutralize","Underhanded Strike","Underhanded Strike","Acrobatics","Predator+1","Dagger Throw","Backflip","Dodge and Roll","Eviscerate","Wraith Form v2","Prepared+1","Finisher","Backflip","Acrobatics","Infinite Blades"],"special_seed":0,"relics":["Velvet Choker","Golden Idol","Question Card","Odd Mushroom","InkBottle","The Specimen","SlaversCollar","Ornamental Fan","Unceasing Top","Toolbox"],"potions_floor_usage":[16,18,23],"damage_taken":[{"damage":0,"enemies":"2 Louse","floor":1,"turns":3},{"damage":2,"enemies":"Small Slimes","floor":4,"turns":4},{"damage":0,"enemies":"Jaw Worm","floor":5,"turns":3},{"damage":25,"enemies":"3 Sentries","floor":7,"turns":8},{"damage":7,"enemies":"The Mushroom Lair","floor":8,"turns":4},{"damage":6,"enemies":"Gremlin Nob","floor":11,"turns":3},{"damage":4,"enemies":"Blue Slaver","floor":13,"turns":3},{"damage":1,"enemies":"Gremlin Gang","floor":14,"turns":5},{"damage":8,"enemies":"The Guardian","floor":16,"turns":14},{"damage":2,"enemies":"Spheric Guardian","floor":18,"turns":4},{"damage":2,"enemies":"Chosen","floor":22,"turns":5},{"damage":38,"enemies":"Book of Stabbing","floor":23,"turns":5},{"damage":13,"enemies":"Snake Plant","floor":27,"turns":2}],"seed_played":"-5409368800773487836","potions_obtained":[{"floor":5,"key":"Weak Potion"},{"floor":14,"key":"LiquidBronze"},{"floor":16,"key":"Poison Potion"}],"is_trial":false,"path_per_floor":["M","?","?","M","M","?","E","?","T","R","E","R","M","M","R","B",null,"M","?","?","?","M","E","$","?","T","M"],"character_chosen":"THE_SILENT","items_purchased":["Toolbox"],"campfire_rested":2,"item_purchase_floors":[24],"current_hp_per_floor":[59,59,59,57,57,39,14,7,7,25,19,19,15,14,32,24,51,49,49,49,49,47,9,9,9,9,0,0],"gold":110,"neow_bonus":"BOSS_RELIC","is_prod":false,"is_daily":false,"chose_seed":false,"campfire_upgraded":1,"win_rate":0,"timestamp":1607473005,"path_taken":["M","?","?","M","M","?","E","?","T","R","E","R","M","M","R","BOSS","M","?","?","?","M","E","$","?","T","M"],"build_version":"2020-11-30","purchased_purges":1,"victory":false,"max_hp_per_floor":[66,60,60,60,60,60,60,60,60,60,60,60,60,60,60,60,60,60,60,60,60,60,60,60,60,60,60,60],"relic_stats":{"counters":[13,63],"Golden Idol":70,"Ornamental Fan":[28],"Question Card":8,"obtain_stats":[{"SlaversCollar":17,"The Specimen":11,"Golden Idol":2,"Ornamental Fan":19,"Velvet Choker":0,"Toolbox":24,"Odd Mushroom":8,"Question Card":7,"InkBottle":9,"Unceasing Top":23,"Ring of the Snake":0},{"SlaversCollar":9,"The Specimen":6,"Golden Idol":1,"Ornamental Fan":10,"Velvet Choker":0,"Toolbox":12,"Odd Mushroom":5,"Question Card":4,"InkBottle":5,"Unceasing Top":12,"Ring of the Snake":0},{"SlaversCollar":47,"The Specimen":25,"Golden Idol":3,"Ornamental Fan":51,"Velvet Choker":0,"Toolbox":61,"Odd Mushroom":22,"Question Card":18,"InkBottle":22,"Unceasing Top":61,"Ring of the Snake":0}],"InkBottle":[15],"Unceasing Top":[0]},"card_choices":[{"not_picked":["Tactician","Outmaneuver"],"picked":"Underhanded Strike","floor":1},{"not_picked":["Dodge and Roll","Calculated Gamble"],"picked":"Underhanded Strike","floor":4},{"not_picked":["Blade Dance","Masterful Stab"],"picked":"Acrobatics","floor":5},{"not_picked":["After Image","Deflect"],"picked":"Predator","floor":7},{"not_picked":["Sucker Punch","Tactician","Acrobatics"],"picked":"Dagger Throw","floor":8},{"not_picked":["Poisoned Stab","Terror","Dagger Throw"],"picked":"Backflip","floor":11},{"not_picked":["Quick Slash","Blade Dance","Cloak And Dagger"],"picked":"Dodge and Roll","floor":13},{"not_picked":["Cloak And Dagger","Accuracy","Slice"],"picked":"Eviscerate","floor":14},{"not_picked":["Night Terror","Malaise","Die Die Die"],"picked":"Wraith Form v2","floor":16},{"not_picked":["PiercingWail","Poisoned Stab","Bane+1"],"picked":"Prepared+1","floor":18},{"not_picked":["Prepared","All Out Attack","Distraction"],"picked":"Backflip","floor":22},{"not_picked":["Accuracy","Tactician","Caltrops"],"picked":"Acrobatics","floor":23}],"player_experience":1794511,"relics_obtained":[{"floor":7,"key":"Question Card"},{"floor":8,"key":"Odd Mushroom"},{"floor":9,"key":"InkBottle"},{"floor":11,"key":"The Specimen"},{"floor":23,"key":"Unceasing Top"}],"event_choices":[{"damage_healed":0,"gold_gain":0,"player_choice":"Lose Max HP","damage_taken":0,"relics_obtained":["Golden Idol"],"max_hp_gain":0,"max_hp_loss":6,"event_name":"Golden Idol","floor":2,"gold_loss":0},{"cards_removed":["Defend_G"],"damage_healed":0,"gold_gain":0,"player_choice":"Card Removal","damage_taken":0,"max_hp_gain":0,"max_hp_loss":0,"event_name":"The Cleric","floor":3,"gold_loss":75},{"damage_healed":0,"gold_gain":0,"player_choice":"Entered Light","damage_taken":18,"max_hp_gain":0,"max_hp_loss":0,"event_name":"Shining Light","floor":6,"gold_loss":0,"cards_upgraded":["Survivor","Strike_G"]},{"damage_healed":0,"gold_gain":0,"player_choice":"Fought Mushrooms","damage_taken":0,"max_hp_gain":0,"max_hp_loss":0,"event_name":"Mushrooms","floor":8,"gold_loss":0},{"damage_healed":0,"gold_gain":0,"player_choice":"Obtained Relic","damage_taken":0,"relics_obtained":["Ornamental Fan"],"max_hp_gain":0,"max_hp_loss":0,"event_name":"Addict","floor":19,"gold_loss":85},{"damage_healed":0,"gold_gain":0,"player_choice":"Ignored","damage_taken":0,"max_hp_gain":0,"max_hp_loss":0,"event_name":"Vampires","floor":20,"gold_loss":0},{"damage_healed":0,"gold_gain":0,"cards_transformed":["Strike_G","Strike_G"],"player_choice":"Became Test Subject","damage_taken":0,"max_hp_gain":0,"max_hp_loss":0,"event_name":"Drug Dealer","floor":21,"gold_loss":0,"cards_obtained":["Blade Dance","Finisher"]},{"damage_healed":0,"gold_gain":0,"cards_transformed":["Blade Dance"],"player_choice":"Transformed","damage_taken":0,"max_hp_gain":0,"max_hp_loss":0,"event_name":"Transmorgrifier","floor":25,"gold_loss":0,"cards_obtained":["Infinite Blades"]}],"is_beta":false,"boss_relics":[{"not_picked":["Sozu","Tiny House"],"picked":"SlaversCollar"}],"items_purged_floors":[24],"is_endless":false,"potions_floor_spawned":[5,14,16],"killed_by":"Snake Plant","ascension_level":20}}