{"host":"d7qmn60fs48wu5y6","time":1607548983,"event":{"gold_per_floor":[113,63,80,3,3,3,22,22,47,61,95,95,18,32,32,32,32],"floor_reached":16,"playtime":393,"items_purged":[],"score":105,"play_id":"067243b3-8e20-4995-abd1-5449ec8ec619","local_time":"20201209132303","is_ascension_mode":true,"campfire_choices":[{"data":"Redo","floor":6,"key":"SMITH"},{"data":"Conserve Battery","floor":8,"key":"SMITH"},{"floor":12,"key":"REST"},{"data":"Consume","floor":15,"key":"SMITH"}],"neow_cost":"NONE","seed_source_timestamp":449912112625500,"circlet_count":0,"master_deck":["Strike_B","Strike_B","Strike_B","Defend_B","Defend_B","Defend_B","Defend_B","Zap+1","Dualcast","Conserve Battery+1","Redo+1","Capacitor","Consume+1","Chaos","Capacitor"],"relics":["Cracked Core","Akabeko"],"potions_floor_usage":[11,16],"damage_taken":[{"damage":1,"enemies":"Jaw Worm","floor":1,"turns":3},{"damage":0,"enemies":"2 Louse","floor":3,"turns":1},{"damage":5,"enemies":"Small Slimes","floor":7,"turns":3},{"damage":7,"enemies":"Blue Slaver","floor":10,"turns":3},{"damage":43,"enemies":"3 Sentries","floor":11,"turns":8},{"damage":5,"enemies":"Looter","floor":14,"turns":3},{"damage":47,"enemies":"Slime Boss","floor":16,"turns":6}],"seed_played":"-5819662838799707471","potions_obtained":[{"floor":3,"key":"DuplicationPotion"},{"floor":14,"key":"DistilledChaos"}],"is_trial":false,"path_per_floor":["M","?","M","$","$","R","M","R","T","M","E","R","$","M","R","B"],"character_chosen":"DEFECT","items_purchased":["Capacitor","Capacitor"],"campfire_rested":1,"item_purchase_floors":[4,13],"current_hp_per_floor":[74,74,74,74,74,74,69,69,69,62,19,41,41,36,36,0,0],"gold":32,"neow_bonus":"UPGRADE_CARD","is_prod":false,"is_daily":false,"chose_seed":false,"campfire_upgraded":3,"win_rate":0,"timestamp":1607548983,"path_taken":["M","?","M","?","$","R","M","R","T","M","E","R","$","M","R","BOSS"],"build_version":"2020-11-30","purchased_purges":0,"victory":false,"max_hp_per_floor":[75,75,75,75,75,75,75,75,75,75,75,75,75,75,75,75,75],"card_choices":[{"not_picked":["Hologram","Lockon"],"picked":"Conserve Battery","floor":1},{"not_picked":["Double Energy","Beam Cell"],"picked":"Redo","floor":3},{"not_picked":["Compile Driver","Leap","Streamline"],"picked":"SKIP","floor":7},{"not_picked":["Glacier","Blizzard"],"picked":"Consume","floor":10},{"not_picked":["Undo","Leap"],"picked":"Chaos","floor":11},{"not_picked":["Stack","Scrape","Sweeping Beam"],"picked":"SKIP","floor":14}],"player_experience":818094,"relics_obtained":[{"floor":11,"key":"Akabeko"}],"event_choices":[{"cards_removed":["Strike_B"],"damage_healed":0,"gold_gain":0,"player_choice":"Card Removal","damage_taken":0,"max_hp_gain":0,"max_hp_loss":0,"event_name":"The Cleric","floor":2,"gold_loss":50}],"is_beta":false,"boss_relics":[],"items_purged_floors":[],"is_endless":false,"potions_floor_spawned":[3,14],"killed_by":"Slime Boss","ascension_level":1}}