{"host":"dz1qwalix8eproj8","time":1607556913,"event":{"gold_per_floor":[112,122,122,136,136,165,184,149,175,187,217,236,236,252,252,353,353,373,373,392,27,37,37,68,68,68,94,114,146,146,71,71,171,171,185,31,49,0,10,42,42,42,90,119,134,134,163,180,180,180],"floor_reached":51,"playtime":6526,"items_purged":["Strike_B"],"score":1147,"play_id":"b2f84d1c-4b22-4ef9-a3d7-b4c05491f9f9","local_time":"20201210003513","is_ascension_mode":true,"campfire_choices":[{"data":"Fission","floor":13,"key":"SMITH"},{"data":"Tempest","floor":15,"key":"SMITH"},{"data":"Seek","floor":23,"key":"SMITH"},{"floor":25,"key":"REST"},{"data":"Multi-Cast","floor":32,"key":"SMITH"},{"data":"Lockon","floor":41,"key":"SMITH"},{"data":"Echo Form","floor":46,"key":"SMITH"},{"data":"Hologram","floor":49,"key":"SMITH"}],"neow_cost":"NONE","seed_source_timestamp":30247859392700,"circlet_count":0,"master_deck":["Strike_B","Strike_B","Defend_B","Defend_B+1","Defend_B+1","Defend_B+1","Zap+1","Dualcast","Amplify","Redo","Tempest+1","Ball Lightning","Hologram+1","Coolheaded","Doom and Gloom","Go for the Eyes+1","Fission+1","Self Repair","Seek+1","Self Repair","Lockon+1","Sweeping Beam+1","Compile Driver+1","Barrage+1","Multi-Cast+1","Loop+1","Electrodynamics","Reinforced Body+1","Conserve Battery+1","Turbo+1","Echo Form+1","Conserve Battery+1"],"relics":["Cracked Core","PreservedInsect","War Paint","Art of War","Black Star","Anchor","Strange Spoon","Whetstone","Incense Burner","Letter Opener","Smiling Mask","Lantern","TungstenRod","Oddly Smooth Stone","Nuclear Battery","Bag of Preparation","Red Mask","Meat on the Bone","Boot","DataDisk","FossilizedHelix","Happy Flower","Turnip","Molten Egg 2"],"potions_floor_usage":[11,16,24,29,33,40,50,50,50],"damage_taken":[{"damage":4,"enemies":"Jaw Worm","floor":1,"turns":3},{"damage":8,"enemies":"2 Louse","floor":2,"turns":2},{"damage":7,"enemies":"Small Slimes","floor":4,"turns":3},{"damage":24,"enemies":"3 Sentries","floor":6,"turns":6},{"damage":3,"enemies":"2 Fungi Beasts","floor":7,"turns":3},{"damage":8,"enemies":"Looter","floor":10,"turns":3},{"damage":8,"enemies":"Gremlin Nob","floor":11,"turns":3},{"damage":12,"enemies":"Large Slime","floor":12,"turns":3},{"damage":0,"enemies":"2 Fungi Beasts","floor":14,"turns":3},{"damage":20,"enemies":"The Guardian","floor":16,"turns":11},{"damage":8,"enemies":"3 Byrds","floor":18,"turns":4},{"damage":23,"enemies":"2 Thieves","floor":20,"turns":3},{"damage":26,"enemies":"Chosen and Byrds","floor":22,"turns":7},{"damage":41,"enemies":"Slavers","floor":24,"turns":8},{"damage":0,"enemies":"Gremlin Leader","floor":27,"turns":4},{"damage":0,"enemies":"Shelled Parasite and Fungi","floor":28,"turns":4},{"damage":16,"enemies":"Book of Stabbing","floor":29,"turns":3},{"damage":30,"enemies":"Champ","floor":33,"turns":7},{"damage":0,"enemies":"Orb Walker","floor":35,"turns":2},{"damage":22,"enemies":"3 Darklings","floor":37,"turns":3},{"damage":63,"enemies":"Transient","floor":39,"turns":5},{"damage":0,"enemies":"Nemesis","floor":40,"turns":3},{"damage":0,"enemies":"Reptomancer","floor":44,"turns":2},{"damage":0,"enemies":"Writhing Mass","floor":45,"turns":4},{"damage":0,"enemies":"Giant Head","floor":47,"turns":6},{"damage":0,"enemies":"4 Shapes","floor":48,"turns":1},{"damage":46,"enemies":"Awakened One","floor":50,"turns":11}],"seed_played":"6064211819134774172","potions_obtained":[{"floor":2,"key":"Swift Potion"},{"floor":6,"key":"SteroidPotion"},{"floor":7,"key":"Regen Potion"},{"floor":16,"key":"GamblersBrew"},{"floor":18,"key":"DuplicationPotion"},{"floor":20,"key":"FearPotion"},{"floor":27,"key":"FearPotion"},{"floor":39,"key":"PowerPotion"},{"floor":40,"key":"Fire Potion"},{"floor":47,"key":"SpeedPotion"}],"is_trial":false,"path_per_floor":["M","M","?","M","?","E","M","?","T","M","E","M","R","M","R","B",null,"M","?","M","$","M","R","E","R","T","E","M","E","?","?","R","B",null,"M","$","M","?","M","E","R","?","T","E","M","R","E","M","R","B",null],"character_chosen":"DEFECT","items_purchased":["Anchor","Strange Spoon","Bag of Preparation"],"campfire_rested":1,"item_purchase_floors":[21,21,36],"current_hp_per_floor":[64,56,75,68,53,29,26,44,44,36,28,16,16,16,16,18,61,67,67,51,51,46,46,19,41,41,62,75,75,62,62,62,39,70,77,77,76,76,27,48,48,48,48,62,76,76,76,76,76,49],"gold":180,"neow_bonus":"ONE_RANDOM_RARE_CARD","is_prod":false,"is_daily":false,"chose_seed":false,"campfire_upgraded":7,"win_rate":0,"timestamp":1607556913,"path_taken":["M","M","?","M","?","E","M","?","T","M","E","M","R","?","R","BOSS","M","?","M","$","M","R","E","R","T","E","M","E","?","?","R","BOSS","M","$","M","?","M","E","R","?","T","E","M","R","E","M","R","BOSS"],"build_version":"2020-11-30","purchased_purges":1,"victory":true,"max_hp_per_floor":[75,75,75,75,75,75,75,75,75,75,75,75,75,75,75,75,75,75,75,75,75,75,75,75,75,75,75,75,75,80,80,80,80,80,80,80,80,80,80,80,80,76,76,76,76,76,76,76,76,76],"relic_stats":{"Happy Flower":[7],"counters":[27,116],"PreservedInsect":377,"Bag of Preparation":[16],"Whetstone":["Go for the Eyes","Compile Driver"],"Letter Opener":[202],"War Paint":["Defend_B","Zap"],"Smiling Mask":0,"Boot":[6],"Strange Spoon":[30],"Turnip":[0],"Art of War":[21],"Black Star":6,"obtain_stats":[{"Lantern":27,"Happy Flower":44,"Oddly Smooth Stone":29,"PreservedInsect":6,"Incense Burner":24,"Bag of Preparation":36,"Whetstone":24,"Letter Opener":26,"War Paint":9,"Smiling Mask":27,"Boot":40,"Nuclear Battery":34,"Strange Spoon":21,"Anchor":21,"DataDisk":43,"Molten Egg 2":47,"Turnip":47,"Art of War":11,"Black Star":17,"Red Mask":38,"Cracked Core":0,"TungstenRod":29,"FossilizedHelix":44,"Meat on the Bone":40},{"Lantern":15,"Happy Flower":23,"Oddly Smooth Stone":17,"PreservedInsect":4,"Incense Burner":14,"Bag of Preparation":19,"Whetstone":14,"Letter Opener":14,"War Paint":5,"Smiling Mask":15,"Boot":22,"Nuclear Battery":18,"Strange Spoon":12,"Anchor":12,"DataDisk":22,"Molten Egg 2":25,"Turnip":25,"Art of War":7,"Black Star":10,"Red Mask":20,"Cracked Core":0,"TungstenRod":17,"FossilizedHelix":23,"Meat on the Bone":22},{"Lantern":66,"Happy Flower":95,"Oddly Smooth Stone":73,"PreservedInsect":14,"Incense Burner":62,"Bag of Preparation":82,"Whetstone":62,"Letter Opener":62,"War Paint":17,"Smiling Mask":66,"Boot":93,"Nuclear Battery":80,"Strange Spoon":47,"Anchor":47,"DataDisk":93,"Molten Egg 2":104,"Turnip":104,"Art of War":23,"Black Star":40,"Red Mask":85,"Cracked Core":0,"TungstenRod":73,"FossilizedHelix":95,"Meat on the Bone":93}],"TungstenRod":14,"Meat on the Bone":12},"card_choices":[{"not_picked":["Turbo","Darkness"],"picked":"Redo","floor":1},{"not_picked":["Steam","Go for the Eyes"],"picked":"Tempest","floor":2},{"not_picked":["Sunder","Steam"],"picked":"Ball Lightning","floor":4},{"not_picked":["Redo","Recycle"],"picked":"Hologram","floor":6},{"not_picked":["Hologram","Compile Driver"],"picked":"Coolheaded","floor":7},{"not_picked":["Steam","Hologram"],"picked":"Doom and Gloom","floor":10},{"not_picked":["Redo","Undo"],"picked":"Go for the Eyes","floor":11},{"not_picked":["Sweeping Beam","Gash"],"picked":"Fission","floor":12},{"not_picked":["Beam Cell","Turbo"],"picked":"Self Repair","floor":14},{"not_picked":["Core Surge","Rainbow"],"picked":"Seek","floor":16},{"not_picked":["Stack","Turbo"],"picked":"Self Repair","floor":18},{"not_picked":["Compile Driver","Conserve Battery"],"picked":"Sweeping Beam+1","floor":20},{"not_picked":["Ball Lightning","Coolheaded"],"picked":"Compile Driver","floor":22},{"not_picked":["Heatsinks","Cold Snap"],"picked":"Barrage+1","floor":24},{"not_picked":["Coolheaded","Lockon"],"picked":"Multi-Cast","floor":27},{"not_picked":["Fusion","Consume"],"picked":"Loop+1","floor":28},{"not_picked":["Cold Snap","Streamline","Storm"],"picked":"SKIP","floor":29},{"not_picked":["Amplify","Machine Learning"],"picked":"Electrodynamics","floor":33},{"not_picked":["Barrage+1","Sunder+1"],"picked":"Reinforced Body+1","floor":35},{"not_picked":["Auto Shields+1","Beam Cell+1","Stack"],"picked":"SKIP","floor":37},{"not_picked":["Hologram","Rebound+1"],"picked":"Conserve Battery+1","floor":39},{"not_picked":["Force Field","Sweeping Beam"],"picked":"Turbo+1","floor":40},{"not_picked":["Aggregate+1","Go for the Eyes"],"picked":"Echo Form","floor":44},{"not_picked":["Stack+1","Leap+1"],"picked":"Conserve Battery+1","floor":45},{"not_picked":["Tempest+1","Heatsinks+1","Turbo"],"picked":"SKIP","floor":47},{"not_picked":["Compile Driver+1","Ball Lightning+1","Stack+1"],"picked":"SKIP","floor":48}],"player_experience":542818,"relics_obtained":[{"floor":6,"key":"PreservedInsect"},{"floor":9,"key":"War Paint"},{"floor":11,"key":"Art of War"},{"floor":24,"key":"Whetstone"},{"floor":24,"key":"Incense Burner"},{"floor":26,"key":"Letter Opener"},{"floor":27,"key":"Smiling Mask"},{"floor":27,"key":"Lantern"},{"floor":29,"key":"TungstenRod"},{"floor":29,"key":"Oddly Smooth Stone"},{"floor":40,"key":"Meat on the Bone"},{"floor":40,"key":"Boot"},{"floor":43,"key":"DataDisk"},{"floor":44,"key":"FossilizedHelix"},{"floor":44,"key":"Happy Flower"},{"floor":47,"key":"Turnip"},{"floor":47,"key":"Molten Egg 2"}],"event_choices":[{"damage_healed":25,"gold_gain":0,"player_choice":"Banana","damage_taken":0,"max_hp_gain":0,"max_hp_loss":0,"event_name":"Big Fish","floor":3,"gold_loss":0},{"damage_healed":0,"gold_gain":0,"player_choice":"Entered Light","damage_taken":15,"max_hp_gain":0,"max_hp_loss":0,"event_name":"Shining Light","floor":5,"gold_loss":0,"cards_upgraded":["Defend_B","Defend_B"]},{"damage_healed":18,"gold_gain":0,"player_choice":"Healed","damage_taken":0,"max_hp_gain":0,"max_hp_loss":0,"event_name":"The Cleric","floor":8,"gold_loss":35},{"damage_healed":0,"gold_gain":0,"player_choice":"Read","damage_taken":0,"max_hp_gain":0,"max_hp_loss":0,"event_name":"The Library","floor":19,"gold_loss":0,"cards_obtained":["Lockon"]},{"damage_healed":0,"gold_gain":0,"player_choice":"Shed Blood","damage_taken":19,"max_hp_gain":5,"max_hp_loss":0,"event_name":"Forgotten Altar","floor":30,"gold_loss":0},{"cards_removed":["Strike_B"],"damage_healed":0,"gold_gain":0,"player_choice":"Gave Gold","damage_taken":0,"max_hp_gain":0,"max_hp_loss":0,"event_name":"Beggar","floor":31,"gold_loss":75},{"damage_healed":0,"gold_gain":0,"player_choice":"Paid","damage_taken":0,"relics_obtained":["Red Mask"],"max_hp_gain":0,"max_hp_loss":0,"event_name":"Tomb of Lord Red Mask","floor":38,"gold_loss":49},{"damage_healed":0,"gold_gain":0,"player_choice":"Max HP","damage_taken":0,"max_hp_gain":0,"max_hp_loss":4,"event_name":"Winding Halls","floor":42,"gold_loss":0}],"is_beta":false,"boss_relics":[{"not_picked":["Empty Cage","Coffee Dripper"],"picked":"Black Star"},{"not_picked":["Busted Crown","Astrolabe"],"picked":"Nuclear Battery"}],"items_purged_floors":[21],"is_endless":false,"potions_floor_spawned":[2,6,7,10,16,18,20,27,39,40,47],"ascension_level":6}}