{"host":"iy58fyt9wsbv4cf1","time":1607477772,"event":{"gold_per_floor":[112,187,197,297,297,297,308,308,308,308,308,308,332,346,346,443,443,454,454,464,464,374,374,385,385,385],"floor_reached":25,"playtime":628,"items_purged":["Strike_B"],"score":189,"play_id":"73c5b1c9-ea1b-4bd5-899e-33c789b59ba3","local_time":"20201208203612","is_ascension_mode":false,"campfire_choices":[{"data":"Storm","floor":6.0,"key":"SMITH"},{"data":"Storm","floor":11.0,"key":"SMITH"},{"floor":15.0,"key":"REST"},{"data":"White Noise","floor":23,"key":"SMITH"}],"neow_cost":"","seed_source_timestamp":442918674153300,"circlet_count":0,"master_deck":["Strike_B","Defend_B","Defend_B","Defend_B","Defend_B","Zap+1","Dualcast","Storm+1","White Noise+1","Storm+1","Double Energy","Decay","hubris:Ukulele","Seek"],"special_seed":0,"relics":["Cracked Core","Membership Card","Juzu Bracelet","Strange Spoon","Lantern","hubris:Towel","DataDisk","Vajra","hubris:Backtick","Mummified Hand"],"potions_floor_usage":[25,25],"damage_taken":[{"damage":0.0,"enemies":"Small Slimes","floor":1.0,"turns":2.0},{"damage":1.0,"enemies":"Cultist","floor":3.0,"turns":4.0},{"damage":6.0,"enemies":"Jaw Worm","floor":7.0,"turns":3.0},{"damage":9.0,"enemies":"Blue Slaver","floor":14.0,"turns":3.0},{"damage":29,"enemies":"The Guardian","floor":16,"turns":9},{"damage":12,"enemies":"conspire:FuzzyDice","floor":18,"turns":4},{"damage":12,"enemies":"3 Byrds","floor":20,"turns":3},{"damage":18,"enemies":"Sentry and Sphere","floor":24,"turns":4},{"damage":38,"enemies":"Gremlin Leader","floor":25,"turns":6}],"seed_played":"7612886857474437530","potions_obtained":[{"floor":3.0,"key":"CultistPotion"},{"floor":14.0,"key":"FocusPotion"},{"floor":20,"key":"DistilledChaos"}],"is_trial":false,"path_per_floor":["M","?","M","?","?","R","M","?","T","?","R","?","T","M","R","B",null,"M","?","M","?","?","R","M","E"],"character_chosen":"DEFECT","items_purchased":["Membership Card","Storm","Juzu Bracelet","Strange Spoon","White Noise","Lantern","Storm"],"campfire_rested":1,"item_purchase_floors":[0,0,0,0,0,0,0],"current_hp_per_floor":[40,29,28,28,28,28,22,22,22,22,22,22,22,13,35,6,75,63,63,51,51,51,51,33,0,0],"gold":385,"neow_bonus":"","is_prod":false,"is_daily":false,"chose_seed":false,"campfire_upgraded":3,"win_rate":0,"timestamp":1607477772,"path_taken":["M","?","M","?","?","R","M","?","T","?","R","?","?","M","R","BOSS","M","?","M","?","?","R","M","E"],"build_version":"2020-11-30","purchased_purges":1,"victory":false,"max_hp_per_floor":[75,75,75,75,75,75,75,75,75,75,75,75,75,75,75,75,75,75,75,75,75,75,75,75,75,75],"card_choices":[{"not_picked":["Recycle","Streamline"],"picked":"Double Energy","floor":1.0},{"not_picked":["hubris:Ukulele","Gash","Reprogram"],"picked":"SKIP","floor":3.0},{"not_picked":["Streamline","Turbo","conspire:SharedLibrary"],"picked":"SKIP","floor":7.0},{"not_picked":["Gash","Redo"],"picked":"hubris:Ukulele","floor":14.0},{"not_picked":["Gash","Leap","Aggregate+1"],"picked":"SKIP","floor":18},{"not_picked":["Barrage","Hello World+1"],"picked":"Seek","floor":20},{"not_picked":["Rebound","Streamline","Steam Power"],"picked":"SKIP","floor":24}],"player_experience":87380,"relics_obtained":[{"floor":9.0,"key":"DataDisk"},{"floor":13.0,"key":"Vajra"}],"event_choices":[{"damage_healed":0.0,"max_hp_gain":0.0,"max_hp_loss":0.0,"gold_gain":75.0,"event_name":"betterThird:BetterGoop","player_choice":"Gold","floor":2.0,"gold_loss":0.0,"damage_taken":11.0},{"damage_healed":0.0,"max_hp_gain":0.0,"max_hp_loss":0.0,"gold_gain":100.0,"event_name":"Golden Shrine","player_choice":"Pray","floor":4.0,"gold_loss":0.0,"damage_taken":0.0},{"damage_healed":0.0,"max_hp_gain":0.0,"max_hp_loss":0.0,"gold_gain":0.0,"event_name":"The Woman in Blue","player_choice":"Bought 0 Potions","floor":8.0,"gold_loss":0.0,"damage_taken":0.0},{"damage_healed":0.0,"max_hp_gain":0.0,"max_hp_loss":0.0,"gold_gain":0.0,"event_name":"Wheel of Change","player_choice":"Cursed","floor":10.0,"gold_loss":0.0,"damage_taken":0.0,"cards_obtained":["Decay"]},{"damage_healed":0.0,"max_hp_gain":0.0,"max_hp_loss":0.0,"gold_gain":0.0,"event_name":"conspire:Investor","player_choice":"Leave","floor":12.0,"gold_loss":0.0,"damage_taken":0.0},{"cards_removed":["Strike_B"],"damage_healed":0,"gold_gain":0,"player_choice":"Elegance","damage_taken":0,"max_hp_gain":0,"max_hp_loss":0,"event_name":"betterThird:BetterWriting","floor":19,"gold_loss":0},{"damage_healed":0,"gold_gain":0,"player_choice":"Ignored","damage_taken":0,"max_hp_gain":0,"max_hp_loss":0,"event_name":"Cursed Tome","floor":21,"gold_loss":0},{"cards_removed":["Strike_B"],"damage_healed":0,"gold_gain":0,"player_choice":"Upgrade and Remove","damage_taken":0,"max_hp_gain":0,"max_hp_loss":0,"event_name":"Designer","floor":22,"gold_loss":90,"cards_upgraded":["Zap"]}],"is_beta":false,"boss_relics":[{"not_picked":["Astrolabe","Tiny House"],"picked":"hubris:Backtick"}],"items_purged_floors":[0],"is_endless":false,"potions_floor_spawned":[3,14,20],"killed_by":"Gremlin Leader","ascension_level":0}}