{"host":"mi0eibewekhugwl1","time":1607500156,"event":{"gold_per_floor":[111,111,131,51,62,62,91,91,91,118,43,43,53,53,53,130,130,142,153,172,196,212,212,230,230,230,230,230,78,95,95,95,167,167,182,182,82,102,121,121,133,147,147,177,177,177,177],"floor_reached":46,"playtime":948,"items_purged":["Strike_R","Strike_R"],"score":1045,"play_id":"1b6c6aad-e142-431e-9ba2-2df18bb8c96e","local_time":"20201209164916","is_ascension_mode":true,"campfire_choices":[{"data":"Armaments","floor":6.0,"key":"SMITH"},{"floor":12.0,"key":"REST"},{"data":"Fire Breathing","floor":15.0,"key":"SMITH"},{"floor":23.0,"key":"REST"},{"floor":25.0,"key":"REST"},{"floor":27.0,"key":"RECALL"},{"floor":32.0,"key":"REST"},{"floor":40.0,"key":"REST"}],"neow_cost":"NONE","seed_source_timestamp":0,"circlet_count":0,"master_deck":["AscendersBane","Strike_R","Strike_R","Defend_R","Defend_R","Defend_R","Defend_R","Bash","Armaments+1","Shrug It Off","Pommel Strike","Body Slam+1","Fire Breathing+1","Immolate","Intimidate","Fiend Fire","Offering","Shrug It Off+1","Second Wind","Corruption","True Grit+1","Feel No Pain","Battle Trance","Pommel Strike"],"special_seed":0,"relics":["Burning Blood","NeowsBlessing","StoneCalendar","Bag of Preparation","Fusion Hammer","Centennial Puzzle","Ice Cream","Regal Pillow","Runic Pyramid","Eternal Feather","CaptainsWheel","Bronze Scales"],"potions_floor_usage":[44],"damage_taken":[{"damage":0.0,"enemies":"Jaw Worm","floor":1.0,"turns":1.0},{"damage":0.0,"enemies":"Cultist","floor":3.0,"turns":1.0},{"damage":0.0,"enemies":"2 Louse","floor":5.0,"turns":2.0},{"damage":67.0,"enemies":"Gremlin Nob","floor":7.0,"turns":5.0},{"damage":5.0,"enemies":"Lagavulin","floor":10.0,"turns":8.0},{"damage":0.0,"enemies":"Blue Slaver","floor":13.0,"turns":4.0},{"damage":28.0,"enemies":"Hexaghost","floor":16.0,"turns":9.0},{"damage":2.0,"enemies":"Chosen","floor":18.0,"turns":4.0},{"damage":24.0,"enemies":"2 Thieves","floor":19.0,"turns":4.0},{"damage":2.0,"enemies":"3 Cultists","floor":20.0,"turns":3.0},{"damage":6.0,"enemies":"Snake Plant","floor":22.0,"turns":3.0},{"damage":24.0,"enemies":"Cultist and Chosen","floor":24.0,"turns":4.0},{"damage":15.0,"enemies":"Shelled Parasite and Fungi","floor":30.0,"turns":6.0},{"damage":67.0,"enemies":"Collector","floor":33.0,"turns":9.0},{"damage":6.0,"enemies":"3 Shapes","floor":35.0,"turns":4.0},{"damage":6.0,"enemies":"3 Darklings","floor":38.0,"turns":4.0},{"damage":30.0,"enemies":"Jaw Worm Horde","floor":39.0,"turns":3.0},{"damage":51.0,"enemies":"4 Shapes","floor":41.0,"turns":6.0},{"damage":6,"enemies":"3 Darklings","floor":42,"turns":3},{"damage":6,"enemies":"Giant Head","floor":44,"turns":5},{"damage":0,"enemies":"Spire Growth","floor":46,"turns":1}],"seed_played":"-7015844332747414667","potions_obtained":[{"floor":10.0,"key":"SneckoOil"},{"floor":13.0,"key":"Swift Potion"},{"floor":24.0,"key":"Weak Potion"},{"floor":30.0,"key":"SneckoOil"},{"floor":38.0,"key":"FearPotion"},{"floor":42,"key":"Swift Potion"}],"is_trial":false,"path_per_floor":["M","?","M","$","M","R","E","?","T","E","?","R","M","?","R","B",null,"M","M","M","T","M","R","M","R","T","R","?","$","M","T","R","B",null,"M","?","$","M","M","R","M","M","T","E","?","M"],"character_chosen":"IRONCLAD","items_purchased":["Shrug It Off","Pommel Strike","Second Wind"],"campfire_rested":5,"item_purchase_floors":[4,4,29],"current_hp_per_floor":[74,74,75,75,75,75,14,14,14,15,15,37,43,43,43,21,62,66,48,52,52,52,74,56,75,75,75,75,75,66,66,75,14,60,60,60,60,60,36,75,30,30,30,30,25,25,25],"gold":177,"neow_bonus":"THREE_ENEMY_KILL","is_prod":false,"is_daily":false,"chose_seed":false,"campfire_upgraded":2,"win_rate":0,"timestamp":1607500156,"path_taken":["M","?","M","?","M","R","E","?","T","E","?","R","?","?","R","BOSS","M","M","M","?","?","R","?","R","T","R","?","$","M","?","R","BOSS","M","?","?","M","?","R","M","M","T","E","?","M"],"build_version":"2020-11-30","purchased_purges":2,"victory":false,"max_hp_per_floor":[75,75,75,75,75,75,75,75,75,75,75,75,75,75,75,75,75,75,75,75,75,75,75,75,75,75,75,75,75,75,75,75,75,75,75,75,75,75,75,75,75,75,75,75,75,75,75],"relic_stats":{"Centennial Puzzle":[30],"Regal Pillow":5,"counters":[21,89],"Bronze Scales":[0],"StoneCalendar":[153],"Eternal Feather":12,"Bag of Preparation":[32],"obtain_stats":[{"Ice Cream":26,"Centennial Puzzle":21,"Regal Pillow":31,"CaptainsWheel":43,"NeowsBlessing":0,"Bronze Scales":44,"StoneCalendar":7,"Eternal Feather":36,"Fusion Hammer":17,"Bag of Preparation":10,"Burning Blood":0,"Runic Pyramid":34},{"Ice Cream":12,"Centennial Puzzle":10,"Regal Pillow":13,"CaptainsWheel":19,"NeowsBlessing":0,"Bronze Scales":20,"StoneCalendar":4,"Eternal Feather":15,"Fusion Hammer":7,"Bag of Preparation":5,"Burning Blood":0,"Runic Pyramid":14},{"Ice Cream":48,"Centennial Puzzle":41,"Regal Pillow":54,"CaptainsWheel":83,"NeowsBlessing":0,"Bronze Scales":88,"StoneCalendar":9,"Eternal Feather":67,"Fusion Hammer":30,"Bag of Preparation":17,"Burning Blood":0,"Runic Pyramid":63}],"Burning Blood":109},"card_choices":[{"not_picked":["Heavy Blade","Perfected Strike","Bloodletting"],"picked":"SKIP","floor":1.0},{"not_picked":["Perfected Strike","Headbutt","Combust"],"picked":"SKIP","floor":3.0},{"not_picked":["Sentinel","Feed"],"picked":"Body Slam","floor":5.0},{"not_picked":["Metallicize","Heavy Blade"],"picked":"Fire Breathing","floor":7.0},{"not_picked":["Sword Boomerang","Anger"],"picked":"Immolate","floor":10.0},{"not_picked":["Iron Wave","Perfected Strike"],"picked":"Intimidate","floor":13.0},{"not_picked":["Exhume","Reaper"],"picked":"Fiend Fire","floor":16.0},{"not_picked":["Searing Blow","Body Slam","Cleave"],"picked":"SKIP","floor":18.0},{"not_picked":["Body Slam","Anger","Flex"],"picked":"SKIP","floor":19.0},{"not_picked":["Flex","Twin Strike"],"picked":"Offering","floor":20.0},{"not_picked":["Sword Boomerang","Havoc","Iron Wave"],"picked":"SKIP","floor":22.0},{"not_picked":["Rupture","Twin Strike+1"],"picked":"Shrug It Off+1","floor":24.0},{"not_picked":["Flex","Iron Wave","Whirlwind"],"picked":"SKIP","floor":30.0},{"not_picked":["Exhume","Immolate"],"picked":"Corruption","floor":33.0},{"not_picked":["Iron Wave","Warcry","Whirlwind+1"],"picked":"SKIP","floor":35.0},{"not_picked":["Twin Strike","Body Slam"],"picked":"True Grit+1","floor":38.0},{"not_picked":["Rupture","Bloodletting"],"picked":"Feel No Pain","floor":39.0},{"not_picked":["Warcry","Iron Wave","Whirlwind+1"],"picked":"SKIP","floor":41.0},{"not_picked":["Entrench","Cleave"],"picked":"Battle Trance","floor":42},{"not_picked":["Cleave","Feed"],"picked":"Pommel Strike","floor":44}],"player_experience":1653071,"relics_obtained":[{"floor":7.0,"key":"StoneCalendar"},{"floor":10.0,"key":"Bag of Preparation"},{"floor":21.0,"key":"Centennial Puzzle"},{"floor":26.0,"key":"Ice Cream"},{"floor":31.0,"key":"Regal Pillow"},{"floor":36.0,"key":"Eternal Feather"},{"floor":43,"key":"CaptainsWheel"},{"floor":44,"key":"Bronze Scales"}],"event_choices":[{"damage_healed":0.0,"max_hp_gain":0.0,"max_hp_loss":0.0,"gold_gain":0.0,"cards_transformed":["Strike_R"],"event_name":"Transmorgrifier","player_choice":"Transformed","floor":2.0,"gold_loss":0.0,"damage_taken":0.0,"cards_obtained":["Armaments"]},{"damage_healed":0.0,"max_hp_gain":0.0,"max_hp_loss":0.0,"gold_gain":0.0,"event_name":"Living Wall","player_choice":"Grow","floor":8.0,"gold_loss":0.0,"damage_taken":0.0,"cards_upgraded":["Body Slam"]},{"damage_healed":0.0,"max_hp_gain":0.0,"max_hp_loss":0.0,"gold_gain":0.0,"event_name":"World of Goop","player_choice":"Left Gold","floor":11.0,"gold_loss":75.0,"damage_taken":0.0},{"damage_healed":0.0,"max_hp_gain":0.0,"max_hp_loss":0.0,"gold_gain":0.0,"event_name":"Match and Keep!","player_choice":"0 cards matched","floor":14.0,"gold_loss":0.0,"damage_taken":0.0,"cards_obtained":[]},{"damage_healed":0.0,"max_hp_gain":0.0,"max_hp_loss":0.0,"gold_gain":0.0,"event_name":"Ghosts","player_choice":"Ignored","floor":28.0,"gold_loss":0.0,"damage_taken":0.0},{"damage_healed":0.0,"max_hp_gain":0.0,"max_hp_loss":0.0,"gold_gain":0.0,"event_name":"Wheel of Change","player_choice":"Relic","floor":36.0,"gold_loss":0.0,"damage_taken":0.0},{"damage_healed":0,"gold_gain":0,"player_choice":"Memory 2","damage_taken":5,"max_hp_gain":0,"max_hp_loss":0,"event_name":"SensoryStone","floor":45,"gold_loss":0}],"is_beta":false,"boss_relics":[{"not_picked":["Philosopher\u0027s Stone","Sozu"],"picked":"Fusion Hammer"},{"not_picked":["Pandora\u0027s Box","SlaversCollar"],"picked":"Runic Pyramid"}],"items_purged_floors":[29,37],"is_endless":false,"potions_floor_spawned":[10,13,24,30,38,42],"killed_by":"Spire Growth","ascension_level":20}}