{"host":"07ljfmttuzqopd7f","time":1607473540,"event":{"gold_per_floor":[212,231,19,19,29,57,57,57,109,149,179,199,222,222,222,341,341,336,374,374,19,43,84,84,84,84],"floor_reached":25,"playtime":1527,"items_purged":["hermit:Strike_Hermit"],"score":263,"play_id":"14d32db6-5ee8-4e82-bd32-06db69a131e2","local_time":"20201208192540","is_ascension_mode":true,"campfire_choices":[{"data":"hermit:Determination","floor":8,"key":"SMITH"},{"data":"hermit:PistolWhip","floor":15,"key":"SMITH"},{"floor":24,"key":"REST"}],"neow_cost":"NONE","seed_source_timestamp":620496018500,"circlet_count":0,"master_deck":["hermit:Strike_Hermit","hermit:Strike_Hermit","hermit:Strike_Hermit","hermit:Defend_Hermit","hermit:Defend_Hermit","hermit:Defend_Hermit","hermit:Snapshot","hermit:Covet","hermit:Snipe","hermit:WideOpen","hermit:Determination+1","hermit:Coalescence","hermit:Adapt","Dramatic Entrance","hermit:HoleUp","hermit:SprayPray","Injury","hermit:FinalCanter","hermit:PistolWhip+1","hermit:BlackWind","hermit:Misfire","hermit:Determination","RitualDagger","hermit:Glare","hermit:ShadowCloak","hermit:LuckOfTheDraw"],"relics":["hermit:Momento","Juzu Bracelet","Golden Idol","Smiling Mask","Lizard Tail","Mango","Black Star","Red Mask","Toy Ornithopter","Girya","Vajra"],"potions_floor_usage":[5,18,19,22,23,23,23],"damage_taken":[{"damage":0,"enemies":"2 Louse","floor":1,"turns":3},{"damage":0,"enemies":"Cultist","floor":2,"turns":4},{"damage":0,"enemies":"Small Slimes","floor":5,"turns":1},{"damage":27,"enemies":"Gremlin Nob","floor":6,"turns":5},{"damage":10,"enemies":"3 Sentries","floor":10,"turns":5},{"damage":15,"enemies":"Exordium Thugs","floor":12,"turns":4},{"damage":0,"enemies":"2 Fungi Beasts","floor":13,"turns":3},{"damage":25,"enemies":"The Guardian","floor":16,"turns":10},{"damage":23,"enemies":"2 Thieves","floor":18,"turns":4},{"damage":40,"enemies":"Masked Bandits","floor":19,"turns":4},{"damage":10,"enemies":"Shell Parasite","floor":22,"turns":2},{"damage":42,"enemies":"Slavers","floor":23,"turns":4},{"damage":62,"enemies":"Book of Stabbing","floor":25,"turns":4}],"seed_played":"6305734819808246421","potions_obtained":[{"floor":2,"key":"Ancient Potion"},{"floor":12,"key":"Dexterity Potion"},{"floor":22,"key":"DuplicationPotion"},{"floor":23,"key":"SpeedPotion"}],"is_trial":false,"path_per_floor":["M","M","$","?","M","E","?","R","T","E","?","M","M","?","R","B",null,"M","?","?","$","M","E","R","E"],"character_chosen":"HERMIT","items_purchased":["hermit:Determination","hermit:Coalescence","hermit:Tonic","LiquidMemories","Toy Ornithopter","Energy Potion","Weak Potion","hermit:Glare"],"campfire_rested":1,"item_purchase_floors":[3,3,3,3,21,21,21,21],"current_hp_per_floor":[75,75,75,75,75,48,48,48,48,38,52,37,37,37,37,12,89,66,26,20,20,15,34,60,0,0],"gold":84,"neow_bonus":"HUNDRED_GOLD","is_prod":false,"is_daily":false,"chose_seed":false,"campfire_upgraded":2,"win_rate":0,"timestamp":1607473540,"path_taken":["M","M","$","?","M","E","?","R","T","E","?","M","M","?","R","BOSS","M","?","?","$","M","E","R","E"],"build_version":"2020-11-30","purchased_purges":1,"victory":false,"max_hp_per_floor":[75,75,75,75,75,75,75,75,75,75,89,89,89,89,89,89,89,89,89,89,89,89,89,89,89,89],"relic_stats":{"Lizard Tail":44,"counters":[13,53],"Golden Idol":67,"Juzu Bracelet":1,"Black Star":1,"Smiling Mask":25,"obtain_stats":[{"Girya":23,"Lizard Tail":10,"Golden Idol":7,"Vajra":23,"Mango":11,"Juzu Bracelet":6,"Black Star":17,"Red Mask":19,"Smiling Mask":9,"hermit:Momento":0,"Toy Ornithopter":21},{"Girya":12,"Lizard Tail":5,"Golden Idol":4,"Vajra":12,"Mango":5,"Juzu Bracelet":4,"Black Star":8,"Red Mask":10,"Smiling Mask":4,"hermit:Momento":0,"Toy Ornithopter":10},{"Girya":49,"Lizard Tail":18,"Golden Idol":13,"Vajra":49,"Mango":18,"Juzu Bracelet":13,"Black Star":35,"Red Mask":43,"Smiling Mask":13,"hermit:Momento":0,"Toy Ornithopter":43}],"Toy Ornithopter":20},"card_choices":[{"not_picked":["hermit:Coalescence","hermit:Manifest"],"picked":"hermit:Snipe","floor":1},{"not_picked":["hermit:GoldenBullet","hermit:Spite"],"picked":"hermit:WideOpen","floor":2},{"not_picked":["hermit:Glare","hermit:Vantage"],"picked":"hermit:HoleUp","floor":5},{"not_picked":["hermit:Coalescence","hermit:Scavenge"],"picked":"hermit:SprayPray","floor":6},{"not_picked":["hermit:Cheat","hermit:WideOpen"],"picked":"hermit:FinalCanter","floor":10},{"not_picked":["hermit:CalledShot","hermit:SprayPray"],"picked":"hermit:PistolWhip","floor":12},{"not_picked":["hermit:SprayPray","hermit:Coalescence","hermit:TrackingShot"],"picked":"SKIP","floor":13},{"not_picked":["hermit:HighNoon","hermit:FinalCanter"],"picked":"hermit:BlackWind","floor":16},{"not_picked":["hermit:BigShot","hermit:WideOpen"],"picked":"hermit:Misfire","floor":18},{"not_picked":["hermit:Headshot","hermit:Glare"],"picked":"hermit:Determination","floor":19},{"not_picked":["hermit:Manifest","hermit:Feint+1"],"picked":"hermit:ShadowCloak","floor":22},{"not_picked":["hermit:Brawl","hermit:Misfire"],"picked":"hermit:LuckOfTheDraw","floor":23}],"player_experience":351651,"relics_obtained":[{"floor":6,"key":"Juzu Bracelet"},{"floor":9,"key":"Smiling Mask"},{"floor":10,"key":"Lizard Tail"},{"floor":19,"key":"Red Mask"},{"floor":23,"key":"Girya"},{"floor":23,"key":"Vajra"}],"event_choices":[{"damage_healed":0,"gold_gain":0,"player_choice":"2 cards matched","damage_taken":0,"max_hp_gain":0,"max_hp_loss":0,"event_name":"Match and Keep!","floor":4,"gold_loss":0,"cards_obtained":["hermit:Adapt","Dramatic Entrance"]},{"damage_healed":0,"gold_gain":0,"player_choice":"Take Wound","damage_taken":0,"relics_obtained":["Golden Idol"],"max_hp_gain":0,"max_hp_loss":0,"event_name":"Golden Idol","floor":7,"gold_loss":0,"cards_obtained":["Injury"]},{"damage_healed":0,"gold_gain":30,"player_choice":"Searched \u00273\u0027 times","damage_taken":0,"relics_obtained":["Mango"],"max_hp_gain":0,"max_hp_loss":0,"event_name":"Dead Adventurer","floor":11,"gold_loss":0},{"cards_removed":["hermit:Defend_Hermit"],"damage_healed":0,"gold_gain":0,"player_choice":"Offered Basic","damage_taken":0,"max_hp_gain":0,"max_hp_loss":0,"event_name":"Bonfire Elementals","floor":14,"gold_loss":0},{"damage_healed":0,"gold_gain":0,"player_choice":"Fought Bandits","damage_taken":0,"max_hp_gain":0,"max_hp_loss":0,"event_name":"Masked Bandits","floor":19,"gold_loss":0},{"damage_healed":0,"gold_gain":0,"player_choice":"Joined the Cult","damage_taken":6,"max_hp_gain":0,"max_hp_loss":0,"event_name":"Nest","floor":20,"gold_loss":0,"cards_obtained":["RitualDagger"]}],"is_beta":false,"boss_relics":[{"not_picked":["Astrolabe","Fusion Hammer"],"picked":"Black Star"}],"items_purged_floors":[21],"is_endless":false,"potions_floor_spawned":[2,12,16,22,23],"killed_by":"Book of Stabbing","ascension_level":3}}