{"host":"yiit85oc4oi3nqs8","time":1607520949,"event":{"gold_per_floor":[113,133,133,83,83,97,97,97,115,115,115,115,163,188,188,199,210,222,222,322,322,322,417,417,431,454,479,569,569,494,394,269,304,318,318,318,343,343,354,372,399,324,324,354,354,354,453,453,471,488,488,488,488,488,488,538,538,538,564,591,615,615,615,615,311,136,136,213,245,257,257,257,257,257,257,156,82,107,107,107],"floor_reached":79,"playtime":4234,"items_purged":["Strike_R","Strike_R","Strike_R","Defend_R","Strike_R+1"],"score":1417,"play_id":"868a3735-46a0-4bbe-88c1-a1c7e91f3fa3","local_time":"20201209223549","is_ascension_mode":true,"campfire_choices":[{"data":"Body Slam","floor":7.0,"key":"SMITH"},{"data":"Perseverance","floor":8.0,"key":"SMITH"},{"data":"Dark Embrace","floor":10.0,"key":"SMITH"},{"data":"Iron Wave","floor":11.0,"key":"SMITH"},{"data":"Metallicize","floor":21.0,"key":"SMITH"},{"floor":22.0,"key":"REST"},{"data":"Demon Form","floor":35.0,"key":"SMITH"},{"floor":36.0,"key":"RECALL"},{"floor":45.0,"key":"REST"},{"data":"Barricade","floor":46.0,"key":"SMITH"},{"data":"Juggernaut","floor":57,"key":"SMITH"},{"data":"Fire Breathing","floor":58,"key":"SMITH"},{"data":"Fire Breathing","floor":71,"key":"SMITH"},{"floor":72,"key":"REST"},{"data":"Bash","floor":75,"key":"SMITH"}],"neow_cost":"PERCENT_DAMAGE","seed_source_timestamp":132101589962113,"circlet_count":0,"master_deck":["AscendersBane","Defend_R+1","Bash+1","Iron Wave+1","Body Slam+1","Perseverance+1","Dark Embrace+1","Whirlwind+1","Metallicize+1","Demon Form+1","CurseOfTheBell","Metallicize+1","Feel No Pain+1","Fire Breathing+1","Barricade+1","Juggernaut+1","Entrench","Fire Breathing+1","Blood for Blood+1","Shockwave+1","Disarm+1","Shrug It Off+1"],"special_seed":0,"relics":["Burning Blood","Incense Burner","Happy Flower","Blood Vial","Bottled Tornado","Calling Bell","Potion Belt","Molten Egg 2","Du-Vu Doll","Juzu Bracelet","Art of War","Akabeko","Strawberry","Bird Faced Urn","Mango","Ginger","Snecko Eye","Nunchaku","Champion Belt","Toy Ornithopter","Lantern","Red Skull","Gremlin Horn","Orrery","Shuriken","Oddly Smooth Stone","Bottled Flame"],"potions_floor_usage":[73,73,78,79,79,79],"damage_taken":[{"damage":6.0,"enemies":"2 Louse","floor":1.0,"turns":4.0},{"damage":7.0,"enemies":"Small Slimes","floor":2.0,"turns":3.0},{"damage":1.0,"enemies":"Cultist","floor":6.0,"turns":3.0},{"damage":5.0,"enemies":"Large Slime","floor":9.0,"turns":7.0},{"damage":19.0,"enemies":"Lagavulin","floor":14.0,"turns":8.0},{"damage":4.0,"enemies":"Looter","floor":16.0,"turns":3.0},{"damage":5.0,"enemies":"Red Slaver","floor":17.0,"turns":3.0},{"damage":14.0,"enemies":"Exordium Wildlife","floor":18.0,"turns":4.0},{"damage":28.0,"enemies":"Slime Boss","floor":23.0,"turns":16.0},{"damage":4.0,"enemies":"Spheric Guardian","floor":25.0,"turns":8.0},{"damage":27.0,"enemies":"Book of Stabbing","floor":33.0,"turns":8.0},{"damage":0.0,"enemies":"3 Byrds","floor":34.0,"turns":2.0},{"damage":0.0,"enemies":"3 Cultists","floor":39.0,"turns":1.0},{"damage":0.0,"enemies":"Centurion and Healer","floor":40.0,"turns":1.0},{"damage":12.0,"enemies":"Gremlin Leader","floor":41.0,"turns":7.0},{"damage":71.0,"enemies":"Book of Stabbing","floor":44.0,"turns":6.0},{"damage":55.0,"enemies":"Collector","floor":47.0,"turns":10.0},{"damage":55,"enemies":"3 Shapes","floor":49,"turns":3},{"damage":31,"enemies":"3 Darklings","floor":50,"turns":5},{"damage":8,"enemies":"Mind Bloom Boss Battle","floor":56,"turns":5},{"damage":59,"enemies":"Nemesis","floor":60,"turns":7},{"damage":9,"enemies":"Giant Head","floor":69,"turns":8},{"damage":39,"enemies":"Jaw Worm Horde","floor":70,"turns":3},{"damage":36,"enemies":"Awakened One","floor":73,"turns":11},{"damage":23,"enemies":"Shield and Spear","floor":78,"turns":7},{"damage":143,"enemies":"The Heart","floor":79,"turns":6}],"seed_played":"-1480248191368447138","potions_obtained":[{"floor":1.0,"key":"Dexterity Potion"},{"floor":16.0,"key":"GamblersBrew"},{"floor":17.0,"key":"SkillPotion"},{"floor":25.0,"key":"Weak Potion"},{"floor":33.0,"key":"Energy Potion"},{"floor":40.0,"key":"Weak Potion"},{"floor":50,"key":"LiquidMemories"},{"floor":60,"key":"Swift Potion"},{"floor":63,"key":"SkillPotion"},{"floor":63,"key":"Explosive Potion"},{"floor":63,"key":"SpeedPotion"},{"floor":69,"key":"DuplicationPotion"},{"floor":70,"key":"Energy Potion"}],"is_trial":false,"path_per_floor":["M","M","?","?","?","M","R","R","M","R","R","T","T","E","?","M","M","M","?","?","R","R","B",null,"M","T","?","?","?","$","$","$","E","M","R","R","T","T","M","M","E","?","?","E","R","R","B",null,"M","M","?","?","?","?","?","?","R","R","T","E","T","T","?","?","$","$","?","T","E","M","R","R","B",null,"R","$","$","E","B"],"character_chosen":"IRONCLAD","items_purchased":["Orrery","FairyPotion","DuplicationPotion"],"campfire_rested":3,"item_purchase_floors":[65,76,77],"current_hp_per_floor":[51,50,41,41,25,30,30,30,31,31,31,31,31,20,20,24,27,21,21,21,21,45,25,66,70,70,70,58,58,58,58,58,39,47,47,47,54,54,62,70,92,92,72,21,52,52,19,84,45,38,93,88,88,88,88,86,86,86,86,42,42,42,42,42,42,42,42,42,57,38,38,64,64,82,82,82,82,80,0,0],"gold":107,"neow_bonus":"ONE_RARE_RELIC","is_prod":false,"is_daily":false,"chose_seed":false,"campfire_upgraded":11,"win_rate":0,"timestamp":1607520949,"path_taken":["M","M","?","?","?","M","R","R","M","R","R","T","T","E","?","?","M","M","?","?","R","R","BOSS","M","?","?","?","?","$","$","?","E","M","R","R","T","T","M","M","E","?","?","E","R","R","BOSS","M","M","?","?","?","?","?","?","R","R","?","E","T","T","?","?","$","$","?","?","E","M","R","R","BOSS","R","$","$","E","BOSS"],"build_version":"2020-11-30","purchased_purges":5,"victory":false,"max_hp_per_floor":[80,80,80,80,80,80,80,80,80,80,80,80,80,80,80,80,80,80,80,80,80,80,80,80,80,80,80,80,80,80,80,80,80,80,80,80,87,87,87,87,101,101,106,106,106,106,106,106,106,106,93,88,88,88,88,88,88,88,88,88,88,88,88,88,88,88,88,88,88,88,88,88,88,88,88,88,88,88,88,88],"relic_stats":{"Happy Flower":[47],"Gremlin Horn":[4,4],"counters":[26,149],"Juzu Bracelet":3,"Ginger":[7],"Burning Blood":150,"Blood Vial":42,"Nunchaku":[5],"Shuriken":[4],"Bird Faced Urn":[132],"Snecko Eye":[78,82,104,70],"Art of War":[19],"Champion Belt":[11],"obtain_stats":[{"Lantern":60,"Gremlin Horn":62,"Mango":41,"Incense Burner":0,"Juzu Bracelet":26,"Ginger":44,"Bottled Tornado":14,"Burning Blood":0,"Blood Vial":13,"Nunchaku":53,"Strawberry":37,"Red Skull":61,"Potion Belt":24,"Happy Flower":3,"Oddly Smooth Stone":69,"Akabeko":33,"Calling Bell":24,"Du-Vu Doll":24,"Bottled Flame":78,"Shuriken":68,"Bird Faced Urn":38,"Snecko Eye":48,"Orrery":65,"Molten Egg 2":24,"Art of War":27,"Champion Belt":56,"Toy Ornithopter":59},{"Lantern":21,"Gremlin Horn":21,"Mango":15,"Incense Burner":0,"Juzu Bracelet":10,"Ginger":16,"Bottled Tornado":5,"Burning Blood":0,"Blood Vial":4,"Nunchaku":19,"Strawberry":12,"Red Skull":21,"Potion Belt":9,"Happy Flower":2,"Oddly Smooth Stone":22,"Akabeko":11,"Calling Bell":9,"Du-Vu Doll":9,"Bottled Flame":25,"Shuriken":21,"Bird Faced Urn":12,"Snecko Eye":17,"Orrery":21,"Molten Egg 2":9,"Art of War":10,"Champion Belt":20,"Toy Ornithopter":20},{"Lantern":114,"Gremlin Horn":114,"Mango":78,"Incense Burner":0,"Juzu Bracelet":59,"Ginger":84,"Bottled Tornado":25,"Burning Blood":0,"Blood Vial":17,"Nunchaku":102,"Strawberry":69,"Red Skull":114,"Potion Belt":51,"Happy Flower":7,"Oddly Smooth Stone":122,"Akabeko":67,"Calling Bell":51,"Du-Vu Doll":51,"Bottled Flame":143,"Shuriken":114,"Bird Faced Urn":69,"Snecko Eye":94,"Orrery":114,"Molten Egg 2":51,"Art of War":59,"Champion Belt":107,"Toy Ornithopter":107}],"Toy Ornithopter":21},"card_choices":[{"not_picked":["Inflame","Armaments"],"picked":"Iron Wave","floor":1.0},{"not_picked":["Uppercut","Armaments"],"picked":"Body Slam","floor":2.0},{"not_picked":["Body Slam","Disarm"],"picked":"Dark Embrace","floor":6.0},{"not_picked":["Body Slam","Clash","Dual Wield"],"picked":"SKIP","floor":9.0},{"not_picked":["Disarm","Feel No Pain"],"picked":"Whirlwind","floor":14.0},{"not_picked":["Iron Wave","Whirlwind","Second Wind"],"picked":"SKIP","floor":16.0},{"not_picked":["Impervious","True Grit"],"picked":"Metallicize","floor":17.0},{"not_picked":["Wild Strike","Havoc","Ghostly Armor"],"picked":"SKIP","floor":18.0},{"not_picked":["Exhume","Immolate"],"picked":"Demon Form","floor":23.0},{"not_picked":["Warcry","Second Wind","Havoc+1"],"picked":"SKIP","floor":25.0},{"not_picked":["Thunderclap+1","Iron Wave+1","Flex"],"picked":"SKIP","floor":33.0},{"not_picked":["Dark Embrace","Disarm+1"],"picked":"Feel No Pain+1","floor":34.0},{"not_picked":["Headbutt+1","Feed+1","Disarm"],"picked":"SKIP","floor":39.0},{"not_picked":["Warcry","Reckless Charge+1"],"picked":"Fire Breathing","floor":40.0},{"not_picked":["Warcry+1","Exhume"],"picked":"Barricade","floor":41.0},{"not_picked":["Infernal Blade","Flex","Twin Strike+1"],"picked":"SKIP","floor":44.0},{"not_picked":["Feed+1","Fiend Fire+1"],"picked":"Juggernaut","floor":47.0},{"not_picked":["Twin Strike+1","Clash+1","Burning Pact"],"picked":"SKIP","floor":49},{"not_picked":["Warcry","Shrug It Off"],"picked":"Entrench","floor":50},{"not_picked":["Sever Soul+1","Bloodletting+1"],"picked":"Fire Breathing","floor":60},{"not_picked":["Rampage+1","Sword Boomerang+1"],"picked":"Blood for Blood+1","floor":65},{"not_picked":["Twin Strike+1","Clash+1"],"picked":"Shockwave+1","floor":65},{"not_picked":["Headbutt+1","Clothesline+1"],"picked":"Disarm+1","floor":69},{"not_picked":["Ghostly Armor+1","Cleave+1"],"picked":"Shrug It Off+1","floor":70},{"not_picked":["Immolate+1","Flex","Power Through"],"picked":"SKIP","floor":78},{"not_picked":["Immolate+1","Flex","Power Through"],"picked":"SKIP","floor":78}],"player_experience":355726,"relics_obtained":[{"floor":13.0,"key":"Blood Vial"},{"floor":14.0,"key":"Bottled Tornado"},{"floor":24.0,"key":"Potion Belt"},{"floor":24.0,"key":"Molten Egg 2"},{"floor":24.0,"key":"Du-Vu Doll"},{"floor":26.0,"key":"Juzu Bracelet"},{"floor":27.0,"key":"Art of War"},{"floor":33.0,"key":"Akabeko"},{"floor":37.0,"key":"Strawberry"},{"floor":38.0,"key":"Bird Faced Urn"},{"floor":41.0,"key":"Mango"},{"floor":44.0,"key":"Ginger"},{"floor":56,"key":"Champion Belt"},{"floor":59,"key":"Toy Ornithopter"},{"floor":60,"key":"Lantern"},{"floor":61,"key":"Red Skull"},{"floor":62,"key":"Gremlin Horn"},{"floor":68,"key":"Shuriken"},{"floor":69,"key":"Oddly Smooth Stone"},{"floor":78,"key":"Bottled Flame"}],"event_choices":[{"cards_removed":["Strike_R"],"damage_healed":0.0,"max_hp_gain":0.0,"max_hp_loss":0.0,"gold_gain":0.0,"event_name":"The Cleric","player_choice":"Card Removal","floor":4.0,"gold_loss":50.0,"damage_taken":0.0},{"damage_healed":41.0,"max_hp_gain":0.0,"max_hp_loss":80.0,"gold_gain":0.0,"event_name":"betterThird:BetterShining","player_choice":"Upgrade","floor":5.0,"gold_loss":0.0,"damage_taken":16.0,"cards_upgraded":["Defend_R","Strike_R"]},{"damage_healed":0.0,"max_hp_gain":0.0,"max_hp_loss":0.0,"gold_gain":0.0,"event_name":"Upgrade Shrine","player_choice":"Upgraded","floor":15.0,"gold_loss":0.0,"damage_taken":0.0,"cards_upgraded":["Whirlwind"]},{"damage_healed":0.0,"max_hp_gain":0.0,"max_hp_loss":0.0,"gold_gain":0.0,"event_name":"betterThird:BetterSerpent","player_choice":"Ignored","floor":19.0,"gold_loss":0.0,"damage_taken":222.0},{"damage_healed":0.0,"max_hp_gain":0.0,"max_hp_loss":0.0,"gold_gain":100.0,"event_name":"Golden Shrine","player_choice":"Pray","floor":20.0,"gold_loss":0.0,"damage_taken":0.0},{"damage_healed":0.0,"max_hp_gain":0.0,"max_hp_loss":0.0,"gold_gain":90.0,"event_name":"Knowing Skull","player_choice":"GOLD ","floor":28.0,"potions_obtained":[],"gold_loss":0.0,"damage_taken":12.0,"cards_obtained":[]},{"damage_healed":0.0,"max_hp_gain":0.0,"max_hp_loss":0.0,"gold_gain":0.0,"event_name":"Duplicator","player_choice":"Copied","floor":29.0,"gold_loss":0.0,"damage_taken":0.0,"cards_obtained":["Metallicize"]},{"cards_removed":["Defend_R"],"damage_healed":0.0,"max_hp_gain":0.0,"max_hp_loss":0.0,"gold_gain":0.0,"event_name":"Beggar","player_choice":"Gave Gold","floor":42.0,"gold_loss":75.0,"damage_taken":0.0},{"damage_healed":0.0,"max_hp_gain":5.0,"max_hp_loss":0.0,"gold_gain":0.0,"event_name":"Forgotten Altar","player_choice":"Shed Blood","floor":43.0,"gold_loss":0.0,"damage_taken":25.0},{"damage_healed":93,"gold_gain":0,"player_choice":"Heal","damage_taken":0,"max_hp_gain":0,"max_hp_loss":13,"event_name":"The Moai Head","floor":51,"gold_loss":0},{"damage_healed":0,"gold_gain":0,"player_choice":"Max HP","damage_taken":0,"max_hp_gain":0,"max_hp_loss":5,"event_name":"Winding Halls","floor":52,"gold_loss":0},{"damage_healed":0,"gold_gain":0,"player_choice":"Gave Potion","damage_taken":0,"relics_obtained":["Nunchaku"],"max_hp_gain":0,"max_hp_loss":0,"event_name":"WeMeetAgain","floor":53,"gold_loss":0},{"damage_healed":0,"gold_gain":0,"player_choice":"Ignored","damage_taken":0,"max_hp_gain":0,"max_hp_loss":0,"event_name":"Tomb of Lord Red Mask","floor":54,"gold_loss":0},{"damage_healed":0,"gold_gain":0,"player_choice":"Ignored","damage_taken":0,"max_hp_gain":0,"max_hp_loss":0,"event_name":"Mysterious Sphere","floor":55,"gold_loss":0},{"damage_healed":0,"gold_gain":0,"player_choice":"Fight","damage_taken":0,"max_hp_gain":0,"max_hp_loss":0,"event_name":"MindBloom","floor":56,"gold_loss":0},{"damage_healed":0,"gold_gain":0,"player_choice":"Got Potions","damage_taken":0,"max_hp_gain":0,"max_hp_loss":0,"event_name":"Lab","floor":63,"gold_loss":0},{"cards_removed":["Defend_R"],"damage_healed":0,"gold_gain":0,"player_choice":"Removed Skill","damage_taken":0,"max_hp_gain":0,"max_hp_loss":0,"event_name":"Falling","floor":64,"gold_loss":0},{"damage_healed":0,"gold_gain":0,"player_choice":"Memory 1","damage_taken":0,"max_hp_gain":0,"max_hp_loss":0,"event_name":"SensoryStone","floor":67,"gold_loss":0}],"is_beta":false,"boss_relics":[{"not_picked":["Fusion Hammer","Velvet Choker"],"picked":"Calling Bell"},{"not_picked":["Busted Crown","Black Star"],"picked":"Snecko Eye"}],"items_purged_floors":[30,31,32,65,66],"is_endless":false,"potions_floor_spawned":[1,16,17,23,25,33,40,50,60,69,70],"killed_by":"The Heart","ascension_level":10}}