{"host":"Squid","time":1607524086,"event":{"gold_per_floor":[114,125,135,151,161,161,192,192,192,204,49,49,65,81,81,176,176,196,214,230,240,339,373,373,401,401,401,435,435,448,460,460,556,556,575,575,575,122,136,166,182,182,182,207,51,65,65,78,78,78,78],"floor_reached":50,"playtime":2708,"items_purged":["Strike_G"],"score":1047,"play_id":"e9bbfd94-3a34-43c3-9a90-3d951c25db67","local_time":"20201209092806","is_ascension_mode":true,"campfire_choices":[{"data":"Neutralize","floor":6.0,"key":"SMITH"},{"data":"Deadly Poison","floor":8.0,"key":"SMITH"},{"data":"Catalyst","floor":15.0,"key":"SMITH"},{"data":"Crippling Poison","floor":24.0,"key":"SMITH"},{"data":"Burst","floor":27.0,"key":"SMITH"},{"data":"Acrobatics","floor":29.0,"key":"SMITH"},{"data":"Burst","floor":32.0,"key":"SMITH"},{"data":"Neutralize","floor":42.0,"key":"SMITH"},{"floor":49.0,"key":"RECALL"}],"neow_cost":"NONE","seed_source_timestamp":0,"circlet_count":0,"master_deck":["AscendersBane","Strike_G","Strike_G","Strike_G","Strike_G","Defend_G","Defend_G","Defend_G","Defend_G","Defend_G","Survivor","Neutralize+1","Deadly Poison+1","Underhanded Strike","PiercingWail","PiercingWail","Infinite Blades","Crippling Poison+1","Catalyst+1","Burst+1","Dash+1","Well Laid Plans+1","Acrobatics+1","Burst+1","Wraith Form v2+1","CurseOfTheBell","PiercingWail+1","Caltrops+1","Caltrops+1","PiercingWail+1","PiercingWail"],"special_seed":0,"relics":["Ring of the Snake","Bag of Marbles","InkBottle","Lee\u0027s Waffle","Coffee Dripper","Happy Flower","Incense Burner","Ginger","Frozen Egg 2","Calling Bell","Boot","Matryoshka","Calipers","OrangePellets","Oddly Smooth Stone","Anchor","MealTicket","HornCleat","Art of War"],"potions_floor_usage":[],"damage_taken":[{"damage":1.0,"enemies":"2 Louse","floor":1.0,"turns":3.0},{"damage":4.0,"enemies":"Small Slimes","floor":2.0,"turns":4.0},{"damage":0.0,"enemies":"Jaw Worm","floor":3.0,"turns":3.0},{"damage":15.0,"enemies":"Lots of Slimes","floor":4.0,"turns":6.0},{"damage":13.0,"enemies":"Red Slaver","floor":5.0,"turns":6.0},{"damage":22.0,"enemies":"Lagavulin","floor":7.0,"turns":9.0},{"damage":6.0,"enemies":"Blue Slaver","floor":10.0,"turns":5.0},{"damage":5.0,"enemies":"3 Louse","floor":13.0,"turns":5.0},{"damage":14.0,"enemies":"Red Slaver","floor":14.0,"turns":5.0},{"damage":15.0,"enemies":"The Guardian","floor":16.0,"turns":9.0},{"damage":0.0,"enemies":"3 Byrds","floor":18.0,"turns":5.0},{"damage":14.0,"enemies":"Chosen","floor":19.0,"turns":6.0},{"damage":18.0,"enemies":"Snake Plant","floor":20.0,"turns":4.0},{"damage":1.0,"enemies":"Centurion and Healer","floor":21.0,"turns":8.0},{"damage":0.0,"enemies":"Book of Stabbing","floor":23.0,"turns":5.0},{"damage":10.0,"enemies":"Gremlin Leader","floor":25.0,"turns":5.0},{"damage":0.0,"enemies":"Book of Stabbing","floor":28.0,"turns":7.0},{"damage":11.0,"enemies":"Sentry and Sphere","floor":30.0,"turns":4.0},{"damage":0.0,"enemies":"Snake Plant","floor":31.0,"turns":2.0},{"damage":4.0,"enemies":"Champ","floor":33.0,"turns":6.0},{"damage":0.0,"enemies":"3 Shapes","floor":35.0,"turns":5.0},{"damage":0.0,"enemies":"Orb Walker","floor":39.0,"turns":1.0},{"damage":1.0,"enemies":"Giant Head","floor":40.0,"turns":8.0},{"damage":18.0,"enemies":"Maw","floor":41.0,"turns":4.0},{"damage":5.0,"enemies":"Nemesis","floor":44.0,"turns":5.0},{"damage":0.0,"enemies":"Writhing Mass","floor":46.0,"turns":5.0},{"damage":0.0,"enemies":"4 Shapes","floor":48.0,"turns":3.0},{"damage":0,"enemies":"Awakened One","floor":50,"turns":1}],"seed_played":"617345768412513070","potions_obtained":[{"floor":1.0,"key":"GamblersBrew"},{"floor":4.0,"key":"Explosive Potion"},{"floor":5.0,"key":"DistilledChaos"},{"floor":14.0,"key":"PowerPotion"},{"floor":16.0,"key":"Block Potion"},{"floor":19.0,"key":"EntropicBrew"},{"floor":25.0,"key":"FairyPotion"},{"floor":31.0,"key":"LiquidMemories"}],"is_trial":false,"path_per_floor":["M","M","M","M","M","R","E","R","T","M","$","?","M","M","R","B",null,"M","M","M","M","?","E","R","E","T","R","E","R","M","M","R","B",null,"M","?","?","$","M","E","M","R","T","E","$","M","?","M","R","B"],"character_chosen":"THE_SILENT","items_purchased":["Lee\u0027s Waffle","OrangePellets","Oddly Smooth Stone","Caltrops+1","Art of War"],"campfire_rested":0,"item_purchase_floors":[11,38,38,38,45],"current_hp_per_floor":[69,65,65,50,37,37,15,15,15,9,84,89,84,70,70,55,81,81,67,49,48,48,48,48,38,38,38,38,38,27,27,27,23,73,73,73,73,73,73,72,54,54,54,49,64,64,64,64,64,64,64],"gold":78,"neow_bonus":"TEN_PERCENT_HP_BONUS","is_prod":false,"is_daily":false,"chose_seed":false,"campfire_upgraded":8,"win_rate":0,"timestamp":1607524086,"path_taken":["M","M","M","M","M","R","E","R","T","M","$","?","M","M","R","BOSS","M","M","M","M","?","E","R","E","T","R","E","R","M","M","R","BOSS","M","?","?","$","M","E","?","R","T","E","?","M","?","M","R","BOSS"],"build_version":"2020-12-07","purchased_purges":1,"victory":false,"max_hp_per_floor":[77,77,77,77,77,77,77,77,77,77,84,89,89,89,89,89,89,89,89,89,89,89,89,89,89,89,89,89,89,89,89,89,89,89,89,89,89,89,89,89,89,89,89,89,89,89,89,89,89,89,89],"card_choices":[{"not_picked":["Calculated Gamble","Blade Dance"],"picked":"Deadly Poison","floor":1.0},{"not_picked":["Accuracy","Quick Slash"],"picked":"Underhanded Strike","floor":2.0},{"not_picked":["Slice","Escape Plan"],"picked":"PiercingWail","floor":3.0},{"not_picked":["Outmaneuver","Finisher"],"picked":"PiercingWail","floor":4.0},{"not_picked":["Bane","Sucker Punch"],"picked":"Infinite Blades","floor":5.0},{"not_picked":["Deflect","Heel Hook"],"picked":"Crippling Poison","floor":7.0},{"not_picked":["Caltrops","Sucker Punch"],"picked":"Catalyst","floor":10.0},{"not_picked":["Reflex","Doppelganger","Backflip"],"picked":"SKIP","floor":13.0},{"not_picked":["Dagger Throw","Deadly Poison","Concentrate"],"picked":"SKIP","floor":14.0},{"not_picked":["Storm of Steel","Unload"],"picked":"Burst","floor":16.0},{"not_picked":["Slice","Dagger Throw","Concentrate"],"picked":"SKIP","floor":18.0},{"not_picked":["Prepared","Calculated Gamble"],"picked":"Dash+1","floor":19.0},{"not_picked":["Underhanded Strike","Poisoned Stab"],"picked":"Well Laid Plans+1","floor":20.0},{"not_picked":["Flying Knee","Dash"],"picked":"Acrobatics","floor":21.0},{"not_picked":["Prepared","Riddle With Holes","Backstab+1"],"picked":"SKIP","floor":23.0},{"not_picked":["Reflex","Escape Plan","Underhanded Strike"],"picked":"SKIP","floor":25.0},{"not_picked":["Well Laid Plans+1","Dodge and Roll","Expertise"],"picked":"SKIP","floor":28.0},{"not_picked":["Prepared+1","Outmaneuver"],"picked":"Burst","floor":30.0},{"not_picked":["Slice","Distraction","Eviscerate"],"picked":"SKIP","floor":31.0},{"not_picked":["Tools of the Trade+1","Bullet Time"],"picked":"Wraith Form v2+1","floor":33.0},{"not_picked":["Prepared","Flying Knee+1"],"picked":"PiercingWail+1","floor":35.0},{"not_picked":["Accuracy+1","Prepared","Setup+1"],"picked":"SKIP","floor":39.0},{"not_picked":["Dagger Throw","Escape Plan"],"picked":"PiercingWail+1","floor":40.0},{"not_picked":["Outmaneuver","Sucker Punch","Deflect"],"picked":"SKIP","floor":41.0},{"not_picked":["Doppelganger","Underhanded Strike"],"picked":"PiercingWail","floor":44.0},{"not_picked":["Dagger Spray+1","Cloak And Dagger","Reflex+1"],"picked":"SKIP","floor":46.0},{"not_picked":["Expertise+1","Cloak And Dagger","Choke"],"picked":"SKIP","floor":48.0}],"player_experience":819259,"relics_obtained":[{"floor":7.0,"key":"Bag of Marbles"},{"floor":9.0,"key":"InkBottle"},{"floor":23.0,"key":"Happy Flower"},{"floor":25.0,"key":"Incense Burner"},{"floor":26.0,"key":"Ginger"},{"floor":28.0,"key":"Frozen Egg 2"},{"floor":34.0,"key":"Boot"},{"floor":34.0,"key":"Matryoshka"},{"floor":34.0,"key":"Calipers"},{"floor":40.0,"key":"Anchor"},{"floor":43.0,"key":"MealTicket"},{"floor":44.0,"key":"HornCleat"}],"event_choices":[{"damage_healed":0.0,"max_hp_gain":5.0,"max_hp_loss":0.0,"gold_gain":0.0,"event_name":"Big Fish","player_choice":"Donut","floor":12.0,"gold_loss":0.0,"damage_taken":0.0},{"damage_healed":0.0,"max_hp_gain":0.0,"max_hp_loss":0.0,"gold_gain":99.0,"event_name":"Nest","player_choice":"Stole From Cult","floor":22.0,"gold_loss":0.0,"damage_taken":0.0},{"damage_healed":0.0,"max_hp_gain":0.0,"max_hp_loss":0.0,"gold_gain":0.0,"event_name":"Tomb of Lord Red Mask","player_choice":"Ignored","floor":36.0,"gold_loss":0.0,"damage_taken":0.0},{"damage_healed":0.0,"max_hp_gain":0.0,"max_hp_loss":0.0,"gold_gain":0.0,"event_name":"Match and Keep!","player_choice":"2 cards matched","floor":37.0,"gold_loss":0.0,"damage_taken":0.0,"cards_obtained":["Neutralize","Caltrops"]},{"cards_removed":["Neutralize"],"damage_healed":0.0,"max_hp_gain":0.0,"max_hp_loss":0.0,"gold_gain":0.0,"event_name":"Falling","player_choice":"Removed Attack","floor":47.0,"gold_loss":0.0,"damage_taken":0.0}],"is_beta":true,"boss_relics":[{"not_picked":["HoveringKite","SacredBark"],"picked":"Coffee Dripper"},{"not_picked":["Ring of the Serpent","Fusion Hammer"],"picked":"Calling Bell"}],"items_purged_floors":[38],"is_endless":false,"potions_floor_spawned":[1,4,5,14,16,19,21,25,30,31,35,41,46],"killed_by":"Awakened One","ascension_level":11}}