{"host":"4be9rrw6luv8jrir","time":1607531121,"event":{"gold_per_floor":[119,119,143,143,168,206,206,219,301,342,12,48,48,81,81,201,201,235,235,65,120,360,424,424,463,489,614,635,648,689,501,501,627,627,647,647,359,392,392,392,411,449,475,538,538,565,433,454,454,454,454],"floor_reached":50,"playtime":2228,"items_purged":["Strike_R","Strike_R","Strike_R+1","Run Through+1"],"score":920,"play_id":"b83ab5ba-6c74-4e05-a94f-0b0a3daf651d","local_time":"20201210002521","is_ascension_mode":true,"campfire_choices":[{"data":"Flex","floor":7.0,"key":"SMITH"},{"data":"Juggernaut","floor":13.0,"key":"SMITH"},{"data":"Shrug It Off","floor":15.0,"key":"SMITH"},{"floor":24.0,"key":"REST"},{"data":"MostiFishMod:PerfectParry","floor":32.0,"key":"SMITH"},{"floor":40.0,"key":"REST"},{"floor":45.0,"key":"RECALL"}],"neow_cost":"NONE","seed_source_timestamp":167351000878100,"circlet_count":0,"master_deck":["Defend_R","Defend_R","Defend_R","Defend_R","Iron Wave+1","MostiFishMod:CullingBlade+1","Shrug It Off+1","Flex+1","animator:Entoma+4","MostiFishMod:PerfectParry","Juggernaut+1","HandOfGreed+1","MostiFishMod:PerfectParry+1","MostiFishMod:DarkDeal","Acrobatics+1","Heavy Blade","Hologram+1","Pot Of Greed+1","Pot Of Greed+1","Protect","animator:Zero+1","MostiFishMod:Overload+1","ReplayUltimateDefense","Pot Of Greed+1","MostiFishMod:PerfectForm+1","Apotheosis+1","Sneak Up+1","MostiFishMod:CullingBlade+1","animator:LizardPriest+1","Flex+1","Shockwave+1"],"special_seed":0,"relics":["DaveBox","CombinedTypeHook","Astrolabe","Question Card","PrismaticShard","Golden Idol","hubris:ToyBattleship","Mummified Hand","hubris:PeanutButter","SynthV:C4","Blue Doll","ImportantClient","Runic Pyramid","Membership Card","Red Mask","Grinning Jar","ReplayTheSpireMod:Spearhead","hubris:Teleporter","Toxic Egg 2","Strawberry","Whetstone","ExusiaiGun","DollysMirror","WingedGreaves","Pet Ghost","Girya","King of Hearts","Replay:Bottled Eggs","hubris:TenFootPole"],"potions_floor_usage":[50],"damage_taken":[{"damage":10.0,"enemies":"Small Slimes","floor":1.0,"turns":3.0},{"damage":0.0,"enemies":"Jaw Worm","floor":3.0,"turns":5.0},{"damage":0.0,"enemies":"Cultist","floor":5.0,"turns":2.0},{"damage":3.0,"enemies":"Lagavulin","floor":6.0,"turns":5.0},{"damage":0.0,"enemies":"Exordium Thugs","floor":8.0,"turns":2.0},{"damage":14.0,"enemies":"Gremlin Nob","floor":10.0,"turns":3.0},{"damage":0.0,"enemies":"Lagavulin","floor":12.0,"turns":1.0},{"damage":0.0,"enemies":"Gremlin Nob","floor":14.0,"turns":2.0},{"damage":2.0,"enemies":"The Guardian","floor":16.0,"turns":6.0},{"damage":0.0,"enemies":"3 Byrds","floor":18.0,"turns":3.0},{"damage":21.0,"enemies":"Masked Bandits","floor":21.0,"turns":8.0},{"damage":5.0,"enemies":"Gremlin Leader","floor":23.0,"turns":4.0},{"damage":0.0,"enemies":"Replay:Snechameleon","floor":25.0,"turns":4.0},{"damage":0.0,"enemies":"Colosseum Slavers","floor":27.0,"turns":2.0},{"damage":0.0,"enemies":"Colosseum Nobs","floor":27.0,"turns":2.0},{"damage":0.0,"enemies":"Spheric Guardian","floor":28.0,"turns":2.0},{"damage":0.0,"enemies":"Snake Plant","floor":29.0,"turns":2.0},{"damage":0.0,"enemies":"conspire:SneckoGhost","floor":30.0,"turns":3.0},{"damage":0.0,"enemies":"Champ","floor":33.0,"turns":3.0},{"damage":8.0,"enemies":"3 Darklings","floor":35.0,"turns":3.0},{"damage":25.0,"enemies":"conspire:MimicChest","floor":38.0,"turns":4.0},{"damage":0.0,"enemies":"Orb Walker","floor":41.0,"turns":2.0},{"damage":0.0,"enemies":"R_Hoarder","floor":42.0,"turns":5.0},{"damage":0.0,"enemies":"Nemesis","floor":44.0,"turns":1.0},{"damage":3.0,"enemies":"4 Shapes","floor":48.0,"turns":5.0},{"damage":94,"enemies":"Donu and Deca","floor":50,"turns":6}],"seed_played":"-6853027872183095819","potions_obtained":[{"floor":3.0,"key":"BlessingOfTheForge"},{"floor":6.0,"key":"Explosive Potion"},{"floor":10.0,"key":"Weak Potion"},{"floor":12.0,"key":"Energy Potion"},{"floor":18.0,"key":"SteroidPotion"},{"floor":27.0,"key":"LiquidBronze"},{"floor":28.0,"key":"Energy Potion"},{"floor":33.0,"key":"LiquidBronze"},{"floor":38.0,"key":"LiquidMemories"},{"floor":41.0,"key":"LiquidMemories"}],"is_trial":false,"path_per_floor":["M","?","M","?","M","E","R","M","T","E","$","E","R","E","R","B",null,"M","?","$","?","?","E","R","E","T","?","M","M","E","$","R","B",null,"M","?","$","?","?","R","M","E","T","E","R","T","$","M","R","B"],"character_chosen":"IRONCLAD","items_purchased":["Juggernaut","HandOfGreed","Membership Card","Heavy Blade","MostiFishMod:PerfectForm+1","Whetstone","DollysMirror","WingedGreaves","Flex+1"],"campfire_rested":2,"item_purchase_floors":[11,11,20,20,31,31,37,37,47],"current_hp_per_floor":[70,70,70,70,70,67,67,67,67,53,53,53,53,53,53,51,80,80,80,80,61,41,36,60,62,62,66,66,66,73,73,73,73,95,87,87,87,62,62,89,89,89,89,89,89,89,89,86,86,0,0],"gold":454,"neow_bonus":"BOSS_RELIC","is_prod":false,"is_daily":false,"chose_seed":false,"campfire_upgraded":4,"win_rate":0,"timestamp":1607531121,"path_taken":["M","?","M","?","M","E","R","?","T","E","$","E","R","E","R","BOSS","M","?","$","?","?","E","R","E","T","?","M","M","E","$","R","BOSS","M","?","$","?","?","R","?","E","T","E","R","?","$","M","R","BOSS"],"build_version":"2020-11-30","purchased_purges":4,"victory":false,"max_hp_per_floor":[80,80,80,80,80,80,80,80,80,80,80,80,80,80,80,80,80,80,80,80,82,82,82,82,84,84,88,88,88,95,95,95,95,95,95,95,95,95,90,90,90,90,90,90,90,90,90,90,90,90,90],"card_choices":[{"not_picked":["Flex","Armaments"],"picked":"Shrug It Off","floor":1.0},{"not_picked":["Bane","Replay:Bootleg Shield Generator","Blade Dance"],"picked":"Flex","floor":3.0},{"not_picked":["ReplayTheSpireMod:Private Reserves","Power Through","animator:Megumin","Prepared"],"picked":"SKIP","floor":5.0},{"not_picked":["animator:Elesis","Vengeance","CutThroughFate"],"picked":"animator:Entoma","floor":6.0},{"not_picked":["animator:Shalltear","WreathOfFlame","Fluid Movement","animator:Elsword"],"picked":"SKIP","floor":8.0},{"not_picked":["Headbutt","Quick Slash","Blur"],"picked":"MostiFishMod:PerfectParry","floor":10.0},{"not_picked":["animator:Raven","Slice","Prepared","ReplayTheSpireMod:The Works"],"picked":"SKIP","floor":12.0},{"not_picked":["Steam","animator:Tatsumaki","animator:Berserker"],"picked":"MostiFishMod:PerfectParry","floor":14.0},{"not_picked":["animator:Lelouch","ReplayTheSpireMod:From All Sides","MostiFishMod:KingOfFree"],"picked":"MostiFishMod:DarkDeal","floor":16.0},{"not_picked":["CrushJoints","animator:CrowleyEusford","MostiFishMod:ThornCasing+1"],"picked":"Acrobatics+1","floor":18.0},{"not_picked":["animator:Shinoa+1","Replay:Undeath\u0027s Touch","animator:ElricEdward"],"picked":"Hologram+1","floor":22.0},{"not_picked":["Run Through","Compile Driver+1","Worship","Bouncing Flask+1"],"picked":"SKIP","floor":23.0},{"not_picked":["animator:Shinoa+1","animator:TukaLunaMarceau","FlyingSleeves"],"picked":"Protect","floor":25.0},{"not_picked":["WaveOfTheHand+1","animator:ZankiKiguchi+1","animator:Mitsurugi"],"picked":"animator:Zero+1","floor":27.0},{"not_picked":["Burning Pact+1","Eviscerate","animator:TsurugaMeisai+1"],"picked":"MostiFishMod:Overload+1","floor":28.0},{"not_picked":["Massacre","ReplayTheSpireMod:Repulse+1","animator:YachiyoNanami","animator:Chung+1"],"picked":"SKIP","floor":29.0},{"not_picked":["Replay:AtTheReady+1","animator:KyokoSakura","Havoc+1"],"picked":"ReplayUltimateDefense","floor":30.0},{"not_picked":["MostiFishMod:Moonprays+1","Amplify+1","Wish+1"],"picked":"Apotheosis+1","floor":33.0},{"not_picked":["animator:Emonzaemon+1","animator:Aisha+1","Prostrate+1"],"picked":"Sneak Up+1","floor":35.0},{"not_picked":["animator:Tatsumaki+1","animator:IrohaTamaki","animator:Add+1"],"picked":"MostiFishMod:Opportunism+1","floor":38.0},{"not_picked":["Expertise+1","MostiFishMod:Speedup","Wild Strike+1","Good Instincts+1"],"picked":"SKIP","floor":41.0},{"not_picked":["animator:ChaikaBohdan+1","animator:Benimaru","animator:PandorasActor+1","Wraith Form v2"],"picked":"SKIP","floor":42.0},{"not_picked":["animator:Demiurge+1","Dropkick+1","Flechettes+1"],"picked":"animator:LizardPriest+1","floor":44.0},{"not_picked":["animator:DolaRiku+1","animator:YaoHaDucy","Dropkick+1","ReplayTheSpireMod:Repulse+1"],"picked":"SKIP","floor":48.0}],"player_experience":466353,"relics_obtained":[{"floor":1.0,"key":"Question Card"},{"floor":1.0,"key":"PrismaticShard"},{"floor":6.0,"key":"hubris:ToyBattleship"},{"floor":9.0,"key":"Mummified Hand"},{"floor":10.0,"key":"hubris:PeanutButter"},{"floor":12.0,"key":"SynthV:C4"},{"floor":14.0,"key":"Blue Doll"},{"floor":16.0,"key":"ImportantClient"},{"floor":21.0,"key":"Red Mask"},{"floor":23.0,"key":"Grinning Jar"},{"floor":25.0,"key":"ReplayTheSpireMod:Spearhead"},{"floor":27.0,"key":"hubris:Teleporter"},{"floor":27.0,"key":"Toxic Egg 2"},{"floor":30.0,"key":"Strawberry"},{"floor":38.0,"key":"Pet Ghost"},{"floor":42.0,"key":"Girya"},{"floor":43.0,"key":"King of Hearts"},{"floor":44.0,"key":"Replay:Bottled Eggs"},{"floor":46.0,"key":"hubris:TenFootPole"}],"event_choices":[{"damage_healed":0.0,"max_hp_gain":0.0,"max_hp_loss":0.0,"gold_gain":0.0,"event_name":"Golden Idol","player_choice":"Take Wound","floor":2.0,"gold_loss":0.0,"damage_taken":0.0,"relics_obtained":["Golden Idol"],"cards_obtained":["Injury"]},{"cards_removed":["Injury"],"damage_healed":0.0,"max_hp_gain":0.0,"max_hp_loss":0.0,"gold_gain":0.0,"event_name":"Fountain of Cleansing","player_choice":"Removed Curses","floor":4.0,"gold_loss":0.0,"damage_taken":0.0},{"damage_healed":0.0,"max_hp_gain":0.0,"max_hp_loss":0.0,"gold_gain":0.0,"event_name":"Masked Bandits","player_choice":"Fought Bandits","floor":21.0,"gold_loss":0.0,"damage_taken":0.0},{"damage_healed":0.0,"max_hp_gain":0.0,"max_hp_loss":0.0,"gold_gain":0.0,"event_name":"Colosseum","player_choice":"Fight","floor":27.0,"gold_loss":0.0,"damage_taken":0.0},{"damage_healed":0.0,"max_hp_gain":0.0,"max_hp_loss":0.0,"gold_gain":0.0,"event_name":"Colosseum","player_choice":"Fought Nobs","floor":27.0,"gold_loss":0.0,"damage_taken":0.0},{"damage_healed":0.0,"max_hp_gain":0.0,"max_hp_loss":0.0,"gold_gain":0.0,"event_name":"conspire:Investor","player_choice":"Leave","floor":36.0,"gold_loss":0.0,"damage_taken":0.0},{"damage_healed":0.0,"max_hp_gain":0.0,"max_hp_loss":5.0,"gold_gain":0.0,"event_name":"Winding Halls","player_choice":"Max HP","floor":39.0,"gold_loss":0.0,"damage_taken":0.0}],"is_beta":false,"boss_relics":[{"not_picked":["ReplayTheSpireMod:DimensionalGlitch","TimeKeys"],"picked":"Runic Pyramid"},{"not_picked":["Busted Crown","Coffee Dripper"],"picked":"ExusiaiGun"}],"items_purged_floors":[20,31,37,47],"is_endless":false,"potions_floor_spawned":[3,6,10,12,18,27,28,33,38,41,42],"killed_by":"Donu and Deca","ascension_level":1}}