{"host":"jm9833yuloeli2yd","time":1607533390,"event":{"gold_per_floor":[117,130,143,29,42,67,67,86,86,117,207,235,247,259,259],"floor_reached":14,"playtime":303,"items_purged":[],"score":204,"play_id":"cd729061-f013-4d35-94cd-0085834061eb","local_time":"20201209120310","is_ascension_mode":true,"campfire_choices":[{"data":"Loop","floor":7.0,"key":"SMITH"}],"neow_cost":"TEN_PERCENT_HP_LOSS","seed_source_timestamp":759534224662800,"circlet_count":0,"master_deck":["AscendersBane","Strike_B","Strike_B","Strike_B","Strike_B","Defend_B","Defend_B","Defend_B","Defend_B","Zap","Dualcast","Biased Cognition","Streamline+1","Beam Cell","Loop+1","Self Repair","Seek"],"special_seed":0,"relics":["Cracked Core","Juzu Bracelet","Matryoshka","MawBank"],"potions_floor_usage":[],"damage_taken":[{"damage":9.0,"enemies":"2 Louse","floor":1.0,"turns":2.0},{"damage":4.0,"enemies":"Small Slimes","floor":2.0,"turns":3.0},{"damage":0.0,"enemies":"Cultist","floor":3.0,"turns":3.0},{"damage":4.0,"enemies":"Red Slaver","floor":5.0,"turns":3.0},{"damage":26.0,"enemies":"Gremlin Nob","floor":6.0,"turns":4.0},{"damage":7.0,"enemies":"Looter","floor":8.0,"turns":3.0},{"damage":30.0,"enemies":"Lagavulin","floor":10.0,"turns":5.0},{"damage":0.0,"enemies":"Large Slime","floor":12.0,"turns":4.0},{"damage":21,"enemies":"3 Sentries","floor":14,"turns":3}],"seed_played":"6062088107973130864","potions_obtained":[{"floor":1.0,"key":"Weak Potion"},{"floor":6.0,"key":"PowerPotion"},{"floor":10.0,"key":"EssenceOfDarkness"}],"is_trial":false,"path_per_floor":["M","M","M","$","M","E","R","M","T","E","?","M","?","E"],"character_chosen":"DEFECT","items_purchased":["FairyPotion"],"campfire_rested":0,"item_purchase_floors":[4],"current_hp_per_floor":[55,51,51,51,47,21,21,14,14,16,16,23,23,2,2],"gold":259,"neow_bonus":"THREE_RARE_CARDS","is_prod":false,"is_daily":false,"chose_seed":false,"campfire_upgraded":1,"win_rate":0,"timestamp":1607533390,"path_taken":["M","M","M","$","M","E","R","M","T","E","?","M","?","E"],"build_version":"2020-11-30","purchased_purges":0,"victory":false,"max_hp_per_floor":[64,64,64,64,64,64,64,64,64,64,64,64,64,64,64],"card_choices":[{"not_picked":["Amplify","Fission"],"picked":"Biased Cognition","floor":0.0},{"not_picked":["Aggregate","Leap"],"picked":"Streamline","floor":1.0},{"not_picked":["Coolheaded","Redo","Barrage"],"picked":"SKIP","floor":2.0},{"not_picked":["Steam","Leap","Barrage"],"picked":"SKIP","floor":3.0},{"not_picked":["Stack","Redo"],"picked":"Beam Cell","floor":5.0},{"not_picked":["Rebound","Steam Power"],"picked":"Loop","floor":6.0},{"not_picked":["Leap","Redo"],"picked":"Self Repair","floor":8.0},{"not_picked":["Gash","Redo"],"picked":"Seek","floor":10.0},{"not_picked":["Fusion","Stack","Barrage"],"picked":"SKIP","floor":12.0}],"player_experience":979067,"relics_obtained":[{"floor":6.0,"key":"Juzu Bracelet"},{"floor":9.0,"key":"Matryoshka"},{"floor":10.0,"key":"MawBank"}],"event_choices":[{"damage_healed":0.0,"max_hp_gain":0.0,"max_hp_loss":0.0,"gold_gain":78.0,"event_name":"Golden Wing","player_choice":"Gained Gold","floor":11.0,"gold_loss":0.0,"damage_taken":0.0},{"damage_healed":0.0,"max_hp_gain":0.0,"max_hp_loss":0.0,"gold_gain":0.0,"event_name":"Upgrade Shrine","player_choice":"Upgraded","floor":13.0,"gold_loss":0.0,"damage_taken":0.0,"cards_upgraded":["Streamline"]}],"is_beta":false,"boss_relics":[],"items_purged_floors":[],"is_endless":false,"potions_floor_spawned":[1,6,10],"killed_by":"3 Sentries","ascension_level":20}}