{"host":"is2s59edl8twrhoj","time":1607517758,"event":{"gold_per_floor":[19,32,47,60,75,75,95,95,95,35,46,46,76,87,87,87,87],"floor_reached":16,"playtime":532,"items_purged":["Strike_G"],"score":175,"play_id":"0b316ad6-cbdb-4d38-86b0-83ceac52dcf3","local_time":"20201209124238","is_ascension_mode":true,"campfire_choices":[{"data":"All Out Attack","floor":6.0,"key":"SMITH"},{"data":"Neutralize","floor":8,"key":"SMITH"},{"data":"Survivor","floor":15,"key":"SMITH"}],"neow_cost":"NO_GOLD","seed_source_timestamp":12195644695600,"circlet_count":0,"master_deck":["AscendersBane","Strike_G","Strike_G","Strike_G","Defend_G","Defend_G","Defend_G","Defend_G","Survivor+1","Neutralize+1","Dagger Spray","All Out Attack+1","Cloak And Dagger","Backstab","All Out Attack","Decay","Tactician","Escape Plan"],"special_seed":0,"relics":["Ring of the Snake","The Courier","Kunai"],"potions_floor_usage":[16],"damage_taken":[{"damage":3.0,"enemies":"Jaw Worm","floor":1.0,"turns":7.0},{"damage":0.0,"enemies":"Cultist","floor":2.0,"turns":4.0},{"damage":0.0,"enemies":"2 Louse","floor":3.0,"turns":2.0},{"damage":5.0,"enemies":"Exordium Thugs","floor":4.0,"turns":4.0},{"damage":8.0,"enemies":"3 Louse","floor":5.0,"turns":3.0},{"damage":0,"enemies":"2 Fungi Beasts","floor":7,"turns":1},{"damage":0,"enemies":"Looter","floor":11,"turns":3},{"damage":2,"enemies":"3 Sentries","floor":13,"turns":4},{"damage":3,"enemies":"3 Louse","floor":14,"turns":2},{"damage":44,"enemies":"Hexaghost","floor":16,"turns":9}],"seed_played":"233171794969986093","potions_obtained":[{"floor":3.0,"key":"Strength Potion"},{"floor":7,"key":"Strength Potion"}],"is_trial":false,"path_per_floor":["M","M","M","M","M","R","M","R","T","$","M","?","E","M","R","B"],"character_chosen":"THE_SILENT","items_purchased":[],"campfire_rested":0,"item_purchase_floors":[],"current_hp_per_floor":[60,60,60,55,47,47,47,47,47,47,47,47,45,42,42,0,0],"gold":87,"neow_bonus":"REMOVE_TWO","is_prod":false,"is_daily":false,"chose_seed":false,"campfire_upgraded":3,"win_rate":0,"timestamp":1607517758,"path_taken":["M","M","M","M","M","R","M","R","T","$","M","?","E","?","R","BOSS"],"build_version":"2020-11-30","purchased_purges":1,"victory":false,"max_hp_per_floor":[70,70,70,70,70,70,70,70,70,70,70,70,70,70,70,70,70],"card_choices":[{"not_picked":["Concentrate","Deflect"],"picked":"Dagger Spray","floor":1.0},{"not_picked":["Deflect","Setup"],"picked":"All Out Attack","floor":2.0},{"not_picked":["Deflect","Underhanded Strike"],"picked":"Cloak And Dagger","floor":3.0},{"not_picked":["Underhanded Strike","Eviscerate","Dagger Spray"],"picked":"SKIP","floor":4.0},{"not_picked":["Sucker Punch","Expertise"],"picked":"Backstab","floor":5.0},{"not_picked":["Slice","Acrobatics"],"picked":"All Out Attack","floor":7},{"not_picked":["Sucker Punch","Catalyst","Flying Knee"],"picked":"SKIP","floor":11},{"not_picked":["A Thousand Cuts","Tactician","Prepared"],"picked":"SKIP","floor":13},{"not_picked":["A Thousand Cuts","Prepared"],"picked":"Tactician","floor":13},{"not_picked":["Deadly Poison","Poisoned Stab"],"picked":"Escape Plan","floor":14}],"player_experience":595760,"relics_obtained":[{"floor":9,"key":"The Courier"},{"floor":13,"key":"Kunai"}],"event_choices":[{"damage_healed":0,"gold_gain":0,"player_choice":"Cursed","damage_taken":0,"max_hp_gain":0,"max_hp_loss":0,"event_name":"Wheel of Change","floor":12,"gold_loss":0,"cards_obtained":["Decay"]}],"is_beta":false,"boss_relics":[],"items_purged_floors":[10],"is_endless":false,"potions_floor_spawned":[3,7,11,14],"killed_by":"Hexaghost","ascension_level":13}}