{"host":"3j2m8n0ywf988fwb","time":1607531220,"event":{"gold_per_floor":[116,116,130,142,154,186,186,186,186,197,197,213,246,246,246,343,343,357,282,282,312,412,412,423,423,423,440,471,483,483,99,99,198,198,216,244,259,259,291,319,333,364,364,364,391,391,423,433,443,456,456,456,456,456,178,207,207,207],"floor_reached":57,"playtime":2502,"items_purged":["Strike_R","Strike_R+1","Strike_R"],"score":968,"play_id":"04d19b6b-0794-485c-93e0-45c8aa895fb6","local_time":"20201209102700","is_ascension_mode":true,"campfire_choices":[{"data":"ReplayTheSpireMod:Strike From Hell","floor":8.0,"key":"SMITH"},{"floor":15.0,"key":"REST"},{"floor":23.0,"key":"REST"},{"floor":25.0,"key":"REST"},{"floor":32.0,"key":"REST"},{"floor":46,"key":"REST"},{"floor":51,"key":"RECALL"},{"floor":54,"key":"REST"}],"neow_cost":"NONE","seed_source_timestamp":207002971174500,"circlet_count":0,"master_deck":["Strike_R","Strike_R+1","Defend_R+1","Defend_R+1","Defend_R","Defend_R","Bash+1","hubris:CleavingFinish+1","ReplayTheSpireMod:Strike From Hell+1","Anger+1","Limit Break+1","Flex+1","Deep Breath+1","Flex+1","Anger+1","Limit Break+1","jedi:MakeshiftSword","Pummel+1","ReplayTheSpireMod:Muscle Training","Burning Pact+1","Flex+1","Anger+1","Pummel"],"special_seed":0,"relics":["Burning Blood","aspiration:Nostalgia","somnambulantmod: DreamJournal","Gremlin Food","StuffTheSpire:Gunfinga","jedi:leech","beaked:MawFillet","InkBottle","Lantern","FossilizedHelix","SlaversCollar","Centennial Puzzle","ReplayTheSpireMod:Shallot","jedi:cryingmask","Replay:Baseball","jedi:crownofsimplicity","Gremlin Horn","TungstenRod"],"potions_floor_usage":[52,56,56],"damage_taken":[{"damage":5.0,"enemies":"2 Louse","floor":1.0,"turns":4.0},{"damage":6.0,"enemies":"Cultist","floor":3.0,"turns":3.0},{"damage":9.0,"enemies":"Jaw Worm","floor":4.0,"turns":4.0},{"damage":9.0,"enemies":"Lots of Slimes","floor":5.0,"turns":3.0},{"damage":26.0,"enemies":"3 Sentries","floor":6.0,"turns":8.0},{"damage":3.0,"enemies":"Blue Slaver","floor":10.0,"turns":2.0},{"damage":9.0,"enemies":"2 Fungi Beasts","floor":12.0,"turns":2.0},{"damage":16.0,"enemies":"Gremlin Nob","floor":13.0,"turns":3.0},{"damage":64.0,"enemies":"Hexaghost","floor":16.0,"turns":9.0},{"damage":0.0,"enemies":"Spheric Guardian","floor":18.0,"turns":3.0},{"damage":14.0,"enemies":"3 Byrds","floor":21.0,"turns":6.0},{"damage":28.0,"enemies":"3 Byrds","floor":24.0,"turns":6.0},{"damage":17.0,"enemies":"3 Cultists","floor":27.0,"turns":4.0},{"damage":34.0,"enemies":"Book of Stabbing","floor":28.0,"turns":4.0},{"damage":30.0,"enemies":"Centurion and Healer","floor":29.0,"turns":3.0},{"damage":24.0,"enemies":"Champ","floor":33.0,"turns":4.0},{"damage":18.0,"enemies":"3 Darklings","floor":35.0,"turns":3.0},{"damage":21.0,"enemies":"Reptomancer","floor":36.0,"turns":6.0},{"damage":0.0,"enemies":"Orb Walker","floor":37.0,"turns":1.0},{"damage":5.0,"enemies":"Giant Head","floor":39.0,"turns":5.0},{"damage":18.0,"enemies":"beaked:SuperParasite","floor":40.0,"turns":4.0},{"damage":28.0,"enemies":"Spire Growth","floor":41.0,"turns":4.0},{"damage":0,"enemies":"Reptomancer","floor":42,"turns":3},{"damage":3,"enemies":"Giant Head","floor":47,"turns":5},{"damage":9,"enemies":"Maw","floor":48,"turns":4},{"damage":0,"enemies":"Jaw Worm Horde","floor":49,"turns":2},{"damage":1,"enemies":"Transient","floor":50,"turns":5},{"damage":37,"enemies":"conspire:OrnateMirror","floor":52,"turns":3},{"damage":1,"enemies":"Shield and Spear","floor":56,"turns":3},{"damage":93,"enemies":"The Heart","floor":57,"turns":5}],"seed_played":"-1729736737438572550","potions_obtained":[{"floor":1.0,"key":"Swift Potion"},{"floor":2.0,"key":"Energy Potion"},{"floor":2.0,"key":"CultistPotion"},{"floor":10.0,"key":"EntropicBrew"},{"floor":13.0,"key":"Explosive Potion"},{"floor":16.0,"key":"Milkshake"},{"floor":27.0,"key":"SteroidPotion"},{"floor":36.0,"key":"EntropicBrew"},{"floor":49,"key":"AttackPotion"}],"is_trial":false,"path_per_floor":["M","?","M","M","M","E","?","R","T","M","?","M","E","?","R","B",null,"M","$","?","MIM","?","R","M","R","T","M","E","M","?","$","R","B",null,"M","E","M","?","E","E","M","E","PTL","PTL","T","R","E","M","M","M","R","B",null,"R","$","E","B"],"character_chosen":"IRONCLAD","items_purchased":["jedi:MakeshiftSword","FossilizedHelix","Pummel"],"campfire_rested":6,"item_purchase_floors":[31,31,55],"current_hp_per_floor":[80,80,80,77,74,54,54,54,54,57,57,54,44,44,70,12,82,82,82,82,74,74,84,62,86,86,75,47,23,23,23,50,32,88,76,61,67,67,68,56,34,40,40,40,40,68,71,68,74,79,79,48,90,92,92,92,0,0],"gold":207,"neow_bonus":"NOSTALGIA","is_prod":false,"is_daily":false,"chose_seed":false,"campfire_upgraded":1,"win_rate":0,"timestamp":1607531220,"path_taken":["M","?","?","M","M","E","?","R","T","?","?","M","E","?","R","BOSS","M","?","?","?","?","R","?","R","T","M","E","M","?","?","R","BOSS","M","E","M","?","E","E","M","E","PTL","PTL","T","R","E","M","?","M","R","BOSS","R","$","E","BOSS"],"build_version":"2020-11-30","purchased_purges":3,"victory":false,"max_hp_per_floor":[80,80,80,80,80,80,80,80,80,80,80,80,80,80,82,82,82,82,82,82,82,82,84,84,86,86,86,86,86,86,86,88,88,88,88,88,88,88,88,88,88,88,88,88,88,90,90,90,90,90,90,90,90,92,92,92,92,92],"relic_stats":{"Centennial Puzzle":[27],"Gremlin Horn":[4,4],"counters":[30,121],"obtain_stats":[{"Gremlin Food":6,"Lantern":28,"Gremlin Horn":47,"aspiration:Nostalgia":0,"jedi:crownofsimplicity":45,"Burning Blood":0,"jedi:leech":13,"SlaversCollar":34,"StuffTheSpire:Gunfinga":9,"Centennial Puzzle":36,"Replay:Baseball":42,"ReplayTheSpireMod:Shallot":39,"somnambulantmod: DreamJournal":0,"beaked:MawFillet":17,"jedi:cryingmask":40,"InkBottle":26,"FossilizedHelix":31,"TungstenRod":56},{"Gremlin Food":5,"Lantern":14,"Gremlin Horn":24,"aspiration:Nostalgia":0,"jedi:crownofsimplicity":23,"Burning Blood":0,"jedi:leech":8,"SlaversCollar":16,"StuffTheSpire:Gunfinga":5,"Centennial Puzzle":18,"Replay:Baseball":23,"ReplayTheSpireMod:Shallot":20,"somnambulantmod: DreamJournal":0,"beaked:MawFillet":9,"jedi:cryingmask":21,"InkBottle":12,"FossilizedHelix":15,"TungstenRod":29},{"Gremlin Food":22,"Lantern":61,"Gremlin Horn":99,"aspiration:Nostalgia":0,"jedi:crownofsimplicity":94,"Burning Blood":0,"jedi:leech":29,"SlaversCollar":68,"StuffTheSpire:Gunfinga":22,"Centennial Puzzle":77,"Replay:Baseball":94,"ReplayTheSpireMod:Shallot":83,"somnambulantmod: DreamJournal":0,"beaked:MawFillet":38,"jedi:cryingmask":87,"InkBottle":53,"FossilizedHelix":64,"TungstenRod":116}],"Burning Blood":162,"InkBottle":[39],"TungstenRod":21},"card_choices":[{"not_picked":["Clothesline","StuffTheSpire:Incineration"],"picked":"hubris:CleavingFinish","floor":1.0},{"not_picked":["Power Through","StuffTheSpire:RockThrow"],"picked":"ReplayTheSpireMod:Strike From Hell","floor":3.0},{"not_picked":["StuffTheSpire:RockThrow","True Grit"],"picked":"Anger","floor":4.0},{"not_picked":["Perfected Strike","Twin Strike","Cleave"],"picked":"SKIP","floor":5.0},{"not_picked":["Wild Strike","Sword Boomerang"],"picked":"Limit Break","floor":6.0},{"not_picked":["Clothesline","ReplayTheSpireMod:Strike From Hell"],"picked":"Flex","floor":10.0},{"not_picked":["The Bomb","Replay:Parry"],"picked":"Deep Breath","floor":11.0},{"not_picked":["jedi:controlledanger","hubris:ReadiedAction","StuffTheSpire:RagingBull"],"picked":"SKIP","floor":12.0},{"not_picked":["ReplayTheSpireMod:LeadingStrike","conspire:Charge","Evolve"],"picked":"SKIP","floor":13.0},{"not_picked":["Clash","hubris:SharpeningStone+1","StuffTheSpire:RagingBull"],"picked":"SKIP","floor":18.0},{"not_picked":["Carnage","Replay:Undeath\u0027s Touch"],"picked":"Flex","floor":21.0},{"not_picked":["Clothesline","ReplayTheSpireMod:LeadingStrike"],"picked":"Anger","floor":24.0},{"not_picked":["Run Through","ReplayTheSpireMod:Strike From Hell+1","Warcry"],"picked":"SKIP","floor":27.0},{"not_picked":["Searing Blow","Abandon+1"],"picked":"Limit Break","floor":28.0},{"not_picked":["Fire Breathing","Pommel Strike+1","Armaments"],"picked":"SKIP","floor":29.0},{"not_picked":["Run Through","Shrug It Off"],"picked":"Pummel+1","floor":35.0},{"not_picked":["Pommel Strike","Thunderclap","Body Slam+1"],"picked":"SKIP","floor":36.0},{"not_picked":["jedi:suffering","Sword Boomerang+1","StuffTheSpire:Incineration"],"picked":"SKIP","floor":37.0},{"not_picked":["Body Slam","Uppercut"],"picked":"ReplayTheSpireMod:Muscle Training","floor":39.0},{"not_picked":["Ghostly Armor","Bloodletting"],"picked":"Burning Pact+1","floor":40.0},{"not_picked":["Uppercut","StuffTheSpire:RagingBull","Demonic Infusion"],"picked":"SKIP","floor":41.0},{"not_picked":["Sever Soul","Life Link+1"],"picked":"Flex","floor":42},{"not_picked":["Havoc+1","jedi:suffering","Replay:Undeath\u0027s Touch"],"picked":"SKIP","floor":47},{"not_picked":["Havoc+1","jedi:suffering","Replay:Undeath\u0027s Touch"],"picked":"SKIP","floor":47},{"not_picked":["Clothesline+1","Pommel Strike+1"],"picked":"Anger+1","floor":48},{"not_picked":["Perfected Strike","StuffTheSpire:Slingshot","Rampage+1"],"picked":"SKIP","floor":49},{"not_picked":["jedi:controlledanger+1","hubris:ReadiedAction","Pommel Strike"],"picked":"SKIP","floor":50},{"not_picked":["Exhume","StuffTheSpire:RagingBull+1","ReplayTheSpireMod:Strike From Hell+1"],"picked":"SKIP","floor":56}],"player_experience":947515,"relics_obtained":[{"floor":6.0,"key":"Gremlin Food"},{"floor":9.0,"key":"StuffTheSpire:Gunfinga"},{"floor":13.0,"key":"jedi:leech"},{"floor":26.0,"key":"InkBottle"},{"floor":28.0,"key":"Lantern"},{"floor":36.0,"key":"Centennial Puzzle"},{"floor":39.0,"key":"ReplayTheSpireMod:Shallot"},{"floor":40.0,"key":"jedi:cryingmask"},{"floor":42,"key":"Replay:Baseball"},{"floor":45,"key":"jedi:crownofsimplicity"},{"floor":47,"key":"Gremlin Horn"},{"floor":56,"key":"TungstenRod"}],"event_choices":[{"damage_healed":0.0,"max_hp_gain":0.0,"max_hp_loss":0.0,"gold_gain":0.0,"event_name":"Lab","player_choice":"Got Potions","floor":2.0,"gold_loss":0.0,"damage_taken":0.0},{"damage_healed":0.0,"max_hp_gain":0.0,"max_hp_loss":0.0,"gold_gain":0.0,"event_name":"Upgrade Shrine","player_choice":"Upgraded","floor":7.0,"gold_loss":0.0,"damage_taken":0.0,"cards_upgraded":["Anger"]},{"damage_healed":0.0,"max_hp_gain":0.0,"max_hp_loss":0.0,"gold_gain":1.0,"event_name":"betterStone:BetterStone","player_choice":"1","floor":11.0,"gold_loss":0.0,"damage_taken":0.0},{"damage_healed":0.0,"max_hp_gain":0.0,"max_hp_loss":0.0,"gold_gain":0.0,"event_name":"Accursed Blacksmith","player_choice":"Forge","floor":14.0,"gold_loss":0.0,"damage_taken":0.0,"cards_upgraded":["Flex"]},{"damage_healed":0.0,"max_hp_gain":0.0,"max_hp_loss":0.0,"gold_gain":0.0,"event_name":"betterNote:BetterNote","player_choice":"Ignored","floor":20.0,"gold_loss":0.0,"damage_taken":0.0,"cards_obtained":["Neutralize"]},{"damage_healed":0.0,"max_hp_gain":0.0,"max_hp_loss":0.0,"gold_gain":100.0,"event_name":"Golden Shrine","player_choice":"Pray","floor":22.0,"gold_loss":0.0,"damage_taken":0.0},{"damage_healed":0.0,"max_hp_gain":0.0,"max_hp_loss":0.0,"gold_gain":0.0,"event_name":"The Woman in Blue","player_choice":"Bought 0 Potions","floor":38.0,"gold_loss":0.0,"damage_taken":0.0}],"is_beta":false,"boss_relics":[{"not_picked":["StuffTheSpire:RunicConfusion","hubris:VirtuousBlindfold"],"picked":"beaked:MawFillet"},{"not_picked":["halation:Yufonium","energizedSpire:NeverEndingSparkler"],"picked":"SlaversCollar"}],"items_purged_floors":[19,55,55],"is_endless":false,"potions_floor_spawned":[1,4,10,13,16,27,28,36,40,49,50],"killed_by":"The Heart","ascension_level":2}}