{"host":"fhq3k2nq5elnbks3","time":1607475007,"event":{"gold_per_floor":[114,114,114,114,133,158,158,89,89,89,104,118,153,153,153,254,254,272,272,33,33,33,33,44,44,44,44,44,57,74,85,85,85,85],"floor_reached":33,"playtime":2558,"items_purged":[],"score":278,"play_id":"509cdd31-8d96-4fab-adef-0e2aec7ce096","local_time":"20201208185007","is_ascension_mode":false,"campfire_choices":[{"data":"somnambulantmod: Blink","floor":7,"key":"SMITH"},{"data":"somnambulantmod: BadIdea","floor":10,"key":"SMITH"},{"data":"somnambulantmod: Hush","floor":15,"key":"SMITH"},{"data":"somnambulantmod: GalaxyBrain","floor":23,"key":"SMITH"},{"data":"Hallownest:pwrSporeShroom","floor":25,"key":"SMITH"}],"neow_cost":"NONE","seed_source_timestamp":48837165512300,"circlet_count":0,"master_deck":["somnambulantmod: SomnambulantStrike","somnambulantmod: SomnambulantStrike","somnambulantmod: SomnambulantStrike+1","somnambulantmod: SomnambulantStrike+1","somnambulantmod: SomnambulantStrike","somnambulantmod: Defend_Somnambulant","somnambulantmod: Defend_Somnambulant","somnambulantmod: Defend_Somnambulant","somnambulantmod: Defend_Somnambulant","somnambulantmod: Defend_Somnambulant+1","somnambulantmod: QuickNap+1","somnambulantmod: PrimingPunch","somnambulantmod: Blink+1","somnambulantmod: BadIdea+1","somnambulantmod: Hush+1","somnambulantmod: GalaxyBrain+1","Hallownest:pwrSporeShroom+1"],"relics":["somnambulantmod: DreamJournal","PrismaMod:PrismaSapphireUpgrade","Hallownest:DreamNailRelic","aspiration:StickyExplosives","MerchantsRug","CCEMRelics:JestersCrown","Kunai","CCEMRelics:WhiteRose","PreservedInsect","aspiration:HatOfInfinitePower"],"potions_floor_usage":[16,33],"damage_taken":[{"damage":0,"enemies":"Hallownest:2_Tiktiks_and_1_Crawlid","floor":1,"turns":6},{"damage":0,"enemies":"Hallownest:monsterHuskWarrior","floor":5,"turns":3},{"damage":0,"enemies":"Hallownest:eliteMossKnight","floor":6,"turns":5},{"damage":0,"enemies":"Hallownest:2_Baldur","floor":11,"turns":3},{"damage":0,"enemies":"Hallownest:Wandering_and_Horned","floor":12,"turns":4},{"damage":16,"enemies":"Hallownest:eliteCrystalGuardian","floor":13,"turns":4},{"damage":25,"enemies":"Hallownest:BossBrokenVessel","floor":16,"turns":8},{"damage":15,"enemies":"Hallownest:2_Mistakes","floor":18,"turns":4},{"damage":1,"enemies":"Hallownest:Flukemon_and_Top","floor":24,"turns":4},{"damage":10,"enemies":"Hallownest:Warrior_and_Youth","floor":29,"turns":4},{"damage":3,"enemies":"Hallownest:monsterShrumalOgre","floor":30,"turns":4},{"damage":27,"enemies":"Hallownest:Master_and_Novice","floor":31,"turns":4},{"damage":34,"enemies":"Hallownest:BossMantisLord","floor":33,"turns":3}],"seed_played":"-5498069343831145700","potions_obtained":[{"floor":5,"key":"Weak Potion"},{"floor":12,"key":"Fruit Juice"},{"floor":24,"key":"PowerPotion"},{"floor":29,"key":"AttackPotion"},{"floor":31,"key":"Ancient Potion"}],"is_trial":false,"path_per_floor":["M","?","?","?","M","E","R","$","T","R","M","M","E","?","R","B",null,"M","?","$","?","?","R","M","R","T","R","?","M","M","M","R","B"],"character_chosen":"THE_SOMNAMBULANT","items_purchased":["MerchantsRug","CCEMRelics:WhiteRose"],"campfire_rested":0,"item_purchase_floors":[8,20],"current_hp_per_floor":[70,70,70,70,70,70,70,70,70,70,70,70,54,54,54,34,75,60,56,56,56,56,56,59,59,59,59,59,53,52,27,27,0,0],"gold":85,"neow_bonus":"NOSTALGIA","is_prod":false,"is_daily":false,"chose_seed":false,"campfire_upgraded":5,"win_rate":0.0,"timestamp":1607475007,"path_taken":["M","?","?","?","M","E","R","?","T","R","M","M","E","?","R","BOSS","M","?","$","?","?","R","M","R","T","R","?","M","?","M","R","BOSS"],"build_version":"2020-11-30","purchased_purges":0,"victory":false,"max_hp_per_floor":[70,70,70,70,70,70,70,70,70,70,70,70,70,70,70,75,75,75,75,75,75,75,75,75,75,75,75,75,75,75,75,75,75,75],"card_choices":[{"not_picked":["somnambulantmod: Unmake","somnambulantmod: SickeningSwathe"],"picked":"somnambulantmod: Blink","floor":1},{"not_picked":["somnambulantmod: DarkeningMind","somnambulantmod: Stumble"],"picked":"somnambulantmod: BadIdea","floor":5},{"not_picked":["somnambulantmod: Nosebleed","somnambulantmod: Stimulus","somnambulantmod: MuscleMemory"],"picked":"SKIP","floor":6},{"not_picked":["somnambulantmod: Cower","somnambulantmod: Stumble","somnambulantmod: ViralIdea"],"picked":"SKIP","floor":11},{"not_picked":["somnambulantmod: Cower","somnambulantmod: RecurringDream"],"picked":"somnambulantmod: Hush","floor":12},{"not_picked":["somnambulantmod: Trauma","somnambulantmod: DeeperSleep","somnambulantmod: HappyThoughts"],"picked":"SKIP","floor":13},{"not_picked":["somnambulantmod: LostMind","somnambulantmod: Withdraw"],"picked":"somnambulantmod: GalaxyBrain","floor":16},{"not_picked":["somnambulantmod: TrepanningBlow","somnambulantmod: Cower","somnambulantmod: Stumble+1"],"picked":"SKIP","floor":18},{"not_picked":["somnambulantmod: Hush","somnambulantmod: Stumble","somnambulantmod: NightmareFuel+1"],"picked":"SKIP","floor":24},{"not_picked":["somnambulantmod: Trauma","somnambulantmod: Pinch+1","somnambulantmod: Amnausea"],"picked":"SKIP","floor":29},{"not_picked":["somnambulantmod: PourItOut+1","somnambulantmod: HeadSmack","somnambulantmod: Nosebleed"],"picked":"SKIP","floor":30},{"not_picked":["somnambulantmod: Wake","somnambulantmod: MindWave","somnambulantmod: LeechFears"],"picked":"SKIP","floor":31}],"player_experience":476355,"relics_obtained":[{"floor":6,"key":"aspiration:StickyExplosives"},{"floor":9,"key":"CCEMRelics:JestersCrown"},{"floor":13,"key":"Kunai"},{"floor":26,"key":"aspiration:HatOfInfinitePower"}],"event_choices":[],"is_beta":false,"boss_relics":[{"not_picked":["Pandora\u0027s Box","aspiration:FutureDiary"],"picked":"PrismaMod:PrismaSapphireUpgrade"}],"items_purged_floors":[],"is_endless":false,"potions_floor_spawned":[5,12,24,29,31],"killed_by":"Hallownest:BossMantisLord","ascension_level":0}}