{"host":"bfxt97i6dl81mvg3","time":1607491523,"event":{"gold_per_floor":[209,224,235,124,136,136,168,118,118,193,203,223,237,266,266,367,367,383,87,2,12,32,32,57,57,83,95,45,45,55,89,89,187,187,205,155,205,218,218,218,228,26,26,44,44,44,44,59,59,59],"floor_reached":51,"playtime":1032,"items_purged":["Defend_R","Strike_R","Strike_R","Strike_R","Defend_R+1"],"score":724,"play_id":"a5ba21e1-ea3b-4743-86e2-d2fb53d33215","local_time":"20201208232523","is_ascension_mode":false,"campfire_choices":[{"data":"Rampage","floor":6,"key":"SMITH"},{"data":"Battle Trance","floor":15,"key":"SMITH"},{"data":"Limit Break","floor":23,"key":"SMITH"},{"floor":29,"key":"REST"},{"data":"Limit Break","floor":32,"key":"SMITH"},{"data":"Flex","floor":40,"key":"SMITH"},{"data":"Burning Pact","floor":45,"key":"SMITH"},{"data":"Master of Strategy","floor":49,"key":"SMITH"}],"neow_cost":"NONE","seed_source_timestamp":2139493623735900,"circlet_count":0,"master_deck":["Strike_R","Strike_R+1","Defend_R+1","Bash","Cleave+1","Rampage+1","Battle Trance+1","Limit Break+1","Limit Break+1","Flex+1","Sword Boomerang+1","Burning Pact+1","Master of Strategy+1","Flash of Steel"],"relics":["Burning Blood","Toy Ornithopter","War Paint","Paper Frog","Sozu","Brimstone","Smiling Mask","Happy Flower","Art of War","Whetstone","Vajra","Cursed Key","WingedGreaves","Bag of Marbles"],"potions_floor_usage":[7,13,14,16],"damage_taken":[{"damage":11,"enemies":"Jaw Worm","floor":1,"turns":3},{"damage":6,"enemies":"2 Louse","floor":2,"turns":2},{"damage":6,"enemies":"Cultist","floor":3,"turns":3},{"damage":26,"enemies":"Exordium Thugs","floor":5,"turns":3},{"damage":31,"enemies":"Lagavulin","floor":7,"turns":6},{"damage":8,"enemies":"Lots of Slimes","floor":11,"turns":2},{"damage":7,"enemies":"Blue Slaver","floor":12,"turns":3},{"damage":19,"enemies":"Exordium Thugs","floor":13,"turns":4},{"damage":11,"enemies":"3 Sentries","floor":14,"turns":5},{"damage":24,"enemies":"Hexaghost","floor":16,"turns":7},{"damage":10,"enemies":"3 Byrds","floor":18,"turns":3},{"damage":14,"enemies":"Shell Parasite","floor":21,"turns":3},{"damage":14,"enemies":"Chosen and Byrds","floor":22,"turns":3},{"damage":30,"enemies":"Slavers","floor":24,"turns":3},{"damage":24,"enemies":"Snake Plant","floor":27,"turns":2},{"damage":4,"enemies":"Cultist and Chosen","floor":30,"turns":3},{"damage":14,"enemies":"Book of Stabbing","floor":31,"turns":2},{"damage":30,"enemies":"Automaton","floor":33,"turns":5},{"damage":10,"enemies":"3 Shapes","floor":35,"turns":2},{"damage":0,"enemies":"Mind Bloom Boss Battle","floor":37,"turns":2},{"damage":0,"enemies":"3 Darklings","floor":38,"turns":2},{"damage":0,"enemies":"Writhing Mass","floor":41,"turns":1},{"damage":0,"enemies":"4 Shapes","floor":44,"turns":1},{"damage":6,"enemies":"Sphere and 2 Shapes","floor":48,"turns":2},{"damage":22,"enemies":"Donu and Deca","floor":50,"turns":3}],"seed_played":"-6284564950548861504","potions_obtained":[{"floor":1,"key":"DuplicationPotion"},{"floor":3,"key":"BloodPotion"},{"floor":7,"key":"SkillPotion"},{"floor":13,"key":"ColorlessPotion"}],"is_trial":false,"path_per_floor":["M","M","M","$","M","R","E","?","T","?","M","M","M","E","R","B",null,"M","$","?","M","M","R","E","T","T","M","$","R","M","E","R","B",null,"M","$","?","M","?","R","M","$","T","M","R","?","$","M","R","B",null],"character_chosen":"IRONCLAD","items_purchased":["Rampage","Brimstone","Flex","Bag of Marbles"],"campfire_rested":1,"item_purchase_floors":[4,19,19,42],"current_hp_per_floor":[75,75,75,75,55,55,30,30,30,19,17,16,24,24,24,11,80,76,76,76,68,60,60,36,36,36,18,18,42,44,36,36,12,80,76,76,80,80,70,70,76,76,76,80,80,80,80,80,80,64],"gold":59,"neow_bonus":"HUNDRED_GOLD","is_prod":false,"is_daily":false,"chose_seed":false,"campfire_upgraded":7,"win_rate":0,"timestamp":1607491523,"path_taken":["M","M","M","$","M","R","E","?","T","?","?","M","M","E","R","BOSS","M","$","?","M","?","R","E","?","T","M","$","R","M","E","R","BOSS","M","?","?","M","?","R","M","$","T","?","R","?","$","M","R","BOSS"],"build_version":"2020-11-30","purchased_purges":5,"victory":true,"max_hp_per_floor":[80,80,80,80,80,80,80,80,80,80,80,80,80,80,80,80,80,80,80,80,80,80,80,80,80,80,80,80,80,80,80,80,80,80,80,80,80,80,80,80,80,80,80,80,80,80,80,80,80,80],"relic_stats":{"Sozu":6,"Happy Flower":[8],"counters":[25,75],"Art of War":[0],"Whetstone":["Strike_R","Cleave"],"War Paint":["Defend_R","Defend_R"],"Smiling Mask":300,"Cursed Key":0,"obtain_stats":[{"Happy Flower":24,"Vajra":31,"Whetstone":26,"War Paint":9,"Smiling Mask":20,"Cursed Key":34,"Burning Blood":0,"Sozu":17,"Brimstone":19,"WingedGreaves":37,"Art of War":25,"Bag of Marbles":42,"Toy Ornithopter":7,"Paper Frog":14},{"Happy Flower":14,"Vajra":17,"Whetstone":14,"War Paint":5,"Smiling Mask":11,"Cursed Key":18,"Burning Blood":0,"Sozu":10,"Brimstone":11,"WingedGreaves":20,"Art of War":14,"Bag of Marbles":22,"Toy Ornithopter":5,"Paper Frog":9},{"Happy Flower":50,"Vajra":57,"Whetstone":50,"War Paint":17,"Smiling Mask":41,"Cursed Key":62,"Burning Blood":0,"Sozu":38,"Brimstone":41,"WingedGreaves":66,"Art of War":50,"Bag of Marbles":69,"Toy Ornithopter":17,"Paper Frog":31}],"Burning Blood":140,"Toy Ornithopter":15},"card_choices":[{"not_picked":["Seeing Red","Iron Wave","Warcry"],"picked":"SKIP","floor":1},{"not_picked":["Shrug It Off","Anger"],"picked":"Cleave","floor":2},{"not_picked":["Evolve","Headbutt","Seeing Red"],"picked":"SKIP","floor":3},{"not_picked":["Body Slam","Dropkick","Warcry"],"picked":"SKIP","floor":5},{"not_picked":["Armaments","Warcry","Anger"],"picked":"SKIP","floor":7},{"not_picked":["Sever Soul","Inflame"],"picked":"Battle Trance","floor":11},{"not_picked":["Pummel","Body Slam","Thunderclap"],"picked":"SKIP","floor":12},{"not_picked":["Thunderclap","Rage","Wild Strike"],"picked":"SKIP","floor":13},{"not_picked":["Sword Boomerang","Dark Embrace"],"picked":"Limit Break","floor":14},{"not_picked":["Berserk","Reaper"],"picked":"Limit Break","floor":16},{"not_picked":["Second Wind","Iron Wave","Infernal Blade"],"picked":"SKIP","floor":18},{"not_picked":["True Grit","Rage","Wild Strike"],"picked":"SKIP","floor":21},{"not_picked":["Rage","Flame Barrier","Sever Soul"],"picked":"SKIP","floor":22},{"not_picked":["Power Through+1","Wild Strike+1","Blood for Blood"],"picked":"SKIP","floor":24},{"not_picked":["Dropkick","Seeing Red+1","Searing Blow"],"picked":"SKIP","floor":27},{"not_picked":["Armaments","Seeing Red+1","Headbutt"],"picked":"SKIP","floor":30},{"not_picked":["Reckless Charge","Flex","Evolve+1"],"picked":"SKIP","floor":31},{"not_picked":["Infernal Blade+1","Uppercut+1"],"picked":"Sword Boomerang+1","floor":35},{"not_picked":["Thunderclap+1","Flame Barrier"],"picked":"Burning Pact","floor":37},{"not_picked":["Havoc","Uppercut","Anger+1"],"picked":"SKIP","floor":38},{"not_picked":["Sadistic Nature","Purity"],"picked":"Master of Strategy","floor":39},{"not_picked":["Mind Blast","Apotheosis"],"picked":"Flash of Steel","floor":39},{"not_picked":["Combust+1","Clash","Heavy Blade+1"],"picked":"SKIP","floor":41},{"not_picked":["Havoc+1","Power Through","Spot Weakness"],"picked":"SKIP","floor":44},{"not_picked":["Pommel Strike+1","Uppercut+1","Hemokinesis"],"picked":"SKIP","floor":48}],"player_experience":290137,"relics_obtained":[{"floor":7,"key":"Toy Ornithopter"},{"floor":9,"key":"War Paint"},{"floor":14,"key":"Paper Frog"},{"floor":24,"key":"Happy Flower"},{"floor":25,"key":"Art of War"},{"floor":26,"key":"Whetstone"},{"floor":31,"key":"Vajra"},{"floor":37,"key":"WingedGreaves"}],"event_choices":[{"cards_removed":["Defend_R"],"damage_healed":0,"gold_gain":0,"player_choice":"Card Removal","damage_taken":0,"max_hp_gain":0,"max_hp_loss":0,"event_name":"The Cleric","floor":8,"gold_loss":50},{"damage_healed":0,"gold_gain":75,"player_choice":"Gather Gold","damage_taken":11,"max_hp_gain":0,"max_hp_loss":0,"event_name":"World of Goop","floor":10,"gold_loss":0},{"damage_healed":0,"gold_gain":0,"player_choice":"Paid Gold","damage_taken":0,"relics_obtained":["Smiling Mask"],"max_hp_gain":0,"max_hp_loss":0,"event_name":"WeMeetAgain","floor":20,"gold_loss":85},{"damage_healed":0,"gold_gain":0,"player_choice":"Fight","damage_taken":0,"max_hp_gain":0,"max_hp_loss":0,"event_name":"MindBloom","floor":37,"gold_loss":0},{"damage_healed":0,"gold_gain":0,"player_choice":"Memory 3","damage_taken":10,"max_hp_gain":0,"max_hp_loss":0,"event_name":"SensoryStone","floor":39,"gold_loss":0},{"damage_healed":0,"gold_gain":0,"player_choice":"Ignored","damage_taken":0,"max_hp_gain":0,"max_hp_loss":0,"event_name":"Mysterious Sphere","floor":46,"gold_loss":0}],"is_beta":false,"boss_relics":[{"not_picked":["Tiny House","Busted Crown"],"picked":"Sozu"},{"not_picked":["Runic Cube","SacredBark"],"picked":"Cursed Key"}],"items_purged_floors":[4,19,28,36,42],"is_endless":false,"potions_floor_spawned":[1,3,7,13,27,31,33,37,38,41],"ascension_level":0}}