{"host":"aqym1xxr3lb31d9m","time":1607530650,"event":{"gold_per_floor":[117,21,21,40,59,59,79,105,132,151,151,151,178,189,189,260,260,274,199,199,199,213,240,240,240,240],"floor_reached":25,"playtime":1061,"items_purged":[],"score":512,"play_id":"2d0ee68a-bafe-4c32-8ad4-1487349e2f58","local_time":"20201210011730","is_ascension_mode":true,"campfire_choices":[{"data":"Devotion","floor":6,"key":"SMITH"},{"data":"Wireheading","floor":15,"key":"SMITH"},{"data":"Eruption","floor":24,"key":"SMITH"}],"neow_cost":"NONE","seed_source_timestamp":3126088407887,"circlet_count":0,"master_deck":["AscendersBane","Eruption+1","Vigilance","Devotion+1","FlurryOfBlows","Wireheading+1","FlurryOfBlows","DeceiveReality","Prostrate","WindmillStrike+1","BowlingBash","FearNoEvil","EmptyFist","Evaluate","Wish","CutThroughFate","Halt","EmptyMind","InnerPeace","SignatureMove","MentalFortress","CutThroughFate","ClearTheMind","Ghostly","Ghostly","Ghostly","Prostrate","LikeWater"],"relics":["PureWater","Centennial Puzzle","Bronze Scales","Art of War","Pandora\u0027s Box","Sundial"],"potions_floor_usage":[16,25,25],"damage_taken":[{"damage":0,"enemies":"Jaw Worm","floor":1,"turns":2},{"damage":1,"enemies":"Small Slimes","floor":4,"turns":5},{"damage":0,"enemies":"Cultist","floor":5,"turns":5},{"damage":2,"enemies":"Large Slime","floor":7,"turns":4},{"damage":0,"enemies":"Lagavulin","floor":8,"turns":5},{"damage":0,"enemies":"2 Fungi Beasts","floor":10,"turns":3},{"damage":13,"enemies":"3 Sentries","floor":13,"turns":4},{"damage":8,"enemies":"Exordium Wildlife","floor":14,"turns":2},{"damage":17,"enemies":"Hexaghost","floor":16,"turns":6},{"damage":23,"enemies":"Shell Parasite","floor":18,"turns":4},{"damage":11,"enemies":"3 Byrds","floor":22,"turns":4},{"damage":2,"enemies":"Book of Stabbing","floor":23,"turns":4},{"damage":5,"enemies":"Gremlin Leader","floor":25,"turns":1}],"seed_played":"2806049423174380836","potions_obtained":[{"floor":7,"key":"CultistPotion"},{"floor":8,"key":"FearPotion"},{"floor":13,"key":"PowerPotion"},{"floor":23,"key":"GamblersBrew"}],"is_trial":false,"path_per_floor":["M","$","?","M","M","R","M","E","T","M","?","?","E","M","R","B",null,"M","?","?","?","M","E","R","E"],"character_chosen":"WATCHER","items_purchased":["Wireheading","FlurryOfBlows"],"campfire_rested":0,"item_purchase_floors":[2,2],"current_hp_per_floor":[61,61,61,60,60,60,58,58,58,58,63,63,50,42,42,25,61,38,38,17,17,6,4,4,0,0],"gold":240,"neow_bonus":"ONE_RANDOM_RARE_CARD","is_prod":false,"is_daily":false,"chose_seed":false,"campfire_upgraded":3,"win_rate":0,"timestamp":1607530650,"path_taken":["M","$","?","M","M","R","M","E","T","M","?","?","E","M","R","BOSS","M","?","?","?","M","E","R","E"],"build_version":"2020-11-30","purchased_purges":0,"victory":false,"max_hp_per_floor":[68,68,68,68,68,68,68,68,68,68,73,73,73,73,73,73,73,73,73,78,39,39,39,39,39,39],"card_choices":[{"not_picked":["Fasting2","Pray"],"picked":"FlurryOfBlows","floor":1},{"not_picked":["FlurryOfBlows","ForeignInfluence"],"picked":"DeceiveReality","floor":4},{"not_picked":["FlurryOfBlows","Protect"],"picked":"Prostrate","floor":5},{"not_picked":["JustLucky","WaveOfTheHand"],"picked":"WindmillStrike","floor":7},{"not_picked":["Evaluate","Weave"],"picked":"BowlingBash","floor":8},{"not_picked":["CutThroughFate","Wireheading"],"picked":"FearNoEvil","floor":10},{"not_picked":["FlurryOfBlows","EmptyBody"],"picked":"EmptyFist","floor":13},{"not_picked":["Fasting2","CutThroughFate"],"picked":"Evaluate","floor":14},{"not_picked":["ConjureBlade","DeusExMachina"],"picked":"Wish","floor":16},{"not_picked":["Evaluate","ThirdEye"],"picked":"ClearTheMind","floor":18},{"not_picked":["CrushJoints","SashWhip"],"picked":"Prostrate","floor":22},{"not_picked":["ForeignInfluence","Establishment"],"picked":"LikeWater","floor":23}],"player_experience":3882383,"relics_obtained":[{"floor":8,"key":"Centennial Puzzle"},{"floor":9,"key":"Bronze Scales"},{"floor":13,"key":"Art of War"},{"floor":23,"key":"Sundial"}],"event_choices":[{"damage_healed":0,"gold_gain":0,"cards_transformed":["Strike_P"],"player_choice":"Change","damage_taken":0,"max_hp_gain":0,"max_hp_loss":0,"event_name":"Living Wall","floor":3,"gold_loss":0,"cards_obtained":["PathToVictory"]},{"damage_healed":0,"gold_gain":0,"player_choice":"Donut","damage_taken":0,"max_hp_gain":5,"max_hp_loss":0,"event_name":"Big Fish","floor":11,"gold_loss":0},{"damage_healed":0,"gold_gain":0,"player_choice":"Upgraded","damage_taken":0,"max_hp_gain":0,"max_hp_loss":0,"event_name":"Upgrade Shrine","floor":12,"gold_loss":0,"cards_upgraded":["WindmillStrike"]},{"cards_removed":["PathToVictory"],"damage_healed":0,"gold_gain":0,"player_choice":"Gave Gold","damage_taken":0,"max_hp_gain":0,"max_hp_loss":0,"event_name":"Beggar","floor":19,"gold_loss":75},{"damage_healed":0,"gold_gain":0,"player_choice":"Shed Blood","damage_taken":26,"max_hp_gain":5,"max_hp_loss":0,"event_name":"Forgotten Altar","floor":20,"gold_loss":0},{"damage_healed":0,"gold_gain":0,"player_choice":"Became a Ghost","damage_taken":0,"max_hp_gain":0,"max_hp_loss":39,"event_name":"Ghosts","floor":21,"gold_loss":0,"cards_obtained":["Ghostly","Ghostly","Ghostly"]}],"is_beta":false,"boss_relics":[{"not_picked":["Velvet Choker","Empty Cage"],"picked":"Pandora\u0027s Box"}],"items_purged_floors":[],"is_endless":false,"potions_floor_spawned":[7,8,13,14,23],"killed_by":"Gremlin Leader","ascension_level":20}}