{"host":"2zt55z1m1j8q763w","time":1607535241,"event":{"gold_per_floor":[117,132,146,164,164,164,189,64,64,80,97,97,115,125,125,226,226,240,46,46,77,77,77,77,2,2,13,13,88,99,119,119,218,218,233,233,243,259,259,259,285,285,311,327,31,50,78,90,90,90],"floor_reached":51,"playtime":4455,"items_purged":["Strike_G","Doppelganger"],"score":736,"play_id":"b69913c0-1112-4039-b286-14a0ce4bf43a","local_time":"20201209183401","is_ascension_mode":false,"campfire_choices":[{"data":"Bane","floor":6,"key":"SMITH"},{"data":"Bullet Time","floor":12,"key":"SMITH"},{"floor":15,"key":"REST"},{"floor":23,"key":"REST"},{"data":"Sucker Punch","floor":28,"key":"SMITH"},{"floor":32,"key":"REST"},{"data":"Bullet Time","floor":40,"key":"SMITH"},{"data":"Cloak And Dagger","floor":42,"key":"SMITH"},{"floor":49,"key":"REST"}],"neow_cost":"NONE","seed_source_timestamp":1235460461800,"circlet_count":0,"master_deck":["Strike_G","Strike_G","Strike_G","Defend_G","Defend_G","Defend_G","Defend_G","Survivor","Neutralize","Dagger Throw","Bane+1","Noxious Fumes","Deadly Poison","Backflip","Flying Knee","Cloak And Dagger+1","Bullet Time+1","Dodge and Roll","Deadly Poison+1","Sucker Punch+1","Acrobatics+1","Distraction+1","Cloak And Dagger+1","Bullet Time+1","CurseOfTheBell","Sucker Punch+1","Footwork+1","Footwork+1","Catalyst+1","Bullet Time+1","Blade Dance","Envenom+1","Mayhem+1","Footwork+1","Phantasmal Killer","Blur+1","Dagger Spray+1"],"relics":["Ring of the Snake","Oddly Smooth Stone","Regal Pillow","Tiny Chest","Empty Cage","TwistedFunnel","Frozen Egg 2","Red Mask","MutagenicStrength","HornCleat","Pear","Calling Bell","Lantern","Shuriken","Prayer Wheel","Snake Skull","FossilizedHelix","Ancient Tea Set","Bag of Marbles"],"potions_floor_usage":[7,16,21,30,33,33,41,46,48],"damage_taken":[{"damage":0,"enemies":"2 Louse","floor":1,"turns":4},{"damage":0,"enemies":"Cultist","floor":2,"turns":3},{"damage":0,"enemies":"Small Slimes","floor":3,"turns":3},{"damage":0,"enemies":"2 Fungi Beasts","floor":4,"turns":4},{"damage":21,"enemies":"3 Sentries","floor":7,"turns":6},{"damage":5,"enemies":"3 Louse","floor":10,"turns":4},{"damage":0,"enemies":"Blue Slaver","floor":11,"turns":4},{"damage":1,"enemies":"Looter","floor":13,"turns":3},{"damage":0,"enemies":"Red Slaver","floor":14,"turns":4},{"damage":12,"enemies":"Hexaghost","floor":16,"turns":10},{"damage":17,"enemies":"Spheric Guardian","floor":18,"turns":6},{"damage":34,"enemies":"Masked Bandits","floor":21,"turns":4},{"damage":5,"enemies":"3 Byrds","floor":27,"turns":4},{"damage":4,"enemies":"3 Cultists","floor":30,"turns":6},{"damage":7,"enemies":"Shelled Parasite and Fungi","floor":31,"turns":6},{"damage":73,"enemies":"Automaton","floor":33,"turns":13},{"damage":0,"enemies":"Orb Walker","floor":35,"turns":3},{"damage":1,"enemies":"3 Shapes","floor":37,"turns":3},{"damage":13,"enemies":"Sphere and 2 Shapes","floor":38,"turns":5},{"damage":8,"enemies":"Reptomancer","floor":41,"turns":7},{"damage":0,"enemies":"3 Darklings","floor":44,"turns":3},{"damage":0,"enemies":"Transient","floor":46,"turns":5},{"damage":0,"enemies":"Nemesis","floor":47,"turns":5},{"damage":0,"enemies":"Jaw Worm Horde","floor":48,"turns":3},{"damage":11,"enemies":"Time Eater","floor":50,"turns":10}],"seed_played":"-7106484918004032772","potions_obtained":[{"floor":2,"key":"FearPotion"},{"floor":3,"key":"Explosive Potion"},{"floor":10,"key":"EssenceOfSteel"},{"floor":11,"key":"FearPotion"},{"floor":13,"key":"DistilledChaos"},{"floor":18,"key":"SkillPotion"},{"floor":30,"key":"Dexterity Potion"},{"floor":33,"key":"Weak Potion"},{"floor":41,"key":"DuplicationPotion"},{"floor":47,"key":"Swift Potion"},{"floor":48,"key":"BlessingOfTheForge"}],"is_trial":false,"path_per_floor":["M","M","M","M","?","R","E","$","T","M","M","R","M","M","R","B",null,"M","$","?","?","?","R","T","?","T","M","R","?","M","M","R","B",null,"M","T","M","M","?","R","E","R","T","M","$","M","E","M","R","B",null],"character_chosen":"THE_SILENT","items_purchased":["Flying Knee","TwistedFunnel","Sucker Punch","Mayhem+1"],"campfire_rested":4,"item_purchase_floors":[8,19,19,45],"current_hp_per_floor":[70,70,70,70,70,70,49,49,49,44,44,44,43,43,70,58,70,53,53,53,19,19,55,55,55,65,60,60,52,48,41,80,7,80,80,80,79,66,66,66,58,58,58,58,58,58,58,58,80,69],"gold":90,"neow_bonus":"RANDOM_COMMON_RELIC","is_prod":false,"is_daily":false,"chose_seed":false,"campfire_upgraded":5,"win_rate":0,"timestamp":1607535241,"path_taken":["M","M","M","M","?","R","E","?","T","M","M","R","M","M","R","BOSS","M","$","?","?","?","R","?","?","T","?","R","?","M","M","R","BOSS","M","?","M","?","?","R","E","R","T","M","$","M","E","M","R","BOSS"],"build_version":"2020-11-30","purchased_purges":2,"victory":true,"max_hp_per_floor":[70,70,70,70,70,70,70,70,70,70,70,70,70,70,70,70,70,70,70,70,70,70,70,70,70,80,80,80,80,80,80,80,80,80,80,80,80,80,80,80,80,80,80,80,80,80,80,80,80,80],"relic_stats":{"Regal Pillow":36,"counters":[25,128],"Shuriken":[19],"Tiny Chest":2,"Prayer Wheel":6,"Snake Skull":[109],"obtain_stats":[{"TwistedFunnel":19,"Regal Pillow":7,"Lantern":34,"Pear":26,"Oddly Smooth Stone":0,"Snake Skull":36,"Frozen Egg 2":20,"Empty Cage":17,"Ancient Tea Set":43,"Calling Bell":34,"HornCleat":24,"Shuriken":34,"MutagenicStrength":22,"Tiny Chest":9,"Prayer Wheel":34,"Red Mask":21,"Bag of Marbles":47,"FossilizedHelix":41,"Ring of the Snake":0},{"TwistedFunnel":11,"Regal Pillow":5,"Lantern":16,"Pear":12,"Oddly Smooth Stone":0,"Snake Skull":17,"Frozen Egg 2":11,"Empty Cage":10,"Ancient Tea Set":20,"Calling Bell":16,"HornCleat":12,"Shuriken":16,"MutagenicStrength":12,"Tiny Chest":5,"Prayer Wheel":16,"Red Mask":12,"Bag of Marbles":23,"FossilizedHelix":20,"Ring of the Snake":0},{"TwistedFunnel":51,"Regal Pillow":20,"Lantern":84,"Pear":55,"Oddly Smooth Stone":0,"Snake Skull":87,"Frozen Egg 2":51,"Empty Cage":45,"Ancient Tea Set":102,"Calling Bell":84,"HornCleat":55,"Shuriken":84,"MutagenicStrength":55,"Tiny Chest":20,"Prayer Wheel":84,"Red Mask":55,"Bag of Marbles":115,"FossilizedHelix":102,"Ring of the Snake":0}],"Ring of the Snake":[50]},"card_choices":[{"not_picked":["Escape Plan","PiercingWail"],"picked":"Dagger Throw","floor":1},{"not_picked":["Prepared","Acrobatics"],"picked":"Bane","floor":2},{"not_picked":["Dodge and Roll","Heel Hook"],"picked":"Noxious Fumes","floor":3},{"not_picked":["Dagger Throw","Cloak And Dagger"],"picked":"Deadly Poison","floor":4},{"not_picked":["Crippling Poison","Distraction"],"picked":"Backflip","floor":7},{"not_picked":["Slice","Bouncing Flask"],"picked":"Cloak And Dagger","floor":10},{"not_picked":["Dagger Throw","Riddle With Holes"],"picked":"Bullet Time","floor":11},{"not_picked":["Skewer","Underhanded Strike"],"picked":"Dodge and Roll","floor":13},{"not_picked":["Bouncing Flask","Underhanded Strike","Well Laid Plans"],"picked":"SKIP","floor":14},{"not_picked":["Storm of Steel","Malaise"],"picked":"Doppelganger","floor":16},{"not_picked":["Endless Agony","Deflect"],"picked":"Deadly Poison+1","floor":18},{"not_picked":["Underhanded Strike","Flechettes"],"picked":"Acrobatics+1","floor":21},{"not_picked":["Deflect","Flechettes","Outmaneuver"],"picked":"SKIP","floor":27},{"not_picked":["Well Laid Plans+1","Glass Knife"],"picked":"Distraction+1","floor":30},{"not_picked":["Dagger Throw+1","Endless Agony"],"picked":"Cloak And Dagger+1","floor":31},{"not_picked":["Venomology","Wraith Form v2+1"],"picked":"Bullet Time","floor":33},{"not_picked":["Heel Hook","Infinite Blades+1"],"picked":"Sucker Punch+1","floor":35},{"not_picked":["Infinite Blades+1","Flying Knee"],"picked":"Footwork+1","floor":35},{"not_picked":["Quick Slash","Poisoned Stab"],"picked":"Footwork+1","floor":37},{"not_picked":["Backflip+1","All Out Attack"],"picked":"Catalyst+1","floor":37},{"not_picked":["Sucker Punch+1","Dodge and Roll","Terror"],"picked":"SKIP","floor":38},{"not_picked":["Riddle With Holes","Acrobatics+1","Distraction"],"picked":"SKIP","floor":38},{"not_picked":["Heel Hook","Choke+1"],"picked":"Blade Dance","floor":41},{"not_picked":["Reflex+1","Slice+1"],"picked":"Envenom+1","floor":44},{"not_picked":["Sucker Punch","Slice","Eviscerate"],"picked":"SKIP","floor":44},{"not_picked":["Underhanded Strike+1","Dagger Throw"],"picked":"Footwork+1","floor":46},{"not_picked":["Deflect+1","Cloak And Dagger","PiercingWail"],"picked":"SKIP","floor":46},{"not_picked":["Cloak And Dagger","Deflect+1"],"picked":"Phantasmal Killer","floor":47},{"not_picked":["Prepared","Bouncing Flask"],"picked":"Blur+1","floor":48},{"not_picked":["Outmaneuver+1","Underhanded Strike"],"picked":"Dagger Spray+1","floor":48}],"player_experience":41302,"relics_obtained":[{"floor":7,"key":"Regal Pillow"},{"floor":9,"key":"Tiny Chest"},{"floor":21,"key":"Red Mask"},{"floor":24,"key":"HornCleat"},{"floor":26,"key":"Pear"},{"floor":34,"key":"Lantern"},{"floor":34,"key":"Shuriken"},{"floor":34,"key":"Prayer Wheel"},{"floor":36,"key":"Snake Skull"},{"floor":41,"key":"FossilizedHelix"},{"floor":43,"key":"Ancient Tea Set"},{"floor":47,"key":"Bag of Marbles"}],"event_choices":[{"damage_healed":0,"gold_gain":0,"player_choice":"Full Heal","damage_taken":0,"max_hp_gain":0,"max_hp_loss":0,"event_name":"Wheel of Change","floor":5,"gold_loss":0},{"damage_healed":0,"gold_gain":0,"player_choice":"Stole Relic","damage_taken":0,"relics_obtained":["Frozen Egg 2"],"max_hp_gain":0,"max_hp_loss":0,"event_name":"Addict","floor":20,"gold_loss":0,"cards_obtained":["Shame"]},{"damage_healed":0,"gold_gain":0,"player_choice":"Fought Bandits","damage_taken":0,"max_hp_gain":0,"max_hp_loss":0,"event_name":"Masked Bandits","floor":21,"gold_loss":0},{"damage_healed":0,"gold_gain":0,"player_choice":"Inject Mutagens","damage_taken":0,"relics_obtained":["MutagenicStrength"],"max_hp_gain":0,"max_hp_loss":0,"event_name":"Drug Dealer","floor":22,"gold_loss":0},{"cards_removed":["Shame"],"damage_healed":0,"gold_gain":0,"player_choice":"Gave Gold","damage_taken":0,"max_hp_gain":0,"max_hp_loss":0,"event_name":"Beggar","floor":25,"gold_loss":75},{"damage_healed":0,"gold_gain":75,"player_choice":"Touch","damage_taken":8,"max_hp_gain":0,"max_hp_loss":0,"event_name":"FaceTrader","floor":29,"gold_loss":0},{"damage_healed":0,"gold_gain":0,"player_choice":"Copied","damage_taken":0,"max_hp_gain":0,"max_hp_loss":0,"event_name":"Duplicator","floor":39,"gold_loss":0,"cards_obtained":["Bullet Time"]}],"is_beta":false,"boss_relics":[{"not_picked":["Busted Crown","SacredBark"],"picked":"Empty Cage"},{"not_picked":["WristBlade","Philosopher\u0027s Stone"],"picked":"Calling Bell"}],"items_purged_floors":[8,45],"is_endless":false,"potions_floor_spawned":[2,3,10,11,13,18,30,33,41,47,48],"ascension_level":0}}