{"host":"5gc11emcm5chfr5t","time":1607546946,"event":{"gold_per_floor":[119,119,132,307,27,61,71,71,71,126,161,175,189,209,209,209,209],"floor_reached":16,"playtime":363,"items_purged":["Doubt"],"score":178,"play_id":"9ef86ab4-2fdd-44f1-a6ca-cb154c7a5699","local_time":"20201209154906","is_ascension_mode":true,"campfire_choices":[{"data":"Skewer","floor":8,"key":"SMITH"},{"floor":15,"key":"REST"}],"neow_cost":"NONE","seed_source_timestamp":238095184840900,"circlet_count":0,"master_deck":["Strike_G","Strike_G","Strike_G","Strike_G","Strike_G","Defend_G","Defend_G","Defend_G","Defend_G","Defend_G","Survivor","Neutralize","Finisher","Backstab","Panache","Flying Knee","Skewer+1","Endless Agony","Dodge and Roll+1","Escape Plan+1","Backstab"],"relics":["Ring of the Snake","NeowsBlessing","MealTicket","Toxic Egg 2","TungstenRod","Bag of Preparation"],"potions_floor_usage":[6,7,10,12],"damage_taken":[{"damage":0,"enemies":"Small Slimes","floor":1,"turns":1},{"damage":0,"enemies":"2 Louse","floor":3,"turns":1},{"damage":0,"enemies":"3 Sentries","floor":6,"turns":1},{"damage":1,"enemies":"Jaw Worm","floor":7,"turns":3},{"damage":18,"enemies":"Lagavulin Event","floor":10,"turns":4},{"damage":24,"enemies":"Gremlin Nob","floor":11,"turns":4},{"damage":0,"enemies":"Exordium Wildlife","floor":12,"turns":1},{"damage":3,"enemies":"Lots of Slimes","floor":13,"turns":2},{"damage":0,"enemies":"Looter","floor":14,"turns":1},{"damage":39,"enemies":"Hexaghost","floor":16,"turns":11}],"seed_played":"-8313664366770859516","potions_obtained":[{"floor":1,"key":"EssenceOfSteel"},{"floor":6,"key":"Weak Potion"},{"floor":7,"key":"Strength Potion"},{"floor":11,"key":"Fire Potion"}],"is_trial":false,"path_per_floor":["M","?","M","?","$","E","M","R","T","?","E","M","M","M","R","B"],"character_chosen":"THE_SILENT","items_purchased":["Panache","Flying Knee"],"campfire_rested":1,"item_purchase_floors":[5,5],"current_hp_per_floor":[63,63,63,63,63,63,62,62,62,44,20,20,17,17,38,0,0],"gold":209,"neow_bonus":"THREE_ENEMY_KILL","is_prod":false,"is_daily":false,"chose_seed":false,"campfire_upgraded":1,"win_rate":0,"timestamp":1607546946,"path_taken":["M","?","M","?","$","E","M","R","T","?","E","M","?","M","R","BOSS"],"build_version":"2020-11-30","purchased_purges":1,"victory":false,"max_hp_per_floor":[70,70,70,70,70,70,70,70,70,70,70,70,70,70,70,70,70],"card_choices":[{"not_picked":["Backflip","Acrobatics"],"picked":"Finisher","floor":1},{"not_picked":["Blur","Blade Dance"],"picked":"Backstab","floor":3},{"not_picked":["Blur","Quick Slash"],"picked":"Skewer","floor":6},{"not_picked":["Dodge and Roll","Underhanded Strike","All Out Attack"],"picked":"SKIP","floor":7},{"not_picked":["Dagger Throw","Leg Sweep+1"],"picked":"Endless Agony","floor":10},{"not_picked":["Quick Slash","Dagger Throw"],"picked":"Dodge and Roll+1","floor":11},{"not_picked":["Skewer","Deadly Poison+1","Poisoned Stab"],"picked":"SKIP","floor":12},{"not_picked":["Finisher","Flechettes"],"picked":"Escape Plan+1","floor":13},{"not_picked":["Flying Knee","Dodge and Roll+1"],"picked":"Backstab","floor":14}],"player_experience":303008,"relics_obtained":[{"floor":6,"key":"MealTicket"},{"floor":9,"key":"Toxic Egg 2"},{"floor":11,"key":"Bag of Preparation"}],"event_choices":[{"damage_healed":0,"gold_gain":0,"player_choice":"Ignored","damage_taken":0,"max_hp_gain":0,"max_hp_loss":0,"event_name":"Golden Wing","floor":2,"gold_loss":0},{"damage_healed":0,"gold_gain":175,"player_choice":"AGREE","damage_taken":0,"max_hp_gain":0,"max_hp_loss":0,"event_name":"Liars Game","floor":4,"gold_loss":0,"cards_obtained":["Doubt"]},{"damage_healed":0,"gold_gain":0,"player_choice":"Searched \u00273\u0027 times","damage_taken":0,"relics_obtained":["TungstenRod"],"max_hp_gain":0,"max_hp_loss":0,"event_name":"Dead Adventurer","floor":10,"gold_loss":0}],"is_beta":false,"boss_relics":[],"items_purged_floors":[5],"is_endless":false,"potions_floor_spawned":[1,6,7,11],"killed_by":"Hexaghost","ascension_level":6}}