{"host":"mvlqq966zh3ccmv5","time":1607539631,"event":{"gold_per_floor":[109,109,109,55,69,69,102,102,102,119,144,144,171,121,121,225,225,235,86,86,99,116,150,65,100,100,100,200,215,243,89,89,89,89],"floor_reached":33,"playtime":590,"items_purged":[],"score":484,"play_id":"32683e55-8085-4eaa-ba6a-3159c1af9801","local_time":"20201210034711","is_ascension_mode":true,"campfire_choices":[{"data":"Perfected Strike","floor":6,"key":"SMITH"},{"data":"Pommel Strike","floor":8,"key":"SMITH"},{"data":"Bash","floor":12,"key":"SMITH"},{"data":"Wild Strike","floor":15,"key":"SMITH"},{"data":"Perfected Strike","floor":27,"key":"SMITH"},{"data":"Perfected Strike","floor":32,"key":"SMITH"}],"neow_cost":"NONE","seed_source_timestamp":57803971548400,"circlet_count":0,"master_deck":["Strike_R","Strike_R","Strike_R","Strike_R","Strike_R+1","Defend_R","Defend_R","Defend_R","Bash+1","Pommel Strike+1","Perfected Strike+1","Wild Strike+1","Reaper","Perfected Strike+1","Pommel Strike+1","Armaments+1","Perfected Strike+1","Warcry+1"],"relics":["Burning Blood","NeowsBlessing","Omamori","Bronze Scales","Pantograph","Red Skull","Centennial Puzzle","Philosopher\u0027s Stone","Anchor","Meat on the Bone","Toxic Egg 2","Nunchaku","Bottled Lightning","Gambling Chip","InkBottle","Pear","Whetstone"],"potions_floor_usage":[16,18,23,25,28,30],"damage_taken":[{"damage":0,"enemies":"Small Slimes","floor":1,"turns":1},{"damage":0,"enemies":"Jaw Worm","floor":5,"turns":1},{"damage":0,"enemies":"Lagavulin","floor":7,"turns":1},{"damage":6,"enemies":"Cultist","floor":10,"turns":3},{"damage":20,"enemies":"3 Sentries","floor":13,"turns":6},{"damage":50,"enemies":"Hexaghost","floor":16,"turns":5},{"damage":20,"enemies":"3 Byrds","floor":18,"turns":4},{"damage":7,"enemies":"Spheric Guardian","floor":21,"turns":3},{"damage":11,"enemies":"Snecko","floor":22,"turns":2},{"damage":23,"enemies":"Slavers","floor":23,"turns":3},{"damage":33,"enemies":"Gremlin Leader","floor":25,"turns":3},{"damage":16,"enemies":"Colosseum Slavers","floor":28,"turns":3},{"damage":5,"enemies":"Colosseum Nobs","floor":28,"turns":3},{"damage":0,"enemies":"Snake Plant","floor":29,"turns":2},{"damage":9,"enemies":"Book of Stabbing","floor":30,"turns":2},{"damage":109,"enemies":"Champ","floor":33,"turns":7}],"seed_played":"-7614070702956568415","potions_obtained":[{"floor":5,"key":"DuplicationPotion"},{"floor":7,"key":"DuplicationPotion"},{"floor":13,"key":"Strength Potion"},{"floor":22,"key":"DuplicationPotion"},{"floor":25,"key":"PowerPotion"},{"floor":28,"key":"Fire Potion"}],"is_trial":false,"path_per_floor":["M","?","?","$","M","R","E","R","T","M","T","R","E","?","R","B",null,"M","$","?","M","M","E","?","E","T","R","?","M","E","$","R","B"],"character_chosen":"IRONCLAD","items_purchased":["Perfected Strike","Anchor","Whetstone"],"campfire_rested":0,"item_purchase_floors":[4,19,31],"current_hp_per_floor":[78,53,53,53,59,59,65,65,65,65,65,65,51,51,51,32,68,60,60,60,59,54,37,37,22,22,22,55,61,68,68,68,0,0],"gold":89,"neow_bonus":"THREE_ENEMY_KILL","is_prod":false,"is_daily":false,"chose_seed":false,"campfire_upgraded":6,"win_rate":0,"timestamp":1607539631,"path_taken":["M","?","?","$","?","R","E","R","T","M","?","R","E","?","R","BOSS","M","$","?","M","M","E","?","E","T","R","?","M","E","?","R","BOSS"],"build_version":"2020-11-30","purchased_purges":0,"victory":false,"max_hp_per_floor":[80,80,80,80,80,80,80,80,80,80,80,80,80,80,80,80,80,80,80,80,80,80,80,80,80,80,80,80,80,90,90,90,90,90],"card_choices":[{"not_picked":["Metallicize","Warcry"],"picked":"Pommel Strike","floor":1},{"not_picked":["Body Slam","Sword Boomerang","Hemokinesis"],"picked":"SKIP","floor":5},{"not_picked":["Inflame","Armaments","Body Slam"],"picked":"SKIP","floor":7},{"not_picked":["Flex","True Grit"],"picked":"Wild Strike","floor":10},{"not_picked":["Impervious","Iron Wave","Havoc"],"picked":"SKIP","floor":13},{"not_picked":["Impervious","Barricade"],"picked":"Reaper","floor":16},{"not_picked":["Spot Weakness","Reckless Charge"],"picked":"Perfected Strike","floor":18},{"not_picked":["Dropkick","Infernal Blade","Anger+1"],"picked":"SKIP","floor":21},{"not_picked":["Clothesline","Havoc","Shrug It Off"],"picked":"SKIP","floor":22},{"not_picked":["Uppercut","Fire Breathing"],"picked":"Pommel Strike","floor":23},{"not_picked":["Dropkick+1","Thunderclap"],"picked":"Armaments+1","floor":25},{"not_picked":["Combust","Rupture+1"],"picked":"Perfected Strike","floor":28},{"not_picked":["Clothesline+1","Barricade","Thunderclap"],"picked":"SKIP","floor":29},{"not_picked":["Feel No Pain","Disarm+1"],"picked":"Warcry+1","floor":30}],"player_experience":184755,"relics_obtained":[{"floor":7,"key":"Bronze Scales"},{"floor":9,"key":"Pantograph"},{"floor":11,"key":"Red Skull"},{"floor":13,"key":"Centennial Puzzle"},{"floor":23,"key":"Meat on the Bone"},{"floor":25,"key":"Nunchaku"},{"floor":26,"key":"Bottled Lightning"},{"floor":28,"key":"Gambling Chip"},{"floor":28,"key":"InkBottle"},{"floor":30,"key":"Pear"}],"event_choices":[{"damage_healed":0,"gold_gain":0,"player_choice":"Success","damage_taken":25,"relics_obtained":["Omamori"],"max_hp_gain":0,"max_hp_loss":0,"event_name":"Scrap Ooze","floor":2,"gold_loss":0},{"damage_healed":0,"gold_gain":0,"player_choice":"0 cards matched","damage_taken":0,"max_hp_gain":0,"max_hp_loss":0,"event_name":"Match and Keep!","floor":3,"gold_loss":0,"cards_obtained":[]},{"cards_removed":["Defend_R"],"damage_healed":0,"gold_gain":0,"player_choice":"Card Removal","damage_taken":0,"max_hp_gain":0,"max_hp_loss":0,"event_name":"The Cleric","floor":14,"gold_loss":50},{"damage_healed":0,"gold_gain":0,"player_choice":"Ignored","damage_taken":0,"max_hp_gain":0,"max_hp_loss":0,"event_name":"Vampires","floor":20,"gold_loss":0},{"damage_healed":0,"gold_gain":0,"player_choice":"Obtained Relic","damage_taken":0,"relics_obtained":["Toxic Egg 2"],"max_hp_gain":0,"max_hp_loss":0,"event_name":"Addict","floor":24,"gold_loss":85},{"damage_healed":0,"gold_gain":0,"player_choice":"Fight","damage_taken":0,"max_hp_gain":0,"max_hp_loss":0,"event_name":"Colosseum","floor":28,"gold_loss":0},{"damage_healed":0,"gold_gain":0,"player_choice":"Fought Nobs","damage_taken":0,"max_hp_gain":0,"max_hp_loss":0,"event_name":"Colosseum","floor":28,"gold_loss":0}],"is_beta":false,"boss_relics":[{"not_picked":["Tiny House","Ectoplasm"],"picked":"Philosopher\u0027s Stone"}],"items_purged_floors":[],"is_endless":false,"potions_floor_spawned":[5,7,13,22,25,28],"killed_by":"Champ","ascension_level":9}}