{"host":"d7qmn60fs48wu5y6","time":1607554780,"event":{"gold_per_floor":[119,130,130,143,68,68,94,94,144,174,184,84,159,172,172,275,275,285,285,285,270,270,270,100,100,126,126,158,158,174,200,200,295,295,305,7,57,77,91,91,117,117,117,134,134,134,145,165,165,165,165,165,40,69,69,69],"floor_reached":55,"playtime":2942,"items_purged":["Strike_B","Strike_B","Strike_B"],"score":833,"play_id":"f7c85ce8-a5a9-45ef-bf04-9b62f78e3303","local_time":"20201209145940","is_ascension_mode":true,"campfire_choices":[{"data":"Chill","floor":6,"key":"SMITH"},{"data":"Conserve Battery","floor":8,"key":"SMITH"},{"data":"Defragment","floor":15,"key":"SMITH"},{"data":"Echo Form","floor":23,"key":"SMITH"},{"data":"Go for the Eyes","floor":25,"key":"SMITH"},{"data":"Loop","floor":27,"key":"SMITH"},{"data":"Conserve Battery","floor":29,"key":"SMITH"},{"floor":32,"key":"REST"},{"floor":40,"key":"REST"},{"floor":42,"key":"RECALL"},{"data":"Capacitor","floor":46,"key":"SMITH"},{"data":"Echo Form","floor":49,"key":"SMITH"},{"data":"Chill","floor":52,"key":"SMITH"}],"neow_cost":"NONE","seed_source_timestamp":453154875293000,"circlet_count":0,"master_deck":["Defend_B","Defend_B","Defend_B","Zap+1","Dualcast","Cold Snap","Conserve Battery+1","Chill+1","Barrage","Melter","Defragment+1","Beam Cell","Echo Form+1","Loop+1","Scrape","Defragment+1","Go for the Eyes+1","Conserve Battery+1","Gash","Heatsinks","Lockon+1","Capacitor+1","Chill+1","Gash","Echo Form+1","Blizzard","Tempest+1","Capacitor","Cold Snap+1"],"relics":["Cracked Core","DataDisk","WingedGreaves","Empty Cage","DollysMirror","Regal Pillow","Bag of Marbles","Boot","Nuclear Battery","Bottled Tornado","Calipers","Kunai","Happy Flower","Shuriken"],"potions_floor_usage":[10,37,50,55,55],"damage_taken":[{"damage":0,"enemies":"Cultist","floor":1,"turns":4},{"damage":0,"enemies":"Small Slimes","floor":2,"turns":3},{"damage":1,"enemies":"Jaw Worm","floor":4,"turns":3},{"damage":20,"enemies":"Lagavulin","floor":7,"turns":8},{"damage":0,"enemies":"3 Sentries","floor":10,"turns":6},{"damage":0,"enemies":"2 Fungi Beasts","floor":11,"turns":3},{"damage":5,"enemies":"Large Slime","floor":14,"turns":5},{"damage":0,"enemies":"The Guardian","floor":16,"turns":13},{"damage":2,"enemies":"Spheric Guardian","floor":18,"turns":3},{"damage":14,"enemies":"2 Thieves","floor":21,"turns":4},{"damage":7,"enemies":"Book of Stabbing","floor":28,"turns":6},{"damage":2,"enemies":"Snecko","floor":30,"turns":6},{"damage":28,"enemies":"Gremlin Leader","floor":31,"turns":9},{"damage":19,"enemies":"Automaton","floor":33,"turns":12},{"damage":40,"enemies":"3 Darklings","floor":35,"turns":7},{"damage":13,"enemies":"Mind Bloom Boss Battle","floor":37,"turns":7},{"damage":0,"enemies":"3 Shapes","floor":38,"turns":5},{"damage":8,"enemies":"Writhing Mass","floor":39,"turns":9},{"damage":0,"enemies":"Giant Head","floor":41,"turns":8},{"damage":0,"enemies":"4 Shapes","floor":44,"turns":7},{"damage":2,"enemies":"Sphere and 2 Shapes","floor":47,"turns":6},{"damage":8,"enemies":"Writhing Mass","floor":48,"turns":8},{"damage":51,"enemies":"Time Eater","floor":50,"turns":12},{"damage":23,"enemies":"Shield and Spear","floor":54,"turns":7},{"damage":95,"enemies":"The Heart","floor":55,"turns":12}],"seed_played":"-3212372883490163455","potions_obtained":[{"floor":7,"key":"Explosive Potion"},{"floor":10,"key":"FairyPotion"},{"floor":11,"key":"Block Potion"},{"floor":14,"key":"AttackPotion"},{"floor":30,"key":"Energy Potion"},{"floor":33,"key":"Regen Potion"},{"floor":39,"key":"Weak Potion"},{"floor":54,"key":"Dexterity Potion"}],"is_trial":false,"path_per_floor":["M","M","?","M","$","R","E","R","T","E","M","$","?","M","R","B",null,"M","?","?","M","?","R","$","R","T","R","E","R","M","E","R","B",null,"M","$","?","M","M","R","E","R","T","M","?","R","M","M","R","B",null,"R","$","E","B"],"character_chosen":"DEFECT","items_purchased":["DollysMirror","Go for the Eyes","Capacitor","Bottled Tornado"],"campfire_rested":2,"item_purchase_floors":[24,24,36,36],"current_hp_per_floor":[75,75,80,79,79,79,59,59,59,59,59,59,48,43,43,43,80,78,78,78,64,64,64,64,64,64,64,57,57,55,27,66,47,80,40,40,42,42,34,73,73,73,73,73,73,73,71,63,63,12,77,77,77,54,0,0],"gold":69,"neow_bonus":"UPGRADE_CARD","is_prod":false,"is_daily":false,"chose_seed":false,"campfire_upgraded":10,"win_rate":0,"timestamp":1607554780,"path_taken":["M","M","?","M","$","R","E","R","T","E","M","$","?","M","R","BOSS","M","?","?","M","?","R","$","R","T","R","E","R","M","E","R","BOSS","M","$","?","M","M","R","E","R","T","M","?","R","?","M","R","BOSS","R","$","E","BOSS"],"build_version":"2020-11-30","purchased_purges":3,"victory":false,"max_hp_per_floor":[75,75,80,80,80,80,80,80,80,80,80,80,80,80,80,80,80,80,80,80,80,80,80,80,80,80,80,80,80,80,80,80,80,80,80,80,80,80,80,80,80,80,80,80,77,77,77,77,77,77,77,77,77,77,77,77],"card_choices":[{"not_picked":["Coolheaded","Barrage"],"picked":"Cold Snap","floor":1},{"not_picked":["Coolheaded","Chaos"],"picked":"Conserve Battery","floor":2},{"not_picked":["Melter","Steam Power"],"picked":"Chill","floor":4},{"not_picked":["Hologram","Conserve Battery"],"picked":"Barrage","floor":7},{"not_picked":["Thunder Strike","Turbo"],"picked":"Melter","floor":10},{"not_picked":["Ball Lightning","Coolheaded"],"picked":"Defragment","floor":11},{"not_picked":["Barrage","Steam Power"],"picked":"Beam Cell","floor":14},{"not_picked":["Seek","Biased Cognition"],"picked":"Echo Form","floor":16},{"not_picked":["Coolheaded","Turbo"],"picked":"Loop","floor":18},{"not_picked":["Hello World","Leap"],"picked":"Scrape","floor":21},{"not_picked":["Auto Shields","Stack"],"picked":"Conserve Battery","floor":28},{"not_picked":["Seek","Go for the Eyes+1"],"picked":"Gash","floor":30},{"not_picked":["White Noise","Turbo"],"picked":"Heatsinks","floor":31},{"not_picked":["Hello World+1","Stack+1"],"picked":"Lockon+1","floor":35},{"not_picked":["Go for the Eyes","Fusion+1"],"picked":"Chill","floor":37},{"not_picked":["Turbo+1","Chill+1"],"picked":"Gash","floor":38},{"not_picked":["Cold Snap","Aggregate"],"picked":"Echo Form","floor":39},{"not_picked":["Rip and Tear","Lockon"],"picked":"Blizzard","floor":41},{"not_picked":["Hologram+1","Go for the Eyes"],"picked":"Tempest+1","floor":44},{"not_picked":["Stack","Chill"],"picked":"Capacitor","floor":47},{"not_picked":["Rebound","Redo","Stack"],"picked":"SKIP","floor":48},{"not_picked":["Fusion","Steam+1"],"picked":"Cold Snap+1","floor":54}],"player_experience":821265,"relics_obtained":[{"floor":7,"key":"DataDisk"},{"floor":10,"key":"WingedGreaves"},{"floor":26,"key":"Regal Pillow"},{"floor":28,"key":"Bag of Marbles"},{"floor":31,"key":"Boot"},{"floor":37,"key":"Calipers"},{"floor":41,"key":"Kunai"},{"floor":43,"key":"Happy Flower"},{"floor":54,"key":"Shuriken"}],"event_choices":[{"damage_healed":0,"gold_gain":0,"player_choice":"Donut","damage_taken":0,"max_hp_gain":5,"max_hp_loss":0,"event_name":"Big Fish","floor":3,"gold_loss":0},{"damage_healed":0,"gold_gain":75,"player_choice":"Gather Gold","damage_taken":11,"max_hp_gain":0,"max_hp_loss":0,"event_name":"World of Goop","floor":13,"gold_loss":0},{"damage_healed":0,"gold_gain":0,"player_choice":"Ignored","damage_taken":0,"max_hp_gain":0,"max_hp_loss":0,"event_name":"Vampires","floor":19,"gold_loss":0},{"damage_healed":0,"gold_gain":0,"player_choice":"Ignored","damage_taken":0,"max_hp_gain":0,"max_hp_loss":0,"event_name":"The Mausoleum","floor":20,"gold_loss":0},{"damage_healed":0,"gold_gain":0,"player_choice":"Fight","damage_taken":0,"max_hp_gain":0,"max_hp_loss":0,"event_name":"MindBloom","floor":37,"gold_loss":0},{"cards_removed":["Parasite"],"damage_healed":0,"gold_gain":0,"player_choice":"Removed Curses","damage_taken":0,"max_hp_gain":0,"max_hp_loss":0,"event_name":"Fountain of Cleansing","floor":45,"gold_loss":0}],"is_beta":false,"boss_relics":[{"not_picked":["Velvet Choker","Busted Crown"],"picked":"Empty Cage"},{"not_picked":["Coffee Dripper","Pandora\u0027s Box"],"picked":"Nuclear Battery"}],"items_purged_floors":[5,12,53],"is_endless":false,"potions_floor_spawned":[7,10,11,14,28,30,33,39,44,47,54],"killed_by":"The Heart","ascension_level":1}}