{"host":"y3h3n3f7seyagppx","time":1607531928,"event":{"gold_per_floor":[369,381,395,10,24,52,64,77,123,123,148,162,162,162,162,241,241,259,235,29,29,47,80,100,125,148,180,180,190,190,24,24,100,100,113,113,160,176,10,35,35,69,69,98,114,114,145,159,159,159,159,159,159,22,54,54],"floor_reached":57,"playtime":9263,"items_purged":["Defend_R"],"score":2959,"play_id":"df9edc05-4304-46c4-b3df-edd2c91a3a21","local_time":"20201209113848","is_ascension_mode":true,"campfire_choices":[{"data":"Inflame","floor":10.0,"key":"SMITH"},{"data":"Bash","floor":13.0,"key":"SMITH"},{"data":"Shrug It Off","floor":15.0,"key":"SMITH"},{"data":"Inflame","floor":28.0,"key":"SMITH"},{"data":"Strike_R+1","floor":32.0,"key":"PURGE"},{"data":"Power Through","floor":41.0,"key":"SMITH"},{"data":"Shrug It Off","floor":46.0,"key":"SMITH"},{"data":"Anger","floor":49.0,"key":"PURGE"},{"data":"Feel No Pain","floor":53.0,"key":"SMITH"}],"neow_cost":"PERCENT_DAMAGE","seed_source_timestamp":1203762832357400,"circlet_count":0,"master_deck":["AscendersBane","Strike_R+1","Strike_R+1","Strike_R+1","Defend_R+1","Defend_R+1","Bash+1","Inflame+1","Shrug It Off+1","Reaper","Feel No Pain+1","Evolve","Barricade","Twin Strike","Battle Trance","Inflame+1","Thunderclap+1","Battle Trance","Twin Strike+1","Exhume","Shrug It Off+1","Heavy Blade+1","Power Through+1","Dark Embrace+1","Sentinel+1","Shrug It Off+1","Corruption","Shockwave+1","Flame Barrier","Entrench"],"special_seed":0,"relics":["Burning Blood","Orichalcum","Strawberry","Blood Vial","Velvet Choker","Pen Nib","MutagenicStrength","Singing Bowl","Omamori","Juzu Bracelet","Peace Pipe","Red Skull","SlaversCollar","Torii","OrangePellets","Lantern","Gambling Chip","Darkstone Periapt","Pantograph","Bag of Preparation","Art of War"],"potions_floor_usage":[56,56],"damage_taken":[{"damage":14.0,"enemies":"Cultist","floor":1.0,"turns":6.0},{"damage":4.0,"enemies":"Jaw Worm","floor":2.0,"turns":4.0},{"damage":8.0,"enemies":"2 Louse","floor":3.0,"turns":4.0},{"damage":3.0,"enemies":"2 Fungi Beasts","floor":5.0,"turns":4.0},{"damage":18.0,"enemies":"Lagavulin","floor":6.0,"turns":6.0},{"damage":13.0,"enemies":"Exordium Wildlife","floor":7.0,"turns":5.0},{"damage":5.0,"enemies":"Looter","floor":8.0,"turns":3.0},{"damage":16.0,"enemies":"3 Sentries","floor":11.0,"turns":6.0},{"damage":11.0,"enemies":"3 Louse","floor":12.0,"turns":4.0},{"damage":51.0,"enemies":"Hexaghost","floor":16.0,"turns":9.0},{"damage":26.0,"enemies":"Shell Parasite","floor":18.0,"turns":4.0},{"damage":32.0,"enemies":"2 Thieves","floor":19.0,"turns":4.0},{"damage":12.0,"enemies":"Centurion and Healer","floor":22.0,"turns":7.0},{"damage":31.0,"enemies":"Book of Stabbing","floor":23.0,"turns":4.0},{"damage":44.0,"enemies":"Snake Plant","floor":24.0,"turns":5.0},{"damage":0.0,"enemies":"Gremlin Leader","floor":25.0,"turns":4.0},{"damage":27.0,"enemies":"Slavers","floor":27.0,"turns":4.0},{"damage":6.0,"enemies":"3 Cultists","floor":29.0,"turns":3.0},{"damage":43.0,"enemies":"Champ","floor":33.0,"turns":9.0},{"damage":22.0,"enemies":"3 Darklings","floor":35.0,"turns":5.0},{"damage":83.0,"enemies":"2 Orb Walkers","floor":37.0,"turns":4.0},{"damage":18.0,"enemies":"3 Shapes","floor":38.0,"turns":9.0},{"damage":54.0,"enemies":"Giant Head","floor":40.0,"turns":6.0},{"damage":54.0,"enemies":"Reptomancer","floor":42.0,"turns":5.0},{"damage":0.0,"enemies":"Giant Head","floor":44.0,"turns":4.0},{"damage":1.0,"enemies":"Writhing Mass","floor":45.0,"turns":3.0},{"damage":15.0,"enemies":"Reptomancer","floor":47.0,"turns":7.0},{"damage":0.0,"enemies":"Maw","floor":48.0,"turns":5.0},{"damage":90.0,"enemies":"Awakened One","floor":50.0,"turns":11.0},{"damage":1.0,"enemies":"Time Eater","floor":51.0,"turns":8.0},{"damage":62,"enemies":"Shield and Spear","floor":55,"turns":8},{"damage":54,"enemies":"The Heart","floor":56,"turns":8}],"seed_played":"7630290926239901096","potions_obtained":[{"floor":3.0,"key":"DistilledChaos"},{"floor":5.0,"key":"Weak Potion"},{"floor":6.0,"key":"PowerPotion"},{"floor":8.0,"key":"PowerPotion"},{"floor":11.0,"key":"ElixirPotion"},{"floor":23.0,"key":"FearPotion"},{"floor":25.0,"key":"SpeedPotion"},{"floor":29.0,"key":"SkillPotion"},{"floor":37.0,"key":"EssenceOfSteel"},{"floor":40.0,"key":"Dexterity Potion"},{"floor":44.0,"key":"AttackPotion"},{"floor":48.0,"key":"Dexterity Potion"}],"is_trial":false,"path_per_floor":["M","M","M","$","M","E","M","M","T","R","E","M","R","?","R","B",null,"M","M","$","?","M","E","M","E","T","E","R","M","?","$","R","B",null,"M","?","?","M","$","E","R","E","T","E","M","R","E","M","R","B","B",null,"R","$","E","B",null],"character_chosen":"IRONCLAD","items_purchased":["Orichalcum","Reaper","Pen Nib","Battle Trance","Red Skull","OrangePellets","Flame Barrier","SteroidPotion"],"campfire_rested":0,"item_purchase_floors":[4,4,20,20,31,39,54,54],"current_hp_per_floor":[42,44,42,42,49,46,51,52,59,59,76,77,77,70,70,37,71,53,46,46,46,49,42,15,33,33,40,40,69,69,69,69,63,80,78,78,38,74,74,28,28,40,40,88,88,88,88,88,88,43,88,88,88,88,67,88],"gold":54,"neow_bonus":"TWO_FIFTY_GOLD","is_prod":false,"is_daily":false,"chose_seed":false,"campfire_upgraded":7,"win_rate":0,"timestamp":1607531928,"path_taken":["M","M","M","?","M","E","M","M","T","R","E","M","R","?","R","BOSS","M","M","$","?","M","E","M","E","T","E","R","M","?","$","R","BOSS","M","?","?","M","?","E","R","E","T","E","M","R","E","M","R","BOSS","BOSS","R","$","E","BOSS"],"build_version":"2020-11-30","purchased_purges":1,"victory":true,"max_hp_per_floor":[75,75,75,75,75,75,75,75,82,82,82,82,82,82,82,82,82,82,82,82,82,82,82,82,82,82,84,84,86,86,86,86,86,86,88,88,88,88,88,88,88,88,88,88,88,88,88,88,88,88,88,88,88,88,88,88],"relic_stats":{"Darkstone Periapt":0,"Singing Bowl":6,"Torii":53,"counters":[32,178],"Pen Nib":[24],"Juzu Bracelet":0,"Bag of Preparation":[10],"Orichalcum":[354],"Burning Blood":157,"Blood Vial":36,"Peace Pipe":4,"OrangePellets":[33],"Gambling Chip":[30],"Pantograph":46,"Art of War":[0],"obtain_stats":[{"Darkstone Periapt":43,"Lantern":40,"Singing Bowl":23,"Torii":37,"Velvet Choker":17,"Pen Nib":20,"Omamori":25,"Juzu Bracelet":26,"Bag of Preparation":47,"Orichalcum":4,"Burning Blood":0,"Blood Vial":11,"Peace Pipe":27,"SlaversCollar":34,"OrangePellets":39,"Strawberry":9,"MutagenicStrength":21,"Gambling Chip":42,"Pantograph":44,"Art of War":55,"Red Skull":31},{"Darkstone Periapt":24,"Lantern":23,"Singing Bowl":14,"Torii":21,"Velvet Choker":10,"Pen Nib":12,"Omamori":16,"Juzu Bracelet":16,"Bag of Preparation":27,"Orichalcum":3,"Burning Blood":0,"Blood Vial":8,"Peace Pipe":17,"SlaversCollar":19,"OrangePellets":22,"Strawberry":7,"MutagenicStrength":12,"Gambling Chip":24,"Pantograph":25,"Art of War":31,"Red Skull":18},{"Darkstone Periapt":124,"Lantern":119,"Singing Bowl":70,"Torii":104,"Velvet Choker":51,"Pen Nib":59,"Omamori":79,"Juzu Bracelet":79,"Bag of Preparation":138,"Orichalcum":14,"Burning Blood":0,"Blood Vial":38,"Peace Pipe":83,"SlaversCollar":95,"OrangePellets":113,"Strawberry":32,"MutagenicStrength":59,"Gambling Chip":124,"Pantograph":128,"Art of War":170,"Red Skull":86}]},"card_choices":[{"not_picked":["Reckless Charge","Cleave"],"picked":"Anger","floor":1.0},{"not_picked":["Anger","Havoc"],"picked":"Inflame","floor":2.0},{"not_picked":["Blood for Blood","True Grit"],"picked":"Shrug It Off","floor":3.0},{"not_picked":["Clash","Blood for Blood"],"picked":"Feel No Pain","floor":5.0},{"not_picked":["Double Tap","Thunderclap","Warcry"],"picked":"SKIP","floor":6.0},{"not_picked":["Warcry","Cleave","Rupture"],"picked":"SKIP","floor":7.0},{"not_picked":["Havoc","Sever Soul"],"picked":"Evolve","floor":8.0},{"not_picked":["Cleave","Sever Soul","Twin Strike"],"picked":"SKIP","floor":11.0},{"not_picked":["True Grit","Cleave","Anger"],"picked":"SKIP","floor":12.0},{"not_picked":["True Grit","Cleave","Anger"],"picked":"SKIP","floor":12.0},{"not_picked":["Limit Break","Bludgeon"],"picked":"Barricade","floor":16.0},{"not_picked":["True Grit","Clash","Body Slam"],"picked":"SKIP","floor":18.0},{"not_picked":["Pommel Strike","Wild Strike"],"picked":"Twin Strike","floor":19.0},{"not_picked":["Clash","Seeing Red"],"picked":"Inflame","floor":22.0},{"not_picked":["Spot Weakness","Pummel"],"picked":"Thunderclap+1","floor":23.0},{"not_picked":["Twin Strike","Second Wind"],"picked":"Battle Trance","floor":24.0},{"not_picked":["Dark Embrace","Reckless Charge"],"picked":"Twin Strike+1","floor":25.0},{"not_picked":["Iron Wave","Whirlwind","Demon Form"],"picked":"Singing Bowl","floor":27.0},{"not_picked":["Wild Strike","Havoc","Rage"],"picked":"Singing Bowl","floor":29.0},{"not_picked":["Feed","Immolate"],"picked":"Exhume","floor":33.0},{"not_picked":["True Grit","Bloodletting","Perfected Strike+1"],"picked":"Singing Bowl","floor":35.0},{"not_picked":["Spot Weakness","Dual Wield"],"picked":"Shrug It Off","floor":37.0},{"not_picked":["Armaments","Ghostly Armor"],"picked":"Heavy Blade+1","floor":38.0},{"not_picked":["Shrug It Off","Bloodletting"],"picked":"Power Through","floor":40.0},{"not_picked":["Havoc","Wild Strike+1"],"picked":"Dark Embrace+1","floor":42.0},{"not_picked":["Perfected Strike","Wild Strike"],"picked":"Sentinel+1","floor":44.0},{"not_picked":["Seeing Red","Pummel+1"],"picked":"Shrug It Off+1","floor":45.0},{"not_picked":["Clothesline","Clash+1"],"picked":"Corruption","floor":47.0},{"not_picked":["Havoc","Carnage+1"],"picked":"Shockwave+1","floor":48.0},{"not_picked":["Clash","Feel No Pain"],"picked":"Entrench","floor":55}],"player_experience":19839438,"relics_obtained":[{"floor":9.0,"key":"Strawberry"},{"floor":11.0,"key":"Blood Vial"},{"floor":23.0,"key":"Singing Bowl"},{"floor":25.0,"key":"Omamori"},{"floor":26.0,"key":"Juzu Bracelet"},{"floor":27.0,"key":"Peace Pipe"},{"floor":37.0,"key":"Torii"},{"floor":40.0,"key":"Lantern"},{"floor":42.0,"key":"Gambling Chip"},{"floor":43.0,"key":"Darkstone Periapt"},{"floor":44.0,"key":"Pantograph"},{"floor":47.0,"key":"Bag of Preparation"},{"floor":55,"key":"Art of War"}],"event_choices":[{"cards_removed":["Strike_R"],"damage_healed":0.0,"max_hp_gain":0.0,"max_hp_loss":0.0,"gold_gain":0.0,"event_name":"Golden Wing","player_choice":"Card Removal","floor":14.0,"gold_loss":0.0,"damage_taken":7.0},{"damage_healed":0.0,"max_hp_gain":0.0,"max_hp_loss":0.0,"gold_gain":0.0,"event_name":"Drug Dealer","player_choice":"Inject Mutagens","floor":21.0,"gold_loss":0.0,"damage_taken":0.0,"relics_obtained":["MutagenicStrength"]},{"damage_healed":0.0,"max_hp_gain":0.0,"max_hp_loss":0.0,"gold_gain":0.0,"event_name":"Back to Basics","player_choice":"Simplicity","floor":30.0,"gold_loss":0.0,"damage_taken":0.0,"cards_upgraded":["Strike_R","Strike_R","Strike_R","Strike_R","Defend_R","Defend_R","Defend_R"]},{"cards_removed":["Defend_R"],"damage_healed":0.0,"max_hp_gain":0.0,"max_hp_loss":0.0,"gold_gain":0.0,"event_name":"Falling","player_choice":"Removed Skill","floor":36.0,"gold_loss":0.0,"damage_taken":0.0},{"damage_healed":0.0,"max_hp_gain":0.0,"max_hp_loss":0.0,"gold_gain":0.0,"event_name":"Mysterious Sphere","player_choice":"Fight","floor":37.0,"gold_loss":0.0,"damage_taken":0.0}],"is_beta":false,"boss_relics":[{"not_picked":["Astrolabe","Busted Crown"],"picked":"Velvet Choker"},{"not_picked":["Black Star","Snecko Eye"],"picked":"SlaversCollar"}],"items_purged_floors":[4],"is_endless":false,"potions_floor_spawned":[3,5,6,8,11,23,25,29,37,40,44,48],"ascension_level":20}}