{"host":"Crutt","time":1607530474,"event":{"gold_per_floor":[99,117,117,117,117,117,117,62,162,197,197,215,215,226,241,341,341,341,367,367,377,302,320,320,337,262,288,288,301,301,301,319,424,424,424,449,449,449],"floor_reached":37,"playtime":1894,"items_purged":[],"score":483,"play_id":"79b7786a-4ab6-4a7c-b8dd-b51593c10b95","local_time":"20201209101434","is_ascension_mode":false,"campfire_choices":[{"data":"sneckomod:DangerNoodle","floor":1,"key":"SMITH"},{"data":"sneckomod:SoulDraw","floor":4,"key":"SMITH"},{"data":"Glass Knife","floor":6,"key":"SMITH"},{"floor":18,"key":"RECALL"},{"data":"sneckomod:UnknownX","floor":22,"key":"SMITH"},{"data":"sneckomod:UnknownUncommonPower","floor":26,"key":"SMITH"},{"data":"sneckomod:UnknownVulnerable","floor":35,"key":"SMITH"}],"neow_cost":"TEN_PERCENT_HP_LOSS","seed_source_timestamp":1357040519763600,"circlet_count":0,"master_deck":["sneckomod:Defend","sneckomod:Defend","sneckomod:SnekBite","sneckomod:Unknown","sneckomod:Unknown","sneckomod:UnknownStrike","sneckomod:DangerNoodle+1","sneckomod:SoulDraw+1","Glass Knife+1","Masterful Stab","Deflect","sneckomod:UnknownVulnerable+1","sneckomod:UnknownUncommonPower+1","sneckomod:UnknownX+1","Injury","sneckomod:UnknownStrength+1","sneckomod:UnknownExhaust+1","sneckomod:UnknownX+1","sneckomod:MorePower","sneckomod:Cheat+1","sneckomod:UnknownClassBLUE+1","sneckomod:UnknownCommonSkill+1","sneckomod:UnknownUncommonAttack+1","sneckomod:UnknownDexterity+1","sneckomod:UnknownDexterity+1","sneckomod:UnknownUncommonSkill+1","sneckomod:MixItUp+1","sneckomod:Bewildered","sneckomod:SoulCleanse+1","sneckomod:UnknownBlock+1","sneckomod:UnknownUncommonSkill+1","sneckomod:Unknown0Cost+1","sneckomod:MorePower","sneckomod:UnknownEthereal+1","sneckomod:UnknownDexterity+1","sneckomod:UnknownBlock+1"],"relics":["sneckomod:SneckoSoul","Regal Pillow","Orichalcum","Anchor","Toxic Egg 2","sneckomod:SneckoTalon","aspiration:Stabinomicon","downfall:HeartBlessingRed","downfall:HeartBlessingBlue","Tiny Chest","sneckomod:BabySnecko","Philosopher\u0027s Stone","Kunai"],"potions_floor_usage":[27],"damage_taken":[{"damage":0,"enemies":"2 Louse","floor":2,"turns":3},{"damage":0,"enemies":"downfall:FleeingMerchant","floor":8,"turns":4},{"damage":21,"enemies":"Lagavulin","floor":10,"turns":4},{"damage":0,"enemies":"Jaw Worm","floor":12,"turns":1},{"damage":0,"enemies":"Small Slimes","floor":14,"turns":2},{"damage":0,"enemies":"2 Fungi Beasts","floor":15,"turns":1},{"damage":43,"enemies":"downfall:Defect","floor":16,"turns":6},{"damage":14,"enemies":"Book of Stabbing","floor":19,"turns":5},{"damage":0,"enemies":"Chosen","floor":21,"turns":3},{"damage":4,"enemies":"3 Byrds","floor":23,"turns":6},{"damage":0,"enemies":"Centurion and Healer","floor":25,"turns":3},{"damage":27,"enemies":"Slavers","floor":27,"turns":5},{"damage":11,"enemies":"Snake Plant","floor":29,"turns":2},{"damage":2,"enemies":"3 Cultists","floor":32,"turns":3},{"damage":47,"enemies":"downfall:Ironclad","floor":33,"turns":7},{"damage":95,"enemies":"Giant Head","floor":36,"turns":8},{"damage":15,"enemies":"3 Darklings","floor":37,"turns":3}],"seed_played":"2246877303353474986","potions_obtained":[{"floor":15,"key":"Block Potion"},{"floor":19,"key":"Ancient Potion"},{"floor":21,"key":"Weak Potion"},{"floor":27,"key":"BlessingOfTheForge"}],"is_trial":false,"path_per_floor":["R","M","?","R","?","R","T","$","?","E","?","M","?","M","M","B",null,"R","E","?","M","R","M","T","M","R","E","?","M","?","?","M","B",null,"R","E","M"],"character_chosen":"THE_SNECKO","items_purchased":["sneckomod:UnknownUncommonPower"],"campfire_rested":0,"item_purchase_floors":[8],"current_hp_per_floor":[82,82,75,75,75,75,75,77,77,57,57,58,86,87,88,45,88,88,77,77,78,78,76,76,77,87,71,71,60,94,94,94,48,107,107,15,0,0],"gold":449,"neow_bonus":"TRANSFORM_TWO_CARDS","is_prod":false,"is_daily":false,"chose_seed":false,"campfire_upgraded":6,"win_rate":0,"timestamp":1607530474,"path_taken":["R","M","?","R","?","R","T","?","?","E","?","?","?","M","M","BOSS","R","E","?","M","R","?","T","M","R","E","?","M","?","?","M","BOSS","R","E","M"],"build_version":"2020-12-07","purchased_purges":0,"victory":false,"max_hp_per_floor":[82,82,82,82,82,82,82,84,84,85,85,86,86,87,88,88,88,88,89,89,90,90,92,92,93,103,104,104,104,104,104,106,107,107,107,110,110,110],"card_choices":[{"not_picked":["sneckomod:WideSting","sneckomod:UnknownClassTHE_CHAMP_GRAY"],"picked":"sneckomod:SoulDraw","floor":2},{"not_picked":["sneckomod:UnknownWeak","sneckomod:UnknownCommonSkill"],"picked":"sneckomod:UnknownVulnerable","floor":8},{"not_picked":["sneckomod:UnknownCommonAttack","sneckomod:Nope"],"picked":"sneckomod:UnknownX","floor":10},{"not_picked":["sneckomod:Unknown1Cost+1","sneckomod:Unknown2Cost+1"],"picked":"sneckomod:UnknownStrength+1","floor":12},{"not_picked":["sneckomod:RainOfDice","sneckomod:UnknownCommonSkill+1"],"picked":"sneckomod:UnknownExhaust+1","floor":14},{"not_picked":["sneckomod:CheapStock","sneckomod:RainOfDice"],"picked":"sneckomod:UnknownX+1","floor":15},{"not_picked":["sneckomod:SoulExchange+1","sneckomod:GlitteringGambit+1"],"picked":"sneckomod:MorePower","floor":16},{"not_picked":["sneckomod:ImprovisedAttack","sneckomod:SlitherStrike"],"picked":"sneckomod:Cheat+1","floor":19},{"not_picked":["sneckomod:UnknownCommonSkill+1","sneckomod:UnknownClassHEXA_GHOST_PURPLE+1"],"picked":"sneckomod:UnknownClassBLUE+1","floor":19},{"not_picked":["sneckomod:RainOfDice","sneckomod:SoulRoll+1"],"picked":"sneckomod:UnknownCommonSkill+1","floor":21},{"not_picked":["sneckomod:UnknownClassSLIMEBOUND+1","sneckomod:UnknownVulnerable+1"],"picked":"sneckomod:UnknownUncommonAttack+1","floor":23},{"not_picked":["sneckomod:IronFang+1","sneckomod:Nope+1"],"picked":"sneckomod:UnknownDexterity+1","floor":23},{"not_picked":["sneckomod:UnlimitedRolls","sneckomod:UnknownUncommonAttack"],"picked":"sneckomod:UnknownDexterity+1","floor":25},{"not_picked":["sneckomod:UnknownClassTHE_CHAMP_GRAY+1","sneckomod:UnknownClassBLUE+1"],"picked":"sneckomod:UnknownUncommonSkill+1","floor":27},{"not_picked":["sneckomod:RainOfDice+1","sneckomod:UnknownUncommonPower"],"picked":"sneckomod:MixItUp+1","floor":27},{"not_picked":["sneckomod:Unknown2Cost+1","sneckomod:UnknownUncommonSkill+1"],"picked":"sneckomod:SoulCleanse+1","floor":29},{"not_picked":["sneckomod:Unknown2Cost+1","sneckomod:UnknownStrike+1"],"picked":"sneckomod:UnknownBlock+1","floor":32},{"not_picked":["sneckomod:TrashToTreasure+1","sneckomod:UnknownClassBLUE+1"],"picked":"sneckomod:UnknownUncommonSkill+1","floor":32},{"not_picked":["sneckomod:UnknownClassSLIMEBOUND+1","sneckomod:UnknownStrike+1"],"picked":"sneckomod:Unknown0Cost+1","floor":33},{"not_picked":["sneckomod:UnknownRareAttack","sneckomod:SoulExchange+1"],"picked":"sneckomod:MorePower","floor":33},{"not_picked":["sneckomod:UnknownUncommonAttack+1","sneckomod:UnknownX+1"],"picked":"sneckomod:UnknownEthereal+1","floor":36},{"not_picked":["sneckomod:UnknownBlock+1","sneckomod:UnknownClassHEXA_GHOST_PURPLE+1"],"picked":"sneckomod:UnknownDexterity+1","floor":36},{"not_picked":["sneckomod:UnknownWeak+1","sneckomod:Mudshield"],"picked":"sneckomod:UnknownBlock+1","floor":36}],"player_experience":3048281,"relics_obtained":[{"floor":7,"key":"Orichalcum"},{"floor":10,"key":"Anchor"},{"floor":19,"key":"aspiration:Stabinomicon"},{"floor":27,"key":"Tiny Chest"},{"floor":36,"key":"Kunai"}],"event_choices":[{"damage_healed":0,"gold_gain":0,"player_choice":"Success","damage_taken":7,"relics_obtained":["Regal Pillow"],"max_hp_gain":0,"max_hp_loss":0,"event_name":"Scrap Ooze","floor":3,"gold_loss":0},{"damage_healed":28,"gold_gain":0,"player_choice":"Banana","damage_taken":0,"max_hp_gain":0,"max_hp_loss":0,"event_name":"Big Fish","floor":13,"gold_loss":0},{"damage_healed":34,"gold_gain":0,"player_choice":"Heal","damage_taken":0,"max_hp_gain":0,"max_hp_loss":0,"event_name":"The Library","floor":30,"gold_loss":0}],"is_beta":true,"boss_relics":[{"not_picked":["aspiration:IroncladSkillbook","Velvet Choker"],"picked":"sneckomod:SneckoTalon"},{"not_picked":["aspiration:WatcherSkillbook","Sozu"],"picked":"Philosopher\u0027s Stone"}],"items_purged_floors":[],"is_endless":false,"potions_floor_spawned":[15,19,21,27,29,33],"killed_by":"3 Darklings","ascension_level":0}}