{"host":"1x0iiauhsd6tfigj","time":1607475629,"event":{"gold_per_floor":[114,114,129,144,159,159,189,204,204,204,219,234,264,279,279,379,379,394,4,4,103,118,148,148,148,148,148,163,163,163,178,178,178,178],"floor_reached":33,"playtime":1647,"items_purged":[],"score":329,"play_id":"2518459a-82fd-48c9-94cc-4724226fb117","local_time":"20201208180029","daily_mods":["SealedDeck","Purple Cards","Elite Swarm"],"is_ascension_mode":false,"campfire_choices":[{"data":"PathToVictory","floor":6,"key":"SMITH"},{"floor":15,"key":"REST"},{"floor":24,"key":"REST"},{"data":"PathToVictory","floor":27,"key":"SMITH"},{"floor":30,"key":"REST"},{"data":"PathToVictory","floor":32,"key":"SMITH"}],"neow_cost":"","seed_source_timestamp":0,"circlet_count":0,"master_deck":["JustLucky","Weave","Protect","FlyingSleeves","Rebound","Steam","TalkToTheHand","PathToVictory+1","Cold Snap","PathToVictory+1","ThirdEye","Melter","Auto Shields","Doom and Gloom","PathToVictory","Rip and Tear","Sweeping Beam","Conserve Battery","Judgement","Stack","PathToVictory+1","BattleHymn","Ball Lightning","Glacier","Electrodynamics","Coolheaded","CutThroughFate+1","Steam+1","ThirdEye"],"special_seed":18605,"relics":["FrozenCore","WingedGreaves","Dream Catcher","Orichalcum","Mango","Bottled Flame","InkBottle"],"potions_floor_usage":[5,5,7,23,31,33],"damage_taken":[{"damage":0,"enemies":"2 Louse","floor":1,"turns":2},{"damage":0,"enemies":"Cultist","floor":3,"turns":2},{"damage":0,"enemies":"Jaw Worm","floor":4,"turns":2},{"damage":6,"enemies":"Lots of Slimes","floor":5,"turns":3},{"damage":9,"enemies":"Lagavulin","floor":7,"turns":4},{"damage":0,"enemies":"Exordium Thugs","floor":8,"turns":3},{"damage":1,"enemies":"3 Louse","floor":11,"turns":3},{"damage":3,"enemies":"Looter","floor":12,"turns":2},{"damage":25,"enemies":"Gremlin Nob","floor":13,"turns":4},{"damage":0,"enemies":"Exordium Wildlife","floor":14,"turns":2},{"damage":18,"enemies":"Hexaghost","floor":16,"turns":7},{"damage":5,"enemies":"3 Byrds","floor":18,"turns":3},{"damage":0,"enemies":"Spheric Guardian","floor":22,"turns":1},{"damage":27,"enemies":"Gremlin Leader","floor":23,"turns":5},{"damage":11,"enemies":"Snake Plant","floor":28,"turns":4},{"damage":5,"enemies":"Centurion and Healer","floor":31,"turns":4},{"damage":119,"enemies":"Automaton","floor":33,"turns":12}],"seed_played":"4494449258677458329","potions_obtained":[{"floor":1,"key":"Energy Potion"},{"floor":4,"key":"EssenceOfSteel"},{"floor":5,"key":"FearPotion"},{"floor":11,"key":"Swift Potion"},{"floor":13,"key":"SteroidPotion"},{"floor":16,"key":"LiquidMemories"},{"floor":31,"key":"FairyPotion"}],"is_trial":false,"path_per_floor":["M","?","M","M","M","R","E","M","T","?","M","M","E","M","R","B",null,"M","$","?","?","M","E","R","?","T","R","M","?","R","M","R","B"],"character_chosen":"DEFECT","items_purchased":["Ball Lightning","Mango","Glacier"],"campfire_rested":3,"item_purchase_floors":[19,19,19],"current_hp_per_floor":[75,75,75,75,69,69,60,60,60,75,74,71,46,46,68,50,75,70,84,84,84,84,57,83,83,83,83,72,55,83,78,78,0,0],"gold":178,"neow_bonus":"","is_prod":false,"is_daily":true,"chose_seed":false,"campfire_upgraded":3,"win_rate":0,"timestamp":1607475629,"path_taken":["M","?","M","M","?","R","E","M","T","?","M","?","E","M","R","BOSS","M","$","?","?","M","E","R","?","T","R","M","?","R","M","R","BOSS"],"build_version":"2020-11-30","purchased_purges":0,"victory":false,"max_hp_per_floor":[75,75,75,75,75,75,75,75,75,75,75,75,75,75,75,75,75,75,89,89,89,89,89,89,89,89,89,89,94,94,94,94,94,94],"relic_stats":{"Dream Catcher":3,"counters":[17,63],"Orichalcum":[48],"obtain_stats":[{"Dream Catcher":9,"Bottled Flame":23,"Mango":19,"WingedGreaves":7,"Orichalcum":13,"Cracked Core":0,"InkBottle":26,"FrozenCore":17},{"Dream Catcher":6,"Bottled Flame":14,"Mango":12,"WingedGreaves":5,"Orichalcum":9,"Cracked Core":0,"InkBottle":14,"FrozenCore":11},{"Dream Catcher":16,"Bottled Flame":43,"Mango":37,"WingedGreaves":13,"Orichalcum":25,"Cracked Core":0,"InkBottle":43,"FrozenCore":34}],"InkBottle":[6],"FrozenCore":[6]},"card_choices":[{"not_picked":["CrushJoints","Evaluate"],"picked":"ThirdEye","floor":1},{"not_picked":["Consume","DeceiveReality"],"picked":"Auto Shields","floor":3},{"not_picked":["FlyingSleeves","Scrape"],"picked":"Doom and Gloom","floor":4},{"not_picked":["FlurryOfBlows","Capacitor"],"picked":"PathToVictory","floor":5},{"not_picked":["Omniscience","Meteor Strike","Alpha"],"picked":"SKIP","floor":7},{"not_picked":["Reinforced Body","Turbo"],"picked":"Rip and Tear","floor":8},{"not_picked":["ClearTheMind","FollowUp"],"picked":"Sweeping Beam","floor":11},{"not_picked":["Crescendo","Rebound"],"picked":"Conserve Battery","floor":12},{"not_picked":["Brilliance","Hyperbeam"],"picked":"Judgement","floor":13},{"not_picked":["FlurryOfBlows","Hologram"],"picked":"Stack","floor":14},{"not_picked":["Adaptation","BowlingBash"],"picked":"PathToVictory","floor":15},{"not_picked":["Turbo","Sanctity"],"picked":"BattleHymn","floor":18},{"not_picked":["Reprogram","Barrage+1","Vengeance"],"picked":"SKIP","floor":22},{"not_picked":["Electrodynamics","Machine Learning","Creative AI"],"picked":"SKIP","floor":23},{"not_picked":["Machine Learning","Creative AI"],"picked":"Electrodynamics","floor":23},{"not_picked":["Halt","Protect"],"picked":"Coolheaded","floor":24},{"not_picked":["Storm","ClearTheMind"],"picked":"CutThroughFate+1","floor":28},{"not_picked":["Coolheaded","FollowUp"],"picked":"Steam+1","floor":30},{"not_picked":["Vengeance","MentalFortress"],"picked":"ThirdEye","floor":31}],"player_experience":1541744,"relics_obtained":[{"floor":7,"key":"WingedGreaves"},{"floor":9,"key":"Dream Catcher"},{"floor":13,"key":"Orichalcum"},{"floor":23,"key":"Bottled Flame"},{"floor":26,"key":"InkBottle"}],"event_choices":[{"damage_healed":0,"gold_gain":0,"player_choice":"1 cards matched","damage_taken":0,"max_hp_gain":0,"max_hp_loss":0,"event_name":"Match and Keep!","floor":2,"gold_loss":0,"cards_obtained":["Melter"]},{"damage_healed":15,"gold_gain":0,"player_choice":"Full Heal","damage_taken":0,"max_hp_gain":0,"max_hp_loss":0,"event_name":"Wheel of Change","floor":10,"gold_loss":0},{"damage_healed":0,"gold_gain":0,"player_choice":"Ignored","damage_taken":0,"max_hp_gain":0,"max_hp_loss":0,"event_name":"Ghosts","floor":20,"gold_loss":0},{"damage_healed":0,"gold_gain":99,"player_choice":"Stole From Cult","damage_taken":0,"max_hp_gain":0,"max_hp_loss":0,"event_name":"Nest","floor":21,"gold_loss":0},{"damage_healed":0,"gold_gain":0,"player_choice":"Ignored","damage_taken":0,"max_hp_gain":0,"max_hp_loss":0,"event_name":"Cursed Tome","floor":25,"gold_loss":0},{"damage_healed":0,"gold_gain":0,"player_choice":"Shed Blood","damage_taken":22,"max_hp_gain":5,"max_hp_loss":0,"event_name":"Forgotten Altar","floor":29,"gold_loss":0}],"is_beta":false,"boss_relics":[{"not_picked":["SlaversCollar","Empty Cage"],"picked":"FrozenCore"}],"items_purged_floors":[],"is_endless":false,"potions_floor_spawned":[1,4,5,11,13,16,18,31],"killed_by":"Automaton","ascension_level":0}}