{"host":"vcrofm1hbk0ziuql","time":1607547627,"event":{"gold_per_floor":[99,99,99,131,199,214,239,239,265,190,208,224,224,224,239,344,344,344,329,346,346,346,346],"floor_reached":22,"playtime":1356,"items_purged":[],"score":215,"play_id":"03cb978a-8eb3-49c7-bcab-aedc0fb2037c","local_time":"20201209210027","is_ascension_mode":false,"campfire_choices":[{"data":"sneckomod:SnekBite","floor":1.0,"key":"SMITH"},{"data":"sneckomod:DiceBoulder","floor":8.0,"key":"SMITH"},{"data":"sneckomod:DiceBoulder+1","floor":10.0,"key":"SMITH"},{"data":"sneckomod:UnknownRareSkill","floor":18.0,"key":"SMITH"},{"data":"sneckomod:DiceBoulder+2","floor":21,"key":"SMITH"}],"neow_cost":"NONE","seed_source_timestamp":0,"circlet_count":0,"master_deck":["sneckomod:Strike","sneckomod:Defend","sneckomod:Defend","sneckomod:Defend+1","sneckomod:TailWhip","sneckomod:SnekBite+1","sneckomod:Unknown","sneckomod:Unknown+1","sneckomod:WideSting","sneckomod:DiceBoulder+3","sneckomod:SoulDraw","sneckomod:UnknownBlock","sneckomod:QuickBite","sneckomod:SoulExchange","sneckomod:UnknownUncommonPower","sneckomod:UnknownRareSkill+1","sneckomod:UnknownUncommonPower"],"special_seed":0,"relics":["sneckomod:SneckoSoul","downfall:HeartsMalice","War Paint","ReplayTheSpireMod:Lightbulb","Potion Belt","White Beast Statue","downfall:HeartBlessingGreen","Replay:Bronze Core"],"potions_floor_usage":[20],"damage_taken":[{"damage":0.0,"enemies":"Small Slimes","floor":2.0,"turns":1.0},{"damage":0.0,"enemies":"Gremlin Nob","floor":4.0,"turns":1.0},{"damage":0.0,"enemies":"2 Louse","floor":6.0,"turns":2.0},{"damage":17.0,"enemies":"Lagavulin","floor":9.0,"turns":7.0},{"damage":0.0,"enemies":"Cultist","floor":11.0,"turns":2.0},{"damage":12.0,"enemies":"2 Fungi Beasts","floor":12.0,"turns":3.0},{"damage":9.0,"enemies":"Lots of Slimes","floor":15.0,"turns":5.0},{"damage":29.0,"enemies":"downfall:CharBossDefect","floor":16.0,"turns":6.0},{"damage":4,"enemies":"downfall:FleeingMerchant","floor":19,"turns":4},{"damage":0,"enemies":"3 Byrds","floor":20,"turns":3},{"damage":171,"enemies":"Book of Stabbing","floor":22,"turns":9}],"seed_played":"-4501018155624387875","potions_obtained":[{"floor":6.0,"key":"DistilledChaos"},{"floor":9.0,"key":"Elixir"},{"floor":11.0,"key":"Ancient Potion"},{"floor":12.0,"key":"Dexterity Potion"},{"floor":15.0,"key":"Fire Potion"},{"floor":16.0,"key":"FearPotion"},{"floor":20,"key":"Explosive Potion"}],"is_trial":false,"path_per_floor":["R","M","?","E","?","M","T","R","E","R","M","M","?","?","M","B",null,"R","$","M","R","E"],"character_chosen":"THE_SNECKO","items_purchased":[],"campfire_rested":0,"item_purchase_floors":[],"current_hp_per_floor":[90,90,90,90,55,55,55,55,38,38,38,27,57,57,52,24,97,97,93,94,94,0,0],"gold":346,"neow_bonus":"THREE_ENEMY_KILL","is_prod":false,"is_daily":false,"chose_seed":false,"campfire_upgraded":5,"win_rate":0.0,"timestamp":1607547627,"path_taken":["R","M","?","E","?","M","T","R","E","R","M","?","?","?","M","BOSS","R","$","M","R","E"],"build_version":"2020-11-30","purchased_purges":0,"victory":false,"max_hp_per_floor":[90,90,90,90,91,91,91,91,91,91,91,92,92,92,96,97,97,97,97,98,98,98,98],"card_choices":[{"not_picked":["sneckomod:UnknownWeak","sneckomod:RainOfDice"],"picked":"sneckomod:WideSting","floor":2.0},{"not_picked":["sneckomod:DiceBlock","sneckomod:SnakeSap"],"picked":"sneckomod:DiceBoulder","floor":4.0},{"not_picked":["sneckomod:DiceBoulder","sneckomod:UnknownClassGREEN"],"picked":"sneckomod:SoulDraw","floor":5.0},{"not_picked":["sneckomod:SoulDraw","sneckomod:UnknownWeak"],"picked":"sneckomod:UnknownBlock","floor":5.0},{"not_picked":["sneckomod:SlitherStrike","sneckomod:UnknownCommonAttack"],"picked":"sneckomod:QuickBite","floor":6.0},{"not_picked":["sneckomod:UnknownBlock","sneckomod:DangerNoodle","sneckomod:QuickBite"],"picked":"SKIP","floor":9.0},{"not_picked":["sneckomod:QuickMove","sneckomod:UnknownWeak"],"picked":"sneckomod:SoulExchange","floor":11.0},{"not_picked":["sneckomod:UnknownWeak","sneckomod:UnknownVulnerable"],"picked":"sneckomod:UnknownUncommonPower","floor":12.0},{"not_picked":["sneckomod:UnknownUncommonAttack","sneckomod:WideSting","sneckomod:QuickMove"],"picked":"SKIP","floor":15.0},{"not_picked":["sneckomod:UnlimitedRolls","sneckomod:SoulExchange"],"picked":"sneckomod:UnknownRareSkill","floor":16.0},{"not_picked":["sneckomod:WideSting","sneckomod:RainOfDice+1"],"picked":"sneckomod:UnknownUncommonPower","floor":20}],"player_experience":532105,"relics_obtained":[{"floor":4.0,"key":"War Paint"},{"floor":5.0,"key":"ReplayTheSpireMod:Lightbulb"},{"floor":7.0,"key":"Potion Belt"},{"floor":9.0,"key":"White Beast Statue"}],"event_choices":[{"damage_healed":30.0,"max_hp_gain":0.0,"max_hp_loss":0.0,"gold_gain":0.0,"event_name":"Big Fish","player_choice":"Banana","floor":13.0,"gold_loss":0.0,"damage_taken":0.0}],"is_beta":false,"boss_relics":[{"not_picked":["Replay:Grab Bag","SacredBark"],"picked":"Replay:Bronze Core"}],"items_purged_floors":[],"is_endless":false,"potions_floor_spawned":[6,9,11,12,15,16,20],"killed_by":"Book of Stabbing","ascension_level":0}}