{"host":"6q3xrfxx8iswq9mh","time":1607516590,"event":{"gold_per_floor":[118,118,12,56,70,70,70,70],"floor_reached":7,"playtime":260,"items_purged":[],"score":41,"play_id":"c9f2c08e-171e-4a53-9e1f-709aea30ff51","local_time":"20201209202310","is_ascension_mode":true,"campfire_choices":[{"data":"TheCursedMod:CleanUpWorkshop","floor":6,"key":"SMITH"}],"neow_cost":"NONE","seed_source_timestamp":968879555676300,"circlet_count":0,"master_deck":["TheCursedMod:Strike_TheCursed","TheCursedMod:Strike_TheCursed","TheCursedMod:Strike_TheCursed","TheCursedMod:Strike_TheCursed","TheCursedMod:Defend_TheCursed","TheCursedMod:Defend_TheCursed","TheCursedMod:Defend_TheCursed","TheCursedMod:CursedWand","TheCursedMod:CleanUpWorkshop+1","TheCursedMod:Dregs","TheCursedMod:RavingStaff","TheCursedMod:SurpriseAttack","TheCursedMod:CursedBlade","ReplayTheSpireMod:Splinters","TheCursedMod:AshesToAshes","TheCursedMod:SpitefulPlan"],"relics":["TheCursedMod:BlackMagic101","Art of War","The Courier"],"potions_floor_usage":[],"damage_taken":[{"damage":0,"enemies":"Small Slimes","floor":1,"turns":5},{"damage":1,"enemies":"Jaw Worm","floor":5,"turns":3},{"damage":48,"enemies":"Gremlin Nob","floor":7,"turns":6}],"seed_played":"3120296074684573790","potions_obtained":[],"is_trial":false,"path_per_floor":["M","?","$","?","M","R","E"],"character_chosen":"THE_CURSED","items_purchased":["TheCursedMod:SurpriseAttack","TheCursedMod:CursedBlade"],"campfire_rested":0,"item_purchase_floors":[3,3],"current_hp_per_floor":[75,75,75,75,74,74,26,26],"gold":70,"neow_bonus":"RANDOM_COMMON_RELIC","is_prod":false,"is_daily":false,"chose_seed":false,"campfire_upgraded":1,"win_rate":0,"timestamp":1607516590,"path_taken":["M","?","$","?","M","R","E"],"build_version":"2020-11-30","purchased_purges":0,"victory":false,"max_hp_per_floor":[75,75,75,75,75,75,75,75],"card_choices":[{"not_picked":["TheCursedMod:SmokeScreen","TheCursedMod:CursedMace"],"picked":"TheCursedMod:RavingStaff","floor":1},{"not_picked":["TheCursedMod:CircleOfWindfury","TheCursedMod:SoulReap"],"picked":"TheCursedMod:AshesToAshes","floor":4},{"not_picked":["TheCursedMod:Stigma","TheCursedMod:CircleOfAmplification"],"picked":"TheCursedMod:SpitefulPlan","floor":4},{"not_picked":["TheCursedMod:Torture","TheCursedMod:CircleOfWindfury","TheCursedMod:VitalStrike"],"picked":"SKIP","floor":5}],"player_experience":263532,"relics_obtained":[{"floor":4,"key":"The Courier"}],"event_choices":[{"cards_removed":["TheCursedMod:Defend_TheCursed"],"damage_healed":0,"gold_gain":0,"player_choice":"Forget","damage_taken":0,"max_hp_gain":0,"max_hp_loss":0,"event_name":"Living Wall","floor":2,"gold_loss":0}],"is_beta":false,"boss_relics":[],"items_purged_floors":[],"is_endless":false,"potions_floor_spawned":[],"killed_by":"Gremlin Nob","ascension_level":1}}