{"host":"lqtll83nun4jn4k7","time":1607535097,"event":{"gold_per_floor":[119,136,136,148,148,181,192,192,192,223,241,241,266,104,104,205,205,225,225,245,3,14,14,40,40,40,60,79,79,97,123,123,226,226,238,238,89,107,126,160,170,205,251,251,251,270,285,310,310,310,310,310,41,41,41],"floor_reached":54,"playtime":3871,"items_purged":["PrismaMod:ChloeCheapDefend"],"score":923,"play_id":"4cff53fe-6488-4b35-b483-562bc207dce0","local_time":"20201210013137","is_ascension_mode":true,"campfire_choices":[{"data":"PrismaMod:ChloeDevil","floor":8.0,"key":"SMITH"},{"data":"PrismaMod:ChloeMordred","floor":12.0,"key":"SMITH"},{"data":"PrismaMod:ChloeRhongomyniad","floor":15.0,"key":"SMITH"},{"data":"PrismaMod:ChloeEyeOfTheEuryale","floor":23.0,"key":"SMITH"},{"data":"PrismaMod:ChloeGreatTracePools","floor":25.0,"key":"SMITH"},{"data":"PrismaMod:ChloeCaladbolg","floor":29.0,"key":"SMITH"},{"floor":32.0,"key":"RECALL"},{"data":"PrismaMod:ChloeExhaustThree","floor":49.0,"key":"SMITH"},{"data":"PrismaMod:ChloeMordred","floor":52.0,"key":"SMITH"}],"neow_cost":"NONE","seed_source_timestamp":137189561596799,"circlet_count":0,"master_deck":["PrismaMod:ChloeCommonAttack","PrismaMod:ChloeCommonAttack","PrismaMod:ChloeCommonAttack","PrismaMod:ChloeCommonAttack","PrismaMod:ChloeCommonAttack","PrismaMod:ChloeCommonDefend","PrismaMod:ChloeCommonDefend+1","PrismaMod:ChloeCommonDefend+1","PrismaMod:ChloeCommonDefend+1","PrismaMod:ChloeCommonDefend+1","PrismaMod:ChloeCheapAttack+1","PrismaMod:ChloeDevil","PrismaMod:ChloeChristmas+1","PrismaMod:ChloeMordred+1","PrismaMod:ChloeRhongomyniad+1","PrismaMod:ChloeCarnivalAttack","PrismaMod:ChloeGreatTracePools+1","PrismaMod:ChloeEyeOfTheEuryale+1","PrismaMod:ChloeRuleBreaker+1","PrismaMod:ChloeGaeBolg+1","PrismaMod:ChloeCaladbolg+1","PrismaMod:ChloeCarnivalAOEAttack","PrismaMod:ChloeMaid+1","PrismaMod:ChloeMordred+1","PrismaMod:ChloeExhaustThree+1","Violence","PrismaMod:ChloeRitsuka+1","Thinking Ahead+1"],"special_seed":0,"relics":["PrismaMod:PrismaTraceOn","Letter Opener","Pear","HornCleat","War Paint","SlaversCollar","HollowMod:StagPassRelic","Oddly Smooth Stone","HollowMod:QueensCombRelic","Ornamental Fan","Sozu","Bag of Preparation","InkBottle","Bottled Tornado","White Beast Statue"],"potions_floor_usage":[],"damage_taken":[{"damage":1.0,"enemies":"Jaw Worm","floor":1.0,"turns":4.0},{"damage":0.0,"enemies":"Small Slimes","floor":2.0,"turns":4.0},{"damage":0.0,"enemies":"Cultist","floor":4.0,"turns":3.0},{"damage":18.0,"enemies":"3 Sentries","floor":6.0,"turns":7.0},{"damage":2.0,"enemies":"Exordium Thugs","floor":7.0,"turns":5.0},{"damage":24.0,"enemies":"Gremlin Nob","floor":10.0,"turns":5.0},{"damage":0.0,"enemies":"2 Fungi Beasts","floor":11.0,"turns":3.0},{"damage":0.0,"enemies":"3 Sentries","floor":13.0,"turns":9.0},{"damage":4.0,"enemies":"Hexaghost","floor":16.0,"turns":8.0},{"damage":10.0,"enemies":"2 Thieves","floor":18.0,"turns":3.0},{"damage":3.0,"enemies":"3 Byrds","floor":20.0,"turns":5.0},{"damage":21.0,"enemies":"Cultist and Chosen","floor":22.0,"turns":6.0},{"damage":2.0,"enemies":"Slavers","floor":24.0,"turns":4.0},{"damage":12.0,"enemies":"Snake Plant","floor":27.0,"turns":4.0},{"damage":3.0,"enemies":"Shelled Parasite and Fungi","floor":28.0,"turns":4.0},{"damage":4.0,"enemies":"Centurion and Healer","floor":30.0,"turns":3.0},{"damage":13.0,"enemies":"Book of Stabbing","floor":31.0,"turns":4.0},{"damage":31.0,"enemies":"Collector","floor":33.0,"turns":8.0},{"damage":2.0,"enemies":"Orb Walker","floor":35.0,"turns":4.0},{"damage":0.0,"enemies":"3 Shapes","floor":38.0,"turns":3.0},{"damage":2.0,"enemies":"Maw","floor":39.0,"turns":7.0},{"damage":9.0,"enemies":"HollowMod:StalkingDevout","floor":40.0,"turns":8.0},{"damage":2.0,"enemies":"Writhing Mass","floor":41.0,"turns":4.0},{"damage":0.0,"enemies":"Nemesis","floor":42.0,"turns":3.0},{"damage":23.0,"enemies":"Jaw Worm Horde","floor":46.0,"turns":3.0},{"damage":17.0,"enemies":"Maw","floor":47.0,"turns":7.0},{"damage":0.0,"enemies":"Giant Head","floor":48.0,"turns":5.0},{"damage":48.0,"enemies":"Donu and Deca","floor":50.0,"turns":8.0},{"damage":63,"enemies":"Shield and Spear","floor":54,"turns":3}],"seed_played":"-3336191052179301163","potions_obtained":[{"floor":2.0,"key":"Ancient Potion"},{"floor":10.0,"key":"Fire Potion"},{"floor":13.0,"key":"ColorlessPotion"},{"floor":16.0,"key":"Explosive Potion"},{"floor":20.0,"key":"Dexterity Potion"},{"floor":24.0,"key":"PowerPotion"},{"floor":28.0,"key":"CultistPotion"},{"floor":31.0,"key":"PowerPotion"},{"floor":33.0,"key":"SkillPotion"}],"is_trial":false,"path_per_floor":["M","M","?","M","?","E","M","R","T","E","M","R","E","$","R","B",null,"M","?","M","$","M","R","E","R","T","M","M","R","M","E","R","B",null,"M","?","$","M","M","E","M","E","T","?","?","M","M","E","R","B",null,"R","$","E"],"character_chosen":"CHLOE","items_purchased":["PrismaMod:ChloeCarnivalAttack","HollowMod:StagPassRelic","Bag of Preparation","Thinking Ahead"],"campfire_rested":0,"item_purchase_floors":[14,21,37,53],"current_hp_per_floor":[74,74,59,59,59,43,43,43,53,31,38,38,42,42,42,40,85,77,77,76,76,57,57,57,57,56,46,53,53,52,45,45,24,56,56,56,56,56,56,49,54,56,56,56,56,33,30,52,52,10,56,56,56,0,0],"gold":41,"neow_bonus":"UPGRADE_CARD","is_prod":false,"is_daily":false,"chose_seed":false,"campfire_upgraded":8,"win_rate":0,"timestamp":1607535097,"path_taken":["M","M","?","M","?","E","?","R","T","E","M","R","E","$","R","BOSS","BOSS","M","?","M","?","M","R","E","R","T","M","M","R","M","E","R","BOSS","M","?","$","M","?","E","M","E","T","?","?","M","M","E","R","BOSS","R","$","E"],"build_version":"2020-11-30","purchased_purges":1,"victory":false,"max_hp_per_floor":[75,75,75,75,75,75,75,75,85,85,85,85,85,85,85,85,85,85,85,85,85,85,85,85,85,56,56,56,56,56,56,56,56,56,56,56,56,56,56,56,56,56,56,56,56,56,56,56,56,56,56,56,56,56,56],"card_choices":[{"not_picked":["PrismaMod:ChloeCheapDefendTwo","PrismaMod:ChloeCommonAOEAttack","PrismaMod:ChloeExhaustOne"],"picked":"SKIP","floor":1.0},{"not_picked":["PrismaMod:ChloeExhaustOne","PrismaMod:ChloeCheapDefend","PrismaMod:ChloeBetterTracePools"],"picked":"SKIP","floor":2.0},{"not_picked":["PrismaMod:ChloeExhaustOne","PrismaMod:ChloeCheapAttack"],"picked":"PrismaMod:ChloeDevil","floor":4.0},{"not_picked":["PrismaMod:ChloeCheapAttack","PrismaMod:ChloeDiscardRecovery"],"picked":"PrismaMod:ChloeChristmas","floor":6.0},{"not_picked":["PrismaMod:ChloeUncommonAOEAttack","PrismaMod:ChloeUncommonDefend","PrismaMod:ChloeCheapDefendTwo"],"picked":"SKIP","floor":7.0},{"not_picked":["PrismaMod:ChloeAnyRareTrace","PrismaMod:ChloeExhaustOne"],"picked":"PrismaMod:ChloeMordred","floor":10.0},{"not_picked":["PrismaMod:ChloeCheapAttackTwo","PrismaMod:ChloeCheapDefend","PrismaMod:ChloeDiscardRecovery"],"picked":"SKIP","floor":11.0},{"not_picked":["PrismaMod:ChloeCheapDefend","PrismaMod:ChloeCheapAttack"],"picked":"PrismaMod:ChloeRhongomyniad","floor":13.0},{"not_picked":["PrismaMod:ChloeExhaustThree","PrismaMod:ChloeAnyRareTrace"],"picked":"PrismaMod:ChloeGreatTracePools","floor":16.0},{"not_picked":["PrismaMod:ChloeExhaustTwo","PrismaMod:ChloeDiscardRecovery"],"picked":"PrismaMod:ChloeEyeOfTheEuryale","floor":18.0},{"not_picked":["PrismaMod:ChloeExhaustOne","PrismaMod:ChloeCommonAOEAttack","PrismaMod:ChloeCheapDefendTwo"],"picked":"SKIP","floor":20.0},{"not_picked":["PrismaMod:ChloeCheapAttackTwo","PrismaMod:ChloeCheapDefend"],"picked":"PrismaMod:ChloeRuleBreaker+1","floor":22.0},{"not_picked":["PrismaMod:ChloeCheapDefend","PrismaMod:ChloeDiscardRecovery"],"picked":"PrismaMod:ChloeGaeBolg+1","floor":24.0},{"not_picked":["PrismaMod:ChloeCheapDefendTwo+1","PrismaMod:ChloeCheapAttack","PrismaMod:ChloeRuleBreaker"],"picked":"SKIP","floor":27.0},{"not_picked":["PrismaMod:ChloeGreatTracePools","PrismaMod:ChloeDiscardRecovery+1"],"picked":"PrismaMod:ChloeCaladbolg","floor":28.0},{"not_picked":["PrismaMod:ChloeExhaustOne+1","PrismaMod:ChloeCheapAttack","PrismaMod:ChloeMaid"],"picked":"SKIP","floor":30.0},{"not_picked":["PrismaMod:ChloeCheapAttack","PrismaMod:ChloeUncommonAttack","PrismaMod:ChloeExhaustOne"],"picked":"SKIP","floor":31.0},{"not_picked":["PrismaMod:ChloeAnyCommonTrace","PrismaMod:ChloeDevil"],"picked":"PrismaMod:ChloeCarnivalAOEAttack","floor":33.0},{"not_picked":["PrismaMod:ChloeCheapAttackTwo+1","PrismaMod:ChloeCommonAOEAttack","PrismaMod:ChloeMaid"],"picked":"SKIP","floor":35.0},{"not_picked":["PrismaMod:ChloeCheapAttack+1","PrismaMod:ChloeUncommonDefend+1"],"picked":"PrismaMod:ChloeMaid+1","floor":38.0},{"not_picked":["PrismaMod:ChloeCheapAttackTwo+1","PrismaMod:ChloeExhaustOne"],"picked":"PrismaMod:ChloeMordred","floor":39.0},{"not_picked":["PrismaMod:ChloeEyeOfTheEuryale","PrismaMod:ChloeCheapDefend","PrismaMod:ChloeExhaustOne+1"],"picked":"SKIP","floor":40.0},{"not_picked":["PrismaMod:ChloeExhaustOne+1","PrismaMod:ChloeCheapAttack","PrismaMod:ChloeCheapDefend"],"picked":"SKIP","floor":41.0},{"not_picked":["PrismaMod:ChloeCheapAttackTwo","PrismaMod:ChloeExhaustOne+1"],"picked":"PrismaMod:ChloeExhaustThree","floor":42.0},{"not_picked":["The Bomb","Madness"],"picked":"Violence","floor":45.0},{"not_picked":["PrismaMod:ChloeCheapDefendTwo+1","PrismaMod:ChloeDiscardRecovery"],"picked":"PrismaMod:ChloeRitsuka+1","floor":46.0},{"not_picked":["PrismaMod:ChloeCheapAttackTwo+1","PrismaMod:ChloeCheapAttack+1","PrismaMod:ChloeCheapDefendTwo"],"picked":"SKIP","floor":47.0},{"not_picked":["PrismaMod:ChloeRitsuka","PrismaMod:ChloeUncommonAttack+1","PrismaMod:ChloeExhaustOne"],"picked":"SKIP","floor":48.0}],"player_experience":502391,"relics_obtained":[{"floor":6.0,"key":"Letter Opener"},{"floor":9.0,"key":"Pear"},{"floor":10.0,"key":"HornCleat"},{"floor":13.0,"key":"War Paint"},{"floor":24.0,"key":"Oddly Smooth Stone"},{"floor":26.0,"key":"HollowMod:QueensCombRelic"},{"floor":31.0,"key":"Ornamental Fan"},{"floor":40.0,"key":"InkBottle"},{"floor":42.0,"key":"Bottled Tornado"},{"floor":48.0,"key":"White Beast Statue"}],"event_choices":[{"damage_healed":0.0,"max_hp_gain":0.0,"max_hp_loss":0.0,"gold_gain":0.0,"event_name":"Shining Light","player_choice":"Entered Light","floor":3.0,"gold_loss":0.0,"damage_taken":15.0,"cards_upgraded":["PrismaMod:ChloeCommonDefend","PrismaMod:ChloeCommonDefend"]},{"damage_healed":0.0,"max_hp_gain":0.0,"max_hp_loss":0.0,"gold_gain":0.0,"event_name":"The Woman in Blue","player_choice":"Bought 0 Potions","floor":5.0,"gold_loss":0.0,"damage_taken":0.0},{"damage_healed":0.0,"max_hp_gain":0.0,"max_hp_loss":0.0,"gold_gain":0.0,"event_name":"Lab","player_choice":"Got Potions","floor":19.0,"gold_loss":0.0,"damage_taken":0.0},{"damage_healed":0.0,"max_hp_gain":0.0,"max_hp_loss":0.0,"gold_gain":0.0,"event_name":"Upgrade Shrine","player_choice":"Upgraded","floor":36.0,"gold_loss":0.0,"damage_taken":0.0,"cards_upgraded":["PrismaMod:ChloeChristmas"]},{"damage_healed":0.0,"max_hp_gain":0.0,"max_hp_loss":0.0,"gold_gain":0.0,"event_name":"Tomb of Lord Red Mask","player_choice":"Ignored","floor":44.0,"gold_loss":0.0,"damage_taken":0.0},{"damage_healed":0.0,"max_hp_gain":0.0,"max_hp_loss":0.0,"gold_gain":0.0,"event_name":"SensoryStone","player_choice":"Memory 1","floor":45.0,"gold_loss":0.0,"damage_taken":0.0}],"is_beta":false,"boss_relics":[{"not_picked":["Velvet Choker","Philosopher\u0027s Stone"],"picked":"SlaversCollar"},{"not_picked":["Fusion Hammer","Runic Dome"],"picked":"Sozu"}],"items_purged_floors":[53],"is_endless":false,"potions_floor_spawned":[2,10,13,16,20,24,28,31,33,39,46,47,48],"killed_by":"Shield and Spear","ascension_level":2}}