{"host":"ifd7sfhtlbe34qll","time":1607536838,"event":{"gold_per_floor":[109,127,146,165,130,130,155,155,155,155,168,200,219,233,233,233,233],"floor_reached":16,"playtime":720,"items_purged":[],"score":228,"play_id":"589a4e7b-10e0-4ae0-9263-6f1c5dfe48da","local_time":"20201209120038","is_ascension_mode":true,"campfire_choices":[{"data":"Bash","floor":6,"key":"SMITH"},{"data":"Feed","floor":10,"key":"SMITH"},{"floor":15,"key":"REST"}],"neow_cost":"NONE","seed_source_timestamp":39383995371500,"circlet_count":0,"master_deck":["AscendersBane","Strike_R","Strike_R","Strike_R","Strike_R","Defend_R","Defend_R","Defend_R","Defend_R","Bash+1","CurseOfTheBell","Pommel Strike","Thunderclap","Carnage","Feed+1","Burning Pact","Headbutt","Perfected Strike","Shockwave"],"relics":["Calling Bell","Nunchaku","Self Forming Clay","Champion Belt","Juzu Bracelet","InkBottle","FossilizedHelix"],"potions_floor_usage":[12,16],"damage_taken":[{"damage":10,"enemies":"Cultist","floor":1,"turns":5},{"damage":3,"enemies":"2 Louse","floor":2,"turns":3},{"damage":6,"enemies":"Small Slimes","floor":3,"turns":3},{"damage":8,"enemies":"Red Slaver","floor":4,"turns":3},{"damage":23,"enemies":"3 Sentries","floor":7,"turns":7},{"damage":13,"enemies":"Lots of Slimes","floor":11,"turns":5},{"damage":17,"enemies":"Lagavulin","floor":12,"turns":7},{"damage":8,"enemies":"Exordium Thugs","floor":13,"turns":4},{"damage":0,"enemies":"Large Slime","floor":14,"turns":5},{"damage":36,"enemies":"The Guardian","floor":16,"turns":10}],"seed_played":"-1724195527962048232","potions_obtained":[{"floor":7,"key":"PowerPotion"},{"floor":12,"key":"Dexterity Potion"},{"floor":14,"key":"SteroidPotion"}],"is_trial":false,"path_per_floor":["M","M","M","M","?","R","E","?","T","R","M","E","M","M","R","B"],"character_chosen":"IRONCLAD","items_purchased":[],"campfire_rested":1,"item_purchase_floors":[],"current_hp_per_floor":[58,55,49,41,59,59,36,36,36,36,27,14,6,10,36,0,0],"gold":233,"neow_bonus":"BOSS_RELIC","is_prod":false,"is_daily":false,"chose_seed":false,"campfire_upgraded":2,"win_rate":0,"timestamp":1607536838,"path_taken":["M","M","?","M","?","R","E","?","T","R","M","E","M","M","R","BOSS"],"build_version":"2020-11-30","purchased_purges":0,"victory":false,"max_hp_per_floor":[75,75,75,75,75,75,75,75,75,75,79,83,83,87,87,87,87],"relic_stats":{"Nunchaku":[9],"counters":[10,52],"Self Forming Clay":[69],"Juzu Bracelet":0,"Champion Belt":[24],"obtain_stats":[{"Calling Bell":0,"Nunchaku":0,"Self Forming Clay":0,"Juzu Bracelet":7,"Champion Belt":0,"Burning Blood":0,"InkBottle":9,"FossilizedHelix":12},{"Calling Bell":0,"Nunchaku":0,"Self Forming Clay":0,"Juzu Bracelet":5,"Champion Belt":0,"Burning Blood":0,"InkBottle":5,"FossilizedHelix":7},{"Calling Bell":0,"Nunchaku":0,"Self Forming Clay":0,"Juzu Bracelet":21,"Champion Belt":0,"Burning Blood":0,"InkBottle":21,"FossilizedHelix":33}],"InkBottle":[7]},"card_choices":[{"not_picked":["Rage","Twin Strike"],"picked":"Pommel Strike","floor":1},{"not_picked":["Armaments","Clash","Shrug It Off"],"picked":"SKIP","floor":2},{"not_picked":["Clash","Rage"],"picked":"Thunderclap","floor":3},{"not_picked":["Clothesline","Havoc"],"picked":"Carnage","floor":4},{"not_picked":["Bludgeon","Perfected Strike"],"picked":"Feed","floor":7},{"not_picked":["Clash","Sword Boomerang"],"picked":"Burning Pact","floor":11},{"not_picked":["Iron Wave","Cleave"],"picked":"Headbutt","floor":12},{"not_picked":["Cleave","Havoc"],"picked":"Perfected Strike","floor":13},{"not_picked":["Anger","Sever Soul"],"picked":"Shockwave","floor":14}],"player_experience":1395264,"relics_obtained":[{"floor":0,"key":"Nunchaku"},{"floor":0,"key":"Self Forming Clay"},{"floor":0,"key":"Champion Belt"},{"floor":7,"key":"Juzu Bracelet"},{"floor":9,"key":"InkBottle"},{"floor":12,"key":"FossilizedHelix"}],"event_choices":[{"damage_healed":18,"gold_gain":0,"player_choice":"Healed","damage_taken":0,"max_hp_gain":0,"max_hp_loss":0,"event_name":"The Cleric","floor":5,"gold_loss":35},{"cards_removed":["Strike_R"],"damage_healed":0,"gold_gain":0,"player_choice":"Offered Basic","damage_taken":0,"max_hp_gain":0,"max_hp_loss":0,"event_name":"Bonfire Elementals","floor":8,"gold_loss":0}],"is_beta":false,"boss_relics":[],"items_purged_floors":[],"is_endless":false,"potions_floor_spawned":[7,12,14],"killed_by":"The Guardian","ascension_level":20}}