{"host":"tder1l6ikse0p2as","time":1607552671,"event":{"gold_per_floor":[198,198,198,225,80,80,90,90,90,90,121,136,170,32,32,133,133,149,164,18,18,34,34,133,133,180,180,214,230,248,248,248,343,343,362,362,375,75,75,75,7,7,7,39,39,339,339,363,363,363],"floor_reached":51,"playtime":2374,"items_purged":[],"score":820,"play_id":"f192f65c-14c7-4993-804c-7bfd1181933e","local_time":"20201209222431","daily_mods":["Vintage","Heirloom","Time Dilation","Elite Swarm","Night Terrors","Terminal"],"is_ascension_mode":false,"campfire_choices":[{"data":"alterego_mod:BrynhildrsRune","floor":6,"key":"SMITH"},{"data":"alterego_mod:Jiggle","floor":8,"key":"SMITH"},{"data":"alterego_mod:BigMeatyClaws","floor":10,"key":"SMITH"},{"data":"ReplayTheSpireMod:Private Reserves","floor":15,"key":"SMITH"},{"data":"alterego_mod:Defend","floor":23,"key":"SMITH"},{"data":"alterego_mod:Defend","floor":25,"key":"SMITH"},{"data":"TH:ArmorSpikes","floor":27,"key":"SMITH"},{"data":"alterego_mod:Defend","floor":32,"key":"SMITH"},{"data":"alterego_mod:Defend","floor":40,"key":"SMITH"},{"data":"alterego_mod:RocketPunch","floor":42,"key":"SMITH"},{"floor":45,"key":"REST"},{"data":"ReplayTheSpireMod:Private Reserves","floor":49,"key":"SMITH"}],"neow_cost":"","seed_source_timestamp":0,"circlet_count":0,"master_deck":["alterego_mod:Strike+1","alterego_mod:Strike+1","alterego_mod:Strike+1","alterego_mod:Strike+1","alterego_mod:Defend+1","alterego_mod:Defend+1","alterego_mod:Defend+1","alterego_mod:Defend+1","alterego_mod:Impale+1","alterego_mod:BigMeatyClaws+1","alterego_mod:BrynhildrsRune+1","alterego_mod:Jiggle+1","alterego_mod:Nekomimi+1","ReplayTheSpireMod:Private Reserves+1","TH:ArmorSpikes+1","alterego_mod:RocketPunch+1","ReplayTheSpireMod:Private Reserves+1","TH:TreasureMap"],"relics":["alterego_mod:MasochisticConstitution","CaptainsWheel","Dota2Spire:ArcaneBoots","Juzu Bracelet","Incense Burner","Ice Cream","Strawberry","Omamori","aspiration:IroncladSkillbook","Whetstone","Oddly Smooth Stone","Guide Book","hubris:TenFootPole","PreservedInsect","Ancient Tea Set","Lantern","Iron Core","hubris:TerracottaHorce","ReplayFunnel","Bag of Marbles","Pen Nib","Dota2Spire:Desolator","Dota2Spire:AghanimScepter","Bag of Preparation"],"potions_floor_usage":[13,16,30,30],"damage_taken":[{"damage":1,"enemies":"2 Louse","floor":1,"turns":4},{"damage":11,"enemies":"Small Slimes","floor":7,"turns":4},{"damage":37,"enemies":"Gremlin Nob","floor":11,"turns":6},{"damage":0,"enemies":"Jaw Worm","floor":12,"turns":5},{"damage":0,"enemies":"HollowMod:MossKnight","floor":13,"turns":1},{"damage":37,"enemies":"Slime Boss","floor":16,"turns":18},{"damage":4,"enemies":"Spheric Guardian","floor":18,"turns":6},{"damage":0,"enemies":"3 Byrds","floor":19,"turns":6},{"damage":0,"enemies":"Centurion and Healer","floor":22,"turns":6},{"damage":5,"enemies":"Replay:Snechameleon","floor":28,"turns":4},{"damage":7,"enemies":"3 Cultists","floor":29,"turns":6},{"damage":1,"enemies":"Cultist and Chosen","floor":30,"turns":4},{"damage":46,"enemies":"Automaton","floor":33,"turns":10},{"damage":56,"enemies":"3 Shapes","floor":35,"turns":4},{"damage":21,"enemies":"3 Darklings","floor":37,"turns":4},{"damage":24,"enemies":"R_Hoarder","floor":44,"turns":5},{"damage":1,"enemies":"Donu and Deca","floor":50,"turns":10}],"seed_played":"-2670240564863311412","potions_obtained":[{"floor":11,"key":"AttackPotion"},{"floor":12,"key":"AttackPotion"},{"floor":18,"key":"Regen Potion"},{"floor":22,"key":"ColorlessPotion"},{"floor":29,"key":"PowerPotion"}],"is_trial":true,"path_per_floor":["M","?","?","?","$","R","M","R","T","R","E","M","E","$","R","B",null,"M","M","$","?","M","R","?","R","T","R","E","M","M","?","R","B",null,"M","?","M","$","?","R","$","R","T","E","R","?","?","T","R","B",null],"character_chosen":"The_Alterego","items_purchased":["Dota2Spire:ArcaneBoots","alterego_mod:Nekomimi+1","ReplayTheSpireMod:Private Reserves","Guide Book","Bag of Marbles","Pen Nib","alterego_mod:RocketPunch"],"campfire_rested":1,"item_purchase_floors":[5,14,14,20,38,38,41],"current_hp_per_floor":[89,103,112,94,104,114,121,131,141,151,125,142,152,162,172,160,248,258,267,276,285,294,303,312,321,330,339,349,359,369,378,387,356,397,356,366,360,370,380,390,400,410,420,411,503,512,521,530,539,549],"gold":363,"neow_bonus":"","is_prod":false,"is_daily":false,"chose_seed":false,"campfire_upgraded":11,"win_rate":0,"timestamp":1607552671,"path_taken":["M","?","?","?","$","R","?","R","T","R","E","M","E","?","R","BOSS","M","M","$","?","M","R","?","R","T","R","E","M","M","?","R","BOSS","M","?","M","$","?","R","?","R","T","E","R","?","?","?","R","BOSS"],"build_version":"2020-11-30","purchased_purges":0,"victory":true,"max_hp_per_floor":[89,103,112,121,130,139,149,158,167,176,186,202,211,220,229,239,248,258,267,276,285,294,303,312,321,330,339,349,359,369,378,387,397,406,416,425,435,444,453,462,471,480,489,499,503,512,521,530,539,549],"relic_stats":{"counters":[17,103],"PreservedInsect":111,"Pen Nib":[6],"Juzu Bracelet":2,"Bag of Preparation":[2],"Whetstone":["alterego_mod:Strike","alterego_mod:Strike"],"obtain_stats":[{"Ice Cream":11,"ReplayFunnel":35,"alterego_mod:MasochisticConstitution":0,"Lantern":30,"Iron Core":31,"Guide Book":20,"Oddly Smooth Stone":19,"PreservedInsect":26,"Pen Nib":38,"Juzu Bracelet":7,"Incense Burner":9,"Omamori":13,"Bag of Preparation":48,"Whetstone":18,"Ancient Tea Set":29,"aspiration:IroncladSkillbook":17,"hubris:TerracottaHorce":34,"CaptainsWheel":0,"Dota2Spire:AghanimScepter":44,"Strawberry":12,"hubris:TenFootPole":22,"Bag of Marbles":38,"Dota2Spire:ArcaneBoots":5,"Dota2Spire:Desolator":43},{"Ice Cream":3,"ReplayFunnel":14,"alterego_mod:MasochisticConstitution":0,"Lantern":12,"Iron Core":12,"Guide Book":8,"Oddly Smooth Stone":8,"PreservedInsect":9,"Pen Nib":15,"Juzu Bracelet":2,"Incense Burner":2,"Omamori":5,"Bag of Preparation":16,"Whetstone":7,"Ancient Tea Set":11,"aspiration:IroncladSkillbook":6,"hubris:TerracottaHorce":13,"CaptainsWheel":0,"Dota2Spire:AghanimScepter":16,"Strawberry":4,"hubris:TenFootPole":9,"Bag of Marbles":15,"Dota2Spire:ArcaneBoots":1,"Dota2Spire:Desolator":15},{"Ice Cream":14,"ReplayFunnel":84,"alterego_mod:MasochisticConstitution":0,"Lantern":70,"Iron Core":70,"Guide Book":50,"Oddly Smooth Stone":50,"PreservedInsect":56,"Pen Nib":88,"Juzu Bracelet":8,"Incense Burner":8,"Omamori":20,"Bag of Preparation":93,"Whetstone":44,"Ancient Tea Set":66,"aspiration:IroncladSkillbook":38,"hubris:TerracottaHorce":80,"CaptainsWheel":0,"Dota2Spire:AghanimScepter":93,"Strawberry":19,"hubris:TenFootPole":56,"Bag of Marbles":88,"Dota2Spire:ArcaneBoots":4,"Dota2Spire:Desolator":88}]},"card_choices":[{"not_picked":["alterego_mod:PerceptionDisorder","alterego_mod:Lingerie"],"picked":"alterego_mod:Jiggle","floor":4},{"not_picked":["TH:CopperCoins","TH:Mimic"],"picked":"SKIP","floor":9},{"not_picked":["TH:ArmorSpikes","TH:DeckOfManyThings"],"picked":"SKIP","floor":11},{"not_picked":["alterego_mod:InsideBaseball","alterego_mod:IdEs","alterego_mod:Venus"],"picked":"SKIP","floor":11},{"not_picked":["TH:CursedSword","TH:ArmorSpikes"],"picked":"SKIP","floor":13},{"not_picked":["alterego_mod:PainIsPleasure","alterego_mod:SideboobHour","alterego_mod:Alter"],"picked":"SKIP","floor":13},{"not_picked":["TH:ElvenBoots","TH:PixieDust"],"picked":"TH:ArmorSpikes","floor":26},{"not_picked":["TH:Mimic","TH:ElvenBoots","TH:CursedSword"],"picked":"SKIP","floor":28},{"not_picked":["alterego_mod:Valkyrie","alterego_mod:InsideBaseball","alterego_mod:Alter","alterego_mod:SideboobHour"],"picked":"SKIP","floor":28},{"not_picked":["TH:BikiniMail","TH:EnergyPotion","TH:ElvenBoots"],"picked":"SKIP","floor":43},{"not_picked":["TH:BikiniMail","TH:ArmorSpikes","TH:CopperCoins"],"picked":"SKIP","floor":44},{"not_picked":["alterego_mod:Valkyrie","Feed","alterego_mod:GIGAMILK","Berserk"],"picked":"SKIP","floor":44},{"not_picked":["Specialist","Madness","Finesse"],"picked":"ReplayTheSpireMod:Private Reserves","floor":47},{"not_picked":["TH:DeckOfManyThings","TH:EnergyPotion"],"picked":"TH:TreasureMap","floor":48}],"player_experience":125140,"relics_obtained":[{"floor":7,"key":"Juzu Bracelet"},{"floor":9,"key":"Incense Burner"},{"floor":11,"key":"Ice Cream"},{"floor":12,"key":"Strawberry"},{"floor":13,"key":"Omamori"},{"floor":18,"key":"Whetstone"},{"floor":19,"key":"Oddly Smooth Stone"},{"floor":22,"key":"hubris:TenFootPole"},{"floor":26,"key":"PreservedInsect"},{"floor":29,"key":"Ancient Tea Set"},{"floor":30,"key":"Lantern"},{"floor":35,"key":"ReplayFunnel"},{"floor":43,"key":"Dota2Spire:Desolator"},{"floor":44,"key":"Dota2Spire:AghanimScepter"},{"floor":48,"key":"Bag of Preparation"}],"event_choices":[{"damage_healed":0,"gold_gain":0,"player_choice":"Donut","damage_taken":0,"max_hp_gain":5,"max_hp_loss":0,"event_name":"Big Fish","floor":2,"gold_loss":0},{"damage_healed":0,"gold_gain":0,"player_choice":"Ignored","damage_taken":0,"max_hp_gain":0,"max_hp_loss":0,"event_name":"Vampires","floor":21,"gold_loss":0},{"damage_healed":0,"gold_gain":99,"player_choice":"Steal","damage_taken":0,"max_hp_gain":0,"max_hp_loss":0,"event_name":"betterThird:BetterNest","floor":24,"gold_loss":0},{"damage_healed":0,"gold_gain":0,"player_choice":"Bought 0 Potions","damage_taken":0,"max_hp_gain":0,"max_hp_loss":0,"event_name":"The Woman in Blue","floor":36,"gold_loss":0},{"damage_healed":0,"gold_gain":0,"player_choice":"Ignored","damage_taken":0,"max_hp_gain":0,"max_hp_loss":0,"event_name":"NoteForYourself","floor":39,"gold_loss":0},{"damage_healed":0,"gold_gain":300,"player_choice":"Gold","damage_taken":0,"max_hp_gain":0,"max_hp_loss":0,"event_name":"Wheel of Change","floor":46,"gold_loss":0},{"damage_healed":0,"gold_gain":0,"player_choice":"Memory 1","damage_taken":0,"max_hp_gain":0,"max_hp_loss":0,"event_name":"SensoryStone","floor":47,"gold_loss":0}],"is_beta":false,"boss_relics":[{"not_picked":["ReplayTheSpireMod:DimensionalGlitch","Dota2Spire:RefresherOrb"],"picked":"aspiration:IroncladSkillbook"},{"not_picked":["Painkiller Herb","Cursed Key"],"picked":"hubris:TerracottaHorce"}],"items_purged_floors":[],"is_endless":false,"potions_floor_spawned":[11,12,13,18,22,29],"ascension_level":0}}