{"host":"l8n56n8abrvcftzc","time":1607555276,"event":{"gold_per_floor":[112,112,122,47,74,74,91,91,91,91,123,148,164,181,181,279,279,294,311,323,323,323,323,350,350,350,350,379,479,502,518,518,621,621,635,648,648,648,665,665,698,698,722,722,722,722,41,41,60,95,95,103,103],"floor_reached":52,"playtime":61080,"items_purged":["Strike_G","Strike_G"],"score":746,"play_id":"0fd0e68c-036b-46ff-b07d-9b7468cd6bbb","local_time":"20201209150756","is_ascension_mode":false,"campfire_choices":[{"data":"Neutralize","floor":6.0,"key":"SMITH"},{"data":"Bouncing Flask","floor":15.0,"key":"SMITH"},{"data":"Envenom","floor":23.0,"key":"SMITH"},{"floor":25.0,"key":"REST"},{"floor":32.0,"key":"REST"},{"data":"Madness","floor":40,"key":"SMITH"},{"floor":51,"key":"RECALL"}],"neow_cost":"NONE","seed_source_timestamp":1237499441506600,"circlet_count":0,"master_deck":["Strike_G","Strike_G","Defend_G+1","Defend_G","Defend_G+1","Survivor","Neutralize+1","Well Laid Plans+1","Bouncing Flask+1","Cloak And Dagger","Toxin Wave","Envenom+1","Hidden Blade+1","Outmaneuver","Underhanded Strike","PiercingWail","Storm of Steel","Fluid Movement","Outmaneuver+1","Corpse Explosion","A Thousand Cuts","Choke+1","Outmaneuver+1","Madness+1","Madness","Accuracy","Dodge and Roll","ReplayTheSpireMod:Scrap Shanks","Acrobatics+1","Footwork","Backflip+1"],"special_seed":0,"relics":["Ring of the Snake","aspiration:Nostalgia","Cracked Core","Bag of Preparation","Simple Rune","Odd Mushroom","hubris:VirtuousBlindfold","aspiration:FrozenJewel","Blue Candle","hubris:Towel","Juzu Bracelet","Eternal Feather","Prayer Wheel","Tiny Chest","hubris:Backtick","Ice Cream","MealTicket","Replay:Wax Seal","Singing Bowl","hubris:CuriousFeather","hubris:AncientText","Replay:Bandana"],"potions_floor_usage":[39,39,50],"damage_taken":[{"damage":0.0,"enemies":"Jaw Worm","floor":1.0,"turns":4.0},{"damage":1.0,"enemies":"Cultist","floor":3.0,"turns":3.0},{"damage":0.0,"enemies":"Small Slimes","floor":7.0,"turns":3.0},{"damage":35.0,"enemies":"Replay:BlueRogue","floor":11.0,"turns":9.0},{"damage":1.0,"enemies":"The Mushroom Lair","floor":12.0,"turns":6.0},{"damage":0.0,"enemies":"2 Fungi Beasts","floor":13.0,"turns":3.0},{"damage":0.0,"enemies":"Blue Slaver","floor":14.0,"turns":3.0},{"damage":13.0,"enemies":"Hexaghost","floor":16.0,"turns":8.0},{"damage":19.0,"enemies":"2 Thieves","floor":18.0,"turns":4.0},{"damage":0.0,"enemies":"Spheric Guardian","floor":19.0,"turns":3.0},{"damage":7.0,"enemies":"Snake Plant","floor":20.0,"turns":5.0},{"damage":24.0,"enemies":"Gremlin Leader","floor":24.0,"turns":6.0},{"damage":8.0,"enemies":"Book of Stabbing","floor":28.0,"turns":6.0},{"damage":0.0,"enemies":"Colosseum Slavers","floor":29.0,"turns":4.0},{"damage":8.0,"enemies":"Colosseum Nobs","floor":29.0,"turns":5.0},{"damage":5.0,"enemies":"Centurion and Healer","floor":31.0,"turns":6.0},{"damage":22.0,"enemies":"Pondfish","floor":33.0,"turns":10.0},{"damage":0.0,"enemies":"3 Shapes","floor":35.0,"turns":5.0},{"damage":20.0,"enemies":"3 Darklings","floor":36.0,"turns":3.0},{"damage":9,"enemies":"Writhing Mass","floor":39,"turns":5},{"damage":44,"enemies":"Reptomancer","floor":41,"turns":8},{"damage":0,"enemies":"Transient","floor":49,"turns":5},{"damage":21,"enemies":"R_Hoarder","floor":50,"turns":8},{"damage":94,"enemies":"Donu and Deca","floor":52,"turns":6}],"seed_played":"-125892052821394014","potions_obtained":[{"floor":3.0,"key":"AttackPotion"},{"floor":12.0,"key":"Block Potion"},{"floor":16.0,"key":"BlessingOfTheForge"},{"floor":28.0,"key":"Adrenaline Potion"},{"floor":29.0,"key":"Energy Potion"},{"floor":33.0,"key":"BlessingOfTheForge"},{"floor":49,"key":"Weak Potion"},{"floor":50,"key":"LiquidBronze"}],"is_trial":false,"path_per_floor":["M","?","M","$","T","R","M","?","T","$","E","?","M","M","R","B",null,"M","M","M","?","?","R","E","R","T","?","E","?","T","M","R","B",null,"M","M","?","?","M","R","E","?","T","PTL","PTL","T","$","?","M","E","R_BF","B"],"character_chosen":"THE_SILENT","items_purchased":["Acrobatics","hubris:CuriousFeather","hubris:AncientText","Footwork"],"campfire_rested":2,"item_purchase_floors":[47,47,47,47],"current_hp_per_floor":[70,70,69,69,69,69,69,69,69,69,34,33,33,33,33,20,70,51,51,44,44,44,44,20,41,41,41,33,25,25,20,53,31,70,70,50,41,41,32,47,3,80,80,80,80,80,80,80,82,63,81,0,0],"gold":103,"neow_bonus":"NOSTALGIA","is_prod":false,"is_daily":false,"chose_seed":false,"campfire_upgraded":4,"win_rate":0,"timestamp":1607555276,"path_taken":["M","?","?","$","?","R","M","?","T","$","E","?","M","?","R","BOSS","M","M","?","?","?","R","E","R","T","?","E","?","?","M","R","BOSS","M","M","?","?","M","R","E","?","T","PTL","PTL","?","$","?","M","E","R_BF","BOSS"],"build_version":"2020-11-30","purchased_purges":2,"victory":false,"max_hp_per_floor":[70,70,70,70,70,70,70,70,70,70,70,70,70,70,70,70,70,70,70,70,70,70,70,70,70,70,70,70,70,70,70,70,70,70,70,70,70,70,70,70,70,80,80,80,80,80,80,80,82,84,84,84,84],"relic_stats":{"Singing Bowl":4,"counters":[24,128],"Blue Candle":[0],"Eternal Feather":45,"Prayer Wheel":10,"Tiny Chest":1,"MealTicket":0,"Bag of Preparation":[42],"Juzu Bracelet":2,"obtain_stats":[{"Ice Cream":34,"Singing Bowl":46,"aspiration:Nostalgia":0,"Blue Candle":26,"hubris:VirtuousBlindfold":17,"Eternal Feather":29,"Bag of Preparation":9,"Juzu Bracelet":28,"Odd Mushroom":12,"hubris:Towel":27,"aspiration:FrozenJewel":24,"Replay:Bandana":50,"hubris:Backtick":34,"Simple Rune":11,"Prayer Wheel":29,"Tiny Chest":30,"MealTicket":41,"hubris:CuriousFeather":47,"Replay:Wax Seal":43,"Cracked Core":0,"hubris:AncientText":47,"Ring of the Snake":0},{"Ice Cream":17,"Singing Bowl":21,"aspiration:Nostalgia":0,"Blue Candle":12,"hubris:VirtuousBlindfold":8,"Eternal Feather":15,"Bag of Preparation":3,"Juzu Bracelet":13,"Odd Mushroom":5,"hubris:Towel":12,"aspiration:FrozenJewel":12,"Replay:Bandana":23,"hubris:Backtick":17,"Simple Rune":4,"Prayer Wheel":15,"Tiny Chest":15,"MealTicket":21,"hubris:CuriousFeather":21,"Replay:Wax Seal":21,"Cracked Core":0,"hubris:AncientText":21,"Ring of the Snake":0},{"Ice Cream":88,"Singing Bowl":109,"aspiration:Nostalgia":0,"Blue Candle":57,"hubris:VirtuousBlindfold":39,"Eternal Feather":72,"Bag of Preparation":10,"Juzu Bracelet":63,"Odd Mushroom":25,"hubris:Towel":57,"aspiration:FrozenJewel":57,"Replay:Bandana":122,"hubris:Backtick":88,"Simple Rune":19,"Prayer Wheel":72,"Tiny Chest":72,"MealTicket":109,"hubris:CuriousFeather":109,"Replay:Wax Seal":109,"Cracked Core":0,"hubris:AncientText":109,"Ring of the Snake":0}],"Ring of the Snake":[48]},"card_choices":[{"not_picked":["Deflect","Outmaneuver","Acrobatics"],"picked":"SKIP","floor":1.0},{"not_picked":["Deflect","Poisoned Stab"],"picked":"Well Laid Plans","floor":3.0},{"not_picked":["Slice","Sucker Punch","Dagger Throw"],"picked":"SKIP","floor":7.0},{"not_picked":["Venomology","Skewer"],"picked":"Bouncing Flask","floor":11.0},{"not_picked":["Concentrate","Quick Slash"],"picked":"Cloak And Dagger","floor":13.0},{"not_picked":["hubris:SlightOfHand","Bane"],"picked":"Toxin Wave","floor":14.0},{"not_picked":["Unload","Phantasmal Killer"],"picked":"Envenom","floor":16.0},{"not_picked":["All Out Attack","Dagger Throw"],"picked":"Hidden Blade+1","floor":18.0},{"not_picked":["Sneak Up","Expertise+1"],"picked":"Outmaneuver","floor":19.0},{"not_picked":["Deadly Poison","Bane+1","Underhanded Strike"],"picked":"SKIP","floor":20.0},{"not_picked":["All Out Attack","Phantasmal Killer"],"picked":"PiercingWail","floor":24.0},{"not_picked":["Quick Slash","Flechettes"],"picked":"Storm of Steel","floor":28.0},{"not_picked":["PiercingWail","Bane"],"picked":"Fluid Movement","floor":29.0},{"not_picked":["hubris:SlightOfHand","Blade Dance+1"],"picked":"Outmaneuver+1","floor":31.0},{"not_picked":["Tactician","Prepared+1"],"picked":"Corpse Explosion","floor":31.0},{"not_picked":["Die Die Die","Night Terror"],"picked":"A Thousand Cuts","floor":33.0},{"not_picked":["Distraction","Predator+1"],"picked":"Choke+1","floor":35.0},{"not_picked":["Blade Dance+1","ReplayTheSpireMod:Shiv Toss","Heel Hook"],"picked":"SKIP","floor":35.0},{"not_picked":["PiercingWail+1","hubris:Sniper+1"],"picked":"Outmaneuver+1","floor":36.0},{"not_picked":["Finisher","Bane+1","Slice"],"picked":"SKIP","floor":36.0},{"not_picked":["Flechettes","Dodge and Roll+1"],"picked":"Accuracy","floor":39},{"not_picked":["Distraction+1","Underhanded Strike"],"picked":"Dodge and Roll","floor":39},{"not_picked":["ReplayTheSpireMod:Shiv Toss","Deadly Poison"],"picked":"ReplayTheSpireMod:Scrap Shanks","floor":41},{"not_picked":["Caltrops+1","Outmaneuver"],"picked":"Backflip+1","floor":49},{"not_picked":["hubris:SlightOfHand","Dagger Spray+1","Dagger Throw"],"picked":"Singing Bowl","floor":49},{"not_picked":["Deflect","Dodge and Roll","Dagger Throw+1"],"picked":"Singing Bowl","floor":50}],"player_experience":677244,"relics_obtained":[{"floor":9.0,"key":"Bag of Preparation"},{"floor":11.0,"key":"Simple Rune"},{"floor":12.0,"key":"Odd Mushroom"},{"floor":24.0,"key":"aspiration:FrozenJewel"},{"floor":26.0,"key":"Blue Candle"},{"floor":28.0,"key":"Juzu Bracelet"},{"floor":29.0,"key":"Eternal Feather"},{"floor":29.0,"key":"Prayer Wheel"},{"floor":30.0,"key":"Tiny Chest"},{"floor":41,"key":"MealTicket"},{"floor":43,"key":"Replay:Wax Seal"},{"floor":46,"key":"Singing Bowl"},{"floor":50,"key":"Replay:Bandana"}],"event_choices":[{"cards_removed":["Defend_G"],"damage_healed":0.0,"max_hp_gain":0.0,"max_hp_loss":0.0,"gold_gain":0.0,"event_name":"Purifier","player_choice":"Purged","floor":2.0,"gold_loss":0.0,"damage_taken":0.0},{"damage_healed":0.0,"max_hp_gain":0.0,"max_hp_loss":0.0,"gold_gain":0.0,"event_name":"Mushrooms","player_choice":"Fought Mushrooms","floor":12.0,"gold_loss":0.0,"damage_taken":0.0},{"cards_removed":["Strike_G"],"damage_healed":0.0,"max_hp_gain":0.0,"max_hp_loss":0.0,"gold_gain":0.0,"event_name":"betterNote:BetterNote","player_choice":"Give","floor":21.0,"gold_loss":0.0,"damage_taken":0.0,"cards_obtained":["None"]},{"damage_healed":0.0,"max_hp_gain":0.0,"max_hp_loss":0.0,"gold_gain":0.0,"cards_transformed":["Strike_G","Defend_G"],"event_name":"Drug Dealer","player_choice":"Became Test Subject","floor":22.0,"gold_loss":0.0,"damage_taken":0.0,"cards_obtained":["Glass Knife","Underhanded Strike"]},{"damage_healed":0.0,"max_hp_gain":0.0,"max_hp_loss":0.0,"gold_gain":0.0,"event_name":"Colosseum","player_choice":"Fight","floor":29.0,"gold_loss":0.0,"damage_taken":0.0},{"damage_healed":0.0,"max_hp_gain":0.0,"max_hp_loss":0.0,"gold_gain":0.0,"event_name":"Colosseum","player_choice":"Fought Nobs","floor":29.0,"gold_loss":0.0,"damage_taken":0.0},{"damage_healed":0.0,"max_hp_gain":0.0,"max_hp_loss":0.0,"gold_gain":0.0,"event_name":"Winding Halls","player_choice":"Embrace Madness","floor":37.0,"gold_loss":0.0,"damage_taken":9.0,"cards_obtained":["Madness","Madness"]},{"damage_healed":0,"gold_gain":0,"player_choice":"0 cards matched","damage_taken":0,"max_hp_gain":0,"max_hp_loss":0,"event_name":"Match and Keep!","floor":38,"gold_loss":0,"cards_obtained":[]},{"cards_removed":["Glass Knife"],"damage_healed":67,"gold_gain":0,"player_choice":"Offered Rare","damage_taken":0,"max_hp_gain":10,"max_hp_loss":0,"event_name":"Bonfire Elementals","floor":42,"gold_loss":0},{"damage_healed":0,"gold_gain":0,"player_choice":"Forge","damage_taken":0,"max_hp_gain":0,"max_hp_loss":0,"event_name":"Accursed Blacksmith","floor":48,"gold_loss":0,"cards_upgraded":["Acrobatics"]}],"is_beta":false,"boss_relics":[{"not_picked":["aspiration:RitualDagger","Snecko Scales"],"picked":"hubris:VirtuousBlindfold"},{"not_picked":["hubris:ScarierMask","Replay:Bronze Core"],"picked":"hubris:Backtick"}],"items_purged_floors":[4,47],"is_endless":false,"potions_floor_spawned":[3,12,16,18,28,29,29,33,49,50],"killed_by":"Donu and Deca","ascension_level":0}}