{"host":"g3js2eermvvpeiqn","time":1607482501,"event":{"gold_per_floor":[109,184,210,220,10,10,160,160,160,193,193,193,228,248,248,347,347,368,293,208,233,65,98,98,122,122,122,161,161,182,182,182,271,271,295,314,314,100,123,123,163,163,213,244,244,277,227,152,152,152,152,152],"floor_reached":51,"playtime":2708,"items_purged":["Strike_R"],"score":1615,"play_id":"f1657c10-8ce5-4fad-83ce-8977b4b7313b","local_time":"20201208205501","is_ascension_mode":true,"campfire_choices":[{"data":"Searing Blow","floor":6.0,"key":"SMITH"},{"data":"Searing Blow+1","floor":8.0,"key":"SMITH"},{"data":"Feed","floor":11.0,"key":"SMITH"},{"data":"Searing Blow+2","floor":15.0,"key":"SMITH"},{"data":"Offering","floor":29.0,"key":"SMITH"},{"floor":32.0,"key":"REST"},{"data":"Double Tap","floor":40.0,"key":"SMITH"},{"data":"Demon Form","floor":42.0,"key":"SMITH"},{"floor":45.0,"key":"REST"},{"floor":49.0,"key":"RECALL"}],"neow_cost":"NONE","seed_source_timestamp":595751940915200,"circlet_count":0,"master_deck":["AscendersBane","Strike_R","Strike_R+1","Defend_R","Defend_R","Defend_R","Bash","Searing Blow+3","Thunderclap+1","Twin Strike","Feed+1","Uppercut+1","Shockwave","Offering+1","Bludgeon+1","Rupture+1","Immolate+1","Double Tap+1","Ghostly Armor","Demon Form+1","Inflame","Offering+1","Twin Strike","Inflame","Berserk+1","Armaments"],"special_seed":0,"relics":["Burning Blood","NeowsBlessing","Happy Flower","Brimstone","Whetstone","Ancient Tea Set","Golden Idol","Gremlin Horn","Astrolabe","Pen Nib","OrangePellets","Sundial","Akabeko","Sozu","Omamori","Darkstone Periapt","MealTicket","Ginger","Pantograph"],"potions_floor_usage":[51],"damage_taken":[{"damage":0.0,"enemies":"Jaw Worm","floor":1.0,"turns":1.0},{"damage":0.0,"enemies":"2 Louse","floor":4.0,"turns":1.0},{"damage":0.0,"enemies":"Lagavulin","floor":10.0,"turns":1.0},{"damage":28.0,"enemies":"3 Sentries","floor":13.0,"turns":5.0},{"damage":0.0,"enemies":"Small Slimes","floor":14.0,"turns":2.0},{"damage":54.0,"enemies":"Hexaghost","floor":16.0,"turns":6.0},{"damage":6.0,"enemies":"Chosen","floor":18.0,"turns":2.0},{"damage":24.0,"enemies":"3 Byrds","floor":21.0,"turns":3.0},{"damage":6.0,"enemies":"Slavers","floor":23.0,"turns":2.0},{"damage":21.0,"enemies":"Centurion and Healer","floor":25.0,"turns":2.0},{"damage":6.0,"enemies":"Gremlin Leader","floor":28.0,"turns":2.0},{"damage":14.0,"enemies":"Sentry and Sphere","floor":30.0,"turns":3.0},{"damage":38.0,"enemies":"Automaton","floor":33.0,"turns":6.0},{"damage":0.0,"enemies":"3 Darklings","floor":35.0,"turns":2.0},{"damage":7.0,"enemies":"3 Shapes","floor":36.0,"turns":2.0},{"damage":17.0,"enemies":"3 Darklings","floor":39.0,"turns":3.0},{"damage":14.0,"enemies":"Nemesis","floor":41.0,"turns":3.0},{"damage":32.0,"enemies":"Mind Bloom Boss Battle","floor":44.0,"turns":4.0},{"damage":27.0,"enemies":"Giant Head","floor":46.0,"turns":4.0},{"damage":62,"enemies":"Donu and Deca","floor":50,"turns":4},{"damage":62,"enemies":"Awakened One","floor":51,"turns":3}],"seed_played":"5612408259531849600","potions_obtained":[{"floor":1.0,"key":"Dexterity Potion"},{"floor":14.0,"key":"ElixirPotion"},{"floor":21.0,"key":"sneckomod:MuddlingPotion"},{"floor":23.0,"key":"Fire Potion"},{"floor":33.0,"key":"SpeedPotion"}],"is_trial":false,"path_per_floor":["M","?","T","M","$","R","?","R","T","E","R","?","E","M","R","B",null,"M","?","?","M","$","E","$","M","T","?","E","R","M","?","R","B",null,"M","M","?","$","M","R","E","R","T","?","R","E","?","$","R","B","B"],"character_chosen":"IRONCLAD","items_purchased":["Brimstone","Twin Strike","OrangePellets","Omamori","Twin Strike"],"campfire_rested":2,"item_purchase_floors":[5,5,22,38,38],"current_hp_per_floor":[74,63,63,69,69,69,69,69,69,75,75,68,50,56,56,8,56,56,56,56,42,42,46,46,31,31,31,35,35,31,19,45,13,69,75,78,78,78,67,67,59,59,59,33,60,39,39,54,54,23,0,0],"gold":152,"neow_bonus":"THREE_ENEMY_KILL","is_prod":false,"is_daily":false,"chose_seed":false,"campfire_upgraded":7,"win_rate":0,"timestamp":1607482501,"path_taken":["M","?","?","M","$","R","?","R","T","E","R","?","E","M","R","BOSS","M","?","?","M","$","E","$","M","T","?","E","R","M","?","R","BOSS","M","M","?","$","?","R","E","R","T","?","R","E","?","$","R","BOSS","BOSS"],"build_version":"2020-11-30","purchased_purges":1,"victory":false,"max_hp_per_floor":[75,75,75,75,75,75,75,75,75,75,75,68,72,72,72,72,72,72,72,72,76,76,80,80,80,80,80,84,84,88,88,88,88,88,88,92,92,92,92,92,92,92,92,92,92,92,92,92,92,92,96,96],"card_choices":[{"not_picked":["Dark Embrace","Body Slam"],"picked":"Searing Blow","floor":1.0},{"not_picked":["Combust","Body Slam"],"picked":"Thunderclap","floor":4.0},{"not_picked":["Bludgeon","Entrench"],"picked":"Feed","floor":10.0},{"not_picked":["Warcry","Clothesline"],"picked":"Uppercut","floor":13.0},{"not_picked":["Headbutt","Clothesline"],"picked":"Shockwave","floor":14.0},{"not_picked":["Juggernaut","Bludgeon"],"picked":"Offering","floor":16.0},{"not_picked":["Perfected Strike","Warcry","Fire Breathing"],"picked":"SKIP","floor":18.0},{"not_picked":["Havoc","Entrench","Thunderclap"],"picked":"SKIP","floor":21.0},{"not_picked":["Corruption","Pommel Strike","Dark Embrace"],"picked":"SKIP","floor":23.0},{"not_picked":["Carnage","Clash+1","Warcry+1"],"picked":"SKIP","floor":25.0},{"not_picked":["Searing Blow","Clash"],"picked":"Double Tap","floor":28.0},{"not_picked":["Headbutt","Warcry"],"picked":"Ghostly Armor","floor":30.0},{"not_picked":["Juggernaut","Brutality"],"picked":"Demon Form","floor":33.0},{"not_picked":["Warcry","True Grit","Spot Weakness"],"picked":"SKIP","floor":35.0},{"not_picked":["Clash","Iron Wave"],"picked":"Inflame","floor":36.0},{"not_picked":["Cleave","Body Slam"],"picked":"Inflame","floor":39.0},{"not_picked":["Clothesline","Sword Boomerang"],"picked":"Berserk","floor":41.0},{"not_picked":["Sword Boomerang","Combust"],"picked":"Armaments","floor":46.0}],"player_experience":1418293,"relics_obtained":[{"floor":3.0,"key":"Happy Flower"},{"floor":9.0,"key":"Whetstone"},{"floor":10.0,"key":"Ancient Tea Set"},{"floor":13.0,"key":"Gremlin Horn"},{"floor":23.0,"key":"Sundial"},{"floor":28.0,"key":"Akabeko"},{"floor":41.0,"key":"Darkstone Periapt"},{"floor":43.0,"key":"MealTicket"},{"floor":44.0,"key":"Ginger"},{"floor":46.0,"key":"Pantograph"}],"event_choices":[{"damage_healed":0.0,"max_hp_gain":0.0,"max_hp_loss":0.0,"gold_gain":75.0,"event_name":"World of Goop","player_choice":"Gather Gold","floor":2.0,"gold_loss":0.0,"damage_taken":11.0},{"damage_healed":0.0,"max_hp_gain":0.0,"max_hp_loss":0.0,"gold_gain":150.0,"event_name":"Liars Game","player_choice":"AGREE","floor":7.0,"gold_loss":0.0,"damage_taken":0.0,"cards_obtained":["Doubt"]},{"damage_healed":0.0,"max_hp_gain":0.0,"max_hp_loss":7.0,"gold_gain":0.0,"event_name":"Golden Idol","player_choice":"Lose Max HP","floor":12.0,"gold_loss":0.0,"damage_taken":0.0,"relics_obtained":["Golden Idol"]},{"cards_removed":["Doubt"],"damage_healed":0.0,"max_hp_gain":0.0,"max_hp_loss":0.0,"gold_gain":0.0,"event_name":"Beggar","player_choice":"Gave Gold","floor":19.0,"gold_loss":75.0,"damage_taken":0.0},{"damage_healed":0.0,"max_hp_gain":0.0,"max_hp_loss":0.0,"gold_gain":0.0,"event_name":"Addict","player_choice":"Obtained Relic","floor":20.0,"gold_loss":85.0,"damage_taken":0.0,"relics_obtained":["Pen Nib"]},{"damage_healed":0.0,"max_hp_gain":0.0,"max_hp_loss":0.0,"gold_gain":0.0,"event_name":"Ghosts","player_choice":"Ignored","floor":27.0,"gold_loss":0.0,"damage_taken":0.0},{"damage_healed":0.0,"max_hp_gain":0.0,"max_hp_loss":0.0,"gold_gain":0.0,"event_name":"Knowing Skull","player_choice":"POTION ","floor":31.0,"potions_obtained":["BlessingOfTheForge"],"gold_loss":0.0,"damage_taken":12.0,"cards_obtained":[]},{"damage_healed":0.0,"max_hp_gain":0.0,"max_hp_loss":0.0,"gold_gain":0.0,"event_name":"Duplicator","player_choice":"Copied","floor":37.0,"gold_loss":0.0,"damage_taken":0.0,"cards_obtained":["Offering"]},{"damage_healed":0.0,"max_hp_gain":0.0,"max_hp_loss":0.0,"gold_gain":0.0,"event_name":"MindBloom","player_choice":"Fight","floor":44.0,"gold_loss":0.0,"damage_taken":0.0},{"damage_healed":0.0,"max_hp_gain":0.0,"max_hp_loss":0.0,"gold_gain":0.0,"event_name":"Designer","player_choice":"Upgraded Two","floor":47.0,"gold_loss":50.0,"damage_taken":0.0,"cards_upgraded":["Uppercut","Berserk"]}],"is_beta":false,"boss_relics":[{"not_picked":["Calling Bell","Black Star"],"picked":"Astrolabe"},{"not_picked":["SlaversCollar","Empty Cage"],"picked":"Sozu"}],"items_purged_floors":[48],"is_endless":false,"potions_floor_spawned":[1,14,21,23,33,35,36,46],"killed_by":"Awakened One","ascension_level":20}}