{"host":"dbzukadmkvvxpu74","time":1607503144,"event":{"gold_per_floor":[111,121,121,132,144,176,176,176,176,202,202,233,247,262,262,366,366,378,390,410,429,442,442,442],"floor_reached":23,"playtime":2850,"items_purged":[],"score":217,"play_id":"8dd11118-90a7-4550-ba93-afa93f5cbcaa","local_time":"20201209013904","is_ascension_mode":false,"campfire_choices":[{"data":"Clash","floor":7,"key":"SMITH"},{"data":"Headbutt","floor":11,"key":"SMITH"},{"data":"Whirlwind","floor":15,"key":"SMITH"}],"neow_cost":"NONE","seed_source_timestamp":17685729198800,"circlet_count":0,"master_deck":["Strike_R","Strike_R","Strike_R","Strike_R","Strike_R","Defend_R","Defend_R","Defend_R","Defend_R","Bash","Reaper","Anger+1","ReplayReversal","Clash+1","Pommel Strike","Battle Trance+1","Decay","Headbutt+1","Whirlwind+1","ReplayTheSpireMod:Muscle Training+1","Power Through+1","Eclipse+1","Iron Wave","ReplayTheSpireMod:Strike From Hell+1","Intimidate+1"],"relics":["Burning Blood","Toxic Egg 2","Torii","Ginger","Nunchaku","Replay:Bronze Core"],"potions_floor_usage":[6,20,21,21,21,22],"damage_taken":[{"damage":18,"enemies":"Jaw Worm","floor":1,"turns":5},{"damage":1,"enemies":"Cultist","floor":2,"turns":4},{"damage":1,"enemies":"Small Slimes","floor":4,"turns":3},{"damage":10,"enemies":"Looter","floor":5,"turns":3},{"damage":11,"enemies":"Lagavulin","floor":6,"turns":5},{"damage":23,"enemies":"3 Sentries","floor":10,"turns":9},{"damage":33,"enemies":"Lagavulin","floor":12,"turns":5},{"damage":0,"enemies":"3 Louse","floor":13,"turns":1},{"damage":13,"enemies":"Exordium Thugs","floor":14,"turns":4},{"damage":42,"enemies":"Fading Forest","floor":16,"turns":11},{"damage":11,"enemies":"2 Thieves","floor":18,"turns":3},{"damage":1,"enemies":"Chosen","floor":19,"turns":4},{"damage":26,"enemies":"Centurion and Healer","floor":20,"turns":5},{"damage":35,"enemies":"Shelled Parasite and Fungi","floor":21,"turns":5},{"damage":17,"enemies":"Snake Plant","floor":22,"turns":3},{"damage":21,"enemies":"Book of Stabbing","floor":23,"turns":5}],"seed_played":"1756682128974388429","potions_obtained":[{"floor":4,"key":"Weak Potion"},{"floor":10,"key":"SkillPotion"},{"floor":12,"key":"Elixir"},{"floor":16,"key":"sneckomod:MuddlingPotion"},{"floor":19,"key":"Explosive Potion"},{"floor":20,"key":"EssenceOfSteel"},{"floor":21,"key":"Adrenaline Potion"}],"is_trial":false,"path_per_floor":["M","M","?","M","M","E","R","?","T","E","R","E","M","M","R","B",null,"M","M","M","M","M","E"],"character_chosen":"IRONCLAD","items_purchased":[],"campfire_rested":0,"item_purchase_floors":[],"current_hp_per_floor":[72,80,80,80,80,75,75,75,75,65,65,44,50,53,53,33,80,75,80,60,31,20,0,0],"gold":442,"neow_bonus":"ONE_RANDOM_RARE_CARD","is_prod":false,"is_daily":false,"chose_seed":false,"campfire_upgraded":3,"win_rate":0.0,"timestamp":1607503144,"path_taken":["M","M","?","M","M","E","R","?","T","E","R","E","?","M","R","BOSS","M","M","M","M","M","E"],"build_version":"2020-11-30","purchased_purges":0,"victory":false,"max_hp_per_floor":[80,80,80,80,80,80,80,80,80,80,80,80,80,80,80,80,80,80,80,80,80,80,80,80],"card_choices":[{"not_picked":["Run Through","Clash"],"picked":"Anger","floor":1},{"not_picked":["Dark Embrace","Heavy Blade"],"picked":"ReplayReversal","floor":2},{"not_picked":["Replay:Undeath\u0027s Touch","Run Through"],"picked":"Clash","floor":4},{"not_picked":["Massacre","Rupture"],"picked":"Pommel Strike","floor":5},{"not_picked":["Whirlwind","Dropkick"],"picked":"Battle Trance+1","floor":6},{"not_picked":["Intimidate+1","Heavy Blade"],"picked":"Headbutt","floor":10},{"not_picked":["Fire Breathing","Warcry+1"],"picked":"Whirlwind","floor":12},{"not_picked":["Cleave","Sword Boomerang"],"picked":"ReplayTheSpireMod:Muscle Training+1","floor":13},{"not_picked":["Barricade","Cleave"],"picked":"Power Through+1","floor":14},{"not_picked":["Corruption","Offering+1"],"picked":"Eclipse+1","floor":16},{"not_picked":["Anger","ReplayTheSpireMod:LeadingStrike"],"picked":"Iron Wave","floor":18},{"not_picked":["Heavy Blade+1","Clothesline","Headbutt"],"picked":"SKIP","floor":19},{"not_picked":["Heavy Blade+1","Eclipse+1"],"picked":"ReplayTheSpireMod:Strike From Hell+1","floor":20},{"not_picked":["Warcry+1","Dropkick","Body Slam"],"picked":"SKIP","floor":21},{"not_picked":["Perfected Strike","Pommel Strike"],"picked":"Intimidate+1","floor":22}],"player_experience":12000,"relics_obtained":[{"floor":6,"key":"Toxic Egg 2"},{"floor":9,"key":"Torii"},{"floor":10,"key":"Ginger"},{"floor":12,"key":"Nunchaku"}],"event_choices":[{"damage_healed":0,"gold_gain":0,"player_choice":"Grow","damage_taken":0,"max_hp_gain":0,"max_hp_loss":0,"event_name":"Living Wall","floor":3,"gold_loss":0,"cards_upgraded":["Anger"]},{"damage_healed":0,"gold_gain":0,"player_choice":"Cursed","damage_taken":0,"max_hp_gain":0,"max_hp_loss":0,"event_name":"Wheel of Change","floor":8,"gold_loss":0,"cards_obtained":["Decay"]}],"is_beta":false,"boss_relics":[{"not_picked":["Replay:Wanted Poster","Mark of Pain"],"picked":"Replay:Bronze Core"}],"items_purged_floors":[],"is_endless":false,"potions_floor_spawned":[4,10,12,16,19,20,21],"killed_by":"Book of Stabbing","ascension_level":0}}