{"host":"cjmwurvrz00ml9vd","time":1607545927,"event":{"gold_per_floor":[113,123,123,134,134,134,168,168,216,246,246,264,279,10,10,113,113,132,132,132,132],"floor_reached":20,"playtime":630,"items_purged":[],"score":381,"play_id":"4c27e586-8151-4d3e-a7c0-9685621e259d","local_time":"20201209213207","is_ascension_mode":true,"campfire_choices":[{"floor":6,"key":"REST"},{"data":"Zap","floor":8,"key":"SMITH"},{"floor":15,"key":"REST"}],"neow_cost":"","seed_source_timestamp":719926296226600,"circlet_count":0,"master_deck":["Strike_B","Strike_B","Strike_B","Strike_B","Defend_B","Defend_B","Defend_B","Defend_B","Zap+1","Dualcast+1","Flash of Steel","Chill","Chill","Scrape","FTL","Streamline","Pot Of Greed","Pot Of Greed","Gash","Gash","Seek"],"relics":["Cracked Core","aspiration:ChemicalBlood","Grinning Jar","PreservedInsect","Gremlin Food","HornCleat"],"potions_floor_usage":[7,13,16,16,18,20,20],"damage_taken":[{"damage":0,"enemies":"Cultist","floor":1,"turns":3},{"damage":0,"enemies":"2 Louse","floor":2,"turns":2},{"damage":6,"enemies":"conspire:RoseBush","floor":4,"turns":2},{"damage":22,"enemies":"Lagavulin","floor":7,"turns":4},{"damage":23,"enemies":"Gremlin Nob","floor":10,"turns":4},{"damage":0,"enemies":"2 Fungi Beasts","floor":12,"turns":2},{"damage":4,"enemies":"Large Slime","floor":13,"turns":4},{"damage":14,"enemies":"Slime Boss","floor":16,"turns":8},{"damage":21,"enemies":"2 Thieves","floor":18,"turns":4},{"damage":34,"enemies":"conspire:FuzzyDice","floor":20,"turns":4}],"seed_played":"-1164404227074716746","potions_obtained":[{"floor":7,"key":"BlessingOfTheForge"},{"floor":12,"key":"SkillPotion"},{"floor":16,"key":"Ancient Potion"},{"floor":18,"key":"GamblersBrew"},{"floor":20,"key":"PowerPotion"}],"is_trial":false,"path_per_floor":["M","M","$","M","$","R","E","R","T","E","?","M","M","$","R","B",null,"M","?","M"],"character_chosen":"DEFECT","items_purchased":["Flash of Steel","Chill","Scrape","FTL","SteroidPotion","Gash","Gremlin Food","hexamod:EctoCoolerPotion"],"campfire_rested":2,"item_purchase_floors":[0,0,0,0,0,14,14,14],"current_hp_per_floor":[38,38,38,32,32,54,32,32,32,9,9,9,5,5,27,13,60,39,32,0,0],"gold":132,"neow_bonus":"","is_prod":false,"is_daily":false,"chose_seed":false,"campfire_upgraded":1,"win_rate":0,"timestamp":1607545927,"path_taken":["M","M","?","M","$","R","E","R","T","E","?","M","M","$","R","BOSS","M","?","M"],"build_version":"2020-11-30","purchased_purges":0,"victory":false,"max_hp_per_floor":[75,75,75,75,75,75,75,75,75,75,75,75,75,75,75,75,75,75,75,75,75],"card_choices":[{"not_picked":["Conserve Battery","Steam Power"],"picked":"Streamline","floor":1},{"not_picked":["Hologram","Melter","Sweeping Beam"],"picked":"SKIP","floor":2},{"not_picked":["Lockon","Cold Snap","Hologram"],"picked":"SKIP","floor":4},{"not_picked":["Sweeping Beam","Streamline","ReplayTheSpireMod:Dual Polarity"],"picked":"SKIP","floor":7},{"not_picked":["Go for the Eyes","Barrage","Multi-Cast"],"picked":"SKIP","floor":10},{"not_picked":["BasicCrystalCard","Aggregate","ReplayTheSpireMod:Dual Polarity"],"picked":"SKIP","floor":12},{"not_picked":["Redo","Hologram"],"picked":"Gash","floor":13},{"not_picked":["Biased Cognition","Mirror Shield"],"picked":"Seek","floor":16},{"not_picked":["Lockon","ReplayTheSpireMod:Repulse","Compile Driver"],"picked":"SKIP","floor":18}],"player_experience":610256,"relics_obtained":[{"floor":7,"key":"aspiration:ChemicalBlood"},{"floor":9,"key":"Grinning Jar"},{"floor":10,"key":"PreservedInsect"}],"event_choices":[{"damage_healed":0,"gold_gain":0,"player_choice":"Disagree","damage_taken":0,"max_hp_gain":0,"max_hp_loss":0,"event_name":"conspire:LoneGhost","floor":11,"gold_loss":0},{"damage_healed":0,"gold_gain":0,"player_choice":"HornCleat","damage_taken":0,"relics_obtained":["HornCleat"],"max_hp_gain":0,"max_hp_loss":0,"event_name":"blackbeard:ShipwreckEvent","floor":19,"gold_loss":0}],"is_beta":false,"boss_relics":[{"not_picked":["vexMod:MegatonBomb","energizedSpire:SpiderWeb","Ectoplasm"]}],"items_purged_floors":[],"is_endless":false,"potions_floor_spawned":[7,12,16],"killed_by":"conspire:FuzzyDice","ascension_level":7}}