{"host":"qt939hhvrbc28rjp","time":1607542660,"event":{"gold_per_floor":[116,116,142,142,66,106,120,161,461,477,149,168,189,189,189],"floor_reached":14,"playtime":290,"items_purged":["Defend_B"],"score":231,"play_id":"54e64ba4-8f2e-40c4-92a5-2e87d9c299da","local_time":"20201210043740","is_ascension_mode":true,"campfire_choices":[],"neow_cost":"NONE","seed_source_timestamp":139031987971100,"circlet_count":0,"master_deck":["AscendersBane","Strike_B","Strike_B","Strike_B","Defend_B","Defend_B","Defend_B","Zap","Dualcast","Storm","Self Repair","Core Surge","Leap","Machine Learning","Loop","Heatsinks","Lockon"],"special_seed":0,"relics":["Cracked Core","NeowsBlessing","Golden Idol","Tiny Chest","Regal Pillow","Happy Flower","Old Coin","DataDisk"],"potions_floor_usage":[14],"damage_taken":[{"damage":0.0,"enemies":"2 Louse","floor":1.0,"turns":1.0},{"damage":0.0,"enemies":"Gremlin Nob","floor":6.0,"turns":1.0},{"damage":0.0,"enemies":"Jaw Worm","floor":7.0,"turns":1.0},{"damage":16.0,"enemies":"Lagavulin","floor":8.0,"turns":6.0},{"damage":0.0,"enemies":"Small Slimes","floor":10.0,"turns":3.0},{"damage":8.0,"enemies":"Looter","floor":12.0,"turns":3.0},{"damage":30.0,"enemies":"Gremlin Gang","floor":13.0,"turns":4.0},{"damage":21,"enemies":"3 Sentries","floor":14,"turns":2}],"seed_played":"-6198023127449065312","potions_obtained":[{"floor":6.0,"key":"Fire Potion"},{"floor":8.0,"key":"SkillPotion"},{"floor":10.0,"key":"FearPotion"},{"floor":13.0,"key":"FearPotion"}],"is_trial":false,"path_per_floor":["M","?","T","?","$","E","M","E","T","M","$","M","M","E"],"character_chosen":"DEFECT","items_purchased":["Self Repair","DataDisk","Heatsinks"],"campfire_rested":0,"item_purchase_floors":[5,11,11],"current_hp_per_floor":[64,40,40,33,33,33,40,31,31,38,38,37,14,0,0],"gold":189,"neow_bonus":"THREE_ENEMY_KILL","is_prod":false,"is_daily":false,"chose_seed":false,"campfire_upgraded":0,"win_rate":0,"timestamp":1607542660,"path_taken":["M","?","?","?","$","E","M","E","T","M","$","M","M","E"],"build_version":"2020-11-30","purchased_purges":1,"victory":false,"max_hp_per_floor":[71,71,71,71,71,71,71,71,71,71,71,71,71,71,71],"card_choices":[{"not_picked":["Turbo","Double Energy"],"picked":"Storm","floor":1.0},{"not_picked":["Cold Snap","Melter"],"picked":"Core Surge","floor":6.0},{"not_picked":["Leap","Turbo","Rebound"],"picked":"SKIP","floor":7.0},{"not_picked":["Turbo","Rebound"],"picked":"Leap","floor":7.0},{"not_picked":["Genetic Algorithm","Conserve Battery"],"picked":"Machine Learning","floor":8.0},{"not_picked":["Melter","Static Discharge"],"picked":"Loop","floor":10.0},{"not_picked":["Hologram","Darkness","Sweeping Beam"],"picked":"SKIP","floor":12.0},{"not_picked":["Redo","Leap"],"picked":"Lockon","floor":13.0}],"player_experience":1342182,"relics_obtained":[{"floor":3.0,"key":"Tiny Chest"},{"floor":6.0,"key":"Regal Pillow"},{"floor":8.0,"key":"Happy Flower"},{"floor":9.0,"key":"Old Coin"}],"event_choices":[{"damage_healed":0.0,"max_hp_gain":0.0,"max_hp_loss":0.0,"gold_gain":0.0,"event_name":"Golden Idol","player_choice":"Take Damage","floor":2.0,"gold_loss":0.0,"damage_taken":24.0,"relics_obtained":["Golden Idol"]},{"cards_removed":["Strike_B"],"damage_healed":0.0,"max_hp_gain":0.0,"max_hp_loss":0.0,"gold_gain":0.0,"event_name":"Golden Wing","player_choice":"Card Removal","floor":4.0,"gold_loss":0.0,"damage_taken":7.0}],"is_beta":false,"boss_relics":[],"items_purged_floors":[11],"is_endless":false,"potions_floor_spawned":[6,8,10,13],"killed_by":"3 Sentries","ascension_level":17}}