{"host":"y89x8uui45kcjy42","time":1607508214,"event":{"gold_per_floor":[109,184,197,209,209,209,222,222,296,313,329,354,366,401,401,502,502,516,145,165,179,193,193,212,241,241,255,302,321,321,331,331,331,331,331],"floor_reached":33,"playtime":1446,"items_purged":["Pain"],"score":310,"play_id":"721a53bb-f780-4592-b3fb-a8001693ccd9","local_time":"20201209190334","is_ascension_mode":false,"metric_token":799,"campfire_choices":[{"data":"DTMod:Inferno","floor":6,"key":"SMITH"},{"data":"DTMod:CleansingStrike","floor":8,"key":"SMITH"},{"floor":15,"key":"REST"},{"data":"DTMod:Haste","floor":23,"key":"SMITH"},{"floor":30,"key":"REST"},{"data":"DTMod:HeadStart","floor":32,"key":"SMITH"}],"neow_cost":"PERCENT_DAMAGE","dtmod_dragon_data":[0,50,2,-1,4,0],"seed_source_timestamp":1032053935417100,"circlet_count":0,"master_deck":["DTMod:DoubleHit","DTMod:SwitchingTactic","DTMod:MasterPlan","DTMod:Prediction","DTMod:CleansingStrike+1","DTMod:BuildUp","DTMod:Inferno+1","DTMod:CalculatedDefense","DTMod:Threaten","DTMod:Weaken","DTMod:BlueScale","DTMod:BurningEnergy","DTMod:Harmonize","DTMod:FlameSlash","DTMod:WarmUp","DTMod:Haste+1","DTMod:ShadowImage","DTMod:ComboAttack","DTMod:FierySynthesis","DTMod:TagTeam+1","DTMod:Feint+1","DTMod:HeadStart+1"],"relics":["DTMod:PactStone","Oddly Smooth Stone","Vajra","WarpedTongs","Gremlin Horn","Regal Pillow","Vajra","Pandora\u0027s Box","Torii","Nunchaku","Ornamental Fan","Happy Flower"],"potions_floor_usage":[10,12,12,13,22,25,27,31,33],"damage_taken":[{"damage":0,"enemies":"2 Louse","floor":1,"turns":2},{"damage":0,"enemies":"Cultist","floor":3,"turns":3},{"damage":0,"enemies":"Small Slimes","floor":4,"turns":4},{"damage":0,"enemies":"3 Louse","floor":7,"turns":2},{"damage":0,"enemies":"Blue Slaver","floor":10,"turns":3},{"damage":0,"enemies":"Large Slime","floor":11,"turns":5},{"damage":3,"enemies":"Lagavulin","floor":12,"turns":6},{"damage":15,"enemies":"3 Louse","floor":13,"turns":3},{"damage":0,"enemies":"Gremlin Nob","floor":14,"turns":4},{"damage":11,"enemies":"Hexaghost","floor":16,"turns":13},{"damage":0,"enemies":"Shell Parasite","floor":18,"turns":3},{"damage":0,"enemies":"3 Byrds","floor":20,"turns":3},{"damage":0,"enemies":"Cultist and Chosen","floor":21,"turns":5},{"damage":0,"enemies":"Sentry and Sphere","floor":22,"turns":4},{"damage":0,"enemies":"Snake Plant","floor":24,"turns":4},{"damage":8,"enemies":"Slavers","floor":25,"turns":5},{"damage":0,"enemies":"Cultist and Chosen","floor":27,"turns":5},{"damage":0,"enemies":"3 Cultists","floor":29,"turns":3},{"damage":0,"enemies":"Centurion and Healer","floor":31,"turns":3},{"damage":63,"enemies":"Collector","floor":33,"turns":12}],"seed_played":"8595172309577607016","potions_obtained":[{"floor":4,"key":"SteroidPotion"},{"floor":7,"key":"BlessingOfTheForge"},{"floor":10,"key":"CultistPotion"},{"floor":12,"key":"Regen Potion"},{"floor":14,"key":"SteroidPotion"},{"floor":21,"key":"FearPotion"},{"floor":25,"key":"DuplicationPotion"},{"floor":27,"key":"Weak Potion"},{"floor":31,"key":"Block Potion"}],"is_trial":false,"path_per_floor":["M","?","M","M","?","R","M","R","T","M","M","E","M","E","R","B",null,"M","$","M","M","M","R","M","E","T","M","T","M","R","M","R","B"],"character_chosen":"THE_DT","items_purchased":["Torii"],"campfire_rested":2,"item_purchase_floors":[19],"current_hp_per_floor":[33,22,22,22,22,22,22,22,22,22,22,19,13,13,41,30,45,45,45,45,45,45,45,45,37,37,37,37,45,45,45,45,0,0,0],"gold":331,"neow_bonus":"TRANSFORM_TWO_CARDS","is_prod":false,"is_daily":false,"chose_seed":false,"campfire_upgraded":4,"win_rate":0.0,"timestamp":1607508214,"path_taken":["M","?","M","M","?","R","M","R","T","M","M","E","M","E","R","BOSS","M","$","M","M","M","R","?","E","T","M","?","M","R","M","R","BOSS"],"build_version":"2020-11-30","purchased_purges":1,"victory":false,"max_hp_per_floor":[45,45,45,45,45,45,45,45,45,45,45,45,45,45,45,45,45,45,45,45,45,45,45,45,45,45,45,45,45,45,45,45,45,45,45],"card_choices":[{"not_picked":["DTMod:Hide","DTMod:Cover"],"picked":"DTMod:CleansingStrike","floor":1},{"not_picked":["DTMod:BizarreTactic","DTMod:Weaken"],"picked":"DTMod:BuildUp","floor":3},{"not_picked":["DTMod:Hide","DTMod:FlameSlash"],"picked":"DTMod:Inferno","floor":4},{"not_picked":["DTMod:Cover","DTMod:LastStand"],"picked":"DTMod:CalculatedDefense","floor":7},{"not_picked":["DTMod:Cover","DTMod:GhostSkin","DTMod:RunningTactic"],"picked":"SKIP","floor":10},{"not_picked":["DTMod:Cover","DTMod:BizarreTactic"],"picked":"DTMod:Threaten","floor":11},{"not_picked":["DTMod:QuickFly","DTMod:StarRain"],"picked":"DTMod:Weaken","floor":12},{"not_picked":["DTMod:Weaken","DTMod:Punisher"],"picked":"DTMod:BlueScale","floor":13},{"not_picked":["DTMod:Threaten","DTMod:FlameSlash"],"picked":"DTMod:BurningEnergy","floor":14},{"not_picked":["DTMod:RepeatStrike","DTMod:ExcessFootwork"],"picked":"DTMod:Harmonize","floor":16},{"not_picked":["DTMod:BurningEnergy+1","DTMod:Punisher+1","DTMod:BuildUp"],"picked":"SKIP","floor":18},{"not_picked":["DTMod:MasterPlan","DTMod:ShieldDrain"],"picked":"DTMod:TagTeam+1","floor":20},{"not_picked":["DTMod:Cover+1","DTMod:CrossStep+1","DTMod:MasterPlan+1"],"picked":"SKIP","floor":21},{"not_picked":["DTMod:MagiciansMark","DTMod:ShieldDrain"],"picked":"DTMod:Feint+1","floor":22},{"not_picked":["DTMod:Astonish+1","DTMod:BizarreTactic","DTMod:Punisher"],"picked":"SKIP","floor":24},{"not_picked":["DTMod:BuildUp","DTMod:TagTeam","DTMod:Threaten+1"],"picked":"SKIP","floor":25},{"not_picked":["DTMod:Adaptation","DTMod:GhostSkin","DTMod:BreakAttack+1"],"picked":"SKIP","floor":27},{"not_picked":["DTMod:Observe","DTMod:BuildUp"],"picked":"DTMod:HeadStart","floor":29},{"not_picked":["DTMod:Threaten+1","DTMod:ShieldDrain","DTMod:Coolant"],"picked":"SKIP","floor":31}],"player_experience":490052,"relics_obtained":[{"floor":9,"key":"Gremlin Horn"},{"floor":12,"key":"Regal Pillow"},{"floor":14,"key":"Vajra"},{"floor":25,"key":"Nunchaku"},{"floor":26,"key":"Ornamental Fan"},{"floor":28,"key":"Happy Flower"}],"event_choices":[{"damage_healed":0,"gold_gain":75,"player_choice":"Gather Gold","damage_taken":11,"max_hp_gain":0,"max_hp_loss":0,"event_name":"World of Goop","floor":2,"gold_loss":0},{"damage_healed":0,"gold_gain":0,"player_choice":"Rummage","damage_taken":0,"relics_obtained":["WarpedTongs"],"max_hp_gain":0,"max_hp_loss":0,"event_name":"Accursed Blacksmith","floor":5,"gold_loss":0,"cards_obtained":["Pain"]}],"is_beta":false,"boss_relics":[{"not_picked":["Velvet Choker","Fusion Hammer"],"picked":"Pandora\u0027s Box"}],"items_purged_floors":[19],"is_endless":false,"potions_floor_spawned":[4,7,10,12,14,21,25,27,31],"killed_by":"Collector","ascension_level":0}}