{"host":"6ko66ogg91i6g7xq","time":1607503822,"event":{"gold_per_floor":[112,112,127,127,127,159,171,216,253,290,313,352,364,395,407,518,530,553,565,591,603,615,654,666,696,708,760,772,808,820,857,869,987,999,1031,554,554,578,587,587,596,596,596],"floor_reached":42,"playtime":1218,"items_purged":[],"score":561,"play_id":"107803c7-f436-4270-a8d3-b7db68ee2b22","local_time":"20201209035022","is_ascension_mode":true,"campfire_choices":[{"floor":7,"key":"RECALL"},{"floor":15,"key":"REST"},{"floor":24,"key":"REST"},{"floor":30,"key":"REST"},{"floor":32,"key":"REST"},{"floor":40,"key":"REST"}],"neow_cost":"NONE","seed_source_timestamp":132230495824599,"circlet_count":0,"master_deck":["Strike_G","Strike_G","Strike_G","Defend_G","Defend_G","Defend_G","Defend_G","Defend_G","Survivor","Neutralize","Blade Dance","Infinite Blades","Accuracy","Burst","Terror","Accuracy","Storm of Steel","Footwork","Caltrops","Dagger Spray+1","Unload","Caltrops+1","After Image","Dagger Spray","Infinite Blades","Noxious Fumes+1","Finesse","Writhe"],"relics":["Ring of the Snake","NeowsBlessing","MawBank","Turnip","Akabeko","Potion Belt","Art of War","Blood Vial","Black Star","Unceasing Top","CeramicFish","Nunchaku","Shuriken","Darkstone Periapt","WristBlade","Ancient Tea Set","Mango"],"potions_floor_usage":[14,18,18,23,27,27,31,35,35],"damage_taken":[{"damage":0,"enemies":"Jaw Worm","floor":1,"turns":1},{"damage":0,"enemies":"Cultist","floor":3,"turns":1},{"damage":0,"enemies":"Lagavulin","floor":6,"turns":1},{"damage":6,"enemies":"Gremlin Nob","floor":8,"turns":3},{"damage":13,"enemies":"3 Sentries","floor":10,"turns":6},{"damage":0,"enemies":"2 Louse","floor":11,"turns":2},{"damage":10,"enemies":"Gremlin Nob","floor":12,"turns":3},{"damage":8,"enemies":"Large Slime","floor":14,"turns":3},{"damage":20,"enemies":"Hexaghost","floor":16,"turns":6},{"damage":14,"enemies":"2 Thieves","floor":18,"turns":5},{"damage":1,"enemies":"Chosen","floor":20,"turns":4},{"damage":36,"enemies":"Gremlin Leader","floor":23,"turns":6},{"damage":25,"enemies":"Centurion and Healer","floor":25,"turns":4},{"damage":19,"enemies":"Book of Stabbing","floor":27,"turns":5},{"damage":0,"enemies":"Snecko","floor":29,"turns":3},{"damage":10,"enemies":"3 Cultists","floor":31,"turns":6},{"damage":33,"enemies":"Champ","floor":33,"turns":9},{"damage":21,"enemies":"3 Darklings","floor":35,"turns":5},{"damage":42,"enemies":"3 Shapes","floor":38,"turns":4},{"damage":0,"enemies":"3 Darklings","floor":42,"turns":1}],"seed_played":"-2212559050944128738","potions_obtained":[{"floor":6,"key":"sneckomod:MuddlingPotion"},{"floor":10,"key":"EssenceOfSteel"},{"floor":12,"key":"sneckomod:MuddlingPotion"},{"floor":14,"key":"BlessingOfTheForge"},{"floor":16,"key":"Explosive Potion"},{"floor":23,"key":"DuplicationPotion"},{"floor":25,"key":"Block Potion"},{"floor":27,"key":"DuplicationPotion"},{"floor":29,"key":"Guardian:BlockOnCardUsePotion"},{"floor":33,"key":"LiquidBronze"},{"floor":38,"key":"Weak Potion"}],"is_trial":false,"path_per_floor":["M","?","M","?","?","E","R","E","T","E","M","E","?","M","R","B",null,"M","?","M","?","$","E","R","M","T","E","?","M","R","M","R","B",null,"M","$","?","M","?","R","?","M"],"character_chosen":"THE_SILENT","items_purchased":["Ancient Tea Set","Mango","Infinite Blades"],"campfire_rested":5,"item_purchase_floors":[36,36,36],"current_hp_per_floor":[70,70,70,70,70,70,70,64,64,51,51,41,41,35,56,38,70,56,56,57,57,57,23,44,21,21,4,27,29,50,42,63,32,70,49,63,63,23,13,38,65,67,67],"gold":596,"neow_bonus":"THREE_ENEMY_KILL","is_prod":false,"is_daily":false,"chose_seed":false,"campfire_upgraded":0,"win_rate":0,"timestamp":1607503822,"path_taken":["M","?","?","?","?","E","R","E","T","E","M","E","?","M","R","BOSS","M","?","M","?","$","E","R","M","T","E","?","M","R","M","R","BOSS","M","$","?","M","?","R","?","M"],"build_version":"2020-11-30","purchased_purges":0,"victory":false,"max_hp_per_floor":[70,70,70,70,70,70,70,70,70,70,70,70,70,70,70,70,70,70,70,70,70,70,70,70,70,70,70,70,70,70,70,70,70,70,70,84,84,84,84,84,90,90,90],"relic_stats":{"Darkstone Periapt":6,"counters":[20,78],"CeramicFish":81,"MawBank":360,"Blood Vial":22,"Nunchaku":[7],"Shuriken":[15],"Turnip":[2],"Art of War":[7],"Black Star":2,"obtain_stats":[{"Potion Belt":10,"Darkstone Periapt":27,"NeowsBlessing":0,"CeramicFish":23,"Mango":36,"MawBank":6,"Ancient Tea Set":36,"Akabeko":9,"Blood Vial":13,"Nunchaku":26,"WristBlade":34,"Shuriken":27,"Turnip":8,"Art of War":12,"Black Star":17,"Unceasing Top":23,"Ring of the Snake":0},{"Potion Belt":5,"Darkstone Periapt":14,"NeowsBlessing":0,"CeramicFish":12,"Mango":18,"MawBank":3,"Ancient Tea Set":18,"Akabeko":4,"Blood Vial":7,"Nunchaku":13,"WristBlade":17,"Shuriken":14,"Turnip":4,"Art of War":7,"Black Star":9,"Unceasing Top":12,"Ring of the Snake":0},{"Potion Belt":12,"Darkstone Periapt":50,"NeowsBlessing":0,"CeramicFish":41,"Mango":73,"MawBank":3,"Ancient Tea Set":73,"Akabeko":6,"Blood Vial":17,"Nunchaku":45,"WristBlade":68,"Shuriken":50,"Turnip":6,"Art of War":17,"Black Star":26,"Unceasing Top":41,"Ring of the Snake":0}],"Unceasing Top":[24],"Ring of the Snake":[40]},"card_choices":[{"not_picked":["Acrobatics","Well Laid Plans"],"picked":"Blade Dance","floor":1},{"not_picked":["Bane","Slice"],"picked":"Infinite Blades","floor":3},{"not_picked":["Choke","Concentrate"],"picked":"Accuracy","floor":6},{"not_picked":["Dagger Spray","Dagger Throw"],"picked":"Burst","floor":8},{"not_picked":["Deflect","Outmaneuver"],"picked":"Terror","floor":10},{"not_picked":["Dagger Spray","Poisoned Stab"],"picked":"Accuracy","floor":11},{"not_picked":["Night Terror","Deflect","A Thousand Cuts"],"picked":"SKIP","floor":12},{"not_picked":["Deflect","Masterful Stab","Bane"],"picked":"SKIP","floor":14},{"not_picked":["Adrenaline","Envenom"],"picked":"Storm of Steel","floor":16},{"not_picked":["Slice","Flying Knee"],"picked":"Footwork","floor":18},{"not_picked":["Deadly Poison","Poisoned Stab"],"picked":"Caltrops","floor":20},{"not_picked":["All Out Attack","Well Laid Plans","Quick Slash+1"],"picked":"SKIP","floor":23},{"not_picked":["Deadly Poison","Expertise","Calculated Gamble"],"picked":"SKIP","floor":25},{"not_picked":["Accuracy","PiercingWail"],"picked":"Dagger Spray+1","floor":27},{"not_picked":["Bane","All Out Attack"],"picked":"Unload","floor":29},{"not_picked":["Reflex+1","Bane"],"picked":"Caltrops+1","floor":31},{"not_picked":["Night Terror","Wraith Form v2"],"picked":"After Image","floor":33},{"not_picked":["Distraction","Flying Knee"],"picked":"Dagger Spray","floor":35},{"not_picked":["Bane","Escape Plan+1"],"picked":"Noxious Fumes+1","floor":38},{"not_picked":["expansioncontent:HyperBeam","expansioncontent:GoopSpray"],"picked":"Finesse","floor":39}],"player_experience":244755,"relics_obtained":[{"floor":6,"key":"MawBank"},{"floor":8,"key":"Turnip"},{"floor":9,"key":"Akabeko"},{"floor":10,"key":"Potion Belt"},{"floor":12,"key":"Art of War"},{"floor":23,"key":"Unceasing Top"},{"floor":23,"key":"CeramicFish"},{"floor":26,"key":"Nunchaku"},{"floor":27,"key":"Shuriken"},{"floor":27,"key":"Darkstone Periapt"}],"event_choices":[{"cards_removed":["Strike_G"],"damage_healed":0,"gold_gain":0,"player_choice":"Purged","damage_taken":0,"max_hp_gain":0,"max_hp_loss":0,"event_name":"Purifier","floor":2,"gold_loss":0},{"damage_healed":0,"gold_gain":0,"player_choice":"Ignored","damage_taken":0,"max_hp_gain":0,"max_hp_loss":0,"event_name":"Golden Wing","floor":4,"gold_loss":0},{"damage_healed":0,"gold_gain":0,"player_choice":"Leave","damage_taken":0,"max_hp_gain":0,"max_hp_loss":0,"event_name":"The Cleric","floor":5,"gold_loss":0},{"damage_healed":0,"gold_gain":0,"player_choice":"Gave Potion","damage_taken":0,"relics_obtained":["Blood Vial"],"max_hp_gain":0,"max_hp_loss":0,"event_name":"WeMeetAgain","floor":13,"gold_loss":0},{"damage_healed":0,"gold_gain":0,"player_choice":"Ignored","damage_taken":0,"max_hp_gain":0,"max_hp_loss":0,"event_name":"Beggar","floor":19,"gold_loss":0},{"damage_healed":23,"gold_gain":0,"player_choice":"Heal","damage_taken":0,"max_hp_gain":0,"max_hp_loss":0,"event_name":"The Library","floor":28,"gold_loss":0},{"cards_removed":["Strike_G"],"damage_healed":0,"gold_gain":0,"player_choice":"Removed Attack","damage_taken":0,"max_hp_gain":0,"max_hp_loss":0,"event_name":"Falling","floor":37,"gold_loss":0},{"damage_healed":0,"gold_gain":0,"player_choice":"Memory 3","damage_taken":10,"max_hp_gain":0,"max_hp_loss":0,"event_name":"SensoryStone","floor":39,"gold_loss":0},{"damage_healed":21,"gold_gain":0,"player_choice":"Writhe","damage_taken":0,"max_hp_gain":0,"max_hp_loss":0,"event_name":"Winding Halls","floor":41,"gold_loss":0,"cards_obtained":["Writhe"]}],"is_beta":false,"boss_relics":[{"not_picked":["SlaversCollar","Tiny House"],"picked":"Black Star"},{"not_picked":["SacredBark","Calling Bell"],"picked":"WristBlade"}],"items_purged_floors":[],"is_endless":false,"potions_floor_spawned":[6,10,12,14,16,23,25,27,29,33,38],"killed_by":"3 Darklings","ascension_level":1}}