{"host":"fqid566djxhwi0rl","time":1607549666,"event":{"gold_per_floor":[118,135,151,170,19,37,37,65,116,129,160,176,176,146,146,248,248,262,262,273,273,273,273,286,139,165,17,17,34,62,73,73,170,170,189,89,189,203,288,288,288,288,288,305,305,305,333,347,347,347],"floor_reached":51,"playtime":3121,"items_purged":["Gatherer:Strike_Gatherer","Gatherer:Strike_Gatherer"],"score":843,"play_id":"95950b50-875b-4e5c-976f-5d4ff1b23ccc","local_time":"20201209233426","is_ascension_mode":true,"metric_token":1169,"campfire_choices":[{"data":"Gatherer:Liquidism","floor":7,"key":"SMITH"},{"data":"Gatherer:Polymorphism","floor":13,"key":"SMITH"},{"data":"Gatherer:Centralize","floor":15,"key":"SMITH"},{"data":"Gatherer:PoisonMastery","floor":23,"key":"SMITH"},{"data":"Gatherer:Convert","floor":28,"key":"SMITH"},{"data":"Gatherer:MindSearch","floor":32,"key":"SMITH"},{"data":"Gatherer:PoisonMastery","floor":40,"key":"SMITH"},{"data":"expansioncontent:StudyTheSpire","floor":49,"key":"SMITH"}],"neow_cost":"NONE","seed_source_timestamp":35025986106530,"circlet_count":0,"master_deck":["Gatherer:Defend_Gatherer","Gatherer:Centralize+1","Gatherer:FlowerWhip","Gatherer:Liquidism+1","Gatherer:WitheringStrike","Gatherer:Polymorphism+1","Gatherer:ScherryThrow","Gatherer:RottenStipe","Gatherer:TreeGrowth","Gatherer:MindSearch+1","Gatherer:Pollute","Gatherer:Examine+1","Parasite","Gatherer:Convert+1","Gatherer:PoisonMastery+1","Gatherer:FlowerFalling","Gatherer:Snatch+1","Gatherer:AlchemyTrial+1","Gatherer:PoisonMastery+1","Gatherer:RottenStipe","Gatherer:TacticalStrike","Gatherer:QuickSynthesis+1","expansioncontent:StudyTheSpire+1","Gatherer:PoisonMastery+1","Gatherer:AcidicSpray+1"],"relics":["Gatherer:MiracleBag","NeowsBlessing","Lizard Tail","Blood Vial","trackpad:IceCube","Replay:Grab Bag","energizedSpire:NeverEndingSparkler","Painkiller Herb","Kintsugi","Toy Ornithopter","Juzu Bracelet","ClockworkSouvenir","aspiration:HummingbirdHeart","Replay:Bronze Core","Pet Ghost","Blue Candle","Spirit Poop","Kunai"],"potions_floor_usage":[8,18,18,20,24,30,30,31,33,33,33,35,38,44,47,50,50,50,50,50,50,50,50],"damage_taken":[{"damage":0,"enemies":"2 Louse","floor":1,"turns":1},{"damage":0,"enemies":"Cultist","floor":2,"turns":1},{"damage":0,"enemies":"Small Slimes","floor":3,"turns":1},{"damage":7,"enemies":"3 Louse","floor":4,"turns":5},{"damage":1,"enemies":"Blue Slaver","floor":6,"turns":3},{"damage":6,"enemies":"3 Sentries","floor":8,"turns":8},{"damage":1,"enemies":"Looter","floor":10,"turns":5},{"damage":13,"enemies":"Gremlin Nob","floor":11,"turns":4},{"damage":0,"enemies":"Red Slaver","floor":12,"turns":4},{"damage":0,"enemies":"Hexaghost","floor":16,"turns":10},{"damage":0,"enemies":"Chosen","floor":18,"turns":3},{"damage":2,"enemies":"3 Byrds","floor":20,"turns":3},{"damage":0,"enemies":"Snake Plant","floor":24,"turns":2},{"damage":0,"enemies":"Centurion and Healer","floor":29,"turns":4},{"damage":3,"enemies":"Replay:Snechameleon","floor":30,"turns":5},{"damage":0,"enemies":"Shelled Parasite and Fungi","floor":31,"turns":3},{"damage":13,"enemies":"Collector","floor":33,"turns":5},{"damage":4,"enemies":"3 Darklings","floor":35,"turns":3},{"damage":4,"enemies":"Orb Walker","floor":38,"turns":3},{"damage":0,"enemies":"Sphere and 2 Shapes","floor":44,"turns":3},{"damage":0,"enemies":"Reptomancer","floor":47,"turns":2},{"damage":0,"enemies":"Jaw Worm Horde","floor":48,"turns":2},{"damage":19,"enemies":"Replay:Hell Engine","floor":50,"turns":5}],"seed_played":"7911045875974385549","potions_obtained":[{"floor":1,"key":"ColorlessPotion"},{"floor":2,"key":"Reflective Coating"},{"floor":14,"key":"Slimebound:ThreeZeroPotion"},{"floor":14,"key":"Ancient Potion"},{"floor":16,"key":"Regen Potion"},{"floor":24,"key":"Cursed Concoction"},{"floor":29,"key":"Block Potion"},{"floor":33,"key":"SteroidPotion"},{"floor":38,"key":"FairyPotion"},{"floor":44,"key":"Ancient Potion"}],"is_trial":false,"path_per_floor":["M","M","M","M","$","M","R","E","T","M","E","M","R","?","R","B",null,"?","?","?","?","?","T","?","T","T","T","T","?","E","?","T","B",null,"?","T","?","?","?","T","?","?","T","?","?","?","E","?","T","B",null],"character_chosen":"THE_GATHERER","items_purchased":["Gatherer:RottenStipe","Toy Ornithopter","ClockworkSouvenir"],"campfire_rested":0,"item_purchase_floors":[5,25,27],"current_hp_per_floor":[65,65,65,58,58,57,57,51,51,52,41,43,43,43,43,45,65,67,67,67,67,67,67,69,69,69,69,69,71,72,72,72,59,69,68,68,68,68,68,68,68,68,68,72,72,72,72,72,72,67],"gold":347,"neow_bonus":"THREE_ENEMY_KILL","is_prod":false,"is_daily":false,"chose_seed":false,"campfire_upgraded":8,"win_rate":1,"timestamp":1607549666,"path_taken":["M","M","M","M","$","M","R","E","T","M","E","M","R","?","R","BOSS","?","?","?","?","?","T","?","T","T","T","T","?","E","?","T","BOSS","?","T","?","?","?","T","?","?","T","?","?","?","E","?","T","BOSS"],"build_version":"2020-11-30","purchased_purges":2,"victory":true,"max_hp_per_floor":[72,72,72,72,72,72,72,72,72,72,72,72,72,72,72,72,72,72,72,72,72,72,72,72,72,72,72,72,72,72,72,72,72,72,72,72,72,72,72,72,72,72,72,72,72,72,72,72,72,72],"card_choices":[{"not_picked":["Gatherer:BambuSword","Gatherer:Transmute"],"picked":"Gatherer:Liquidism","floor":1},{"not_picked":["Gatherer:BambuSword","Gatherer:Snatch"],"picked":"Gatherer:WitheringStrike","floor":2},{"not_picked":["Gatherer:ScherryThrow","Gatherer:SaveValuables"],"picked":"Gatherer:Polymorphism","floor":3},{"not_picked":["Gatherer:CollectorsShot","Gatherer:TreeGrowth"],"picked":"Gatherer:ScherryThrow","floor":4},{"not_picked":["Gatherer:OddSpoils","Gatherer:Transmute"],"picked":"Gatherer:TreeGrowth","floor":6},{"not_picked":["Gatherer:FlowerPower","Gatherer:WitheringStrike"],"picked":"Gatherer:MindSearch","floor":8},{"not_picked":["Gatherer:SealedBomb","Gatherer:RottenStipe"],"picked":"Gatherer:Pollute","floor":10},{"not_picked":["Gatherer:OddSpoils","Gatherer:AcidicSpray","Gatherer:RecoveryHerb"],"picked":"SKIP","floor":11},{"not_picked":["Gatherer:Convert","Gatherer:CarefulStrike","Gatherer:AromaProtection"],"picked":"SKIP","floor":12},{"not_picked":["Gatherer:Bulldoze","Gatherer:PoisonMastery"],"picked":"Gatherer:Examine","floor":16},{"not_picked":["Gatherer:BambuSword","Gatherer:SaveValuables","Gatherer:Frenzy+1"],"picked":"SKIP","floor":18},{"not_picked":["Gatherer:EnergyBasket","Gatherer:RecipeChange"],"picked":"Gatherer:FlowerFalling","floor":20},{"not_picked":["Gatherer:AromaProtection","Gatherer:TacticalStrike"],"picked":"Gatherer:Snatch+1","floor":24},{"not_picked":["Gatherer:SealedBomb","Gatherer:PotentialSlash","Gatherer:AromaProtection"],"picked":"SKIP","floor":29},{"not_picked":["Gatherer:Duality","Gatherer:FeelingFine","Gatherer:SaveValuables+1"],"picked":"SKIP","floor":30},{"not_picked":["Gatherer:QuickSynthesis","Gatherer:PotentialSlash"],"picked":"Gatherer:AlchemyTrial+1","floor":31},{"not_picked":["Gatherer:StoneFence","Gatherer:MindSearch"],"picked":"Gatherer:PoisonMastery","floor":33},{"not_picked":["Gatherer:AcidicSpray","Gatherer:FlowerFalling"],"picked":"Gatherer:RottenStipe","floor":35},{"not_picked":["Gatherer:PotentialSlash","Gatherer:FeelingFine","Gatherer:QuickSynthesis"],"picked":"SKIP","floor":38},{"not_picked":["Gatherer:BambuSword","Gatherer:ScherryThrow"],"picked":"Gatherer:TacticalStrike","floor":39},{"not_picked":["Gatherer:BambuSword+1","Gatherer:TacticalStrike"],"picked":"Gatherer:QuickSynthesis+1","floor":39},{"not_picked":["Trip","expansioncontent:AwakenDeath"],"picked":"expansioncontent:StudyTheSpire","floor":42},{"not_picked":["Gatherer:Snatch","Gatherer:CarefulStrike+1","Gatherer:ScrollOfWall"],"picked":"SKIP","floor":44},{"not_picked":["Gatherer:Herbalism","Gatherer:ScherryThrow+1","Gatherer:Frenzy"],"picked":"SKIP","floor":47},{"not_picked":["Gatherer:ScherryThrow+1","Gatherer:BambuSword"],"picked":"Gatherer:AcidicSpray+1","floor":48}],"player_experience":679611,"relics_obtained":[{"floor":8,"key":"Lizard Tail"},{"floor":9,"key":"Blood Vial"},{"floor":11,"key":"trackpad:IceCube"},{"floor":26,"key":"Juzu Bracelet"},{"floor":30,"key":"aspiration:HummingbirdHeart"},{"floor":39,"key":"Pet Ghost"},{"floor":43,"key":"Blue Candle"},{"floor":47,"key":"Kunai"}],"event_choices":[{"damage_healed":0,"gold_gain":0,"player_choice":"Bought 2 Potions","damage_taken":0,"max_hp_gain":0,"max_hp_loss":0,"event_name":"The Woman in Blue","floor":14,"gold_loss":0},{"damage_healed":0,"gold_gain":0,"cards_transformed":["Gatherer:Defend_Gatherer","Gatherer:Defend_Gatherer"],"player_choice":"Became Test Subject","damage_taken":0,"max_hp_gain":0,"max_hp_loss":0,"event_name":"Drug Dealer","floor":19,"gold_loss":0,"cards_obtained":["Gatherer:Convert","Gatherer:PoisonMastery"]},{"damage_healed":0,"gold_gain":100,"player_choice":"Pray","damage_taken":0,"max_hp_gain":0,"max_hp_loss":0,"event_name":"Golden Shrine","floor":37,"gold_loss":0},{"damage_healed":0,"gold_gain":0,"player_choice":"Upgraded","damage_taken":0,"max_hp_gain":0,"max_hp_loss":0,"event_name":"Upgrade Shrine","floor":41,"gold_loss":0,"cards_upgraded":["Gatherer:Examine"]},{"damage_healed":0,"gold_gain":0,"player_choice":"Memory 1","damage_taken":0,"max_hp_gain":0,"max_hp_loss":0,"event_name":"SensoryStone","floor":42,"gold_loss":0},{"cards_removed":["Writhe"],"damage_healed":0,"gold_gain":0,"player_choice":"Offered Curse","damage_taken":0,"relics_obtained":["Spirit Poop"],"max_hp_gain":0,"max_hp_loss":0,"event_name":"Bonfire Elementals","floor":45,"gold_loss":0},{"damage_healed":0,"gold_gain":0,"player_choice":"Copied","damage_taken":0,"max_hp_gain":0,"max_hp_loss":0,"event_name":"Duplicator","floor":46,"gold_loss":0,"cards_obtained":["Gatherer:PoisonMastery"]}],"is_beta":false,"boss_relics":[{"not_picked":["energizedSpire:RedRose","Pandora\u0027s Box"],"picked":"Replay:Grab Bag"},{"not_picked":["energizedSpire:CursedPentagram","ReplayTheSpireMod:Onyx Gauntlets"],"picked":"energizedSpire:NeverEndingSparkler"},{"not_picked":["energizedSpire:HugeHouse","trackpad:Coffee"],"picked":"Painkiller Herb"},{"not_picked":["Calling Bell","Astrolabe"],"picked":"Kintsugi"},{"not_picked":["Black Star","aspiration:RitualDagger"],"picked":"Gatherer:MiracleBag"},{"not_picked":["Sozu","energizedSpire:DeadBattery"],"picked":"Replay:Bronze Core"}],"items_purged_floors":[5,36],"is_endless":false,"potions_floor_spawned":[1,2,16,24,29,33,38,44],"ascension_level":7}}