{"host":"aeidq2c3auzxo1yh","time":1607531950,"event":{"gold_per_floor":[109,109,119,138,149,149,149],"floor_reached":6,"playtime":218,"items_purged":[],"score":74,"play_id":"d9b04af3-d7c6-4f4e-9358-eaea6df9e46a","local_time":"20201209213910","is_ascension_mode":true,"campfire_choices":[],"neow_cost":"NONE","seed_source_timestamp":3046395775541000,"circlet_count":0,"master_deck":["AscendersBane","Strike_G","Strike_G","Strike_G","Strike_G","Strike_G","Defend_G","Defend_G","Defend_G","Defend_G","Survivor","Neutralize","Noxious Fumes","Bane","Bullet Time","Dagger Spray"],"relics":["Ring of the Snake","NeowsBlessing"],"potions_floor_usage":[6],"damage_taken":[{"damage":0,"enemies":"Jaw Worm","floor":1,"turns":1},{"damage":0,"enemies":"Cultist","floor":3,"turns":1},{"damage":0,"enemies":"2 Louse","floor":4,"turns":1},{"damage":17,"enemies":"Red Slaver","floor":5,"turns":4},{"damage":45,"enemies":"Lagavulin","floor":6,"turns":7}],"seed_played":"-1558583054757692519","potions_obtained":[{"floor":1,"key":"SmokeBomb"},{"floor":4,"key":"BlessingOfTheForge"}],"is_trial":false,"path_per_floor":["M","?","M","M","M","E"],"character_chosen":"THE_SILENT","items_purchased":[],"campfire_rested":0,"item_purchase_floors":[],"current_hp_per_floor":[59,59,59,59,42,0,0],"gold":149,"neow_bonus":"THREE_ENEMY_KILL","is_prod":false,"is_daily":false,"chose_seed":false,"campfire_upgraded":0,"win_rate":0,"timestamp":1607531950,"path_taken":["M","?","M","M","M","E"],"build_version":"2020-11-30","purchased_purges":0,"victory":false,"max_hp_per_floor":[66,66,66,66,66,66,66],"relic_stats":{"counters":[5,14],"obtain_stats":[{"NeowsBlessing":0,"Ring of the Snake":0},{"NeowsBlessing":0,"Ring of the Snake":0},{"NeowsBlessing":0,"Ring of the Snake":0}],"Ring of the Snake":[10]},"card_choices":[{"not_picked":["Dash","Quick Slash"],"picked":"Noxious Fumes","floor":1},{"not_picked":["Backflip","Dodge and Roll"],"picked":"Bane","floor":3},{"not_picked":["Blade Dance","Cloak And Dagger"],"picked":"Bullet Time","floor":4},{"not_picked":["Quick Slash","Blur"],"picked":"Dagger Spray","floor":5}],"player_experience":808552,"relics_obtained":[],"event_choices":[{"cards_removed":["Defend_G"],"damage_healed":0,"gold_gain":0,"player_choice":"Offered Basic","damage_taken":0,"max_hp_gain":0,"max_hp_loss":0,"event_name":"Bonfire Elementals","floor":2,"gold_loss":0}],"is_beta":false,"boss_relics":[],"items_purged_floors":[],"is_endless":false,"potions_floor_spawned":[1,4],"killed_by":"Lagavulin","ascension_level":19}}