{"host":"wvcyfzs99um8is6a","time":1607478191,"event":{"gold_per_floor":[111,34,34,34,51,78,78,91,91,120,120,120,146,157,157,252,252,263,263,203,38,38,38,58,84,84,99,24,34,34,52,52,149,149,162,12,0,20,35,35,70,70,95,95,395,414,424,105,105,105,105,105,5,39,39,39],"floor_reached":55,"playtime":4732,"items_purged":["Defend_B","Defend_B"],"score":708,"play_id":"4b2923f4-c1d5-4eff-8c5c-e54adcea014e","local_time":"20201208204311","is_ascension_mode":false,"campfire_choices":[{"data":"Static Discharge","floor":7,"key":"SMITH"},{"data":"Chaos","floor":12,"key":"SMITH"},{"floor":15,"key":"REST"},{"data":"Apotheosis","floor":23,"key":"SMITH"},{"floor":32,"key":"RECALL"},{"data":"Static Discharge","floor":40,"key":"SMITH"},{"data":"Glacier","floor":44,"key":"SMITH"},{"floor":49,"key":"REST"},{"data":"Zap","floor":52,"key":"SMITH"}],"neow_cost":"NONE","seed_source_timestamp":11134879568790,"circlet_count":0,"master_deck":["Zap+1","Dualcast","Static Discharge+1","Chaos+1","Genetic Algorithm","Thunder Strike","Core Surge","Glacier+1","Apotheosis+1","Melter+1","Hologram+1","Static Discharge+1","Chill+1","Loop+1","FTL+1","Bandage Up"],"relics":["Cracked Core","NeowsBlessing","TungstenRod","Cables","White Beast Statue","Mercury Hourglass","Empty Cage","Shuriken","Pantograph","Letter Opener","Sozu","Bag of Preparation","Red Mask","Ginger","Blood Vial","Happy Flower"],"potions_floor_usage":[25,25,25,25,25,25,33,33,33,33],"damage_taken":[{"damage":0,"enemies":"Small Slimes","floor":1,"turns":1},{"damage":0,"enemies":"Cultist","floor":5,"turns":1},{"damage":0,"enemies":"3 Sentries","floor":6,"turns":1},{"damage":0,"enemies":"2 Louse","floor":8,"turns":2},{"damage":22,"enemies":"Lagavulin","floor":10,"turns":5},{"damage":13,"enemies":"Gremlin Nob","floor":13,"turns":3},{"damage":0,"enemies":"Large Slime","floor":14,"turns":6},{"damage":23,"enemies":"Hexaghost","floor":16,"turns":4},{"damage":6,"enemies":"Shell Parasite","floor":18,"turns":5},{"damage":11,"enemies":"2 Thieves","floor":20,"turns":4},{"damage":8,"enemies":"Shelled Parasite and Fungi","floor":24,"turns":3},{"damage":31,"enemies":"Slavers","floor":25,"turns":4},{"damage":3,"enemies":"Centurion and Healer","floor":27,"turns":7},{"damage":0,"enemies":"Snecko","floor":29,"turns":5},{"damage":2,"enemies":"Chosen and Byrds","floor":31,"turns":4},{"damage":29,"enemies":"Collector","floor":33,"turns":6},{"damage":4,"enemies":"3 Darklings","floor":35,"turns":5},{"damage":2,"enemies":"3 Shapes","floor":38,"turns":3},{"damage":0,"enemies":"Maw","floor":39,"turns":8},{"damage":21,"enemies":"Giant Head","floor":41,"turns":8},{"damage":7,"enemies":"4 Shapes","floor":46,"turns":4},{"damage":1,"enemies":"Writhing Mass","floor":47,"turns":4},{"damage":43,"enemies":"Donu and Deca","floor":50,"turns":6},{"damage":75,"enemies":"Shield and Spear","floor":54,"turns":6},{"damage":55,"enemies":"The Heart","floor":55,"turns":2}],"seed_played":"4664143767374380872","potions_obtained":[{"floor":1,"key":"SteroidPotion"},{"floor":8,"key":"SteroidPotion"},{"floor":13,"key":"Swift Potion"},{"floor":14,"key":"EntropicBrew"},{"floor":16,"key":"Explosive Potion"},{"floor":20,"key":"FocusPotion"},{"floor":25,"key":"FocusPotion"},{"floor":27,"key":"EntropicBrew"},{"floor":29,"key":"Energy Potion"},{"floor":31,"key":"Swift Potion"},{"floor":33,"key":"Fruit Juice"}],"is_trial":false,"path_per_floor":["M","$","?","?","M","E","R","M","T","E","?","R","E","M","R","B",null,"M","?","M","$","?","R","M","E","T","M","?","M","?","M","R","B",null,"M","$","?","M","M","R","E","$","T","R","?","M","M","$","R","B",null,"R","$","E","B"],"character_chosen":"DEFECT","items_purchased":["Static Discharge","Apotheosis","Bag of Preparation","Bandage Up","Blood Vial"],"campfire_rested":2,"item_purchase_floors":[2,21,36,48,48],"current_hp_per_floor":[75,75,68,68,68,68,68,68,68,46,51,51,38,38,62,39,80,74,74,63,63,63,63,55,36,36,33,33,33,33,31,31,32,85,81,81,81,79,79,79,58,58,58,58,58,51,50,50,75,48,85,85,85,16,0,0],"gold":39,"neow_bonus":"THREE_ENEMY_KILL","is_prod":false,"is_daily":false,"chose_seed":false,"campfire_upgraded":6,"win_rate":0,"timestamp":1607478191,"path_taken":["M","$","?","?","?","E","R","M","T","E","?","R","E","M","R","BOSS","M","?","M","$","?","R","M","E","T","M","?","?","?","?","R","BOSS","M","?","?","M","M","R","E","$","T","R","?","M","?","$","R","BOSS","R","$","E","BOSS"],"build_version":"2020-11-30","purchased_purges":2,"victory":false,"max_hp_per_floor":[75,75,75,75,75,75,75,75,75,75,80,80,80,80,80,80,80,80,80,80,80,80,80,80,80,80,80,80,80,80,80,80,85,85,85,85,85,85,85,85,85,85,85,85,85,85,85,85,85,85,85,85,85,85,85,85],"card_choices":[{"not_picked":["Darkness","Rebound","Compile Driver"],"picked":"SKIP","floor":1},{"not_picked":["Fusion","Ball Lightning","Recycle"],"picked":"SKIP","floor":5},{"not_picked":["Steam Power","Meteor Strike","Scrape"],"picked":"SKIP","floor":6},{"not_picked":["Hologram","Redo"],"picked":"Chaos","floor":8},{"not_picked":["Double Energy","Skim"],"picked":"Genetic Algorithm","floor":10},{"not_picked":["Rip and Tear","Consume"],"picked":"Thunder Strike","floor":13},{"not_picked":["Recycle","Hello World","Redo"],"picked":"SKIP","floor":14},{"not_picked":["Reboot","Creative AI"],"picked":"Core Surge","floor":16},{"not_picked":["Cold Snap+1","Streamline+1","Reprogram"],"picked":"SKIP","floor":18},{"not_picked":["Rip and Tear","Glacier","Static Discharge"],"picked":"SKIP","floor":20},{"not_picked":["Rip and Tear","Static Discharge"],"picked":"Glacier","floor":20},{"not_picked":["Leap","Hologram"],"picked":"Melter+1","floor":24},{"not_picked":["Conserve Battery","Hello World","Fusion"],"picked":"SKIP","floor":25},{"not_picked":["Cold Snap","Gash"],"picked":"Hologram+1","floor":27},{"not_picked":["White Noise","Go for the Eyes"],"picked":"Static Discharge","floor":29},{"not_picked":["Turbo","Ball Lightning","Doom and Gloom+1"],"picked":"SKIP","floor":31},{"not_picked":["Melter","Coolheaded","Sunder"],"picked":"SKIP","floor":35},{"not_picked":["Doom and Gloom","Redo+1"],"picked":"Chill+1","floor":38},{"not_picked":["Double Energy","Barrage","Scrape"],"picked":"SKIP","floor":39},{"not_picked":["Redo+1","Blizzard"],"picked":"Loop+1","floor":41},{"not_picked":["Turbo","White Noise+1","Consume+1"],"picked":"SKIP","floor":46},{"not_picked":["Beam Cell","Coolheaded+1"],"picked":"FTL+1","floor":47},{"not_picked":["Sweeping Beam","Ball Lightning+1","Hologram"],"picked":"SKIP","floor":54}],"player_experience":969271,"relics_obtained":[{"floor":6,"key":"TungstenRod"},{"floor":9,"key":"Cables"},{"floor":10,"key":"White Beast Statue"},{"floor":13,"key":"Mercury Hourglass"},{"floor":25,"key":"Shuriken"},{"floor":26,"key":"Pantograph"},{"floor":41,"key":"Ginger"},{"floor":54,"key":"Happy Flower"}],"event_choices":[{"cards_removed":["Strike_B"],"damage_healed":0,"gold_gain":0,"player_choice":"Card Removal","damage_taken":7,"max_hp_gain":0,"max_hp_loss":0,"event_name":"Golden Wing","floor":3,"gold_loss":0},{"cards_removed":["Strike_B"],"damage_healed":0,"gold_gain":0,"player_choice":"Offered Basic","damage_taken":0,"max_hp_gain":0,"max_hp_loss":0,"event_name":"Bonfire Elementals","floor":4,"gold_loss":0},{"damage_healed":0,"gold_gain":0,"player_choice":"Donut","damage_taken":0,"max_hp_gain":5,"max_hp_loss":0,"event_name":"Big Fish","floor":11,"gold_loss":0},{"damage_healed":0,"gold_gain":0,"player_choice":"Ignored","damage_taken":0,"max_hp_gain":0,"max_hp_loss":0,"event_name":"Vampires","floor":19,"gold_loss":0},{"cards_removed":["Defend_B"],"damage_healed":0,"gold_gain":0,"player_choice":"Elegance","damage_taken":0,"max_hp_gain":0,"max_hp_loss":0,"event_name":"Back to Basics","floor":22,"gold_loss":0},{"cards_removed":["Defend_B"],"damage_healed":0,"gold_gain":0,"player_choice":"Gave Gold","damage_taken":0,"max_hp_gain":0,"max_hp_loss":0,"event_name":"Beggar","floor":28,"gold_loss":75},{"damage_healed":0,"gold_gain":0,"player_choice":"Gave Potion","damage_taken":0,"relics_obtained":["Letter Opener"],"max_hp_gain":0,"max_hp_loss":0,"event_name":"WeMeetAgain","floor":30,"gold_loss":0},{"damage_healed":0,"gold_gain":0,"player_choice":"Paid","damage_taken":0,"relics_obtained":["Red Mask"],"max_hp_gain":0,"max_hp_loss":0,"event_name":"Tomb of Lord Red Mask","floor":37,"gold_loss":12},{"damage_healed":0,"gold_gain":300,"player_choice":"Gold","damage_taken":0,"max_hp_gain":0,"max_hp_loss":0,"event_name":"Wheel of Change","floor":45,"gold_loss":0}],"is_beta":false,"boss_relics":[{"not_picked":["SlaversCollar","Philosopher\u0027s Stone"],"picked":"Empty Cage"},{"not_picked":["SacredBark","Cursed Key"],"picked":"Sozu"}],"items_purged_floors":[48,53],"is_endless":false,"potions_floor_spawned":[1,8,13,14,16,18,20,24,25,27,29,31,33,35,38,39,41,46,47,54],"killed_by":"The Heart","ascension_level":0}}