{"host":"og6lam4kt3nibbw0","time":1607532005,"event":{"gold_per_floor":[130,161,234,309,348,348,348,348,394,319,299,20,85,147,147,147,147,147],"floor_reached":17,"playtime":461,"items_purged":["Strike_P"],"score":190,"play_id":"0e24bcc7-e737-48f2-8d2f-8eb830829cd6","local_time":"20201210014005","is_ascension_mode":true,"campfire_choices":[{"data":"HandOfGreed","floor":6,"key":"SMITH"},{"data":"Eruption","floor":8,"key":"SMITH"},{"floor":16,"key":"REST"}],"neow_cost":"PERCENT_DAMAGE","seed_source_timestamp":527681279057799,"circlet_count":0,"master_deck":["AscendersBane","Strike_P","Strike_P","Strike_P","Defend_P","Defend_P","Defend_P","Defend_P","Eruption+1","Vigilance","HandOfGreed+1","PathToVictory","ClearTheMind","CrushJoints","MentalFortress"],"relics":["PureWater","Bronze Scales","Toxic Egg 2"],"potions_floor_usage":[14,14],"damage_taken":[{"damage":9,"enemies":"Jaw Worm","floor":1,"turns":5},{"damage":0,"enemies":"2 Louse","floor":2,"turns":3},{"damage":1,"enemies":"Small Slimes","floor":5,"turns":2},{"damage":13,"enemies":"Exordium Thugs","floor":13,"turns":4},{"damage":7,"enemies":"Lots of Slimes","floor":14,"turns":3},{"damage":27,"enemies":"Hexaghost","floor":17,"turns":8}],"seed_played":"8161723098381994895","potions_obtained":[{"floor":1,"key":"Swift Potion"},{"floor":5,"key":"SteroidPotion"},{"floor":11,"key":"GamblersBrew"},{"floor":13,"key":"PowerPotion"}],"is_trial":false,"path_per_floor":["M","M","?","?","M","R","?","R","T","$","?","$","M","M","?","R","B"],"character_chosen":"WATCHER","items_purchased":["Toxic Egg 2"],"campfire_rested":1,"item_purchase_floors":[12],"current_hp_per_floor":[34,34,34,23,22,22,22,22,22,22,22,22,9,2,2,22,0,0],"gold":147,"neow_bonus":"RANDOM_COLORLESS_2","is_prod":false,"is_daily":false,"chose_seed":false,"campfire_upgraded":2,"win_rate":0,"timestamp":1607532005,"path_taken":["M","M","?","?","M","R","?","R","T","$","?","$","M","?","?","R","BOSS"],"build_version":"2020-11-30","purchased_purges":1,"victory":false,"max_hp_per_floor":[68,68,68,68,68,68,68,68,68,68,68,68,68,68,68,68,68,68],"card_choices":[{"not_picked":["Transmutation","Secret Technique"],"picked":"HandOfGreed","floor":0},{"not_picked":["FlyingSleeves","Worship"],"picked":"PathToVictory","floor":1},{"not_picked":["Vengeance","EmptyBody"],"picked":"ClearTheMind","floor":2},{"not_picked":["EmptyBody","CutThroughFate","ClearTheMind"],"picked":"SKIP","floor":5},{"not_picked":["Conclude","BowlingBash"],"picked":"CrushJoints","floor":13},{"not_picked":["Protect+1","FlyingSleeves"],"picked":"MentalFortress","floor":14}],"player_experience":752412,"relics_obtained":[{"floor":9,"key":"Bronze Scales"}],"event_choices":[{"damage_healed":0,"gold_gain":73,"player_choice":"Gained Gold","damage_taken":0,"max_hp_gain":0,"max_hp_loss":0,"event_name":"Golden Wing","floor":3,"gold_loss":0},{"damage_healed":0,"gold_gain":75,"player_choice":"Gather Gold","damage_taken":11,"max_hp_gain":0,"max_hp_loss":0,"event_name":"World of Goop","floor":4,"gold_loss":0},{"damage_healed":0,"gold_gain":0,"player_choice":"Ignored","damage_taken":0,"max_hp_gain":0,"max_hp_loss":0,"event_name":"Shining Light","floor":7,"gold_loss":0},{"damage_healed":0,"gold_gain":0,"player_choice":"Bought 1 Potion","damage_taken":0,"max_hp_gain":0,"max_hp_loss":0,"event_name":"The Woman in Blue","floor":11,"gold_loss":0}],"is_beta":false,"boss_relics":[],"items_purged_floors":[10],"is_endless":false,"potions_floor_spawned":[1,5,13],"killed_by":"Hexaghost","ascension_level":20}}