{"host":"am0cr9xwekqmrere","time":1607496464,"event":{"gold_per_floor":[117,82,94,110,130,130,53,82,117,129,159,184,214,126,138,289,301,363,375,387,399,426,438,480,520,587,599,674,686,740,793,805,950,962,990,1014,1038,1065,327,368,368,395,395,395,436,436,471,57,57,66],"floor_reached":51,"playtime":2713,"items_purged":[],"score":1065,"play_id":"37317168-84b7-428c-ad3d-7c9d50cfef72","local_time":"20201209004744","is_ascension_mode":true,"campfire_choices":[{"data":"RobotSpaceExplorer:PowerGlove","floor":6,"key":"SMITH"},{"data":"RobotSpaceExplorer:DroneSwarm","floor":15,"key":"SMITH"},{"floor":23,"key":"REST"},{"data":"conspire:SpireCoStock","floor":27,"key":"SMITH"},{"data":"RobotSpaceExplorer:TrailblazerForm","floor":29,"key":"SMITH"},{"floor":32,"key":"REST"},{"data":"RobotSpaceExplorer:ChargingLaser","floor":41,"key":"SMITH"},{"floor":44,"key":"REST"},{"floor":46,"key":"REST"},{"floor":49,"key":"REST"}],"neow_cost":"","seed_source_timestamp":994479618378500,"circlet_count":0,"master_deck":["RobotSpaceExplorer:Strike","RobotSpaceExplorer:Strike","RobotSpaceExplorer:Strike","RobotSpaceExplorer:Strike","RobotSpaceExplorer:Defend","RobotSpaceExplorer:Defend","RobotSpaceExplorer:Defend","RobotSpaceExplorer:Defend","RobotSpaceExplorer:Scan","RobotSpaceExplorer:MiniLasers","RobotSpaceExplorer:Blitz","RobotSpaceExplorer:Pulsar","RobotSpaceExplorer:PowerGlove+1","RobotSpaceExplorer:Ammunition","RobotSpaceExplorer:ScrapMissile","RobotSpaceExplorer:Pulsar","RobotSpaceExplorer:DroneSwarm+1","RobotSpaceExplorer:StarLightning+1","Apotheosis+1","RobotSpaceExplorer:StunGrenade","RobotSpaceExplorer:StarLightning+1","RobotSpaceExplorer:Pulsar","conspire:SpireCoStock","conspire:SpireCoStock+1","RobotSpaceExplorer:Counterblock+1","RobotSpaceExplorer:Reload","RobotSpaceExplorer:GearShield","RobotSpaceExplorer:Ammunition","RobotSpaceExplorer:Probe","RobotSpaceExplorer:TrailblazerForm+1","RobotSpaceExplorer:GearShield+1","RobotSpaceExplorer:Discharger","RobotSpaceExplorer:ShockKick","RobotSpaceExplorer:ChargingLaser+1","RobotSpaceExplorer:Discharger","RobotSpaceExplorer:FrostMissile","RobotSpaceExplorer:ShockKick+1","RobotSpaceExplorer:MiniDrones","RobotSpaceExplorer:Multitool","RobotSpaceExplorer:Probe","RobotSpaceExplorer:Comet+1","RobotSpaceExplorer:ShockMissile","RobotSpaceExplorer:FranticSearch+1","RobotSpaceExplorer:MetalStrike","RobotSpaceExplorer:Blitz+1","RobotSpaceExplorer:Discharger+1","RobotSpaceExplorer:IronShell+1","RobotSpaceExplorer:LuckyStrike+1","RobotSpaceExplorer:MiniDrones","RobotSpaceExplorer:MetalStrike+1","RobotSpaceExplorer:LaserBurst"],"relics":["RobotSpaceExplorer:RoboCore","Bronze Scales","MawBank","Happy Flower","conspire:RoyalGoblet","Bloody Idol","Blood Vial","Dream Catcher","Kunai","Whetstone","hubris:MysteriousPyramids","conspire:InfiniteJournal","RobotSpaceExplorer:Reprocessor","Toxic Egg 2","Toy Ornithopter","Orrery","Boot","Pen Nib","infinitespire:FocusingShard","conspire:Dentures","RobotSpaceExplorer:SlideRule"],"potions_floor_usage":[2,11,16,16,24,25,33,33,40,40,47,50],"damage_taken":[{"damage":0,"enemies":"Jaw Worm","floor":1,"turns":4},{"damage":0,"enemies":"Small Slimes","floor":3,"turns":3},{"damage":0,"enemies":"Cultist","floor":4,"turns":4},{"damage":4,"enemies":"Large Slime","floor":5,"turns":7},{"damage":3,"enemies":"3 Sentries","floor":8,"turns":7},{"damage":1,"enemies":"conspire:2 RoseBushes","floor":11,"turns":3},{"damage":0,"enemies":"Looter","floor":12,"turns":2},{"damage":0,"enemies":"3 Louse","floor":13,"turns":2},{"damage":22,"enemies":"Hexaghost","floor":16,"turns":8},{"damage":2,"enemies":"Shell Parasite","floor":18,"turns":6},{"damage":2,"enemies":"3 Byrds","floor":22,"turns":2},{"damage":2,"enemies":"Book of Stabbing","floor":24,"turns":5},{"damage":0,"enemies":"Centurion and Healer","floor":25,"turns":6},{"damage":24,"enemies":"Slavers","floor":28,"turns":4},{"damage":25,"enemies":"Gremlin Leader","floor":30,"turns":7},{"damage":20,"enemies":"Snake Plant","floor":31,"turns":6},{"damage":11,"enemies":"conspire:MysteriousRune","floor":33,"turns":13},{"damage":7,"enemies":"Orb Walker","floor":35,"turns":4},{"damage":7,"enemies":"3 Darklings","floor":36,"turns":5},{"damage":2,"enemies":"Writhing Mass","floor":37,"turns":6},{"damage":30,"enemies":"Sphere and 2 Shapes","floor":38,"turns":5},{"damage":6,"enemies":"Nemesis","floor":40,"turns":7},{"damage":24,"enemies":"Reptomancer","floor":42,"turns":7},{"damage":19,"enemies":"Maw","floor":45,"turns":8},{"damage":24,"enemies":"Spire Growth","floor":47,"turns":5},{"damage":59,"enemies":"Awakened One","floor":50,"turns":16}],"seed_played":"-200972704744807978","potions_obtained":[{"floor":1,"key":"RobotSpaceExplorer:RecyclePotion"},{"floor":8,"key":"EssenceOfSteel"},{"floor":11,"key":"SkillPotion"},{"floor":13,"key":"FearPotion"},{"floor":22,"key":"LiquidMemories"},{"floor":24,"key":"Block Potion"},{"floor":30,"key":"Dexterity Potion"},{"floor":31,"key":"AttackPotion"},{"floor":36,"key":"RobotSpaceExplorer:LiquidFusion"},{"floor":45,"key":"DistilledChaos"},{"floor":47,"key":"ColorlessPotion"}],"is_trial":false,"path_per_floor":["M","?","M","M","M","R","$","E","T","?","M","M","M","?","R","B",null,"M","?","?","AVR","M","R","E","M","T","R","E","R","E","M","R","B",null,"M","M","M","M","$","E","R","E","T","R","M","R","M","$","R","B",null],"character_chosen":"RobotSpaceExplorer","items_purchased":["Fruit Juice","Bronze Scales","RobotSpaceExplorer:Blitz","RobotSpaceExplorer:Pulsar","RobotSpaceExplorer:DroneSwarm","RobotSpaceExplorer:Multitool","Toxic Egg 2","Toy Ornithopter","Regen Potion","Orrery","conspire:Dentures","RobotSpaceExplorer:SlideRule"],"campfire_rested":5,"item_purchase_floors":[0,0,0,0,7,39,39,39,39,39,48,48],"current_hp_per_floor":[60,82,82,82,78,78,78,75,75,75,74,74,74,74,74,52,82,80,18,23,28,38,67,77,82,82,82,68,73,62,59,82,82,82,80,80,82,57,62,82,82,63,63,82,77,82,68,68,82,28],"gold":66,"neow_bonus":"","is_prod":false,"is_daily":false,"chose_seed":false,"campfire_upgraded":5,"win_rate":0,"timestamp":1607496464,"path_taken":["M","?","M","M","M","R","$","E","T","?","M","M","M","?","R","BOSS","M","?","?","AVR","M","R","E","M","T","R","E","R","E","M","R","BOSS","M","M","?","M","$","E","R","E","T","R","M","R","M","$","R","BOSS"],"build_version":"2020-11-30","purchased_purges":0,"victory":true,"max_hp_per_floor":[75,82,82,82,82,82,82,82,82,82,82,82,82,82,82,82,82,82,82,82,82,82,82,82,82,82,82,82,82,82,82,82,82,82,82,82,82,82,82,82,82,82,82,82,82,82,82,82,82,82],"card_choices":[{"not_picked":["RobotSpaceExplorer:StarLightning","RobotSpaceExplorer:GlueShot"],"picked":"RobotSpaceExplorer:PowerGlove","floor":1},{"not_picked":["RobotSpaceExplorer:SurgingStrike","RobotSpaceExplorer:Probe"],"picked":"RobotSpaceExplorer:Ammunition","floor":3},{"not_picked":["RobotSpaceExplorer:SlimeMissile","RobotSpaceExplorer:SurgingStrike"],"picked":"RobotSpaceExplorer:ScrapMissile","floor":4},{"not_picked":["RobotSpaceExplorer:SurgingStrike","RobotSpaceExplorer:GlueSpray"],"picked":"RobotSpaceExplorer:Pulsar","floor":5},{"not_picked":["RobotSpaceExplorer:Exploration","RobotSpaceExplorer:Counterblock"],"picked":"RobotSpaceExplorer:StarLightning","floor":8},{"not_picked":["RobotSpaceExplorer:FrostMissile","RobotSpaceExplorer:Counterblock"],"picked":"RobotSpaceExplorer:StunGrenade","floor":11},{"not_picked":["RobotSpaceExplorer:FrostMissile","RobotSpaceExplorer:SwiftStep"],"picked":"RobotSpaceExplorer:StarLightning","floor":12},{"not_picked":["RobotSpaceExplorer:Smokescreen","RobotSpaceExplorer:MetalStrike"],"picked":"RobotSpaceExplorer:Pulsar","floor":13},{"not_picked":["RobotSpaceExplorer:StunGrenade","RobotSpaceExplorer:GlueSpray"],"picked":"RobotSpaceExplorer:Counterblock+1","floor":18},{"not_picked":["RobotSpaceExplorer:LuckyStrike","RobotSpaceExplorer:ExhaustFan"],"picked":"RobotSpaceExplorer:Reload","floor":22},{"not_picked":["RobotSpaceExplorer:SurgingStrike","RobotSpaceExplorer:Pulsar"],"picked":"RobotSpaceExplorer:GearShield","floor":23},{"not_picked":["RobotSpaceExplorer:StarLightning","RobotSpaceExplorer:GlueShot"],"picked":"RobotSpaceExplorer:Ammunition","floor":24},{"not_picked":["RobotSpaceExplorer:Jetpack","RobotSpaceExplorer:ExhaustFan"],"picked":"RobotSpaceExplorer:Probe","floor":25},{"not_picked":["RobotSpaceExplorer:TurboDodge+1","RobotSpaceExplorer:Counterblock"],"picked":"RobotSpaceExplorer:TrailblazerForm","floor":28},{"not_picked":["RobotSpaceExplorer:SwiftStep","RobotSpaceExplorer:StarDust"],"picked":"RobotSpaceExplorer:GearShield+1","floor":30},{"not_picked":["RobotSpaceExplorer:SelfCleaning","RobotSpaceExplorer:FranticSearch"],"picked":"RobotSpaceExplorer:Discharger","floor":31},{"not_picked":["RobotSpaceExplorer:StunGrenade","RobotSpaceExplorer:GlueSpray"],"picked":"RobotSpaceExplorer:ShockKick","floor":32},{"not_picked":["RobotSpaceExplorer:Explosion","RobotSpaceExplorer:BlastShield"],"picked":"RobotSpaceExplorer:ChargingLaser","floor":33},{"not_picked":["RobotSpaceExplorer:Electroshield","RobotSpaceExplorer:FrostMissile"],"picked":"RobotSpaceExplorer:Discharger","floor":35},{"not_picked":["RobotSpaceExplorer:ScrapShield+1","RobotSpaceExplorer:ImprovisedAttack+1"],"picked":"RobotSpaceExplorer:FrostMissile","floor":36},{"not_picked":["RobotSpaceExplorer:SwiftStep+1","RobotSpaceExplorer:FrostMissile"],"picked":"RobotSpaceExplorer:ShockKick+1","floor":37},{"not_picked":["RobotSpaceExplorer:ScrapToss","RobotSpaceExplorer:GlueShot"],"picked":"RobotSpaceExplorer:MiniDrones","floor":38},{"not_picked":["RobotSpaceExplorer:FranticSearch+1","RobotSpaceExplorer:Scanner"],"picked":"RobotSpaceExplorer:Probe","floor":39},{"not_picked":["RobotSpaceExplorer:Probe","RobotSpaceExplorer:MetalStrike"],"picked":"RobotSpaceExplorer:Comet+1","floor":39},{"not_picked":["RobotSpaceExplorer:Ammunition+1","RobotSpaceExplorer:IronShell+1"],"picked":"RobotSpaceExplorer:ShockMissile","floor":39},{"not_picked":["RobotSpaceExplorer:GearShield+1","RobotSpaceExplorer:ChargingLaser"],"picked":"RobotSpaceExplorer:FranticSearch+1","floor":39},{"not_picked":["RobotSpaceExplorer:Fix+1","RobotSpaceExplorer:GlueSpray+1"],"picked":"RobotSpaceExplorer:MetalStrike","floor":39},{"not_picked":["RobotSpaceExplorer:ImprovisedAttack","RobotSpaceExplorer:SurgingStrike"],"picked":"RobotSpaceExplorer:Blitz+1","floor":40},{"not_picked":["RobotSpaceExplorer:FranticSearch+1","RobotSpaceExplorer:Pulsar+1"],"picked":"RobotSpaceExplorer:Discharger+1","floor":42},{"not_picked":["RobotSpaceExplorer:ImprovisedAttack+1","RobotSpaceExplorer:ToxicBomb+1"],"picked":"RobotSpaceExplorer:IronShell+1","floor":44},{"not_picked":["RobotSpaceExplorer:IronShell+1","RobotSpaceExplorer:Probe"],"picked":"RobotSpaceExplorer:LuckyStrike+1","floor":45},{"not_picked":["RobotSpaceExplorer:Counterblock+1","RobotSpaceExplorer:Ammunition+1"],"picked":"RobotSpaceExplorer:MiniDrones","floor":46},{"not_picked":["RobotSpaceExplorer:MakeshiftVolley","RobotSpaceExplorer:FranticSearch+1"],"picked":"RobotSpaceExplorer:MetalStrike+1","floor":47},{"not_picked":["RobotSpaceExplorer:Arsenal+1","RobotSpaceExplorer:SlimeMissile"],"picked":"RobotSpaceExplorer:LaserBurst","floor":49}],"player_experience":2331176,"relics_obtained":[{"floor":8,"key":"MawBank"},{"floor":9,"key":"Happy Flower"},{"floor":24,"key":"Kunai"},{"floor":26,"key":"Whetstone"},{"floor":28,"key":"hubris:MysteriousPyramids"},{"floor":30,"key":"conspire:InfiniteJournal"},{"floor":40,"key":"Boot"},{"floor":42,"key":"Pen Nib"},{"floor":43,"key":"infinitespire:FocusingShard"}],"event_choices":[{"damage_healed":18,"gold_gain":0,"player_choice":"Healed","damage_taken":0,"max_hp_gain":0,"max_hp_loss":0,"event_name":"The Cleric","floor":2,"gold_loss":35},{"damage_healed":75,"gold_gain":0,"player_choice":"Embrace","damage_taken":0,"max_hp_gain":0,"max_hp_loss":82,"event_name":"betterThird:BetterShining","floor":10,"gold_loss":0},{"damage_healed":0,"gold_gain":0,"player_choice":"Invest 2","damage_taken":0,"max_hp_gain":0,"max_hp_loss":0,"event_name":"conspire:Investor","floor":14,"gold_loss":0},{"damage_healed":0,"gold_gain":0,"player_choice":" Idol Vial ","damage_taken":62,"relics_obtained":["Bloody Idol","Blood Vial"],"max_hp_gain":80,"max_hp_loss":18,"event_name":"betterAltar:BetterAltar","floor":19,"potions_obtained":[],"relics_lost":[],"gold_loss":0},{"damage_healed":0,"gold_gain":0,"player_choice":"Ignored","damage_taken":0,"max_hp_gain":0,"max_hp_loss":0,"event_name":"Purifier","floor":20,"gold_loss":0}],"is_beta":false,"boss_relics":[{"not_picked":["Pandora\u0027s Box","Empty Cage"],"picked":"conspire:RoyalGoblet"},{"not_picked":["hubris:VirtuousBlindfold","Velvet Choker"],"picked":"RobotSpaceExplorer:Reprocessor"}],"items_purged_floors":[],"is_endless":false,"potions_floor_spawned":[1,8,11,13,22,24,30,31,36,45,47],"ascension_level":1}}