{"host":"calynag5ibgivyo2","time":1607549130,"event":{"gold_per_floor":[15,15,27,41,41,69,69,84,84,96,109,184,218,218,218,314,314,332,332,343,361,286,316,316,342,342,368,83,83,93,93,93,193,193,210,210,229,529,529,529,540,540,619,639,673,691,149,167,167,167],"floor_reached":51,"playtime":2583,"items_purged":["Strike_P+1"],"score":947,"play_id":"b4bdb3b2-313d-4f99-8cc8-2319327a4bf3","local_time":"20201209132530","is_ascension_mode":false,"campfire_choices":[{"floor":7.0,"key":"REST"},{"floor":15.0,"key":"REST"},{"floor":24,"key":"RECALL"},{"floor":32,"key":"REST"},{"floor":42,"key":"REST"},{"floor":49,"key":"REST"}],"neow_cost":"NO_GOLD","seed_source_timestamp":0,"circlet_count":0,"master_deck":["Defend_P+1","Defend_P+1","Defend_P+1","Defend_P+1","Eruption+1","Vigilance+1","LessonLearned+1","Protect+1","TalkToTheHand+1","Crescendo+1","BattleHymn+1","Protect+1","Establishment+1","WindmillStrike+1","Perseverance+1","ClearTheMind+1","Protect","FlurryOfBlows+1","SandsOfTime+1","EmptyFist+1"],"special_seed":0,"relics":["PureWater","Mummified Hand","Molten Egg 2","Frozen Egg 2","Dead Branch","Fusion Hammer","Matryoshka","PreservedInsect","Dream Catcher","Gremlin Horn","Eternal Feather","War Paint","Juzu Bracelet","Regal Pillow","SacredBark","Mercury Hourglass","White Beast Statue","Bag of Preparation","Bronze Scales","Question Card","Cauldron"],"potions_floor_usage":[20,25,47,47,50],"damage_taken":[{"damage":1.0,"enemies":"Jaw Worm","floor":1.0,"turns":5.0},{"damage":1.0,"enemies":"Cultist","floor":3.0,"turns":6.0},{"damage":0.0,"enemies":"Small Slimes","floor":4.0,"turns":5.0},{"damage":44.0,"enemies":"3 Sentries","floor":6.0,"turns":10.0},{"damage":0.0,"enemies":"Looter","floor":8.0,"turns":4.0},{"damage":0.0,"enemies":"3 Louse","floor":10.0,"turns":3.0},{"damage":0.0,"enemies":"Exordium Thugs","floor":11.0,"turns":3.0},{"damage":17.0,"enemies":"Gremlin Nob","floor":13.0,"turns":4.0},{"damage":21.0,"enemies":"The Guardian","floor":16.0,"turns":12.0},{"damage":0,"enemies":"Chosen","floor":18,"turns":4},{"damage":6,"enemies":"3 Byrds","floor":20,"turns":4},{"damage":0,"enemies":"Sentry and Sphere","floor":21,"turns":4},{"damage":0,"enemies":"Book of Stabbing","floor":23,"turns":6},{"damage":32,"enemies":"Slavers","floor":25,"turns":6},{"damage":0,"enemies":"Book of Stabbing","floor":27,"turns":4},{"damage":2,"enemies":"Shelled Parasite and Fungi","floor":30,"turns":4},{"damage":0,"enemies":"Automaton","floor":33,"turns":8},{"damage":8,"enemies":"3 Shapes","floor":35,"turns":4},{"damage":6,"enemies":"3 Darklings","floor":37,"turns":3},{"damage":10,"enemies":"Jaw Worm Horde","floor":41,"turns":4},{"damage":8,"enemies":"Spire Growth","floor":44,"turns":5},{"damage":0,"enemies":"Giant Head","floor":45,"turns":4},{"damage":10,"enemies":"3 Darklings","floor":46,"turns":4},{"damage":0,"enemies":"Transient","floor":48,"turns":5},{"damage":11,"enemies":"Awakened One","floor":50,"turns":11}],"seed_played":"7894979356614312376","potions_obtained":[{"floor":4.0,"key":"SteroidPotion"},{"floor":8.0,"key":"StancePotion"},{"floor":11.0,"key":"AttackPotion"},{"floor":16.0,"key":"Weak Potion"},{"floor":18,"key":"Explosive Potion"},{"floor":25,"key":"BlessingOfTheForge"},{"floor":33,"key":"SteroidPotion"},{"floor":37,"key":"FearPotion"},{"floor":44,"key":"Swift Potion"},{"floor":45,"key":"CultistPotion"},{"floor":46,"key":"LiquidMemories"},{"floor":47,"key":"Fruit Juice"},{"floor":47,"key":"Fruit Juice"},{"floor":47,"key":"Strength Potion"},{"floor":47,"key":"Block Potion"}],"is_trial":false,"path_per_floor":["M","$","M","M","?","E","R","M","T","M","M","?","E","?","R","B",null,"M","?","M","M","?","E","R","E","T","E","$","?","M","?","R","B",null,"M","?","M","?","?","?","M","R","T","M","E","M","$","M","R","B",null],"character_chosen":"WATCHER","items_purchased":["War Paint","Protect","Bronze Scales","Question Card","Cauldron"],"campfire_rested":5,"item_purchase_floors":[28,28,47,47,47],"current_hp_per_floor":[71,71,70,70,72,28,49,49,49,49,49,38,21,3,24,3,72,72,72,66,66,66,66,66,34,34,34,34,34,32,32,72,72,72,64,64,58,58,58,58,48,68,68,60,60,50,70,70,88,77],"gold":167,"neow_bonus":"THREE_RARE_CARDS","is_prod":false,"is_daily":false,"chose_seed":false,"campfire_upgraded":0,"win_rate":0.0,"timestamp":1607549130,"path_taken":["M","$","M","M","?","E","R","M","T","?","M","?","E","?","R","BOSS","M","?","M","M","?","E","R","E","T","E","$","?","M","?","R","BOSS","M","?","M","?","?","?","M","R","T","M","E","M","$","M","R","BOSS"],"build_version":"2020-11-30","purchased_purges":1,"victory":true,"max_hp_per_floor":[72,72,72,72,72,72,72,72,72,72,72,72,72,72,72,72,72,72,72,72,72,72,72,72,72,72,72,72,72,72,72,72,72,72,72,68,68,68,68,68,68,68,68,68,68,68,88,88,88,88],"card_choices":[{"not_picked":["Vault","Judgement"],"picked":"LessonLearned","floor":0.0},{"not_picked":["SashWhip","Crescendo"],"picked":"Protect","floor":1.0},{"not_picked":["SashWhip","Indignation"],"picked":"TalkToTheHand","floor":3.0},{"not_picked":["Tantrum","JustLucky"],"picked":"Crescendo","floor":4.0},{"not_picked":["Swivel","Collect"],"picked":"BattleHymn","floor":6.0},{"not_picked":["Wallop","Indignation","SignatureMove"],"picked":"SKIP","floor":8.0},{"not_picked":["FollowUp+1","FlyingSleeves+1","Study"],"picked":"SKIP","floor":10.0},{"not_picked":["Ragnarok+1","SandsOfTime+1","Protect"],"picked":"SKIP","floor":11.0},{"not_picked":["Prostrate","Fasting2+1","EmptyFist+1"],"picked":"SKIP","floor":13.0},{"not_picked":["ReachHeaven+1","SignatureMove+1"],"picked":"Protect","floor":18},{"not_picked":["FlyingSleeves+1","CarveReality+1"],"picked":"Perseverance","floor":20},{"not_picked":["LikeWater+1","Prostrate","Halt+1"],"picked":"SKIP","floor":21},{"not_picked":["SignatureMove+1","PathToVictory","CarveReality+1"],"picked":"SKIP","floor":23},{"not_picked":["Prostrate","WreathOfFlame","FollowUp+1"],"picked":"SKIP","floor":25},{"not_picked":["ReachHeaven+1","Prostrate"],"picked":"ClearTheMind","floor":27},{"not_picked":["Consecrate+1","ThirdEye","CrushJoints+1"],"picked":"SKIP","floor":30},{"not_picked":["CrushJoints+1","Omniscience"],"picked":"FlurryOfBlows+1","floor":32},{"not_picked":["WreathOfFlame+1","FlyingSleeves+1","SignatureMove+1"],"picked":"SKIP","floor":35},{"not_picked":["FlurryOfBlows+1","Meditate+1"],"picked":"SandsOfTime+1","floor":37},{"not_picked":["Halt+1","Consecrate+1","Prostrate+1"],"picked":"SKIP","floor":41},{"not_picked":["Consecrate+1","Vengeance+1"],"picked":"EmptyFist+1","floor":42},{"not_picked":["Protect","SashWhip+1","EmptyBody"],"picked":"SKIP","floor":44},{"not_picked":["Tantrum+1","PathToVictory","BowlingBash+1"],"picked":"SKIP","floor":45},{"not_picked":["FearNoEvil+1","CutThroughFate+1","FlyingSleeves+1"],"picked":"SKIP","floor":46},{"not_picked":["ClearTheMind","EmptyFist+1","SashWhip+1","ReachHeaven+1"],"picked":"SKIP","floor":48}],"player_experience":409362,"relics_obtained":[{"floor":6.0,"key":"Mummified Hand"},{"floor":9.0,"key":"Molten Egg 2"},{"floor":13.0,"key":"Frozen Egg 2"},{"floor":23,"key":"Matryoshka"},{"floor":25,"key":"PreservedInsect"},{"floor":26,"key":"Dream Catcher"},{"floor":26,"key":"Gremlin Horn"},{"floor":27,"key":"Eternal Feather"},{"floor":43,"key":"Mercury Hourglass"},{"floor":43,"key":"White Beast Statue"},{"floor":45,"key":"Bag of Preparation"}],"event_choices":[{"damage_healed":2.0,"max_hp_gain":0.0,"max_hp_loss":0.0,"gold_gain":0.0,"event_name":"Wheel of Change","player_choice":"Full Heal","floor":5.0,"gold_loss":0.0,"damage_taken":0.0},{"damage_healed":0.0,"max_hp_gain":0.0,"max_hp_loss":0.0,"gold_gain":75.0,"event_name":"World of Goop","player_choice":"Gather Gold","floor":12.0,"gold_loss":0.0,"damage_taken":11.0},{"damage_healed":0.0,"max_hp_gain":0.0,"max_hp_loss":0.0,"gold_gain":0.0,"event_name":"Scrap Ooze","player_choice":"Success","floor":14.0,"gold_loss":0.0,"damage_taken":18.0,"relics_obtained":["Dead Branch"]},{"damage_healed":0,"gold_gain":0,"cards_transformed":["Strike_P","Strike_P"],"player_choice":"Became Test Subject","damage_taken":0,"max_hp_gain":0,"max_hp_loss":0,"event_name":"Drug Dealer","floor":19,"gold_loss":0,"cards_obtained":["Establishment","WindmillStrike"]},{"cards_removed":["Strike_P"],"damage_healed":0,"gold_gain":0,"player_choice":"Gave Gold","damage_taken":0,"max_hp_gain":0,"max_hp_loss":0,"event_name":"Beggar","floor":22,"gold_loss":75},{"damage_healed":0,"gold_gain":0,"player_choice":"Gave Potion","damage_taken":0,"relics_obtained":["Juzu Bracelet"],"max_hp_gain":0,"max_hp_loss":0,"event_name":"WeMeetAgain","floor":29,"gold_loss":0},{"damage_healed":0,"gold_gain":0,"player_choice":"Opened","damage_taken":0,"relics_obtained":["Regal Pillow"],"max_hp_gain":0,"max_hp_loss":0,"event_name":"The Mausoleum","floor":31,"gold_loss":0},{"damage_healed":0,"gold_gain":0,"player_choice":"Max HP","damage_taken":0,"max_hp_gain":0,"max_hp_loss":4,"event_name":"Winding Halls","floor":36,"gold_loss":0},{"damage_healed":0,"gold_gain":300,"player_choice":"Gold","damage_taken":0,"max_hp_gain":0,"max_hp_loss":0,"event_name":"Wheel of Change","floor":38,"gold_loss":0},{"damage_healed":0,"gold_gain":0,"player_choice":"Ignored","damage_taken":0,"max_hp_gain":0,"max_hp_loss":0,"event_name":"Tomb of Lord Red Mask","floor":39,"gold_loss":0},{"damage_healed":0,"gold_gain":0,"player_choice":"Ignored","damage_taken":0,"max_hp_gain":0,"max_hp_loss":0,"event_name":"Mysterious Sphere","floor":40,"gold_loss":0}],"is_beta":false,"boss_relics":[{"not_picked":["Runic Dome","HolyWater"],"picked":"Fusion Hammer"},{"not_picked":["Coffee Dripper","Astrolabe"],"picked":"SacredBark"}],"items_purged_floors":[28],"is_endless":false,"potions_floor_spawned":[4,8,11,16,18,25,33,37,44,45,46,48],"ascension_level":0}}