{"host":"f5n4tidiz2n5sooh","time":1607484233,"event":{"gold_per_floor":[114,114,7,21,33,68,68,68],"floor_reached":7,"playtime":216,"items_purged":[],"score":102,"play_id":"02b8b5fc-64f5-449a-80b7-48236c88c4c2","local_time":"20201208212353","is_ascension_mode":true,"campfire_choices":[],"neow_cost":"NONE","seed_source_timestamp":5157763475900,"circlet_count":0,"master_deck":["AscendersBane","Strike_G","Strike_G","Strike_G","Strike_G","Strike_G","Defend_G","Defend_G","Defend_G","Defend_G","Defend_G","Survivor","Neutralize","Predator","Well Laid Plans","PiercingWail","Leg Sweep","Dash","Wraith Form v2"],"relics":["Ring of the Snake","NeowsBlessing","Juzu Bracelet"],"potions_floor_usage":[6,6,6,6],"damage_taken":[{"damage":0,"enemies":"Cultist","floor":1,"turns":1},{"damage":0,"enemies":"Small Slimes","floor":4,"turns":1},{"damage":0,"enemies":"2 Louse","floor":5,"turns":1},{"damage":41,"enemies":"Lagavulin","floor":6,"turns":9},{"damage":21,"enemies":"Large Slime","floor":7,"turns":8}],"seed_played":"-8543990941906810583","potions_obtained":[{"floor":1,"key":"Weak Potion"},{"floor":2,"key":"EntropicBrew"},{"floor":4,"key":"DuplicationPotion"}],"is_trial":false,"path_per_floor":["M","?","$","M","M","E","M"],"character_chosen":"THE_SILENT","items_purchased":["Well Laid Plans","PiercingWail"],"campfire_rested":0,"item_purchase_floors":[3,3],"current_hp_per_floor":[59,59,59,59,59,18,0,0],"gold":68,"neow_bonus":"THREE_ENEMY_KILL","is_prod":false,"is_daily":false,"chose_seed":false,"campfire_upgraded":0,"win_rate":0,"timestamp":1607484233,"path_taken":["M","?","$","M","?","E","M"],"build_version":"2020-11-30","purchased_purges":0,"victory":false,"max_hp_per_floor":[66,66,66,66,66,66,66,66],"relic_stats":{"counters":[5,20],"Juzu Bracelet":0,"obtain_stats":[{"NeowsBlessing":0,"Juzu Bracelet":6,"Ring of the Snake":0},{"NeowsBlessing":0,"Juzu Bracelet":4,"Ring of the Snake":0},{"NeowsBlessing":0,"Juzu Bracelet":12,"Ring of the Snake":0}],"Ring of the Snake":[10]},"card_choices":[{"not_picked":["Expertise","Deadly Poison"],"picked":"Predator","floor":1},{"not_picked":["Catalyst","Prepared"],"picked":"Leg Sweep","floor":4},{"not_picked":["PiercingWail","Flying Knee"],"picked":"Dash","floor":5},{"not_picked":["Deflect","Dodge and Roll"],"picked":"Wraith Form v2","floor":6}],"player_experience":1859112,"relics_obtained":[{"floor":6,"key":"Juzu Bracelet"}],"event_choices":[{"damage_healed":0,"gold_gain":0,"player_choice":"Got Potions","damage_taken":0,"max_hp_gain":0,"max_hp_loss":0,"event_name":"Lab","floor":2,"gold_loss":0}],"is_beta":false,"boss_relics":[],"items_purged_floors":[],"is_endless":false,"potions_floor_spawned":[1,4],"killed_by":"Large Slime","ascension_level":20}}