{"host":"yvb207ks1sg3cxef","time":1609080753,"event":{"mods":["2.2 Compatiblity","BaseMod","Bestiary","Colored Powertips","Minty Spire (QoL Compilation)","Permanent Neow","Quick Restart","Relic Stats","StSLib"],"gold_per_floor":[20,20,43,68,89,128,128,166,191,191,234,234,267,279,291,433,445,480,511,523,559,571,583,628,640,640],"floor_reached":25,"playtime":1214,"items_purged":[],"score":359,"play_id":"f0400648-f78a-4f4e-8590-1797aa082914","local_time":"20201227202233","is_ascension_mode":true,"campfire_choices":[{"floor":7.0,"key":"REST"},{"floor":10.0,"key":"REST"},{"data":"BattleHymn","floor":15.0,"key":"SMITH"},{"floor":23,"key":"REST"}],"circlet_count":0,"master_deck":["Strike_P+1","Strike_P+1","Defend_P+1","Defend_P+1","Defend_P+1","Defend_P+1","Eruption","Vigilance","Establishment","SignatureMove","FlyingSleeves","DevaForm+1","BattleHymn+1","Study+1","LessonLearned+1","Sanctity+1","Pray","FlyingSleeves+1"],"relics":["PureWater","Golden Idol","Bottled Tornado","Bag of Preparation","Lantern","Boot","MawBank","Empty Cage","InkBottle"],"acts_visited":["Exordium","TheCity"],"potions_floor_usage":[18,22,24],"damage_taken":[{"damage":2.0,"enemies":"Small Slimes","floor":1.0,"turns":4.0},{"damage":0.0,"enemies":"Jaw Worm","floor":3.0,"turns":2.0},{"damage":0.0,"enemies":"Cultist","floor":4.0,"turns":2.0},{"damage":0.0,"enemies":"Exordium Wildlife","floor":5.0,"turns":3.0},{"damage":49.0,"enemies":"Gremlin Nob","floor":6.0,"turns":5.0},{"damage":22.0,"enemies":"3 Sentries","floor":8.0,"turns":7.0},{"damage":12.0,"enemies":"Gremlin Nob","floor":11.0,"turns":3.0},{"damage":0.0,"enemies":"Lagavulin","floor":13.0,"turns":4.0},{"damage":17.0,"enemies":"The Guardian","floor":16.0,"turns":9.0},{"damage":19,"enemies":"3 Byrds","floor":18,"turns":6},{"damage":8,"enemies":"Spheric Guardian","floor":19,"turns":4},{"damage":7,"enemies":"Snecko","floor":21,"turns":6},{"damage":4,"enemies":"Shelled Parasite and Fungi","floor":22,"turns":2},{"damage":30,"enemies":"Slavers","floor":24,"turns":6},{"damage":16,"enemies":"Snake Plant","floor":25,"turns":1}],"seed_played":"7358228972825252831","potions_obtained":[{"floor":3.0,"key":"BlessingOfTheForge"},{"floor":4.0,"key":"Dexterity Potion"},{"floor":6.0,"key":"Weak Potion"},{"floor":12.0,"key":"SmokeBomb"},{"floor":12.0,"key":"DistilledChaos"},{"floor":18,"key":"LiquidBronze"}],"is_trial":false,"path_per_floor":["M","?","M","M","M","E","R","E","T","R","E","?","E","$","R","B",null,"M","M","?","M","M","R","E","M"],"character_chosen":"WATCHER","items_purchased":[],"campfire_rested":3,"item_purchase_floors":[],"current_hp_per_floor":[63,63,63,63,63,14,34,12,12,32,20,20,20,20,20,3,51,32,24,24,17,13,33,3,0,0],"gold":640,"neow_bonus":"THREE_RARE_CARDS","is_daily":false,"chose_seed":false,"campfire_upgraded":1,"win_rate":0.0,"timestamp":1609080753,"path_taken":["M","?","M","M","M","E","R","E","T","R","E","?","E","$","R","BOSS","M","?","?","M","M","R","E","M"],"items_purchased_type":[],"build_version":"2020-12-22","purchased_purges":0,"victory":false,"max_hp_per_floor":[72,67,67,67,67,67,67,67,67,67,67,67,67,67,67,67,67,67,67,67,67,67,67,67,67,67],"relic_stats":{"counters":[15,64],"Golden Idol":98,"Bag of Preparation":[18],"Boot":[28],"MawBank":144,"obtain_stats":[{"Lantern":9,"Golden Idol":2,"Bag of Preparation":8,"PureWater":0,"Bottled Tornado":6,"Boot":11,"MawBank":13,"Empty Cage":17,"InkBottle":24},{"Lantern":6,"Golden Idol":1,"Bag of Preparation":6,"PureWater":0,"Bottled Tornado":5,"Boot":7,"MawBank":8,"Empty Cage":9,"InkBottle":14},{"Lantern":23,"Golden Idol":4,"Bag of Preparation":23,"PureWater":0,"Bottled Tornado":16,"Boot":26,"MawBank":30,"Empty Cage":39,"InkBottle":63}],"InkBottle":[0]},"card_choices":[{"not_picked":["MasterReality","Wish"],"picked":"Establishment","floor":0.0},{"not_picked":["Evaluate","WheelKick"],"picked":"SignatureMove","floor":1.0},{"not_picked":["EmptyFist","ClearTheMind"],"picked":"FlyingSleeves","floor":3.0},{"not_picked":["CrushJoints","FlurryOfBlows"],"picked":"DevaForm","floor":4.0},{"not_picked":["Prostrate","Pray"],"picked":"BattleHymn","floor":5.0},{"not_picked":["CutThroughFate","FollowUp"],"picked":"Study","floor":6.0},{"not_picked":["Crescendo","BowlingBash","JustLucky"],"picked":"SKIP","floor":8.0},{"not_picked":["BowlingBash","FlyingSleeves","Conclude"],"picked":"SKIP","floor":11.0},{"not_picked":["FlurryOfBlows","Swivel","EmptyFist"],"picked":"SKIP","floor":13.0},{"not_picked":["MasterReality","Judgement"],"picked":"LessonLearned","floor":16.0},{"not_picked":["JustLucky","CarveReality+1"],"picked":"Sanctity+1","floor":18},{"not_picked":["Weave+1","Study"],"picked":"Pray","floor":19},{"not_picked":["PathToVictory","Nirvana","SignatureMove"],"picked":"SKIP","floor":21},{"not_picked":["Pray+1","Vengeance"],"picked":"FlyingSleeves+1","floor":24}],"player_experience":235440,"relics_obtained":[{"floor":6.0,"key":"Bottled Tornado"},{"floor":8.0,"key":"Bag of Preparation"},{"floor":9.0,"key":"Lantern"},{"floor":11.0,"key":"Boot"},{"floor":13.0,"key":"MawBank"},{"floor":24,"key":"InkBottle"}],"event_choices":[{"damage_healed":0.0,"max_hp_gain":0.0,"max_hp_loss":5.0,"gold_gain":0.0,"event_name":"Golden Idol","player_choice":"Lose Max HP","floor":2.0,"gold_loss":0.0,"damage_taken":0.0,"relics_obtained":["Golden Idol"]},{"damage_healed":0.0,"max_hp_gain":0.0,"max_hp_loss":0.0,"gold_gain":0.0,"event_name":"Lab","player_choice":"Got Potions","floor":12.0,"gold_loss":0.0,"damage_taken":0.0},{"damage_healed":0,"gold_gain":0,"player_choice":"Simplicity","damage_taken":0,"max_hp_gain":0,"max_hp_loss":0,"event_name":"Back to Basics","floor":20,"gold_loss":0,"cards_upgraded":["Strike_P","Strike_P","Defend_P","Defend_P","Defend_P","Defend_P"]}],"is_beta":false,"boss_relics":[{"not_picked":["Runic Dome","SacredBark"],"picked":"Empty Cage"}],"items_purged_floors":[],"is_endless":false,"potions_floor_spawned":[3,4,6,8,13,18,19],"killed_by":"Snake Plant","ascension_level":6}}