{"host":"vp2frn5hc2y9r85i","time":1609063086,"event":{"mods":["2.2 Compatiblity","AchievementEnabler","BaseMod","BetterRewards","Colored Map","DeckTracker","Highlight Path","Minty Spire (QoL Compilation)","Random Character Button","Rare Cards Sparkle","StSLib","The Sage","Transform Curses"],"gold_per_floor":[114,64,64,78,78,78,89,89,89,104,117,36,48,48,48,145,145,165,165,183,197,211,237,237,254,254,254,264,280,280,308,308,410,710,729,746,746,762,762,762],"floor_reached":39,"playtime":2878,"items_purged":[],"score":547,"play_id":"f296156f-3fa9-461f-88b7-44b748f22ee0","local_time":"20201227105806","is_ascension_mode":false,"campfire_choices":[{"data":"Terror","floor":6,"key":"SMITH"},{"data":"After Image","floor":8,"key":"SMITH"},{"data":"Infinite Blades","floor":15,"key":"SMITH"},{"floor":24,"key":"REST"},{"data":"Noxious Fumes","floor":27,"key":"SMITH"},{"floor":32,"key":"REST"}],"circlet_count":0,"master_deck":["Strike_G","Strike_G","Strike_G","Strike_G","Defend_G","Defend_G","Defend_G","Defend_G","Defend_G","Survivor","Neutralize","Bouncing Flask","Blade Dance","Prepared","Leg Sweep","PiercingWail","Dodge and Roll","Terror+1","After Image+1","Blade Dance","Well Laid Plans","Infinite Blades+1","Poisoned Stab","Envenom+1","Catalyst","Blade Dance","Noxious Fumes+1","PiercingWail","Noxious Fumes","Infinite Blades+1","Phantasmal Killer","CurseOfTheBell","Deadly Poison+1","Footwork+1"],"relics":["Ring of the Snake","Orrery","Eternal Feather","Orichalcum","Bronze Scales","WristBlade","Juzu Bracelet","White Beast Statue","Nilry\u0027s Codex","Red Mask","Calling Bell","Regal Pillow","Kunai","Old Coin"],"acts_visited":["Exordium","TheCity","TheBeyond"],"potions_floor_usage":[16,31,33,33,39,39],"damage_taken":[{"damage":0,"enemies":"Small Slimes","floor":1,"turns":5},{"damage":0,"enemies":"Cultist","floor":4,"turns":4},{"damage":0,"enemies":"2 Louse","floor":7,"turns":3},{"damage":7,"enemies":"Lots of Slimes","floor":10,"turns":10},{"damage":0,"enemies":"Looter","floor":11,"turns":3},{"damage":0,"enemies":"2 Fungi Beasts","floor":13,"turns":6},{"damage":7,"enemies":"Hexaghost","floor":16,"turns":9},{"damage":0,"enemies":"3 Byrds","floor":18,"turns":3},{"damage":9,"enemies":"Spheric Guardian","floor":20,"turns":5},{"damage":5,"enemies":"Snecko","floor":21,"turns":5},{"damage":6,"enemies":"Centurion and Healer","floor":22,"turns":6},{"damage":23,"enemies":"Gremlin Leader","floor":23,"turns":6},{"damage":19,"enemies":"Sentry and Sphere","floor":25,"turns":6},{"damage":6,"enemies":"Shelled Parasite and Fungi","floor":28,"turns":4},{"damage":0,"enemies":"Centurion and Healer","floor":29,"turns":6},{"damage":19,"enemies":"Masked Bandits","floor":31,"turns":5},{"damage":37,"enemies":"Automaton","floor":33,"turns":7},{"damage":6,"enemies":"3 Shapes","floor":35,"turns":6},{"damage":9,"enemies":"Orb Walker","floor":36,"turns":4},{"damage":26,"enemies":"4 Shapes","floor":38,"turns":6},{"damage":48,"enemies":"Transient","floor":39,"turns":4}],"seed_played":"8933805435694800600","potions_obtained":[{"floor":7,"key":"Explosive Potion"},{"floor":10,"key":"EssenceOfSteel"},{"floor":13,"key":"Fire Potion"},{"floor":20,"key":"LiquidBronze"},{"floor":25,"key":"Dexterity Potion"},{"floor":31,"key":"GamblersBrew"},{"floor":33,"key":"SkillPotion"},{"floor":35,"key":"CultistPotion"},{"floor":38,"key":"SpeedPotion"}],"is_trial":false,"path_per_floor":["M","?","?","M","?","R","M","R","T","M","M","$","M","?","R","B",null,"M","?","M","M","M","E","R","M","T","R","M","M","?","?","R","B",null,"M","M","?","M","M"],"character_chosen":"THE_SILENT","items_purchased":["Orrery","Eternal Feather","Infinite Blades"],"campfire_rested":2,"item_purchase_floors":[0,0,12],"current_hp_per_floor":[70,70,70,70,70,70,70,70,70,63,63,63,63,38,50,43,70,70,70,61,56,50,27,63,44,44,59,53,53,37,18,57,20,70,64,55,55,29,0,0],"gold":762,"neow_bonus":"","is_daily":false,"chose_seed":false,"campfire_upgraded":4,"win_rate":0.0,"timestamp":1609063086,"path_taken":["M","?","?","M","?","R","M","R","T","M","?","$","M","?","R","BOSS","M","?","?","M","M","E","R","M","T","R","M","M","?","?","R","BOSS","M","M","?","M","M"],"items_purchased_type":["Relic","Relic","Card"],"build_version":"2020-12-22","purchased_purges":0,"victory":false,"max_hp_per_floor":[70,70,70,70,70,70,70,70,70,70,70,70,70,70,70,70,70,70,70,70,70,70,70,70,70,70,70,70,70,70,70,70,70,70,70,70,70,70,70,70],"card_choices":[{"not_picked":["Dodge and Roll","Terror"],"picked":"Bouncing Flask","floor":0},{"not_picked":["Tactician","PiercingWail"],"picked":"Blade Dance","floor":0},{"not_picked":["Flechettes","Slice"],"picked":"Prepared","floor":0},{"not_picked":["Acrobatics","Bane"],"picked":"Leg Sweep","floor":0},{"not_picked":["Backstab","Bouncing Flask"],"picked":"PiercingWail","floor":0},{"not_picked":["Sucker Punch","Riddle With Holes"],"picked":"Dodge and Roll","floor":1},{"not_picked":["Leg Sweep","Heel Hook"],"picked":"Terror","floor":4},{"not_picked":["Distraction","Dagger Throw"],"picked":"After Image","floor":7},{"not_picked":["Terror","Dagger Spray"],"picked":"Blade Dance","floor":10},{"not_picked":["Outmaneuver","Expertise"],"picked":"Well Laid Plans","floor":11},{"not_picked":["Dagger Throw","Catalyst"],"picked":"Poisoned Stab","floor":13},{"not_picked":["Phantasmal Killer","Venomology"],"picked":"Envenom","floor":16},{"not_picked":["Sucker Punch","Underhanded Strike+1","Escape Plan+1"],"picked":"SKIP","floor":18},{"not_picked":["Masterful Stab","Choke"],"picked":"Catalyst","floor":20},{"not_picked":["Outmaneuver+1","Bouncing Flask","Dagger Spray"],"picked":"SKIP","floor":21},{"not_picked":["Acrobatics","Riddle With Holes"],"picked":"Blade Dance","floor":22},{"not_picked":["Flying Knee","Tactician+1","Expertise"],"picked":"SKIP","floor":23},{"not_picked":["Expertise","Flying Knee"],"picked":"Noxious Fumes","floor":25},{"not_picked":["Terror","Dash"],"picked":"PiercingWail","floor":28},{"not_picked":["Sucker Punch","Outmaneuver+1"],"picked":"Noxious Fumes","floor":29},{"not_picked":["Blur","Finisher"],"picked":"Infinite Blades+1","floor":31},{"not_picked":["Wraith Form v2","Unload"],"picked":"Phantasmal Killer","floor":33},{"not_picked":["Sucker Punch+1","Deadly Poison","PiercingWail+1"],"picked":"SKIP","floor":35},{"not_picked":["Flying Knee+1","Footwork"],"picked":"Deadly Poison+1","floor":36},{"not_picked":["All Out Attack","Underhanded Strike"],"picked":"Footwork+1","floor":38}],"player_experience":40343,"relics_obtained":[{"floor":9,"key":"Orichalcum"},{"floor":23,"key":"Juzu Bracelet"},{"floor":26,"key":"White Beast Statue"},{"floor":30,"key":"Nilry\u0027s Codex"},{"floor":31,"key":"Red Mask"},{"floor":34,"key":"Regal Pillow"},{"floor":34,"key":"Kunai"},{"floor":34,"key":"Old Coin"}],"event_choices":[{"cards_removed":["Strike_G"],"damage_healed":0,"gold_gain":0,"player_choice":"Card Removal","damage_taken":0,"max_hp_gain":0,"max_hp_loss":0,"event_name":"The Cleric","floor":2,"gold_loss":50},{"damage_healed":0,"gold_gain":0,"player_choice":"Ignored","damage_taken":0,"max_hp_gain":0,"max_hp_loss":0,"event_name":"Liars Game","floor":3,"gold_loss":0},{"damage_healed":0,"gold_gain":0,"player_choice":"Bought 0 Potions","damage_taken":0,"max_hp_gain":0,"max_hp_loss":0,"event_name":"The Woman in Blue","floor":5,"gold_loss":0},{"damage_healed":0,"gold_gain":0,"player_choice":"Success","damage_taken":25,"relics_obtained":["Bronze Scales"],"max_hp_gain":0,"max_hp_loss":0,"event_name":"Scrap Ooze","floor":14,"gold_loss":0},{"damage_healed":0,"gold_gain":0,"player_choice":"Forge","damage_taken":0,"max_hp_gain":0,"max_hp_loss":0,"event_name":"Accursed Blacksmith","floor":19,"gold_loss":0,"cards_upgraded":["Envenom"]},{"damage_healed":0,"gold_gain":0,"player_choice":"Obtained Book","damage_taken":16,"max_hp_gain":0,"max_hp_loss":0,"event_name":"Cursed Tome","floor":30,"gold_loss":0},{"damage_healed":0,"gold_gain":0,"player_choice":"Fought Bandits","damage_taken":0,"max_hp_gain":0,"max_hp_loss":0,"event_name":"Masked Bandits","floor":31,"gold_loss":0},{"damage_healed":0,"gold_gain":0,"player_choice":"Ignored","damage_taken":0,"max_hp_gain":0,"max_hp_loss":0,"event_name":"Mysterious Sphere","floor":37,"gold_loss":0}],"is_beta":false,"boss_relics":[{"not_picked":["HoveringKite","Empty Cage"],"picked":"WristBlade"},{"not_picked":["Sozu","SacredBark"],"picked":"Calling Bell"}],"items_purged_floors":[],"is_endless":false,"potions_floor_spawned":[7,10,13,20,22,25,28,29,31,33,35,36,38],"killed_by":"Transient","ascension_level":0}}