{"host":"uwh382mre4waz4ff","time":1609054879,"event":{"mods":["AchievementEnabler","BaseMod","Better Note","Better Third Choice","BetterRewards","HololiveMod","Minty Spire (QoL Compilation)","Quick Restart","Shop Mod","StSLib"],"gold_per_floor":[84,84,96,96,0,0,23,23,23,23,23,23,35,35,35,130,130,149,149,149,167,6,6,35,45,45,60,60,60,60,76,76,172,172,185,109,119,119,49,84,84,84,84,110,110,124,149,184,184,190,190],"floor_reached":50,"playtime":1339,"items_purged":["Hololive_Strike","Hololive_Strike","Hololive_Defend"],"score":831,"play_id":"878d5b99-d883-400b-9d65-fb7a642cb510","local_time":"20201227154119","is_ascension_mode":false,"campfire_choices":[{"data":"Hololive_CallShiroganeNoel","floor":6.0,"key":"SMITH"},{"data":"Hololive_CallShiroganeNoel","floor":8.0,"key":"SMITH"},{"data":"Enlightenment","floor":10.0,"key":"SMITH"},{"data":"Hololive_CallUsadaPekora","floor":12.0,"key":"SMITH"},{"data":"Hololive_CallAkiRosenthal","floor":15.0,"key":"SMITH"},{"data":"Hololive_CallHoushouMarine","floor":23.0,"key":"SMITH"},{"data":"Hololive_CallUruhaRushia","floor":28.0,"key":"SMITH"},{"data":"Hololive_MaximGun","floor":30.0,"key":"SMITH"},{"data":"Hololive_CallDoris","floor":32.0,"key":"SMITH"},{"data":"Hololive_CallShiroganeNoel","floor":42.0,"key":"SMITH"},{"data":"Hololive_StrengthChampion","floor":45.0,"key":"SMITH"},{"data":"Hololive_StrengthChampion+1","floor":49,"key":"SMITH"}],"circlet_count":0,"master_deck":["Hololive_CallHoushouMarine+1","Hololive_CallShiroganeNoel+1","Hololive_CallUruhaRushia+1","Hololive_CallShiranuiFlare","Hololive_CallUsadaPekora+1","Hololive_StrengthChampion+2","Hololive_CallAyundaRisu","Hololive_CallYogiri","Hololive_CallAkiRosenthal+1","Hololive_CallShiroganeNoel+1","Enlightenment+1","Hololive_CallYozoraMel","Hololive_MaximGun","Hololive_CallRosalyn","Hololive_CallShirakamiFubuki","Hololive_CallDoris+1","Hololive_MaximGun+1","Hololive_Yoholoon","Hololive_CallAkaiHaato","Hololive_CallUruhaRushia+1","Hololive_DurableLive","Hololive_CallArtia","Hololive_CallNakiriAyame","Hololive_CandyCastle+1","Hololive_CallSpadeEcho","Hololive_CallShiroganeNoel+1","Hololive_CallHoshimachiSuisei+1","Hololive_CocoNews+1","Hololive_Sequa+1"],"relics":["Hololive_TheStar"],"acts_visited":["Exordium","TheCity","TheBeyond"],"potions_floor_usage":[50,50,50],"damage_taken":[{"damage":0.0,"enemies":"Small Slimes","floor":1.0,"turns":2.0},{"damage":0.0,"enemies":"Jaw Worm","floor":3.0,"turns":2.0},{"damage":0.0,"enemies":"The Mushroom Lair","floor":7.0,"turns":2.0},{"damage":0.0,"enemies":"2 Louse","floor":13.0,"turns":1.0},{"damage":0.0,"enemies":"Hexaghost","floor":16.0,"turns":4.0},{"damage":0.0,"enemies":"Spheric Guardian","floor":18.0,"turns":3.0},{"damage":0.0,"enemies":"Chosen","floor":21.0,"turns":1.0},{"damage":0.0,"enemies":"Book of Stabbing","floor":24.0,"turns":3.0},{"damage":0.0,"enemies":"Snake Plant","floor":25.0,"turns":2.0},{"damage":0.0,"enemies":"Snecko","floor":27.0,"turns":2.0},{"damage":0.0,"enemies":"Centurion and Healer","floor":31.0,"turns":2.0},{"damage":0.0,"enemies":"Automaton","floor":33.0,"turns":6.0},{"damage":0.0,"enemies":"3 Shapes","floor":35.0,"turns":2.0},{"damage":0.0,"enemies":"3 Darklings","floor":37.0,"turns":6.0},{"damage":0.0,"enemies":"Nemesis","floor":40.0,"turns":7.0},{"damage":0.0,"enemies":"Transient","floor":44.0,"turns":5.0},{"damage":0.0,"enemies":"4 Shapes","floor":46.0,"turns":2.0},{"damage":0.0,"enemies":"Maw","floor":47.0,"turns":5.0},{"damage":0.0,"enemies":"Reptomancer","floor":48.0,"turns":5.0},{"damage":60,"enemies":"Awakened One","floor":50,"turns":6}],"seed_played":"-6920491120310910479","potions_obtained":[{"floor":1.0,"key":"Fire Potion"},{"floor":3.0,"key":"LiquidMemories"},{"floor":13.0,"key":"AttackPotion"},{"floor":21.0,"key":"LiquidMemories"},{"floor":27.0,"key":"PowerPotion"},{"floor":44.0,"key":"SteroidPotion"},{"floor":47.0,"key":"Strength Potion"},{"floor":48,"key":"Weak Potion"}],"is_trial":false,"path_per_floor":["M","?","M","?","?","R","?","R","T","R","?","R","M","$","R","B",null,"M","?","?","M","$","R","E","M","T","M","R","$","R","M","R","B",null,"M","$","M","?","$","E","?","R","T","M","R","M","M","E","R","B"],"character_chosen":"Hololive_HololiveCharacter","items_purchased":["Hololive_CallAyundaRisu","Hololive_CallYogiri","Hololive_CallDoris","Hololive_CallNakiriAyame","Hololive_CallSpadeEcho"],"campfire_rested":0,"item_purchase_floors":[0,0,22,36,39],"current_hp_per_floor":[25,25,25,30,36,36,36,36,36,36,36,36,36,36,36,36,46,46,46,46,46,46,46,46,46,46,46,46,46,46,46,46,46,46,46,46,46,46,46,46,46,46,46,46,46,46,46,46,46,0,0],"gold":190,"neow_bonus":"","is_daily":false,"chose_seed":false,"campfire_upgraded":12,"win_rate":0.0,"timestamp":1609054879,"path_taken":["M","?","M","?","?","R","?","R","T","R","?","R","M","?","R","BOSS","M","?","?","M","$","R","E","?","T","M","R","?","R","M","R","BOSS","M","$","M","?","$","E","?","R","T","M","R","M","M","E","R","BOSS"],"items_purchased_type":["Card","Card","Card","Card","Card"],"build_version":"2020-12-22","purchased_purges":3,"victory":false,"max_hp_per_floor":[35,35,35,40,46,46,46,46,46,46,46,46,46,46,46,46,46,46,46,46,46,46,46,46,46,46,46,46,46,46,46,46,46,46,46,46,46,46,46,46,46,46,46,46,46,46,46,46,46,46,46],"card_choices":[{"not_picked":["Hololive_Rebound","Hololive_Sequa","Hololive_CallAZKi"],"picked":"Hololive_CallAkiRosenthal","floor":1.0},{"not_picked":["Hololive_CallYukihanaLamy","Hololive_Rebound","Hololive_CallOkamiMio"],"picked":"Hololive_CallShiroganeNoel","floor":3.0},{"not_picked":["Hololive_OpenUp","Hololive_OvertimeWork","Hololive_CallMinatoAqua"],"picked":"Hololive_CallYozoraMel","floor":13.0},{"not_picked":["Hololive_Rebirth","Hololive_DiamondStrike","Hololive_FlareMind"],"picked":"Hololive_MaximGun","floor":16.0},{"not_picked":["Hololive_Rebound","Hololive_CallAyundaRisu","Hololive_CallRoboco+1"],"picked":"Hololive_CallRosalyn","floor":18.0},{"not_picked":["Hololive_Breathe","Hololive_Trident","Hololive_FlyingPonyTail"],"picked":"Hololive_CallShirakamiFubuki","floor":21.0},{"not_picked":["Hololive_HuntDinosaur","Hololive_BringToTrial","Hololive_CocoNews+1"],"picked":"Hololive_MaximGun","floor":24.0},{"not_picked":["Hololive_ILoveYou","Hololive_Yoholoon","Hololive_StrengthChampion+1","Hololive_OvertimeWork"],"picked":"SKIP","floor":25.0},{"not_picked":["Hololive_ILoveYou","Hololive_StrengthChampion+1","Hololive_OvertimeWork"],"picked":"Hololive_Yoholoon","floor":25.0},{"not_picked":["Hololive_CallUsadaPekora","Hololive_Trident+1","Hololive_CallKiryuuCoco+1"],"picked":"Hololive_CallAkaiHaato","floor":27.0},{"not_picked":["Hololive_Sequa+1","Hololive_Drill","Hololive_CallHoushouMarine+1"],"picked":"Hololive_CallUruhaRushia+1","floor":31.0},{"not_picked":["Hololive_StarCraft","Hololive_DiamondStrike","Hololive_WolfAndLamb"],"picked":"Hololive_DurableLive","floor":33.0},{"not_picked":["Hololive_Psychosis","Hololive_Yoholoon+1","Hololive_CallUruhaRushia"],"picked":"Hololive_CallArtia","floor":35.0},{"not_picked":["Hololive_Psychosis+1","Hololive_StrengthChampion","Hololive_Rebound+1"],"picked":"Hololive_CandyCastle+1","floor":37.0},{"not_picked":["Hololive_HuntDinosaur+1","Hololive_LuckPotion","Hololive_CocoNews"],"picked":"Hololive_CallShiroganeNoel","floor":40.0},{"not_picked":["Hololive_Sequa","Hololive_CallOkamiMio+1","Hololive_Nanodesu"],"picked":"Hololive_CallHoshimachiSuisei+1","floor":44.0},{"not_picked":["Hololive_HuntDinosaur+1","Hololive_Rebound","Hololive_CallMurasakiShion+1"],"picked":"Hololive_CocoNews+1","floor":46.0},{"not_picked":["Hololive_CallMoonaHoshinova+1","Hololive_HuntDinosaur","Hololive_SummonFox+1"],"picked":"Hololive_Sequa+1","floor":47.0},{"not_picked":["Hololive_HuntDinosaur+1","Hololive_Drill+1","Hololive_CallTokinoSora","Hololive_CallAmaneKanata"],"picked":"SKIP","floor":48}],"player_experience":262810,"relics_obtained":[],"event_choices":[{"damage_healed":0.0,"max_hp_gain":0.0,"max_hp_loss":0.0,"gold_gain":0.0,"event_name":"betterThird:BetterScrap","player_choice":"LEAVE","floor":2.0,"gold_loss":0.0,"damage_taken":0.0,"cards_obtained":["Reckless Charge"]},{"damage_healed":0.0,"max_hp_gain":5.0,"max_hp_loss":0.0,"gold_gain":0.0,"event_name":"Big Fish","player_choice":"Donut","floor":4.0,"gold_loss":0.0,"damage_taken":0.0},{"damage_healed":0.0,"max_hp_gain":0.0,"max_hp_loss":0.0,"gold_gain":0.0,"event_name":"betterThird:BetterSerpent","player_choice":"RENOUNCE","floor":5.0,"gold_loss":96.0,"damage_taken":96.0,"cards_obtained":["Enlightenment"]},{"damage_healed":0.0,"max_hp_gain":0.0,"max_hp_loss":0.0,"gold_gain":0.0,"event_name":"Mushrooms","player_choice":"Fought Mushrooms","floor":7.0,"gold_loss":0.0,"damage_taken":0.0},{"damage_healed":0.0,"max_hp_gain":0.0,"max_hp_loss":0.0,"gold_gain":0.0,"event_name":"Golden Idol","player_choice":"Ignored","floor":11.0,"gold_loss":0.0,"damage_taken":0.0},{"damage_healed":0.0,"max_hp_gain":0.0,"max_hp_loss":0.0,"gold_gain":0.0,"event_name":"WeMeetAgain","player_choice":"Ignored","floor":19.0,"gold_loss":0.0,"damage_taken":0.0},{"cards_removed":["Hololive_Defend"],"damage_healed":5.0,"max_hp_gain":0.0,"max_hp_loss":0.0,"gold_gain":0.0,"event_name":"Bonfire Elementals","player_choice":"Offered Special","floor":20.0,"gold_loss":0.0,"damage_taken":0.0},{"damage_healed":0.0,"max_hp_gain":0.0,"max_hp_loss":0.0,"gold_gain":0.0,"event_name":"Mysterious Sphere","player_choice":"Ignored","floor":38.0,"gold_loss":0.0,"damage_taken":0.0},{"damage_healed":0.0,"max_hp_gain":0.0,"max_hp_loss":0.0,"gold_gain":0.0,"event_name":"Tomb of Lord Red Mask","player_choice":"Ignored","floor":41.0,"gold_loss":0.0,"damage_taken":0.0}],"is_beta":false,"boss_relics":[{"not_picked":["Hololive_ChaosS","Busted Crown","Tiny House"]},{"not_picked":["Hololive_ChaosS","Busted Crown","Tiny House"]}],"items_purged_floors":[0,0,22],"is_endless":false,"potions_floor_spawned":[1,3,13,18,21,27,31,35,44,47,48],"killed_by":"Awakened One","ascension_level":0}}