{"host":"id4dtnaxob941dwk","time":1609031155,"event":{"mods":["AchievementEnabler","BaseMod","BetterRewards","Colored Powertips","Minty Spire (QoL Compilation)","Quick Restart","Rare Cards Sparkle","Replay The Spire","StSLib","Synergy Search","The Runesmith","The Servant 0.9.4"],"gold_per_floor":[113,19,38,213,232,232,267,267,292,309,309,319,332,351,351,446,446,460,513,526,544,221,221,250,250,250,268,268,301,328,328,328,328,328],"floor_reached":33,"playtime":4126,"items_purged":[],"score":311,"play_id":"9f8e16c0-a5c3-47db-9f72-395429972e7c","local_time":"20201226230555","is_ascension_mode":false,"campfire_choices":[{"data":"Rearm","floor":6.0,"key":"SMITH"},{"floor":8.0,"key":"REST"},{"data":"MoonPhase","floor":15.0,"key":"SMITH"},{"floor":23.0,"key":"REST"},{"data":"BottledTime","floor":25.0,"key":"SMITH"},{"floor":28.0,"key":"REST"},{"floor":32,"key":"REST"}],"circlet_count":1,"master_deck":["Defend_S","Defend_S","Defend_S","Defend_S","KidneyShot","Exchange","DoubleEdge","MoonPhase+1","Spin","Rearm+1","InstantArmor","ReturningBlade","Deny","Ricochet","DualDimension","Spin","MurderousAura","BottledTime+1","Pot Of Greed","Pot Of Greed","Revamp","ShatteredReality+1","Pot Of Greed","StarChef","BottledTime+1","Panacea","Unruled","SurpressingFire","Bite","Bite","Bite","Bite","Bite"],"relics":["Uniform","Circlet","Runesmith:AutoHammer","Spirit Poop","Lizard Tail","Grinning Jar","Toolbox","Turnip","Ice Cream","Red Mask"],"acts_visited":["TheCity"],"potions_floor_usage":[30,33],"damage_taken":[{"damage":0.0,"enemies":"Small Slimes","floor":1.0,"turns":5.0},{"damage":0.0,"enemies":"Cultist","floor":3.0,"turns":2.0},{"damage":0.0,"enemies":"2 Louse","floor":5.0,"turns":1.0},{"damage":25.0,"enemies":"Gremlin Nob","floor":7.0,"turns":5.0},{"damage":0.0,"enemies":"2 Fungi Beasts","floor":10.0,"turns":2.0},{"damage":4.0,"enemies":"Blue Slaver","floor":12.0,"turns":3.0},{"damage":0.0,"enemies":"Red Slaver","floor":13.0,"turns":4.0},{"damage":2.0,"enemies":"Lots of Slimes","floor":14.0,"turns":3.0},{"damage":35.0,"enemies":"Fading Forest","floor":16.0,"turns":11.0},{"damage":8.0,"enemies":"Spheric Guardian","floor":18.0,"turns":5.0},{"damage":25.0,"enemies":"2 Thieves","floor":20.0,"turns":3.0},{"damage":16.0,"enemies":"Centurion and Healer","floor":21.0,"turns":6.0},{"damage":11.0,"enemies":"Replay:Snechameleon","floor":24.0,"turns":5.0},{"damage":19.0,"enemies":"Chosen and Byrds","floor":27.0,"turns":7.0},{"damage":60,"enemies":"Slavers","floor":29,"turns":4},{"damage":7,"enemies":"Masked Bandits","floor":30,"turns":3},{"damage":23,"enemies":"Collector","floor":33,"turns":3}],"seed_played":"3838035371667761019","potions_obtained":[{"floor":7.0,"key":"Swift Potion"},{"floor":10.0,"key":"Strength Potion"},{"floor":12.0,"key":"GamblersBrew"},{"floor":20.0,"key":"FearPotion"},{"floor":29,"key":"Swift Potion"},{"floor":30,"key":"Weak Potion"}],"is_trial":false,"path_per_floor":["M","$","M","?","M","R","E","R","T","M","?","M","M","M","R","B",null,"M","T","M","M","$","R","E","R","T","M","R","E","?","?","R","B"],"character_chosen":"THE_SERVANT","items_purchased":["MoonPhase","Spin","StarChef","BottledTime","Panacea","Toolbox"],"campfire_rested":4,"item_purchase_floors":[2,2,22,22,22,22],"current_hp_per_floor":[71,71,71,71,71,71,46,67,67,67,67,63,63,61,61,36,71,63,63,38,22,22,43,32,32,32,13,34,12,5,5,19,0,0],"gold":328,"neow_bonus":"TEN_PERCENT_HP_BONUS","is_daily":false,"chose_seed":false,"campfire_upgraded":3,"win_rate":0.0,"timestamp":1609031155,"path_taken":["M","$","M","?","M","R","E","R","T","M","?","?","M","M","R","BOSS","M","?","M","M","$","R","E","R","T","M","R","E","?","?","R","BOSS"],"items_purchased_type":["Card","Card","Card","Card","Card","Relic"],"build_version":"2020-12-22","purchased_purges":0,"victory":false,"max_hp_per_floor":[71,71,71,71,71,71,71,71,71,71,71,71,71,71,71,71,71,71,71,71,71,71,71,71,71,71,71,71,71,71,49,49,49,49],"card_choices":[{"not_picked":["Alleviate","Spin"],"picked":"DoubleEdge","floor":1.0},{"not_picked":["MoonPhase","Collapse"],"picked":"Rearm","floor":3.0},{"not_picked":["Starlight","Shuttle"],"picked":"InstantArmor","floor":5.0},{"not_picked":["BottledTime","InstantArmor"],"picked":"ReturningBlade","floor":7.0},{"not_picked":["Ricochet","Spin"],"picked":"Deny","floor":10.0},{"not_picked":["Alleviate","FastForward"],"picked":"Ricochet","floor":12.0},{"not_picked":["Starlight","ReturningBlade"],"picked":"DualDimension","floor":13.0},{"not_picked":["Rearm","Replace"],"picked":"Spin","floor":14.0},{"not_picked":["SoulSculpture","FloweringNight"],"picked":"MurderousAura","floor":16.0},{"not_picked":["Ricochet+1","TimeWarp"],"picked":"BottledTime+1","floor":18.0},{"not_picked":["GearUp","Alleviate+1"],"picked":"Revamp","floor":20.0},{"not_picked":["Potential","ReturningBlade"],"picked":"ShatteredReality+1","floor":21.0},{"not_picked":["ShatteredReality+1","SoulSculpture"],"picked":"Unruled","floor":24.0},{"not_picked":["DoubleEdge","GearUp","Ricochet"],"picked":"SKIP","floor":27.0},{"not_picked":["Solidify","StarChef","ReturningBlade"],"picked":"SKIP","floor":29},{"not_picked":["Replace","Unruled"],"picked":"SurpressingFire","floor":30}],"player_experience":191313,"relics_obtained":[{"floor":7.0,"key":"strawberrySpire:ElefentMask"},{"floor":9.0,"key":"Runesmith:AutoHammer"},{"floor":19.0,"key":"Grinning Jar"},{"floor":24.0,"key":"Circlet"},{"floor":26.0,"key":"Turnip"},{"floor":29,"key":"Ice Cream"},{"floor":30,"key":"Red Mask"}],"event_choices":[{"damage_healed":0.0,"max_hp_gain":0.0,"max_hp_loss":0.0,"gold_gain":175.0,"event_name":"Liars Game","player_choice":"AGREE","floor":4.0,"gold_loss":0.0,"damage_taken":0.0,"cards_obtained":["Doubt"]},{"cards_removed":["Doubt"],"damage_healed":0.0,"max_hp_gain":0.0,"max_hp_loss":0.0,"gold_gain":0.0,"event_name":"Bonfire Elementals","player_choice":"Offered Curse","floor":11.0,"gold_loss":0.0,"damage_taken":0.0,"relics_obtained":["Spirit Poop"]},{"damage_healed":0,"gold_gain":0,"player_choice":"Fought Bandits","damage_taken":0,"max_hp_gain":0,"max_hp_loss":0,"event_name":"Masked Bandits","floor":30,"gold_loss":0},{"damage_healed":0,"gold_gain":0,"player_choice":"Became a vampire","damage_taken":0,"max_hp_gain":0,"max_hp_loss":22,"event_name":"Vampires","floor":31,"gold_loss":0,"cards_obtained":["Bite","Bite","Bite","Bite","Bite"]}],"is_beta":false,"boss_relics":[{"not_picked":["Coffee Dripper","White Beast Statue"],"picked":"Lizard Tail"}],"items_purged_floors":[],"is_endless":false,"potions_floor_spawned":[7,10,12,13,20,29,30],"killed_by":"Collector","ascension_level":0}}