{"host":"kos1s9q8ffr8fqos","time":1609053193,"event":{"mods":["AchievementEnabler","AlwaysNeverKeys","BaseMod","Bestiary","Better Altar","Better Match","Better Note","Better Sensory Stone","Better Skull","Better Third Choice","Better Vampires","Colored Map","Colored Powertips","Curses Come First","Downfall","Hermit","Infinite Spire","Jorbs\u0027s Wanderer Trilogy","Minty Spire (QoL Compilation)","Quick Restart","Random Character Button","Relic Stats","Replay The Spire","StSLib","The Blue Laboratory","The Disciple","The Hierophant"],"gold_per_floor":[99,99,115,25,41,41,68,218,218,220,70,99,99,6,23,123,123,123,147,166,166,5,21,47,47,63,63,63,5,5,12,22,127,127,206,240,260,276,301,301,301,334,259,309,359,359,92,92,105,105,105],"floor_reached":50,"playtime":3615,"items_purged":["Pain","Regret","Slimebound:Icky","Pain"],"score":551,"play_id":"9de139ee-9f8e-4ae2-b6c2-c13898b9d734","local_time":"20201227011313","is_ascension_mode":false,"campfire_choices":[{"floor":1.0,"key":"RECALL"},{"data":"sneckomod:UnknownExhaust","floor":11.0,"key":"SMITH"},{"data":"sneckomod:TrashToTreasure","floor":13.0,"key":"SMITH"},{"data":"sneckomod:UnknownRarePower","floor":18.0,"key":"SMITH"},{"data":"sneckomod:UnknownUncommonPower","floor":25.0,"key":"SMITH"},{"data":"ReplayTheSpireMod:Book of Names","floor":28.0,"key":"SMITH"},{"floor":43.0,"key":"REST"},{"data":"sneckomod:UnknownClassINFINITE_BLACK","floor":46.0,"key":"SMITH"}],"circlet_count":0,"master_deck":["sneckomod:Strike","sneckomod:Strike","sneckomod:Strike","sneckomod:Defend","sneckomod:Defend","sneckomod:Defend","sneckomod:TailWhip","sneckomod:SnekBite","sneckomod:Unknown","sneckomod:UnknownEthereal+1","sneckomod:SoulRoll","sneckomod:UnknownClassBLUE","sneckomod:UnknownClassCULL_RED_COLOR+1","sneckomod:UnknownExhaust+1","sneckomod:TrashToTreasure+1","sneckomod:UnknownExhaust","sneckomod:UnknownUncommonPower+1","sneckomod:QuickMove","sneckomod:UnknownRarePower+1","sneckomod:UnknownUncommonAttack","sneckomod:UnknownClassPURPLE","sneckomod:UnknownRareSkill+1","sneckomod:UnknownClassDEFAULT_GRAY_COLOR+1","sneckomod:UnknownRareSkill+1","ReplayTheSpireMod:Book of Names+1","sneckomod:DiceCrush+1","sneckomod:UnknownClassINFINITE_BLACK+1","sneckomod:UnknownClassINFINITE_BLACK+1","RitualDagger","sneckomod:UnknownClassGREEN","sneckomod:Restock+1","sneckomod:DiceCrush","sneckomod:SoulExchange","sneckomod:UnknownClassGUARDIAN+1","sneckomod:Unknown1Cost+1","sneckomod:UnknownClassHEXA_GHOST_PURPLE+1","sneckomod:DiceBlock+1","expansioncontent:ChargeUp","sneckomod:Unknown1Cost+1","Replay:SS_forest_5","expansioncontent:BronzeBeam","expansioncontent:ChargeUp","sneckomod:UnknownCommonSkill"],"relics":["sneckomod:SneckoSoul","WarpedTongs","Art of War","Pantograph","downfall:HeartBlessingRed","downfall:HeartBlessingBlue","ReplayTheSpireMod:TigerMarble","Velvet Choker","Guide Book","Blue Doll","DollysMirror","ClockworkSouvenir","Busted Crown","ReplayTheSpireMod:CursedCoin","infinitespire:EmpoweringShard","Centennial Puzzle","downfall:HeartBlessingGreen","infinitespire:Lychee Nut","Toolbox"],"acts_visited":["Exordium","TheCity","TheBeyond"],"potions_floor_usage":[],"damage_taken":[{"damage":3.0,"enemies":"Cultist","floor":3.0,"turns":2.0},{"damage":7.0,"enemies":"downfall:FleeingMerchant","floor":4.0,"turns":4.0},{"damage":2.0,"enemies":"Small Slimes","floor":5.0,"turns":4.0},{"damage":15.0,"enemies":"3 Sentries","floor":10.0,"turns":1.0},{"damage":18.0,"enemies":"Gremlin Nob","floor":12.0,"turns":4.0},{"damage":2.0,"enemies":"downfall:FleeingMerchant","floor":14.0,"turns":4.0},{"damage":7.0,"enemies":"Jaw Worm","floor":15.0,"turns":3.0},{"damage":31.0,"enemies":"downfall:Silent","floor":16.0,"turns":3.0},{"damage":29.0,"enemies":"Spheric Guardian","floor":19.0,"turns":5.0},{"damage":17.0,"enemies":"Centurion and Healer","floor":20.0,"turns":4.0},{"damage":4.0,"enemies":"downfall:FleeingMerchant","floor":22.0,"turns":4.0},{"damage":5.0,"enemies":"Snecko","floor":23.0,"turns":6.0},{"damage":5.0,"enemies":"Chosen and Byrds","floor":26.0,"turns":3.0},{"damage":2.0,"enemies":"downfall:FleeingMerchant","floor":29.0,"turns":4.0},{"damage":30.0,"enemies":"downfall:FleeingMerchant","floor":31.0,"turns":3.0},{"damage":13.0,"enemies":"Shelled Parasite and Fungi","floor":32.0,"turns":6.0},{"damage":27.0,"enemies":"downfall:Defect","floor":33.0,"turns":6.0},{"damage":14.0,"enemies":"3 Darklings","floor":36.0,"turns":4.0},{"damage":17.0,"enemies":"3 Shapes","floor":37.0,"turns":3.0},{"damage":0.0,"enemies":"Sphere and 2 Shapes","floor":38.0,"turns":2.0},{"damage":67.0,"enemies":"Reptomancer","floor":42.0,"turns":5.0},{"damage":0.0,"enemies":"Transient","floor":44.0,"turns":5.0},{"damage":0.0,"enemies":"Mind Bloom Boss Battle","floor":45.0,"turns":5.0},{"damage":54.0,"enemies":"Writhing Mass","floor":49.0,"turns":4.0},{"damage":53,"enemies":"downfall:Watcher","floor":50,"turns":6}],"seed_played":"1872692386730584473","potions_obtained":[{"floor":5.0,"key":"Slimebound:ThreeZeroPotion"},{"floor":10.0,"key":"SpeedPotion"},{"floor":12.0,"key":"champ:CounterPotion"},{"floor":16.0,"key":"Milkshake"},{"floor":23.0,"key":"SkillPotion"},{"floor":26.0,"key":"PowerPotion"},{"floor":32.0,"key":"Strength Potion"},{"floor":36.0,"key":"ColorlessPotion"},{"floor":37.0,"key":"Strength Potion"},{"floor":42.0,"key":"blueLaboratory:FruitPreserves"}],"is_trial":false,"path_per_floor":["R","?","M","$","M","?","T","?","?","E","R","E","R","$","M","B",null,"R","M","M","?","$","M","T","R","M","AVR","R","$","?","$","M","B",null,"R_BF","M","M","M","$","?","T","E","R","M","?","R","$","?","M","B"],"character_chosen":"THE_SNECKO","items_purchased":["sneckomod:UnknownUncommonPower","Guide Book","sneckomod:UnknownClassINFINITE_BLACK","ClockworkSouvenir","sneckomod:Restock+1","ReplayTheSpireMod:CursedCoin","Toolbox","expansioncontent:ChargeUp","sneckomod:Unknown1Cost+1"],"campfire_rested":1,"item_purchase_floors":[14,22,29,31,31,39,47,47,47],"current_hp_per_floor":[99,99,97,90,89,89,89,89,90,76,86,68,68,68,61,71,116,116,96,80,80,84,83,83,83,79,80,80,80,74,45,32,30,124,124,111,95,95,95,95,95,29,67,67,77,77,78,68,21,0,0],"gold":105,"neow_bonus":"TEN_PERCENT_HP_BONUS","is_daily":false,"chose_seed":false,"campfire_upgraded":6,"win_rate":0.0,"timestamp":1609053193,"path_taken":["R","?","?","$","M","?","T","?","?","E","R","E","R","?","M","BOSS","R","M","M","?","$","M","T","R","M","AVR","R","$","?","?","M","BOSS","R_BF","M","M","M","$","?","T","E","R","M","?","R","$","?","M","BOSS"],"items_purchased_type":["Card","Relic","Card","Relic","Card","Relic","Relic","Card","Card"],"build_version":"2020-12-22","purchased_purges":4,"victory":false,"max_hp_per_floor":[99,99,100,100,101,101,101,101,102,103,113,113,113,115,115,116,116,116,117,118,118,119,119,119,119,120,121,121,123,123,124,124,124,124,124,125,126,126,126,126,126,127,127,127,95,95,96,96,97,97,97],"relic_stats":{"Centennial Puzzle":[6],"Busted Crown":32,"counters":[25,100],"Pantograph":75,"Art of War":[10],"obtain_stats":[{"downfall:HeartBlessingRed":11,"ReplayTheSpireMod:CursedCoin":39,"Guide Book":22,"Velvet Choker":17,"Blue Doll":24,"downfall:HeartBlessingGreen":43,"sneckomod:SneckoSoul":0,"WarpedTongs":2,"ClockworkSouvenir":31,"Centennial Puzzle":42,"Busted Crown":34,"downfall:HeartBlessingBlue":11,"DollysMirror":27,"infinitespire:Lychee Nut":45,"Pantograph":10,"Toolbox":47,"Art of War":6,"ReplayTheSpireMod:TigerMarble":12,"infinitespire:EmpoweringShard":41},{"downfall:HeartBlessingRed":4,"ReplayTheSpireMod:CursedCoin":20,"Guide Book":11,"Velvet Choker":8,"Blue Doll":12,"downfall:HeartBlessingGreen":21,"sneckomod:SneckoSoul":0,"WarpedTongs":0,"ClockworkSouvenir":15,"Centennial Puzzle":21,"Busted Crown":17,"downfall:HeartBlessingBlue":4,"DollysMirror":13,"infinitespire:Lychee Nut":23,"Pantograph":4,"Toolbox":23,"Art of War":3,"ReplayTheSpireMod:TigerMarble":5,"infinitespire:EmpoweringShard":20},{"downfall:HeartBlessingRed":11,"ReplayTheSpireMod:CursedCoin":75,"Guide Book":38,"Velvet Choker":25,"Blue Doll":44,"downfall:HeartBlessingGreen":80,"sneckomod:SneckoSoul":0,"WarpedTongs":0,"ClockworkSouvenir":54,"Centennial Puzzle":80,"Busted Crown":66,"downfall:HeartBlessingBlue":11,"DollysMirror":47,"infinitespire:Lychee Nut":90,"Pantograph":11,"Toolbox":90,"Art of War":10,"ReplayTheSpireMod:TigerMarble":15,"infinitespire:EmpoweringShard":75}],"WarpedTongs":[99]},"card_choices":[{"not_picked":["sneckomod:SoulCleanse","sneckomod:Unknown2Cost"],"picked":"sneckomod:UnknownEthereal","floor":3.0},{"not_picked":["sneckomod:DiceCrush","sneckomod:SoulDraw"],"picked":"sneckomod:SoulRoll","floor":4.0},{"not_picked":["sneckomod:IronFang","sneckomod:UnknownBlock"],"picked":"sneckomod:UnknownClassBLUE","floor":5.0},{"not_picked":["sneckomod:IronFang","sneckomod:Unknown2Cost"],"picked":"sneckomod:UnknownExhaust","floor":10.0},{"not_picked":["sneckomod:UnknownEthereal","sneckomod:UnknownClassHIEROPHANT_GOLD_COLOR"],"picked":"sneckomod:TrashToTreasure","floor":12.0},{"not_picked":["sneckomod:Unknown1Cost","sneckomod:UnknownClassBLUE"],"picked":"sneckomod:UnknownExhaust","floor":14.0},{"not_picked":["sneckomod:RainOfDice","sneckomod:WideSting"],"picked":"sneckomod:QuickMove","floor":15.0},{"not_picked":["sneckomod:UnknownRareSkill","sneckomod:SerpentMind"],"picked":"sneckomod:UnknownRarePower","floor":16.0},{"not_picked":["sneckomod:DiceCrush","sneckomod:TrashToTreasure"],"picked":"sneckomod:UnknownUncommonAttack","floor":19.0},{"not_picked":["sneckomod:DiceCrush+1","sneckomod:UnknownBlock"],"picked":"sneckomod:UnknownClassPURPLE","floor":20.0},{"not_picked":["sneckomod:SlitherStrike","sneckomod:UnknownBlock+1"],"picked":"sneckomod:UnknownRareSkill","floor":22.0},{"not_picked":["sneckomod:UnknownClassHIEROPHANT_GOLD_COLOR","sneckomod:UnknownWeak","sneckomod:QuickBite"],"picked":"SKIP","floor":23.0},{"not_picked":["sneckomod:UnknownClassBLUE","sneckomod:SoulDraw"],"picked":"sneckomod:UnknownClassDEFAULT_GRAY_COLOR+1","floor":26.0},{"not_picked":["sneckomod:UnknownClassTHE_CHAMP_GRAY","sneckomod:QuickBite"],"picked":"sneckomod:DiceCrush+1","floor":29.0},{"not_picked":["sneckomod:UnknownStrike","sneckomod:QuickMove"],"picked":"sneckomod:UnknownClassGREEN","floor":31.0},{"not_picked":["sneckomod:UnknownClassHIEROPHANT_GOLD_COLOR","sneckomod:UnknownStrike+1"],"picked":"sneckomod:DiceCrush","floor":32.0},{"not_picked":["sneckomod:MorePower","sneckomod:UnknownRareAttack"],"picked":"sneckomod:SoulExchange","floor":33.0},{"not_picked":[],"picked":"sneckomod:UnknownClassGUARDIAN+1","floor":36.0},{"not_picked":["sneckomod:Unknown1Cost+1"],"picked":"SKIP","floor":37.0},{"not_picked":[],"picked":"sneckomod:Unknown1Cost+1","floor":37.0},{"not_picked":["sneckomod:QuickBite+1"],"picked":"SKIP","floor":38.0},{"not_picked":[],"picked":"sneckomod:UnknownClassHEXA_GHOST_PURPLE+1","floor":42.0},{"not_picked":["sneckomod:DiceBoulder+1"],"picked":"SKIP","floor":44.0},{"not_picked":[],"picked":"sneckomod:DiceBlock+1","floor":45.0},{"not_picked":[],"picked":"Replay:SS_forest_5","floor":48.0},{"not_picked":[],"picked":"expansioncontent:BronzeBeam","floor":48.0},{"not_picked":[],"picked":"expansioncontent:ChargeUp","floor":48.0},{"not_picked":["sneckomod:UnknownCommonSkill"],"picked":"SKIP","floor":49.0},{"not_picked":[],"picked":"sneckomod:UnknownCommonSkill","floor":49.0}],"player_experience":1285771,"relics_obtained":[{"floor":10.0,"key":"Pantograph"},{"floor":12.0,"key":"ReplayTheSpireMod:TigerMarble"},{"floor":24.0,"key":"Blue Doll"},{"floor":41.0,"key":"infinitespire:EmpoweringShard"},{"floor":42.0,"key":"Centennial Puzzle"},{"floor":45.0,"key":"infinitespire:Lychee Nut"}],"event_choices":[{"damage_healed":0.0,"max_hp_gain":0.0,"max_hp_loss":0.0,"gold_gain":0.0,"event_name":"Accursed Blacksmith","player_choice":"Rummage","floor":2.0,"gold_loss":0.0,"damage_taken":0.0,"relics_obtained":["WarpedTongs"],"cards_obtained":["Pain"]},{"damage_healed":0.0,"max_hp_gain":0.0,"max_hp_loss":0.0,"gold_gain":0.0,"event_name":"Big Fish","player_choice":"Box","floor":6.0,"gold_loss":0.0,"damage_taken":0.0,"relics_obtained":["Art of War"],"cards_obtained":["Regret"]},{"cards_removed":["Slimebound:Icky"],"damage_healed":0.0,"max_hp_gain":0.0,"max_hp_loss":0.0,"gold_gain":0.0,"event_name":"betterNote:BetterNote","player_choice":"Give","floor":21.0,"gold_loss":0.0,"damage_taken":0.0,"cards_obtained":["champ:Defend"]},{"damage_healed":0.0,"max_hp_gain":0.0,"max_hp_loss":0.0,"gold_gain":0.0,"event_name":"Mysterious Sphere","player_choice":"Ignored","floor":40.0,"gold_loss":0.0,"damage_taken":0.0}],"is_beta":false,"boss_relics":[{"not_picked":["Replay:Bronze Core","Snecko Eye"],"picked":"Velvet Choker"},{"not_picked":["Pandora\u0027s Box","Runic Pyramid"],"picked":"Busted Crown"}],"items_purged_floors":[4,27,31,39],"is_endless":false,"potions_floor_spawned":[5,10,12,16,23,26,32,36,37,42],"killed_by":"downfall:Watcher","ascension_level":0}}