{"host":"qwttrqaysb380yri","time":1609059167,"event":{"mods":["BaseMod","Custom Start","Minty Spire (QoL Compilation)","Permanent Neow","Puzzle Mod","Relic Stats","StSLib","The Cursed","The Hierophant"],"gold_per_floor":[113,131,131,406,16,44,58,89,89,106,131,145,157,188,188,259,259,273,273,290,290,16,46,46,78,126,167,179,0,30,42,54,144,156,187,222,258,26,45,69,6,6,6,6,37,62,77,77,77,67,67],"floor_reached":50,"playtime":1854,"items_purged":["Regret","Writhe","hierophant:Strike_Hierophant"],"score":1167,"play_id":"ab6d6f8d-6ccd-4090-9176-e0d51c584f4e","local_time":"20201227095247","is_ascension_mode":true,"campfire_choices":[{"floor":15,"key":"REST"},{"data":"hierophant:Levitation","floor":24,"key":"SMITH"},{"floor":28,"key":"REST"},{"floor":32,"key":"REST"},{"data":"hierophant:HammerAndAnvil","floor":42,"key":"SMITH"},{"data":"hierophant:Martyrdom","floor":44,"key":"SMITH"},{"floor":49,"key":"REST"}],"circlet_count":0,"master_deck":["AscendersBane","hierophant:Strike_Hierophant","hierophant:Punish","hierophant:Defend_Hierophant","hierophant:Defend_Hierophant","hierophant:Defend_Hierophant","hierophant:Defend_Hierophant","hierophant:ChurchCoffers","hierophant:Shelter","hierophant:Flagellation","hierophant:Upheaval","hierophant:Batter","hierophant:Rebuild","hierophant:SealAway","hierophant:FlamingChariot","hierophant:MorningPrayer","hierophant:HammerAndAnvil+1","hierophant:Upheaval","hierophant:Purify","hierophant:Levitation+1","hierophant:OrnateJavelin","hierophant:Martyrdom+1","hierophant:Bribe","hierophant:Rebuild","hierophant:PristineSoul","hierophant:SolarFlare","hierophant:Glossolalia","hierophant:MorningPrayer+1"],"relics":["Snecko Eye","Vajra","Mercury Hourglass","Strawberry","Nunchaku","Boot","Philosopher\u0027s Stone","Turnip","Lantern","Bronze Scales","MawBank","StrikeDummy","Cursed Key","Membership Card","Torii","PreservedInsect","Mango"],"acts_visited":["Exordium","TheCity","TheBeyond"],"potions_floor_usage":[8,16,20,23,27,36,40,50],"damage_taken":[{"damage":3.0,"enemies":"2 Louse","floor":1.0,"turns":2.0},{"damage":0.0,"enemies":"Small Slimes","floor":2.0,"turns":2.0},{"damage":22.0,"enemies":"Lagavulin","floor":6.0,"turns":5.0},{"damage":0,"enemies":"Cultist","floor":7,"turns":2},{"damage":10,"enemies":"3 Sentries","floor":8,"turns":3},{"damage":5,"enemies":"Exordium Wildlife","floor":10,"turns":2},{"damage":16,"enemies":"Gremlin Nob","floor":11,"turns":3},{"damage":8,"enemies":"Large Slime","floor":12,"turns":4},{"damage":0,"enemies":"Blue Slaver","floor":13,"turns":2},{"damage":0,"enemies":"Lagavulin","floor":14,"turns":2},{"damage":7,"enemies":"The Guardian","floor":16,"turns":7},{"damage":0,"enemies":"Shell Parasite","floor":18,"turns":2},{"damage":0,"enemies":"3 Byrds","floor":20,"turns":2},{"damage":14,"enemies":"Slavers","floor":23,"turns":3},{"damage":18,"enemies":"Gremlin Leader","floor":25,"turns":6},{"damage":13,"enemies":"Slavers","floor":27,"turns":4},{"damage":0,"enemies":"Shelled Parasite and Fungi","floor":30,"turns":2},{"damage":29,"enemies":"Champ","floor":33,"turns":12},{"damage":8,"enemies":"Orb Walker","floor":35,"turns":4},{"damage":0,"enemies":"3 Shapes","floor":36,"turns":7},{"damage":2,"enemies":"Transient","floor":37,"turns":5},{"damage":0,"enemies":"Spire Growth","floor":39,"turns":4},{"damage":30,"enemies":"Reptomancer","floor":40,"turns":5},{"damage":9,"enemies":"Giant Head","floor":45,"turns":6},{"damage":16,"enemies":"Mind Bloom Boss Battle","floor":46,"turns":5},{"damage":0,"enemies":"Maw","floor":47,"turns":4},{"damage":63,"enemies":"Time Eater","floor":50,"turns":9}],"seed_played":"-1368410407256328014","potions_obtained":[{"floor":1.0,"key":"LiquidBronze"},{"floor":7,"key":"Block Potion"},{"floor":11,"key":"Swift Potion"},{"floor":14,"key":"Regen Potion"},{"floor":16,"key":"DistilledChaos"},{"floor":18,"key":"LiquidMemories"},{"floor":27,"key":"LiquidBronze"},{"floor":30,"key":"Explosive Potion"},{"floor":35,"key":"Regen Potion"},{"floor":39,"key":"Explosive Potion"},{"floor":40,"key":"AttackPotion"},{"floor":45,"key":"SmokeBomb"},{"floor":47,"key":"Strength Potion"}],"is_trial":false,"path_per_floor":["M","M","?","?","$","E","M","E","T","M","E","M","M","E","R","B",null,"M","?","M","?","$","E","R","E","T","E","R","?","M","?","R","B",null,"M","M","M","$","M","E","$","R","T","R","E","?","M","?","R","B"],"character_chosen":"HIEROPHANT","items_purchased":["hierophant:Upheaval","hierophant:Batter","DuplicationPotion","Fire Potion","Lantern","hierophant:Martyrdom","Membership Card","hierophant:Glossolalia"],"campfire_rested":4,"item_purchase_floors":[5,5,5,22,22,22,38,38],"current_hp_per_floor":[65,65,65,65,65,43,43,33,40,35,19,11,11,11,35,43,72,72,48,48,48,48,34,34,16,16,3,29,29,29,29,55,26,72,64,78,76,76,76,46,46,46,46,46,37,35,35,35,65,2,2],"gold":67,"neow_bonus":"BOSS_RELIC","is_daily":false,"chose_seed":false,"campfire_upgraded":3,"win_rate":0.0,"timestamp":1609059167,"path_taken":["M","M","?","?","$","E","M","E","T","M","E","M","?","E","R","BOSS","M","?","M","?","$","E","R","E","T","E","R","?","M","?","R","BOSS","M","M","?","$","?","E","$","R","T","R","E","?","M","?","R","BOSS"],"items_purchased_type":["Card","Card","Potion","Potion","Relic","Card","Relic","Card"],"build_version":"2020-12-22","purchased_purges":3,"victory":false,"max_hp_per_floor":[75,75,75,75,75,75,75,75,82,82,82,82,82,82,82,82,82,82,87,87,87,87,87,87,87,87,87,87,87,87,87,87,87,87,87,87,87,87,87,87,87,87,87,87,87,101,101,101,101,101,101],"relic_stats":{"Nunchaku":[15],"Torii":0,"counters":[27,113],"Bronze Scales":[150],"Snecko Eye":[174,203,197,183],"Turnip":[5],"PreservedInsect":0,"Boot":[13],"MawBank":144,"Cursed Key":0,"obtain_stats":[{"Lantern":22,"Torii":40,"hierophant:PropheticMaskRelic":0,"Vajra":6,"Mango":46,"PreservedInsect":45,"Boot":14,"MawBank":26,"Cursed Key":34,"Mercury Hourglass":8,"Nunchaku":11,"Strawberry":9,"Bronze Scales":23,"Snecko Eye":0,"Philosopher\u0027s Stone":17,"Turnip":21,"Membership Card":38,"StrikeDummy":27},{"Lantern":13,"Torii":23,"hierophant:PropheticMaskRelic":0,"Vajra":3,"Mango":25,"PreservedInsect":24,"Boot":10,"MawBank":15,"Cursed Key":18,"Mercury Hourglass":5,"Nunchaku":7,"Strawberry":5,"Bronze Scales":14,"Snecko Eye":0,"Philosopher\u0027s Stone":11,"Turnip":13,"Membership Card":21,"StrikeDummy":16},{"Lantern":38,"Torii":89,"hierophant:PropheticMaskRelic":0,"Vajra":9,"Mango":100,"PreservedInsect":95,"Boot":27,"MawBank":47,"Cursed Key":65,"Mercury Hourglass":14,"Nunchaku":19,"Strawberry":14,"Bronze Scales":41,"Snecko Eye":0,"Philosopher\u0027s Stone":34,"Turnip":38,"Membership Card":80,"StrikeDummy":51}],"Mercury Hourglass":[327]},"card_choices":[{"not_picked":["hierophant:Doomsaying","hierophant:DisplayOfPower","hierophant:AuricShield"],"picked":"SKIP","floor":1.0},{"not_picked":["hierophant:Encroach","hierophant:RepressedViolence"],"picked":"hierophant:Shelter","floor":2.0},{"not_picked":["hierophant:SealAway","hierophant:Remorse"],"picked":"hierophant:Rebuild","floor":6.0},{"not_picked":["hierophant:CoinFling","hierophant:Dazzle","hierophant:ArchangelShield"],"picked":"SKIP","floor":7},{"not_picked":["hierophant:Smite","hierophant:Doubloon"],"picked":"hierophant:SealAway","floor":8},{"not_picked":["hierophant:Levitation","hierophant:SealAway"],"picked":"hierophant:FlamingChariot","floor":10},{"not_picked":["hierophant:Embezzle","hierophant:Empathy"],"picked":"hierophant:MorningPrayer","floor":11},{"not_picked":["hierophant:Embezzle","hierophant:PristineSoul"],"picked":"hierophant:HammerAndAnvil","floor":12},{"not_picked":["hierophant:Empathy","hierophant:Refuge"],"picked":"hierophant:Upheaval","floor":13},{"not_picked":["hierophant:Rebuild","hierophant:MorningPrayer"],"picked":"hierophant:Purify","floor":14},{"not_picked":["hierophant:BulkyChest","hierophant:Batter"],"picked":"hierophant:Levitation","floor":16},{"not_picked":["hierophant:FieryStrike+1","hierophant:Exaltation","hierophant:Sermon"],"picked":"SKIP","floor":18},{"not_picked":["hierophant:Encroach","hierophant:HolyVerse"],"picked":"hierophant:OrnateJavelin","floor":20},{"not_picked":["hierophant:Refuge+1","hierophant:Mercenaries"],"picked":"hierophant:Bribe","floor":23},{"not_picked":["hierophant:Dazzle","hierophant:Exaltation+1","hierophant:Smite"],"picked":"SKIP","floor":25},{"not_picked":["hierophant:Remorse","hierophant:Encroach"],"picked":"hierophant:Rebuild","floor":27},{"not_picked":["hierophant:AuricBeam","hierophant:CursedGold","hierophant:PristineSoul"],"picked":"SKIP","floor":30},{"not_picked":["hierophant:Smite","hierophant:Purify"],"picked":"hierophant:SolarFlare","floor":35},{"not_picked":["hierophant:HolyVerse","hierophant:Embezzle+1","hierophant:FieryStrike"],"picked":"SKIP","floor":36},{"not_picked":["hierophant:RecallFunds","hierophant:Kindle","hierophant:FlamingChariot"],"picked":"SKIP","floor":37},{"not_picked":["hierophant:Embezzle","hierophant:Remorse"],"picked":"hierophant:MorningPrayer+1","floor":39},{"not_picked":["hierophant:AuricShield","hierophant:RepressedViolence","hierophant:PassingBell"],"picked":"SKIP","floor":40},{"not_picked":["hierophant:Upheaval","hierophant:Alms","hierophant:Determination"],"picked":"SKIP","floor":45},{"not_picked":["hierophant:RepressedViolence","hierophant:RecallFunds","hierophant:Shelter+1"],"picked":"SKIP","floor":47}],"player_experience":1952851,"relics_obtained":[{"floor":6.0,"key":"Vajra"},{"floor":8,"key":"Mercury Hourglass"},{"floor":9,"key":"Strawberry"},{"floor":11,"key":"Nunchaku"},{"floor":14,"key":"Boot"},{"floor":23,"key":"Bronze Scales"},{"floor":26,"key":"MawBank"},{"floor":27,"key":"StrikeDummy"},{"floor":40,"key":"Torii"},{"floor":45,"key":"PreservedInsect"},{"floor":46,"key":"Mango"}],"event_choices":[{"damage_healed":0.0,"max_hp_gain":0.0,"max_hp_loss":0.0,"gold_gain":0.0,"cards_transformed":["hierophant:Strike_Hierophant"],"event_name":"Living Wall","player_choice":"Change","floor":3.0,"gold_loss":0.0,"damage_taken":0.0,"cards_obtained":["hierophant:Flagellation"]},{"damage_healed":0.0,"max_hp_gain":0.0,"max_hp_loss":0.0,"gold_gain":275.0,"event_name":"Golden Shrine","player_choice":"Desecrate","floor":4.0,"gold_loss":0.0,"damage_taken":0.0,"cards_obtained":["Regret"]},{"damage_healed":0,"gold_gain":0,"player_choice":"Shed Blood","damage_taken":29,"max_hp_gain":5,"max_hp_loss":0,"event_name":"Forgotten Altar","floor":19,"gold_loss":0},{"damage_healed":0,"gold_gain":0,"player_choice":"Opened","damage_taken":0,"relics_obtained":["Turnip"],"max_hp_gain":0,"max_hp_loss":0,"event_name":"The Mausoleum","floor":21,"gold_loss":0,"cards_obtained":["Writhe"]},{"damage_healed":0,"gold_gain":0,"player_choice":"Paid Fearfully","damage_taken":0,"max_hp_gain":0,"max_hp_loss":0,"event_name":"Masked Bandits","floor":29,"gold_loss":191},{"damage_healed":0,"gold_gain":0,"cards_transformed":["hierophant:Strike_Hierophant"],"player_choice":"Transformed","damage_taken":0,"max_hp_gain":0,"max_hp_loss":0,"event_name":"Transmorgrifier","floor":31,"gold_loss":0,"cards_obtained":["hierophant:PristineSoul"]},{"damage_healed":0,"gold_gain":0,"player_choice":"Fight","damage_taken":0,"max_hp_gain":0,"max_hp_loss":0,"event_name":"MindBloom","floor":46,"gold_loss":0},{"damage_healed":0,"gold_gain":0,"player_choice":"Ignored","damage_taken":0,"max_hp_gain":0,"max_hp_loss":0,"event_name":"Tomb of Lord Red Mask","floor":48,"gold_loss":0}],"is_beta":false,"boss_relics":[{"not_picked":["Fusion Hammer","Black Star"],"picked":"Philosopher\u0027s Stone"},{"not_picked":["Pandora\u0027s Box","Coffee Dripper"],"picked":"Cursed Key"}],"items_purged_floors":[5,38,41],"is_endless":false,"potions_floor_spawned":[1,7,11,14,16,18,27,30,35,39,40,45,47],"killed_by":"Time Eater","ascension_level":15}}