{"host":"6azrrw3tf7wb0f4b","time":1609038834,"event":{"mods":["BaseMod","DeckTracker","Minty Spire (QoL Compilation)","SuperFastMode"],"gold_per_floor":[113,113,113,123,135,135,149,149,149,149,166,194,194,204,204,306,306,317,257,1,21,32,32,32],"floor_reached":23,"playtime":535,"items_purged":[],"score":270,"play_id":"2cb4d6b9-1d57-4d68-9793-dc9a0e2fef98","local_time":"20201227121354","is_ascension_mode":true,"campfire_choices":[{"data":"Sunder","floor":6.0,"key":"SMITH"},{"data":"Coolheaded","floor":8.0,"key":"SMITH"},{"data":"Dualcast","floor":10.0,"key":"SMITH"},{"data":"Hologram","floor":13,"key":"SMITH"},{"floor":15,"key":"REST"}],"circlet_count":0,"master_deck":["Strike_B","Strike_B","Defend_B","Defend_B","Defend_B","Zap","Dualcast+1","Lockon","Sunder+1","Ball Lightning","Hologram+1","Coolheaded+1","Cold Snap","Glacier","Meteor Strike","Undo","Hello World"],"relics":["Cracked Core","StrikeDummy","InkBottle","SacredBark","Molten Egg 2"],"acts_visited":["Exordium","TheCity"],"potions_floor_usage":[12,12,18,22],"damage_taken":[{"damage":1.0,"enemies":"Cultist","floor":1.0,"turns":3.0},{"damage":0.0,"enemies":"2 Louse","floor":4.0,"turns":1.0},{"damage":2.0,"enemies":"Jaw Worm","floor":5.0,"turns":3.0},{"damage":5.0,"enemies":"Red Slaver","floor":7.0,"turns":3.0},{"damage":15.0,"enemies":"Large Slime","floor":11.0,"turns":3.0},{"damage":16,"enemies":"Lagavulin","floor":12,"turns":6},{"damage":10,"enemies":"Gremlin Gang","floor":14,"turns":2},{"damage":33,"enemies":"Slime Boss","floor":16,"turns":12},{"damage":11,"enemies":"2 Thieves","floor":18,"turns":2},{"damage":4,"enemies":"Chosen","floor":21,"turns":5},{"damage":13,"enemies":"Centurion and Healer","floor":22,"turns":7},{"damage":38,"enemies":"Book of Stabbing","floor":23,"turns":6}],"seed_played":"-8373802226633090693","potions_obtained":[{"floor":5.0,"key":"BlessingOfTheForge"},{"floor":7.0,"key":"ColorlessPotion"},{"floor":16,"key":"AttackPotion"},{"floor":21,"key":"DuplicationPotion"}],"is_trial":false,"path_per_floor":["M","?","?","M","M","R","M","R","T","R","M","E","R","M","R","B",null,"M","?","$","M","M","E"],"character_chosen":"DEFECT","items_purchased":["Molten Egg 2"],"campfire_rested":1,"item_purchase_floors":[20],"current_hp_per_floor":[67,60,65,65,63,63,58,58,58,58,43,27,27,17,41,8,62,51,51,51,47,34,0,0],"gold":32,"neow_bonus":"TRANSFORM_CARD","is_daily":false,"chose_seed":false,"campfire_upgraded":4,"win_rate":0.0,"timestamp":1609038834,"path_taken":["M","?","?","M","M","R","M","R","T","R","M","E","R","M","R","BOSS","M","?","$","M","M","E"],"items_purchased_type":["Relic"],"build_version":"2020-12-22","purchased_purges":0,"victory":false,"max_hp_per_floor":[75,75,80,80,80,80,80,80,80,80,80,80,80,80,80,80,80,80,80,80,80,80,80,80],"card_choices":[{"not_picked":["Hologram","Beam Cell"],"picked":"Sunder","floor":1.0},{"not_picked":["Beam Cell","Leap"],"picked":"Ball Lightning","floor":4.0},{"not_picked":["Rip and Tear","Redo"],"picked":"Hologram","floor":5.0},{"not_picked":["Skim","Aggregate"],"picked":"Coolheaded","floor":7.0},{"not_picked":["Gash","Aggregate"],"picked":"Cold Snap","floor":11.0},{"not_picked":["Core Surge","Rip and Tear"],"picked":"Glacier","floor":12},{"not_picked":["Coolheaded","Glacier","Redo"],"picked":"SKIP","floor":14},{"not_picked":["All For One","Fission"],"picked":"Meteor Strike","floor":16},{"not_picked":["Stack+1","Scrape","Hologram"],"picked":"SKIP","floor":18},{"not_picked":["Hologram","Barrage+1"],"picked":"Undo","floor":21},{"not_picked":["Beam Cell+1","Tempest"],"picked":"Hello World","floor":22}],"player_experience":643374,"relics_obtained":[{"floor":9.0,"key":"StrikeDummy"},{"floor":12,"key":"InkBottle"}],"event_choices":[{"cards_removed":["Strike_B"],"damage_healed":0.0,"max_hp_gain":0.0,"max_hp_loss":0.0,"gold_gain":0.0,"event_name":"Golden Wing","player_choice":"Card Removal","floor":2.0,"gold_loss":0.0,"damage_taken":7.0},{"damage_healed":0.0,"max_hp_gain":5.0,"max_hp_loss":0.0,"gold_gain":0.0,"event_name":"Big Fish","player_choice":"Donut","floor":3.0,"gold_loss":0.0,"damage_taken":0.0},{"cards_removed":["Defend_B"],"damage_healed":0,"gold_gain":0,"player_choice":"Single Remove","damage_taken":0,"max_hp_gain":0,"max_hp_loss":0,"event_name":"Designer","floor":19,"gold_loss":60}],"is_beta":false,"boss_relics":[{"not_picked":["FrozenCore","Philosopher\u0027s Stone"],"picked":"SacredBark"}],"items_purged_floors":[],"is_endless":false,"potions_floor_spawned":[5,7,16,21],"killed_by":"Book of Stabbing","ascension_level":8}}