{"host":"bbld1ic1uj90ldt9","time":1609094164,"event":{"mods":["2.2 Compatiblity","AchievementEnabler","Act Like it!","BaseMod","Better Third Choice","Conspire","Downfall","Emptier Cage","Gensokyo","Hallownest","Hermit","Highlight Path","Hubris","Marisa????????","Minty Spire (QoL Compilation)","Random Character Button","Replay The Spire","StSLib","The Animator","The Bug Knight","The Cursed","The Disciple","The Hierophant","The Jungle","The Runesmith","The Servant 0.9.4"],"gold_per_floor":[142,163,88,106,36,64,64,75,75,84,84,84,84,72,72,150,150,152,218,34,34,64,64,83,83,83,83,83,83,92,85,85,174,174,194,194,1193,850,873,913,871,871],"floor_reached":41,"playtime":5856,"items_purged":["ReplayTheSpireMod:Splinters","Normality"],"score":594,"play_id":"3ecebb58-1dc9-45c6-b166-10f8ef24ec8c","local_time":"20201227193604","is_ascension_mode":false,"campfire_choices":[{"floor":11.0,"key":"RECALL"},{"floor":13.0,"key":"REST"},{"data":"hierophant:Purify","floor":15.0,"key":"SMITH"},{"data":"hierophant:Exaltation","floor":23.0,"key":"SMITH"},{"floor":27.0,"key":"REST"},{"floor":29.0,"key":"REST"},{"floor":32.0,"key":"REST"}],"circlet_count":0,"master_deck":["hierophant:Strike_Hierophant","hierophant:Strike_Hierophant","hierophant:Strike_Hierophant","hierophant:Strike_Hierophant","hierophant:Punish","hierophant:Defend_Hierophant","hierophant:Defend_Hierophant","hierophant:Defend_Hierophant","hierophant:Defend_Hierophant+1","hierophant:ChurchCoffers","hierophant:OrnateBuckler","hierophant:OrnateBuckler","hierophant:Doubloon","hierophant:Refuge","Hallownest:skillGreenpathMap","hierophant:FaithHealing","hierophant:Invocation","hierophant:Purify+1","hierophant:Exaltation+1","hierophant:Community","hierophant:DivineIntervention","hierophant:Bribe","hierophant:Zeal+1","hierophant:Doomsaying","hierophant:DeathKnell","hierophant:Encroach","hierophant:DeathKnell","CommonCold","Injury","animator:Curse_Nutcracker","hierophant:Doubloon","hierophant:CoinFling","Normality","hierophant:CursedGold","hierophant:Doubloon","Panache","hierophant:HammerAndAnvil","hierophant:Bribe","Parasite","hierophant:PristineSoul"],"relics":["Tiny House","Hallownest:StagBellRelic1","hubris:BottledRain","hubris:GlazedTorus","Oddly Smooth Stone","hubris:Towel","Philosopher\u0027s Stone","Replay:Baseball","Membership Card","Hallownest:DreamNailRelic","Shovel","Garlic","Replay:Wax Seal","Replay:Ancient Bell","Blood Vial","Pear","Replay:Kaleidoscope","hubris:Icosahedron","Toy Ornithopter"],"acts_visited":["Hallownest:Greenpath","theJungle:Jungle","TheBeyond"],"potions_floor_usage":[41,41],"damage_taken":[{"damage":0.0,"enemies":"2_ Uuma","floor":1.0,"turns":4.0},{"damage":0.0,"enemies":"Hallownest:monsterHuskWarrior","floor":2.0,"turns":5.0},{"damage":2.0,"enemies":"Hallownest:monsterHuskGuard","floor":4.0,"turns":7.0},{"damage":18.0,"enemies":"Hallownest:eliteVengeflyKing","floor":6.0,"turns":13.0},{"damage":24.0,"enemies":"Hallownest:eliteCrystalGuardian","floor":8.0,"turns":9.0},{"damage":6.0,"enemies":"Hallownest:monsterMossCharger","floor":10.0,"turns":4.0},{"damage":6.0,"enemies":"Hallownest:Guard_and_Warrior","floor":14.0,"turns":8.0},{"damage":39.0,"enemies":"Hallownest:BossFalseKnight","floor":16.0,"turns":13.0},{"damage":25.0,"enemies":"theJungle:MUSHROOMGANG","floor":18.0,"turns":4.0},{"damage":0.0,"enemies":"theJungle:5_Spyders","floor":22.0,"turns":3.0},{"damage":48.0,"enemies":"theJungle:Lyon","floor":24.0,"turns":6.0},{"damage":33.0,"enemies":"theJungle:Cassacara","floor":30.0,"turns":8.0},{"damage":21.0,"enemies":"Snake Plant","floor":31.0,"turns":5.0},{"damage":0.0,"enemies":"theJungle:QueenSpyder","floor":33.0,"turns":23.0},{"damage":10.0,"enemies":"3 Shapes","floor":35.0,"turns":3.0},{"damage":21.0,"enemies":"3 Darklings","floor":39.0,"turns":6.0},{"damage":26.0,"enemies":"Writhing Mass","floor":40.0,"turns":8.0},{"damage":91,"enemies":"Giant Head","floor":41,"turns":7}],"seed_played":"-8733706049411976815","potions_obtained":[{"floor":0.0,"key":"Fruit Juice"},{"floor":1.0,"key":"Fruit Juice"},{"floor":8.0,"key":"Venom Potion"},{"floor":14.0,"key":"Energy Potion"},{"floor":19.0,"key":"Languid Potion"},{"floor":19.0,"key":"Ancient Potion"},{"floor":22.0,"key":"Energy Potion"},{"floor":30.0,"key":"Elixir"},{"floor":31.0,"key":"ColorlessPotion"},{"floor":33.0,"key":"BlessingOfTheForge"},{"floor":39.0,"key":"SneckoOil"}],"is_trial":false,"path_per_floor":["M","M","?","M","?","E","$","E","T","M","R","?","R","M","R","B",null,"M","?","$","?","M","R","M","?","T","R","?","R","E","M","R","B",null,"M","?","?","$","M","M","E"],"character_chosen":"HIEROPHANT","items_purchased":["Membership Card","Toy Ornithopter","hierophant:CursedGold","Panache","hierophant:HammerAndAnvil","CultistPotion","SpeedPotion"],"campfire_rested":4,"item_purchase_floors":[20,38,38,38,38,38,38],"current_hp_per_floor":[90,90,90,88,88,70,70,46,46,40,40,40,67,61,61,22,90,65,65,65,65,65,65,17,17,17,44,34,61,28,7,34,34,100,90,90,90,90,76,57,0,0],"gold":871,"neow_bonus":"BOSS_RELIC","is_daily":false,"chose_seed":false,"campfire_upgraded":2,"win_rate":0.0,"timestamp":1609094164,"path_taken":["M","M","?","M","?","E","$","E","T","M","R","?","R","M","R","BOSS","M","?","$","?","?","R","M","?","T","R","?","R","E","M","R","BOSS","M","?","?","$","M","M","E"],"items_purchased_type":["Relic","Relic","Card","Card","Card","Potion","Potion"],"build_version":"2020-12-22","purchased_purges":2,"victory":false,"max_hp_per_floor":[90,90,90,90,90,90,90,90,90,90,90,90,90,90,90,90,90,90,90,90,90,90,90,90,90,90,90,90,90,90,90,90,90,100,100,100,100,100,100,100,100,100],"card_choices":[{"not_picked":["hierophant:Repentance","hierophant:Remorse"],"picked":"hierophant:OrnateBuckler","floor":0.0},{"not_picked":["hierophant:Bribe","hierophant:OrnateJavelin"],"picked":"hierophant:OrnateBuckler","floor":1.0},{"not_picked":["hierophant:MirrorShield","hierophant:SolarFlare"],"picked":"hierophant:Refuge","floor":2.0},{"not_picked":["hierophant:PassingBell","hierophant:RustyCrate"],"picked":"hierophant:FaithHealing","floor":4.0},{"not_picked":["hierophant:HammerAndAnvil","hierophant:Sermon"],"picked":"hierophant:Invocation","floor":6.0},{"not_picked":["hierophant:SealAway","hierophant:Encroach"],"picked":"hierophant:Purify","floor":8.0},{"not_picked":["hierophant:OrnateBuckler","hierophant:Doubloon"],"picked":"hierophant:Exaltation","floor":10.0},{"not_picked":["hierophant:SealAway","hierophant:FieryStrike"],"picked":"hierophant:Community","floor":14.0},{"not_picked":["hierophant:DeathKnell","hierophant:Levitation"],"picked":"hierophant:DivineIntervention","floor":16.0},{"not_picked":["hierophant:HolyVerse","hierophant:CoinFling"],"picked":"hierophant:Bribe","floor":18.0},{"not_picked":["hierophant:Alms","hierophant:AuricBeam+1"],"picked":"hierophant:Zeal+1","floor":19.0},{"not_picked":["hierophant:DisplayOfPower","hierophant:HammerAndAnvil"],"picked":"hierophant:Doomsaying","floor":22.0},{"not_picked":["hierophant:Repentance","hierophant:Shelter"],"picked":"hierophant:DeathKnell","floor":24.0},{"not_picked":["hierophant:Smite+1","hierophant:Shelter+1"],"picked":"hierophant:Encroach","floor":30.0},{"not_picked":["hierophant:FlamingChariot","hierophant:PassingBell","hierophant:DisplayOfPower"],"picked":"SKIP","floor":31.0},{"not_picked":["hierophant:LocustPlague","hierophant:Anathema"],"picked":"hierophant:DeathKnell","floor":33.0},{"not_picked":["Replay:Sluggish","animator:Curse_GriefSeed"],"picked":"CommonCold","floor":34.0},{"not_picked":["Voices","Decay"],"picked":"Injury","floor":34.0},{"not_picked":["animator:Curse_Greed","hubris:Envy"],"picked":"animator:Curse_Nutcracker","floor":34.0},{"not_picked":["hierophant:PassingBell","hierophant:FlamingChariot"],"picked":"hierophant:CoinFling","floor":35.0},{"not_picked":["hierophant:Chorus+1","hierophant:HolyVerse+1"],"picked":"hierophant:Bribe","floor":39.0},{"not_picked":["hierophant:Remorse","hierophant:Doubloon"],"picked":"hierophant:PristineSoul","floor":40.0}],"player_experience":2175763,"relics_obtained":[{"floor":6.0,"key":"hubris:BottledRain"},{"floor":8.0,"key":"hubris:GlazedTorus"},{"floor":9.0,"key":"Oddly Smooth Stone"},{"floor":19.0,"key":"Replay:Baseball"},{"floor":26.0,"key":"Garlic"},{"floor":30.0,"key":"Replay:Wax Seal"}],"event_choices":[{"damage_healed":0.0,"max_hp_gain":0.0,"max_hp_loss":0.0,"gold_gain":999.0,"event_name":"MindBloom","player_choice":"Gold","floor":37.0,"gold_loss":0.0,"damage_taken":0.0,"cards_obtained":["Normality","Normality"]}],"is_beta":false,"boss_relics":[{"not_picked":["conspire:SlowCooker","Astrolabe"],"picked":"Philosopher\u0027s Stone"},{"not_picked":["SacredBark","Runic Dome"],"picked":"Replay:Ancient Bell"},{"not_picked":["Bag of Preparation","PreservedInsect"],"picked":"Blood Vial"},{"not_picked":["Singing Bowl","hubris:DuctTape"],"picked":"Pear"},{"not_picked":["Turnip","FossilizedHelix"],"picked":"Replay:Kaleidoscope"}],"items_purged_floors":[20,38],"is_endless":false,"potions_floor_spawned":[1,8,14,22,30,31,33,39],"killed_by":"Giant Head","ascension_level":0}}