{"host":"phniwng9zo19jwdb","time":1609054621,"event":{"mods":["AchievementEnabler","BaseMod","Colored Powertips","Faster Ascension Climbing","GifTheSpireLib","Minty Spire (QoL Compilation)","Permanent Neow","Rare Cards Sparkle","Somnambulant","StSLib"],"gold_per_floor":[155,330,330,361,420,420,420],"floor_reached":6,"playtime":254,"items_purged":[],"score":54,"play_id":"aa49bf12-0dd8-4fef-a61d-a411b2e8af3e","local_time":"20201227083701","is_ascension_mode":true,"campfire_choices":[],"circlet_count":0,"master_deck":["AscendersBane","somnambulantmod: SomnambulantStrike","somnambulantmod: SomnambulantStrike","somnambulantmod: SomnambulantStrike","somnambulantmod: SomnambulantStrike","somnambulantmod: SomnambulantStrike","somnambulantmod: Defend_Somnambulant","somnambulantmod: Defend_Somnambulant","somnambulantmod: Defend_Somnambulant","somnambulantmod: Defend_Somnambulant","somnambulantmod: Defend_Somnambulant","somnambulantmod: QuickNap","somnambulantmod: PrimingPunch","HandOfGreed","somnambulantmod: Cower","Doubt","somnambulantmod: DeeperSleep","somnambulantmod: SnuggleUp"],"relics":["somnambulantmod: DreamJournal","Girya"],"acts_visited":["Exordium"],"potions_floor_usage":[6],"damage_taken":[{"damage":1,"enemies":"2 Louse","floor":1,"turns":4},{"damage":8,"enemies":"Jaw Worm","floor":4,"turns":9},{"damage":2,"enemies":"Small Slimes","floor":5,"turns":6},{"damage":53,"enemies":"Gremlin Nob","floor":6,"turns":5}],"seed_played":"-5784573678947243272","potions_obtained":[{"floor":1,"key":"ColorlessPotion"}],"is_trial":false,"path_per_floor":["M","?","?","M","M","E"],"character_chosen":"THE_SOMNAMBULANT","items_purchased":[],"campfire_rested":0,"item_purchase_floors":[],"current_hp_per_floor":[62,62,50,42,40,0,0],"gold":420,"neow_bonus":"RANDOM_COLORLESS_2","is_daily":false,"chose_seed":false,"campfire_upgraded":0,"win_rate":0.0,"timestamp":1609054621,"path_taken":["M","?","?","M","M","E"],"items_purchased_type":[],"build_version":"2020-12-22","purchased_purges":0,"victory":false,"max_hp_per_floor":[63,63,63,63,63,63,63],"card_choices":[{"not_picked":["Violence","Magnetism"],"picked":"HandOfGreed","floor":0},{"not_picked":["somnambulantmod: LeechFears","somnambulantmod: ShimmeringVeil"],"picked":"somnambulantmod: Cower","floor":1},{"not_picked":["somnambulantmod: InLimbo","somnambulantmod: SleepingBody"],"picked":"somnambulantmod: DeeperSleep","floor":4},{"not_picked":["somnambulantmod: RecurringDream","somnambulantmod: Unmake"],"picked":"somnambulantmod: SnuggleUp","floor":5}],"player_experience":21800,"relics_obtained":[],"event_choices":[{"damage_healed":0,"gold_gain":175,"player_choice":"AGREE","damage_taken":0,"max_hp_gain":0,"max_hp_loss":0,"event_name":"Liars Game","floor":2,"gold_loss":0,"cards_obtained":["Doubt"]},{"damage_healed":0,"gold_gain":0,"player_choice":"Success","damage_taken":12,"relics_obtained":["Girya"],"max_hp_gain":0,"max_hp_loss":0,"event_name":"Scrap Ooze","floor":3,"gold_loss":0}],"is_beta":false,"boss_relics":[],"items_purged_floors":[],"is_endless":false,"potions_floor_spawned":[1],"killed_by":"Gremlin Nob","ascension_level":10}}