{"host":"uae2ry9d6rl7cq98","time":1609040872,"event":{"mods":["AchievementEnabler","BaseMod","BetterRewards","Colored Map","Custom Start","Hermit","Hubris","Infinite Spire","Minty Spire (QoL Compilation)","Replay The Spire","Shop Mod","StSLib","SuperFastMode","The Animator","The Hierophant","The Servant 0.9.4"],"gold_per_floor":[113,129,129,129,140,175,175,125,178,178,178,178,178,198,198,298,298,317,416,416,427,447,473,473,504,504,533,533,533,533,533,533,649,649,718,547,547,207,207,144,164,164],"floor_reached":41,"playtime":1899,"items_purged":["Strike_S","Defend_S","Manipulate+1","Strike_S"],"score":746,"play_id":"1673d0b6-8cb4-4a01-8615-0e0af4f979cc","local_time":"20201226194752","is_ascension_mode":false,"campfire_choices":[{"floor":7,"key":"RECALL"},{"data":"Revamp","floor":10,"key":"SMITH"},{"data":"Exchange","floor":13,"key":"SMITH"},{"data":"WasteNot","floor":15,"key":"SMITH"},{"floor":24,"key":"REST"},{"floor":28,"key":"REST"},{"data":"BestPractice","floor":32,"key":"SMITH"}],"circlet_count":0,"master_deck":["Strike_S","Defend_S","Defend_S","KidneyShot","Exchange+1","WasteNot+1","Rearm","hubris:InfiniteBlow+168","StarChef","FastForward","Initiator","SurpressingFire+1","Luminosity+1","BestPractice+1","infinitespire:Starlight","Alleviate","Luminosity","TheWorld","Dilation","Revamp"],"relics":["Uniform","NeowsBlessing","Blood Vial","Ring of Fury","Ring of Fangs","Velvet Choker","hubris:Towel","Oddly Smooth Stone","infinitespire:FocusingShard","hubris:Reverence","Replay:Wax Seal","Strange Spoon","infinitespire:Midas Blood","infinitespire:EvilPickle","StoneMask","MerchantsRug","infinitespire:CheckeredPen","hubris:PeanutButter","Orichalcum"],"acts_visited":["Exordium","TheCity","TheBeyond"],"potions_floor_usage":[27],"damage_taken":[{"damage":0,"enemies":"2 Louse","floor":1,"turns":2},{"damage":0,"enemies":"Jaw Worm","floor":2,"turns":1},{"damage":0,"enemies":"Cultist","floor":5,"turns":1},{"damage":0,"enemies":"Gremlin Nob","floor":6,"turns":2},{"damage":0,"enemies":"Blue Slaver","floor":14,"turns":1},{"damage":0,"enemies":"Hexaghost","floor":16,"turns":1},{"damage":26,"enemies":"2 Thieves","floor":18,"turns":4},{"damage":6,"enemies":"Shell Parasite","floor":21,"turns":2},{"damage":2,"enemies":"3 Cultists","floor":22,"turns":5},{"damage":16,"enemies":"Nightmare","floor":23,"turns":3},{"damage":3,"enemies":"Book of Stabbing","floor":25,"turns":2},{"damage":10,"enemies":"Gremlin Leader","floor":27,"turns":4},{"damage":29,"enemies":"Pondfish","floor":33,"turns":6},{"damage":25,"enemies":"Orb Walker","floor":35,"turns":4},{"damage":0,"enemies":"Giant Head","floor":40,"turns":3},{"damage":0,"enemies":"infinitespire:Three Voidlings","floor":41,"turns":4},{"damage":92,"enemies":"Nightmare_Alpha","floor":41,"turns":4}],"seed_played":"-7526463529787065489","potions_obtained":[{"floor":6,"key":"Explosive Potion"},{"floor":16,"key":"ColorlessPotion"},{"floor":18,"key":"BlessingOfTheForge"},{"floor":25,"key":"Elixir"},{"floor":27,"key":"SpeedPotion"}],"is_trial":false,"path_per_floor":["M","M","?","?","M","E","R","?","T","R","?","?","R","M","R","B",null,"M","?","?","M","M","NM","R","E","T","E","R","AVR","?","?","R","B",null,"M","$","?","$","AVR","E","?"],"character_chosen":"THE_SERVANT","items_purchased":["MerchantsRug","Revamp","infinitespire:CheckeredPen"],"campfire_rested":2,"item_purchase_floors":[36,36,38],"current_hp_per_floor":[65,65,49,49,49,49,49,49,49,49,49,49,49,51,51,53,65,39,39,39,35,35,21,40,39,39,31,50,50,50,50,50,33,65,58,58,58,58,58,63,0,0],"gold":164,"neow_bonus":"THREE_ENEMY_KILL","is_daily":false,"chose_seed":false,"campfire_upgraded":4,"win_rate":0.0,"timestamp":1609040872,"path_taken":["M","M","?","?","?","E","R","?","T","R","?","?","R","M","R","BOSS","M","?","?","?","M","NM","R","E","T","E","R","AVR","?","?","R","BOSS","M","$","?","?","AVR","E","?"],"items_purchased_type":["Relic","Card","Relic"],"build_version":"2020-12-22","purchased_purges":4,"victory":false,"max_hp_per_floor":[65,65,65,65,65,65,65,65,65,65,65,65,65,65,65,65,65,65,65,65,65,65,65,65,65,65,65,65,65,65,65,65,65,65,66,66,66,66,66,67,70,70],"card_choices":[{"not_picked":["FastForward","Potential"],"picked":"WasteNot","floor":1},{"not_picked":["Starlight","BottledTime"],"picked":"Rearm","floor":2},{"not_picked":["infinitespire:Punishment","infinitespire:FutureSight"],"picked":"hubris:InfiniteBlow+168","floor":3},{"not_picked":["Unruled","WasteNot"],"picked":"Revamp","floor":5},{"not_picked":["WasteNot","ShatteredReality"],"picked":"StarChef","floor":6},{"not_picked":["Replace","Spin"],"picked":"FastForward","floor":14},{"not_picked":["Solidify","PendulumOfEternity"],"picked":"Initiator","floor":16},{"not_picked":["FanOfKnives","BottledTime"],"picked":"SurpressingFire+1","floor":18},{"not_picked":["BottledTime","SpecialFormula"],"picked":"Luminosity+1","floor":21},{"not_picked":["Rewind","BottledTime"],"picked":"BestPractice","floor":22},{"not_picked":["infinitespire:FinalStrike","hubris:Rewind"],"picked":"infinitespire:Starlight","floor":23},{"not_picked":["FanOfKnives","TimeWarp"],"picked":"Alleviate","floor":23},{"not_picked":["ShatteredReality","Unruled","Rewind+1"],"picked":"SKIP","floor":25},{"not_picked":["FastForward+1","TimeWarp"],"picked":"Luminosity","floor":27},{"not_picked":["MurderousAura","LightFlow"],"picked":"TheWorld","floor":33},{"not_picked":["DualDimension+1","TimeWarp"],"picked":"Dilation","floor":35},{"not_picked":["Unruled","Sunlight","SpecialFormula+1"],"picked":"SKIP","floor":40}],"player_experience":269567,"relics_obtained":[{"floor":6,"key":"Blood Vial"},{"floor":12,"key":"Ring of Fury"},{"floor":12,"key":"Ring of Fangs"},{"floor":23,"key":"Oddly Smooth Stone"},{"floor":25,"key":"infinitespire:FocusingShard"},{"floor":26,"key":"hubris:Reverence"},{"floor":27,"key":"Replay:Wax Seal"},{"floor":40,"key":"Orichalcum"}],"event_choices":[{"cards_removed":["Strike_S"],"damage_healed":0,"gold_gain":0,"player_choice":"Purged","damage_taken":0,"max_hp_gain":0,"max_hp_loss":0,"event_name":"Purifier","floor":4,"gold_loss":0},{"cards_removed":["Defend_S"],"damage_healed":0,"gold_gain":0,"player_choice":"Card Removal","damage_taken":0,"max_hp_gain":0,"max_hp_loss":0,"event_name":"The Cleric","floor":8,"gold_loss":50},{"damage_healed":0,"gold_gain":99,"player_choice":"Stole From Cult","damage_taken":0,"max_hp_gain":0,"max_hp_loss":0,"event_name":"Nest","floor":19,"gold_loss":0},{"damage_healed":0,"gold_gain":0,"player_choice":"Gave Potion","damage_taken":0,"relics_obtained":["infinitespire:Midas Blood"],"max_hp_gain":0,"max_hp_loss":0,"event_name":"WeMeetAgain","floor":31,"gold_loss":0},{"damage_healed":0,"gold_gain":0,"player_choice":"Ignored","damage_taken":0,"max_hp_gain":0,"max_hp_loss":0,"event_name":"Tomb of Lord Red Mask","floor":37,"gold_loss":0}],"is_beta":false,"boss_relics":[{"not_picked":["Runic Pyramid","hubris:HollowSoul"],"picked":"Velvet Choker"},{"not_picked":["Painkiller Herb","Replay:Wanted Poster"],"picked":"StoneMask"}],"items_purged_floors":[29,36,38,39],"is_endless":false,"potions_floor_spawned":[6,16,18,25,27,41],"killed_by":"Nightmare_Alpha","ascension_level":0}}