{"host":"vhrbb9mxb8fcxsba","time":1609042259,"event":{"mods":["2.2 Compatiblity","Act Like it!","Aspiration","BaseMod","Downfall","GungeonMod","Infinite Spire","Minty Spire (QoL Compilation)","Quick Restart","StSLib","The Disciple","Wandering Minibosses"],"gold_per_floor":[113,113,129,54,70,95,95,125,125,159,346,77,77,77,77,173,173,193,193,193,206,206,206,225,225,302,337,437,49,49,84,84,182,182,194,194,208,208,308,308,338,351,374,408,422,450,464,474,474,474],"floor_reached":51,"playtime":1994,"items_purged":["Defend_B","Doubt","Strike_B","Strike_B"],"score":930,"play_id":"7f3ed23e-08c6-4c82-97cb-01ad30061207","local_time":"20201227171059","is_ascension_mode":true,"campfire_choices":[{"data":"Zap","floor":7,"key":"SMITH"},{"floor":13,"key":"REST"},{"data":"Dualcast","floor":15,"key":"SMITH"},{"data":"Hologram","floor":23,"key":"SMITH"},{"data":"expansioncontent:TimeRipple","floor":25,"key":"SMITH"},{"data":"Double Energy","floor":32,"key":"SMITH"},{"floor":40,"key":"RECALL"},{"data":"Go for the Eyes","floor":49,"key":"SMITH"}],"circlet_count":0,"master_deck":["Strike_B","Strike_B","Defend_B","Defend_B","Zap+1","Dualcast+1","Gash","Go for the Eyes","Machine Learning","expansioncontent:TimeRipple+1","FTL","Steam","Gash","Self Repair","All For One","Beam Cell","Hologram+1","Beam Cell","Go for the Eyes+1","Go for the Eyes","Double Energy+1","FTL","Gash+1","sneckomod:UnknownRarePower+1"],"relics":["Cracked Core","HornCleat","DemoMod:PoisonVial","Bag of Marbles","MawBank","DollysMirror","SlaversCollar","Omamori","aspiration:RitualDagger","Necronomicon","aspiration:FaultyCoupler","DemoMod:OrangeGuonStone","Akabeko","infinitespire:Lychee Nut","Frozen Egg 2","Centennial Puzzle","PrismaticShard","aspiration:TomeofQuesting","aspiration:FutureDiary","Symbiotic Virus","wanderingMiniBosses:Inkheart","Ancient Tea Set","Gambling Chip","Nunchaku"],"acts_visited":["Exordium","TheCity","TheBeyond"],"potions_floor_usage":[16,31,33,33,42,50],"damage_taken":[{"damage":0,"enemies":"Small Slimes","floor":1,"turns":2},{"damage":9,"enemies":"infinitespire:Voidling","floor":3,"turns":2},{"damage":8,"enemies":"Jaw Worm","floor":5,"turns":2},{"damage":22,"enemies":"Gremlin Nob","floor":6,"turns":4},{"damage":21,"enemies":"Lagavulin","floor":8,"turns":7},{"damage":6,"enemies":"3 Sentries","floor":10,"turns":4},{"damage":15,"enemies":"Slime Boss","floor":16,"turns":8},{"damage":4,"enemies":"3 Byrds","floor":18,"turns":4},{"damage":24,"enemies":"Spheric Guardian","floor":21,"turns":4},{"damage":16,"enemies":"Chosen and Byrds","floor":24,"turns":4},{"damage":47,"enemies":"Slavers","floor":27,"turns":5},{"damage":6,"enemies":"Colosseum Slavers","floor":28,"turns":2},{"damage":12,"enemies":"Colosseum Nobs","floor":28,"turns":3},{"damage":14,"enemies":"Book of Stabbing","floor":31,"turns":2},{"damage":22,"enemies":"Automaton","floor":33,"turns":5},{"damage":3,"enemies":"3 Shapes","floor":35,"turns":1},{"damage":24,"enemies":"Orb Walker","floor":37,"turns":5},{"damage":12,"enemies":"Giant Head","floor":41,"turns":4},{"damage":69,"enemies":"Transient","floor":42,"turns":6},{"damage":3,"enemies":"Nemesis","floor":44,"turns":1},{"damage":6,"enemies":"Spire Growth","floor":45,"turns":2},{"damage":11,"enemies":"Giant Head","floor":46,"turns":3},{"damage":9,"enemies":"Writhing Mass","floor":47,"turns":3},{"damage":3,"enemies":"Sphere and 2 Shapes","floor":48,"turns":1},{"damage":59,"enemies":"infinitespire:MassOfShapes","floor":50,"turns":2}],"seed_played":"6281551707072985984","potions_obtained":[{"floor":5,"key":"SpeedPotion"},{"floor":10,"key":"champ:CounterPotion"},{"floor":18,"key":"FearPotion"},{"floor":28,"key":"Weak Potion"},{"floor":31,"key":"SpeedPotion"},{"floor":41,"key":"Fire Potion"},{"floor":42,"key":"AttackPotion"},{"floor":47,"key":"GamblersBrew"}],"is_trial":false,"path_per_floor":["M","?","M","$","M","E","R","E","T","E","?","$","R","?","R","B",null,"M","AVR","?","M","?","R","M","R","T","E","?","$","?","E","R","B",null,"M","?","M","?","?","R","E","M","T","E","M","E","M","M","R","B",null],"character_chosen":"DEFECT","items_purchased":["DollysMirror","Self Repair","Centennial Puzzle","Go for the Eyes","Double Energy"],"campfire_rested":1,"item_purchase_floors":[12,12,29,29,29],"current_hp_per_floor":[75,75,66,66,58,36,36,15,15,9,9,9,31,36,36,28,80,80,80,64,47,47,47,31,31,31,80,60,60,52,60,60,60,60,60,57,57,57,57,57,57,28,28,55,57,57,57,57,57,49],"gold":474,"neow_bonus":"THREE_CARDS","is_daily":false,"chose_seed":false,"campfire_upgraded":6,"win_rate":0.0,"timestamp":1609042259,"path_taken":["M","?","M","$","?","E","R","E","T","E","?","$","R","?","R","BOSS","M","AVR","?","M","?","R","M","R","T","E","?","$","?","E","R","BOSS","M","?","M","?","?","R","E","M","T","E","?","E","M","M","R","BOSS"],"items_purchased_type":["Relic","Card","Relic","Card","Card"],"build_version":"2020-12-22","purchased_purges":4,"victory":true,"max_hp_per_floor":[75,75,75,75,75,75,75,75,75,75,75,75,75,80,80,80,80,80,80,80,80,80,80,80,80,80,80,60,60,60,60,60,60,60,60,57,57,57,57,57,57,57,57,57,57,57,57,57,57,57],"card_choices":[{"not_picked":["Ball Lightning","Coolheaded"],"picked":"Gash","floor":0},{"not_picked":["BootSequence","Turbo"],"picked":"Go for the Eyes","floor":1},{"not_picked":["Rebound","Compile Driver"],"picked":"FTL","floor":3},{"not_picked":["Barrage","Conserve Battery","Recycle"],"picked":"SKIP","floor":5},{"not_picked":["aspiration:Polymerization","Doom and Gloom","Sweeping Beam"],"picked":"SKIP","floor":6},{"not_picked":["Conserve Battery","Seek"],"picked":"Steam","floor":8},{"not_picked":["Conserve Battery","Tempest","Electrodynamics"],"picked":"SKIP","floor":10},{"not_picked":["Reboot","Thunder Strike"],"picked":"All For One","floor":16},{"not_picked":["Compile Driver","Steam"],"picked":"Beam Cell","floor":18},{"not_picked":["Leap+1","White Noise"],"picked":"Hologram","floor":21},{"not_picked":["Rip and Tear","Conserve Battery"],"picked":"Beam Cell","floor":24},{"not_picked":["Compile Driver+1","Fission"],"picked":"Go for the Eyes","floor":27},{"not_picked":["Darkness","Conserve Battery+1"],"picked":"FTL","floor":30},{"not_picked":["Guardian:FloatingOrbs+1","Shrug It Off"],"picked":"Gash+1","floor":31},{"not_picked":["DeusExMachina","expansioncontent:DashGenerateEvil"],"picked":"sneckomod:UnknownRarePower+1","floor":33},{"not_picked":["champ:CrookedStrike","Cold Snap+1","Rip and Tear"],"picked":"SKIP","floor":35},{"not_picked":["Barrage","expansioncontent:Sear","sneckomod:SoulRoll"],"picked":"SKIP","floor":37},{"not_picked":["hexamod:WildfireWeapon+1","hexamod:ChargedBarrage+1","Underhanded Strike+1"],"picked":"SKIP","floor":41},{"not_picked":["champ:Lariat","Pray+1","LikeWater+1"],"picked":"SKIP","floor":42},{"not_picked":["hexamod:Firestarter","Flying Knee","sneckomod:WideSting+1"],"picked":"SKIP","floor":44},{"not_picked":["ThirdEye+1","Acrobatics+1","CutThroughFate"],"picked":"SKIP","floor":45},{"not_picked":["Coolheaded+1","Parity","FollowUp"],"picked":"SKIP","floor":46},{"not_picked":["champ:Circumvent+1","Go for the Eyes+1","After Image+1"],"picked":"SKIP","floor":47},{"not_picked":["sneckomod:Unknown2Cost","Tempo","Twin Strike+1"],"picked":"SKIP","floor":48}],"player_experience":164419,"relics_obtained":[{"floor":6,"key":"HornCleat"},{"floor":8,"key":"DemoMod:PoisonVial"},{"floor":9,"key":"Bag of Marbles"},{"floor":10,"key":"MawBank"},{"floor":20,"key":"Necronomicon"},{"floor":26,"key":"DemoMod:OrangeGuonStone"},{"floor":27,"key":"Akabeko"},{"floor":28,"key":"infinitespire:Lychee Nut"},{"floor":28,"key":"Frozen Egg 2"},{"floor":30,"key":"PrismaticShard"},{"floor":31,"key":"aspiration:TomeofQuesting"},{"floor":41,"key":"Symbiotic Virus"},{"floor":42,"key":"wanderingMiniBosses:Inkheart"},{"floor":43,"key":"DemoMod:WeirdEgg"},{"floor":44,"key":"Gambling Chip"},{"floor":46,"key":"Nunchaku"}],"event_choices":[{"damage_healed":0,"gold_gain":0,"player_choice":"2 cards matched","damage_taken":0,"max_hp_gain":0,"max_hp_loss":0,"event_name":"Match and Keep!","floor":2,"gold_loss":0,"cards_obtained":["Machine Learning","expansioncontent:TimeRipple"]},{"damage_healed":0,"gold_gain":175,"player_choice":"AGREE","damage_taken":0,"max_hp_gain":0,"max_hp_loss":0,"event_name":"Liars Game","floor":11,"gold_loss":0,"cards_obtained":["Doubt"]},{"damage_healed":0,"gold_gain":0,"player_choice":"Donut","damage_taken":0,"max_hp_gain":5,"max_hp_loss":0,"event_name":"Big Fish","floor":14,"gold_loss":0},{"damage_healed":0,"gold_gain":0,"player_choice":"Obtained Book","damage_taken":16,"max_hp_gain":0,"max_hp_loss":0,"event_name":"Cursed Tome","floor":20,"gold_loss":0},{"damage_healed":0,"gold_gain":0,"player_choice":"Opened","damage_taken":0,"relics_obtained":["aspiration:FaultyCoupler"],"max_hp_gain":0,"max_hp_loss":0,"event_name":"The Mausoleum","floor":22,"gold_loss":0,"cards_obtained":["Writhe"]},{"damage_healed":0,"gold_gain":0,"player_choice":"Fight","damage_taken":0,"max_hp_gain":0,"max_hp_loss":0,"event_name":"Colosseum","floor":28,"gold_loss":0},{"damage_healed":0,"gold_gain":0,"player_choice":"Fought Nobs","damage_taken":0,"max_hp_gain":0,"max_hp_loss":0,"event_name":"Colosseum","floor":28,"gold_loss":0},{"damage_healed":0,"gold_gain":0,"player_choice":"Max HP","damage_taken":0,"max_hp_gain":0,"max_hp_loss":3,"event_name":"Winding Halls","floor":36,"gold_loss":0},{"cards_removed":["Defend_B"],"damage_healed":0,"gold_gain":0,"player_choice":"Removed Skill","damage_taken":0,"max_hp_gain":0,"max_hp_loss":0,"event_name":"Falling","floor":38,"gold_loss":0},{"damage_healed":0,"gold_gain":100,"player_choice":"Pray","damage_taken":0,"max_hp_gain":0,"max_hp_loss":0,"event_name":"Golden Shrine","floor":39,"gold_loss":0}],"is_beta":false,"boss_relics":[{"not_picked":["Velvet Choker","Busted Crown"],"picked":"SlaversCollar"},{"not_picked":["aspiration:WatcherSkillbook","aspiration:Stellarator"],"picked":"aspiration:FutureDiary"}],"items_purged_floors":[4,12,19,29],"is_endless":false,"potions_floor_spawned":[5,10,18,28,31,41,42,47],"ascension_level":1}}