{"host":"27tk4xseidcli2mr","time":1609071155,"event":{"mods":["2.2 Compatiblity","AchievementEnabler","Aspiration","BaseMod","Better Third Choice","Conspire","Custom Start","Hubris","Jorbs\u0027s Wanderer Trilogy","Minty Spire (QoL Compilation)","Replay The Spire","StSLib","SuperFastMode","[IsaacMod]????"],"gold_per_floor":[117,267,284,51,64,64,89,53,53,53,73,89,118,18,18,132,132,111,111,111,111,11,78,78,103,103,103,156,216,91,141,141,164,164],"floor_reached":33,"playtime":1432,"items_purged":["Doubt","Strike_B","Strike_B"],"score":758,"play_id":"e638794b-c972-4f1e-a014-4143debfd6fb","local_time":"20201227131235","is_ascension_mode":true,"campfire_choices":[{"data":"Dualcast","floor":6.0,"key":"SMITH"},{"data":"Cold Snap","floor":10.0,"key":"SMITH"},{"data":"Chaos","floor":24.0,"key":"SMITH"},{"data":"Strike_B","floor":27.0,"key":"PURGE"},{"floor":32,"key":"RECALL"}],"circlet_count":0,"master_deck":["AscendersBane","Strike_B","Defend_B","Defend_B","Defend_B","Defend_B","Zap","Dualcast+1","Skim","FTL","ReplayTheSpireMod:Reroute Power","Cold Snap+1","Leap+1","ReplayRNGCard+1","Genetic Algorithm","ElectricPowerLearning","conspire:SpireCoStock","conspire:SpireCoStock","Rainbow","Glacier","stsjorbsmod:Withering","Chaos+1"],"relics":["Cracked Core","HushsDoor","aspiration:Nostalgia","Sizzling Blood","BookofShadows","ClockworkSouvenir","Cables","Gremlin Horn","Kunai","conspire:SpecialSausage","hubris:Icosahedron","Onion Ring","Replay:Wax Seal","Peace Pipe","GuppysPaw","TheBible"],"acts_visited":["Exordium","TheCity"],"potions_floor_usage":[],"damage_taken":[{"damage":4.0,"enemies":"2 Louse","floor":1.0,"turns":2.0},{"damage":11.0,"enemies":"Cultist","floor":3.0,"turns":4.0},{"damage":2.0,"enemies":"Jaw Worm","floor":5.0,"turns":3.0},{"damage":0.0,"enemies":"Lagavulin","floor":7.0,"turns":6.0},{"damage":8.0,"enemies":"2 Fungi Beasts","floor":11.0,"turns":3.0},{"damage":17.0,"enemies":"Large Slime","floor":12.0,"turns":5.0},{"damage":25.0,"enemies":"3 Sentries","floor":13.0,"turns":7.0},{"damage":33.0,"enemies":"The Guardian","floor":16.0,"turns":12.0},{"damage":21.0,"enemies":"2 Thieves","floor":18.0,"turns":4.0},{"damage":20.0,"enemies":"Slavers","floor":23.0,"turns":6.0},{"damage":3.0,"enemies":"Book of Stabbing","floor":25.0,"turns":6.0},{"damage":1.0,"enemies":"Shell Parasite","floor":28.0,"turns":10.0},{"damage":27,"enemies":"Slavers","floor":29,"turns":7},{"damage":0,"enemies":"Gremlin Leader","floor":31,"turns":5},{"damage":69,"enemies":"conspire:MysteriousRune","floor":33,"turns":10}],"seed_played":"-4239710149267403967","potions_obtained":[{"floor":3.0,"key":"AttackPotion"},{"floor":7.0,"key":"Doom Potion"},{"floor":11.0,"key":"SteroidPotion"},{"floor":28.0,"key":"BlessingOfTheForge"},{"floor":31,"key":"ColorlessPotion"}],"is_trial":false,"path_per_floor":["M","?","M","$","M","R","E","$","T","R","M","M","E","?","R","B",null,"M","?","?","?","$","E","R","E","T","R","M","E","$","E","R","B"],"character_chosen":"DEFECT","items_purchased":["ClockworkSouvenir","Leap+1"],"campfire_rested":0,"item_purchase_floors":[4,8],"current_hp_per_floor":[68,68,61,61,63,63,67,67,67,67,63,50,29,29,51,22,62,45,45,45,45,45,29,29,30,30,30,33,52,52,56,56,0,0],"gold":164,"neow_bonus":"NOSTALGIA","is_daily":false,"chose_seed":false,"campfire_upgraded":3,"win_rate":0.0,"timestamp":1609071155,"path_taken":["M","?","M","$","M","R","E","$","T","R","M","?","E","?","R","BOSS","M","?","?","?","$","E","R","E","T","R","M","E","$","E","R","BOSS"],"items_purchased_type":["Relic","Card"],"build_version":"2020-12-22","purchased_purges":3,"victory":false,"max_hp_per_floor":[75,75,75,75,75,75,75,75,75,75,75,75,75,75,75,75,75,75,75,75,75,75,75,75,75,75,75,75,75,75,75,75,75,75],"card_choices":[{"not_picked":["Barrage","Turbo"],"picked":"Skim","floor":1.0},{"not_picked":["Bomb","Rip and Tear"],"picked":"FTL","floor":3.0},{"not_picked":["Steam","Bomb"],"picked":"ReplayTheSpireMod:Reroute Power","floor":5.0},{"not_picked":["Sweeping Beam","Turbo"],"picked":"Cold Snap","floor":7.0},{"not_picked":["Redo","Streamline"],"picked":"ReplayRNGCard","floor":11.0},{"not_picked":["Coolheaded","Panic Button"],"picked":"Genetic Algorithm","floor":12.0},{"not_picked":["Tempest","Ball Lightning"],"picked":"ElectricPowerLearning","floor":13.0},{"not_picked":["All For One","hubris:Prefetch"],"picked":"Rainbow","floor":16.0},{"not_picked":["Streamline","Rebound","BasicCrystalCard"],"picked":"SKIP","floor":18.0},{"not_picked":["Rebound","Biased Cognition"],"picked":"Chaos","floor":23.0},{"not_picked":["Cold Snap","Hello World","Barrage"],"picked":"SKIP","floor":25.0},{"not_picked":["Go for the Eyes","BootSequence","Compile Driver"],"picked":"SKIP","floor":28.0},{"not_picked":["Gash","Streamline+1","Coolheaded"],"picked":"SKIP","floor":29},{"not_picked":["Rebound+1","Storm","Steam Power"],"picked":"SKIP","floor":31}],"player_experience":1233005,"relics_obtained":[{"floor":7.0,"key":"Cables"},{"floor":9.0,"key":"Gremlin Horn"},{"floor":13.0,"key":"Kunai"},{"floor":23.0,"key":"Replay:Wax Seal"},{"floor":25.0,"key":"Peace Pipe"},{"floor":29,"key":"GuppysPaw"},{"floor":31,"key":"TheBible"}],"event_choices":[{"damage_healed":0.0,"max_hp_gain":0.0,"max_hp_loss":0.0,"gold_gain":150.0,"event_name":"betterThird:BetterSerpent","player_choice":"AGREE","floor":2.0,"gold_loss":0.0,"damage_taken":117.0},{"damage_healed":0.0,"max_hp_gain":0.0,"max_hp_loss":0.0,"gold_gain":0.0,"event_name":"conspire:Investor","player_choice":"Invest 2","floor":14.0,"gold_loss":0.0,"damage_taken":0.0},{"damage_healed":0.0,"max_hp_gain":0.0,"max_hp_loss":0.0,"gold_gain":0.0,"event_name":"The Library","player_choice":"Read","floor":20.0,"gold_loss":0.0,"damage_taken":0.0,"cards_obtained":["Glacier"]}],"is_beta":false,"boss_relics":[{"not_picked":["Cursed Key","Replay:Ancient Bell"],"picked":"conspire:SpecialSausage"},{"not_picked":[]}],"items_purged_floors":[4,22,30],"is_endless":false,"potions_floor_spawned":[3,7,11,18,28,31],"killed_by":"conspire:MysteriousRune","ascension_level":20}}