{"host":"e4wnmsyty9uvvtwf","time":1609069649,"event":{"mods":["Act Like it!","BaseMod","Colored Map","Colored Powertips","Gensokyo","Marisa£®ÏF”Í°°ƒß¿Ì…≥£©","Minty Spire (QoL Compilation)","Rare Cards Sparkle","StSLib"],"gold_per_floor":[113,113,132,132,150,150,176,55,104,104,104,116,116,150,150,221,221,238,238,20,20,36,36,36,36,36,36,218,231,231,266,266,344,344,363,84,24,24,24,24,48,48,102,102,102,102,36,46,46,46,46],"floor_reached":52,"playtime":1741,"items_purged":[],"score":1841,"play_id":"eed8fc12-13d0-4888-bc29-83d41ed53c0a","local_time":"20201227194729","is_ascension_mode":true,"campfire_choices":[{"data":"Gensokyo:CrescentMoonSlash","floor":6,"key":"SMITH"},{"floor":10,"key":"REST"},{"data":"FinalSpark","floor":13,"key":"SMITH"},{"data":"GrandCross","floor":15,"key":"SMITH"},{"data":"CasketOfStar","floor":23,"key":"SMITH"},{"data":"SprinkleStarSeal","floor":25,"key":"SMITH"},{"data":"OortCloud","floor":27,"key":"SMITH"},{"data":"MaximisePower","floor":32,"key":"SMITH"},{"data":"CasketOfStar","floor":40,"key":"SMITH"},{"data":"Gensokyo:PrivateSquare","floor":46,"key":"SMITH"},{"data":"Gensokyo:ShootingStar","floor":49,"key":"SMITH"}],"circlet_count":0,"master_deck":["AscendersBane","Strike_MRS","Strike_MRS","Strike_MRS","Defend_MRS","Defend_MRS","Defend_MRS","Defend_MRS","MasterSpark","UpSweep","GrandCross+1","Gensokyo:CrescentMoonSlash+1","DoubleSpark","OortCloud+1","FinalSpark+1","SprinkleStarSeal+1","Parasite","Parasite","GasGiant","CasketOfStar+1","CurseOfTheBell","GravityBeat","ShootTheMoon","MaximisePower+1","Gensokyo:ShootingStar+1","CasketOfStar+1","SuperPerseids+1","Gensokyo:CustomPotion","Gensokyo:PrivateSquare+1","Pride","Gensokyo:MedicineKit"],"relics":["MiniHakkero","Vajra","Boot","Juzu Bracelet","ShroomBag","Nunchaku","Calling Bell","Pen Nib","Singing Bowl","Bird Faced Urn","ClockworkSouvenir","Gensokyo:MosesMiracle","Centennial Puzzle","Orichalcum","Pocketwatch","Gensokyo:RedStar","Lizard Tail","Bag of Marbles","ExperimentalFamiliar","Kunai","Blood Vial","Smiling Mask"],"acts_visited":["Exordium","Gensokyo:Gensokyo","Gensokyo:Gensokyoer"],"potions_floor_usage":[33,51],"damage_taken":[{"damage":3,"enemies":"Gensokyo:Python","floor":1,"turns":3},{"damage":9,"enemies":"Gensokyo:3_Fairies","floor":3,"turns":3},{"damage":4,"enemies":"Gensokyo:2_Kodama","floor":5,"turns":3},{"damage":11,"enemies":"Gensokyo:Cirno","floor":7,"turns":5},{"damage":0,"enemies":"Gensokyo:LivingMonolith","floor":12,"turns":3},{"damage":10,"enemies":"Gensokyo:Aya","floor":14,"turns":5},{"damage":27,"enemies":"Gensokyo:Yukari","floor":16,"turns":8},{"damage":7,"enemies":"Gensokyo:AngelMirror","floor":18,"turns":3},{"damage":0,"enemies":"Gensokyo:Chomper","floor":22,"turns":3},{"damage":12,"enemies":"Gensokyo:Koishi","floor":28,"turns":6},{"damage":5,"enemies":"Gensokyo:Wraith","floor":29,"turns":3},{"damage":2,"enemies":"Gensokyo:Reisen","floor":31,"turns":5},{"damage":58,"enemies":"Gensokyo:Kaguya","floor":33,"turns":8},{"damage":0,"enemies":"Gensokyo:3_Bats","floor":35,"turns":1},{"damage":3,"enemies":"Gensokyo:AncientGuardian","floor":48,"turns":5},{"damage":33,"enemies":"Gensokyo:Shinki","floor":50,"turns":11},{"damage":2,"enemies":"Gensokyo:Yuyuko","floor":51,"turns":7}],"seed_played":"5215735165756490583","potions_obtained":[{"floor":5,"key":"Energy Potion"},{"floor":12,"key":"Explosive Potion"}],"is_trial":false,"path_per_floor":["M","?","M","?","M","R","E","COS","T","R","?","M","R","E","R","B",null,"M","?","COS","?","M","R","T","R","T","R","E","M","?","E","R","B",null,"M","$","?","?","?","R","T","?","T","?","?","R","COS","M","R","B","B",null],"character_chosen":"MARISA","items_purchased":["Kunai"],"campfire_rested":1,"item_purchase_floors":[36],"current_hp_per_floor":[60,46,37,37,33,33,22,22,22,43,61,61,61,51,51,28,60,61,61,61,61,67,67,67,67,67,67,63,68,68,74,74,55,69,71,71,71,71,71,71,71,71,71,71,71,71,71,75,75,51,51],"gold":46,"neow_bonus":"THREE_CARDS","is_daily":false,"chose_seed":false,"campfire_upgraded":10,"win_rate":0.0,"timestamp":1609069649,"path_taken":["M","?","M","?","M","R","E","COS","T","R","?","?","R","E","R","BOSS","M","?","COS","?","M","R","?","R","T","R","E","M","?","E","R","BOSS","M","$","?","?","?","R","?","?","T","?","?","R","COS","M","R","BOSS","BOSS"],"items_purchased_type":["Relic"],"build_version":"2020-12-22","purchased_purges":0,"victory":true,"max_hp_per_floor":[70,70,70,70,70,70,70,70,70,70,70,70,70,70,70,70,70,72,72,72,72,72,72,72,72,72,72,72,74,74,74,74,74,74,74,74,74,74,74,74,74,74,74,74,74,74,74,76,76,76,76],"card_choices":[{"not_picked":["LuminesStrike","DoubleSpark"],"picked":"GrandCross","floor":0},{"not_picked":["WitchLeyline","GravityBeat"],"picked":"AlicesGift","floor":1},{"not_picked":["AlicesGift","LuminesStrike"],"picked":"DoubleSpark","floor":3},{"not_picked":["DragonMeteor","NonDirectionalLaser"],"picked":"OortCloud","floor":5},{"not_picked":["EarthLightRay","NonDirectionalLaser"],"picked":"FinalSpark","floor":7},{"not_picked":["WitchLeyline","6A"],"picked":"SprinkleStarSeal","floor":12},{"not_picked":["UnstableBomb","DC"],"picked":"GasGiant","floor":14},{"not_picked":["TreasureHunter","StarDustReverie"],"picked":"CasketOfStar","floor":16},{"not_picked":["DragonMeteor","GalacticHalo","ShootingEcho"],"picked":"Singing Bowl","floor":18},{"not_picked":["WitchLeyline","GalacticHalo"],"picked":"GravityBeat","floor":22},{"not_picked":["MeteoricShower+1","NonDirectionalLaser+1"],"picked":"ShootTheMoon","floor":28},{"not_picked":["WitchOfGreed","UnstableBomb","AsteroidBelt"],"picked":"Singing Bowl","floor":29},{"not_picked":["AsteroidBelt","EarthLightRay"],"picked":"MaximisePower","floor":31},{"not_picked":[],"picked":"Gensokyo:ShootingStar","floor":33},{"not_picked":["SuperNova","MaximisePower"],"picked":"CasketOfStar","floor":33},{"not_picked":["ChargeUpSpray","DC+1"],"picked":"SuperPerseids+1","floor":35},{"not_picked":["WitchOfGreed","LuminesStrike","AlicesGift"],"picked":"Singing Bowl","floor":48}],"player_experience":666385,"relics_obtained":[{"floor":7,"key":"Vajra"},{"floor":9,"key":"Boot"},{"floor":14,"key":"ShroomBag"},{"floor":17,"key":"Pen Nib"},{"floor":17,"key":"Singing Bowl"},{"floor":17,"key":"Bird Faced Urn"},{"floor":24,"key":"Centennial Puzzle"},{"floor":26,"key":"Orichalcum"},{"floor":28,"key":"Pocketwatch"},{"floor":29,"key":"Gensokyo:MosesMiracle"},{"floor":31,"key":"Bag of Marbles"},{"floor":41,"key":"Blood Vial"},{"floor":43,"key":"Smiling Mask"}],"event_choices":[],"is_beta":false,"boss_relics":[{"not_picked":["Empty Cage","Runic Dome"],"picked":"Calling Bell"},{"not_picked":["Cursed Key","Snecko Eye"],"picked":"ExperimentalFamiliar"}],"items_purged_floors":[],"is_endless":false,"potions_floor_spawned":[5,12,16,22,29,31],"ascension_level":20}}