{"host":"86c6vgocyjlprmyx","time":1609030558,"event":{"mods":["BaseMod","Downfall","Hermit","Minty Spire (QoL Compilation)","Quick Restart","Replay The Spire","Shade Mod","StSLib","The Cursed","The Hierophant"],"gold_per_floor":[114,131,131,142,217,217,260,260,260,260,320,33,58,18,18,10,10],"floor_reached":16,"playtime":986,"items_purged":[],"score":115,"play_id":"5f4a8538-91bf-4e28-a19d-3df415f3aa57","local_time":"20201227015558","is_ascension_mode":false,"campfire_choices":[{"data":"hierophant:Endure","floor":6,"key":"SMITH"},{"data":"hierophant:ChurchCoffers","floor":8,"key":"SMITH"},{"floor":15,"key":"REST"}],"circlet_count":0,"master_deck":["hierophant:Strike_Hierophant","hierophant:Strike_Hierophant","hierophant:Strike_Hierophant","hierophant:Strike_Hierophant","hierophant:Punish","hierophant:Defend_Hierophant","hierophant:Defend_Hierophant","hierophant:Defend_Hierophant","hierophant:Defend_Hierophant","hierophant:ChurchCoffers+1","hierophant:Zeal","hierophant:PassingBell","hierophant:RustyCrate","hierophant:Doubloon","hierophant:Doubloon","hierophant:Doubloon","hierophant:Remorse","hierophant:DeathKnell","hierophant:Endure+1","hierophant:Doubloon","hierophant:Remorse","hierophant:Doubloon","hierophant:Refuge"],"relics":["hierophant:PropheticMaskRelic","Nunchaku","Gambling Chip","Regal Pillow"],"acts_visited":["Exordium"],"potions_floor_usage":[4,16,16],"damage_taken":[{"damage":1,"enemies":"Small Slimes","floor":1,"turns":3},{"damage":4,"enemies":"Cultist","floor":2,"turns":4},{"damage":1,"enemies":"Jaw Worm","floor":4,"turns":4},{"damage":10,"enemies":"2 Fungi Beasts","floor":7,"turns":4},{"damage":11,"enemies":"Lots of Slimes","floor":11,"turns":3},{"damage":79,"enemies":"Slime Boss","floor":16,"turns":18}],"seed_played":"-7585032833975993448","potions_obtained":[{"floor":1,"key":"Swift Potion"},{"floor":14,"key":"AttackPotion"},{"floor":14,"key":"AttackPotion"},{"floor":14,"key":"Strength Potion"}],"is_trial":false,"path_per_floor":["M","M","?","M","?","R","M","R","T","?","M","$","T","?","R","B"],"character_chosen":"HIEROPHANT","items_purchased":["Gambling Chip"],"campfire_rested":1,"item_purchase_floors":[12],"current_hp_per_floor":[74,70,70,69,58,58,48,48,48,48,37,37,37,37,74,0,0],"gold":10,"neow_bonus":"THREE_CARDS","is_daily":false,"chose_seed":false,"campfire_upgraded":2,"win_rate":0.0,"timestamp":1609030558,"path_taken":["M","M","?","?","?","R","M","R","T","?","M","$","?","?","R","BOSS"],"items_purchased_type":["Relic"],"build_version":"2020-12-22","purchased_purges":0,"victory":false,"max_hp_per_floor":[75,75,75,75,75,75,75,75,75,75,75,75,75,75,75,75,75],"card_choices":[{"not_picked":["hierophant:FlamingChariot","hierophant:FieryStrike"],"picked":"hierophant:Zeal","floor":0},{"not_picked":["hierophant:OrnateJavelin","hierophant:Rebuild"],"picked":"hierophant:PassingBell","floor":1},{"not_picked":["hierophant:FieryStrike","hierophant:Zeal"],"picked":"hierophant:RustyCrate","floor":2},{"not_picked":["hierophant:Remorse","hierophant:Smite"],"picked":"hierophant:Endure","floor":4},{"not_picked":["hierophant:Encroach","hierophant:OrnateBuckler"],"picked":"hierophant:Remorse","floor":7},{"not_picked":["hierophant:Encroach","hierophant:Cornucopia"],"picked":"hierophant:Refuge","floor":11}],"player_experience":190993,"relics_obtained":[{"floor":9,"key":"Nunchaku"},{"floor":13,"key":"Regal Pillow"}],"event_choices":[{"damage_healed":0,"gold_gain":0,"player_choice":"2 cards matched","damage_taken":0,"max_hp_gain":0,"max_hp_loss":0,"event_name":"Match and Keep!","floor":3,"gold_loss":0,"cards_obtained":["hierophant:Remorse","hierophant:DeathKnell"]},{"damage_healed":0,"gold_gain":75,"player_choice":"Gather Gold","damage_taken":11,"max_hp_gain":0,"max_hp_loss":0,"event_name":"World of Goop","floor":5,"gold_loss":0},{"damage_healed":0,"gold_gain":0,"player_choice":"Bought 3 Potions","damage_taken":0,"max_hp_gain":0,"max_hp_loss":0,"event_name":"The Woman in Blue","floor":14,"gold_loss":0}],"is_beta":false,"boss_relics":[],"items_purged_floors":[],"is_endless":false,"potions_floor_spawned":[1,7],"killed_by":"Slime Boss","ascension_level":0}}