{"host":"porgtwlvhh3hs75v","time":1609048388,"event":{"mods":["ATMod(°¢èªMod)","Act Like it!","BaseMod","GifTheSpireLib","Minty Spire (QoL Compilation)","Quick Restart","Replay The Spire","StSLib"],"gold_per_floor":[116,116,116,116,116,154,170,184,258,258,279,299,299,343,343,541,541,565,565,584,169,183,183,321,321,347,247,360,410,429,453,453,643,706,725,725,184,203,218,218,218,358,358,374,374,397,538,538,538,738,938,938,938,6,246,346],"floor_reached":57,"playtime":2188,"items_purged":["Strike_B","Strike_B","Defend_B","Defend_B"],"score":2480,"play_id":"561c6587-8c32-4752-8426-cd8b517ce428","local_time":"20201227135308","is_ascension_mode":true,"campfire_choices":[{"data":"Sunder","floor":10.0,"key":"SMITH"},{"data":"Streamline","floor":13.0,"key":"SMITH"},{"data":"ReplayRNGCard","floor":15.0,"key":"SMITH"},{"data":"Coolheaded","floor":23.0,"key":"SMITH"},{"data":"AT_EMC2","floor":25.0,"key":"SMITH"},{"data":"Turbo","floor":32.0,"key":"SMITH"},{"data":"AT_StudyProgram","floor":40.0,"key":"SMITH"},{"data":"Defragment","floor":45.0,"key":"SMITH"},{"floor":49.0,"key":"RECALL"},{"data":"ReplayTheSpireMod:System Scan","floor":53.0,"key":"SMITH"}],"circlet_count":0,"master_deck":["AscendersBane","Defend_B","Defend_B","Zap+1","Dualcast","Sunder+1","AT_EMC2+1","Crystallizer","Double Energy","Ball Lightning","ReplayRNGCard+1","AT_WaterDrop","Coolheaded+1","FIFO Queue","AT_WaterDrop","AT_HeatAcrobatics+1","Turbo+1","ReplayTheSpireMod:Reroute Power+1","Heatsinks+1","Meteor Strike","Defragment+1","Electrodynamics","AT_StudyProgram+1","ReplayTheSpireMod:System Scan+1","Steam","ReplaySort","Self Repair","AT_StudyProgram"],"relics":["Cracked Core","AT_ATBox","NeowsBlessing","Golden Idol","Garlic","Dead Branch","Prayer Wheel","AT_TheCollector","AT_TrinityForce","AT_SunfireAegis","ClockworkSouvenir","Ice Cream","Blue Doll","Tiny House","Lizard Tail","Juzu Bracelet","ReplayTheSpireMod:Shallot","Mango","Bag of Marbles","Replay:Frozen Program","Eternal Feather","Akabeko","AT_ChloranthyRing"],"acts_visited":["Exordium","TheCity","TheBeyond","TheEnding"],"potions_floor_usage":[56,56,56,56],"damage_taken":[{"damage":0.0,"enemies":"Jaw Worm","floor":1.0,"turns":1.0},{"damage":0.0,"enemies":"Lagavulin","floor":6.0,"turns":1.0},{"damage":0.0,"enemies":"Small Slimes","floor":7.0,"turns":1.0},{"damage":10.0,"enemies":"Cultist","floor":8.0,"turns":4.0},{"damage":14.0,"enemies":"Blue Slaver","floor":11.0,"turns":3.0},{"damage":3.0,"enemies":"Lots of Slimes","floor":12.0,"turns":3.0},{"damage":8.0,"enemies":"3 Sentries","floor":14.0,"turns":4.0},{"damage":18.0,"enemies":"Hexaghost","floor":16.0,"turns":7.0},{"damage":3.0,"enemies":"2 Thieves","floor":18.0,"turns":3.0},{"damage":0.0,"enemies":"Shell Parasite","floor":20.0,"turns":4.0},{"damage":0.0,"enemies":"Snake Plant","floor":22.0,"turns":4.0},{"damage":0.0,"enemies":"Slavers","floor":24.0,"turns":5.0},{"damage":0.0,"enemies":"Sentry and Sphere","floor":28.0,"turns":4.0},{"damage":0.0,"enemies":"3 Cultists","floor":30.0,"turns":5.0},{"damage":0.0,"enemies":"Shelled Parasite and Fungi","floor":31.0,"turns":4.0},{"damage":47.0,"enemies":"Automaton","floor":33.0,"turns":7.0},{"damage":0.0,"enemies":"3 Shapes","floor":35.0,"turns":4.0},{"damage":0.0,"enemies":"Orb Walker","floor":38.0,"turns":3.0},{"damage":0.0,"enemies":"Transient","floor":39.0,"turns":4.0},{"damage":13.0,"enemies":"Nemesis","floor":42.0,"turns":3.0},{"damage":0.0,"enemies":"Maw","floor":46.0,"turns":2.0},{"damage":0.0,"enemies":"R_Hoarder","floor":47.0,"turns":7.0},{"damage":2.0,"enemies":"Donu and Deca","floor":50.0,"turns":5.0},{"damage":0.0,"enemies":"Replay:Hell Engine","floor":51.0,"turns":5.0},{"damage":2,"enemies":"Shield and Spear","floor":55,"turns":3},{"damage":0,"enemies":"The Heart","floor":56,"turns":6}],"seed_played":"4938198749540862053","potions_obtained":[{"floor":1.0,"key":"BlessingOfTheForge"},{"floor":8.0,"key":"Venom Potion"},{"floor":11.0,"key":"CultistPotion"},{"floor":14.0,"key":"PotionOfCapacity"},{"floor":24.0,"key":"Energy Potion"},{"floor":31.0,"key":"DuplicationPotion"},{"floor":46.0,"key":"Explosive Potion"}],"is_trial":false,"path_per_floor":["M","?","?","T","?","E","M","M","T","R","M","M","R","E","R","B",null,"M","?","M","$","M","R","E","R","T","$","M","?","M","M","R","B",null,"M","?","$","M","M","R","?","E","T","?","R","M","E","?","R","B","B",null,"R","$","E","B",null],"character_chosen":"DEFECT","items_purchased":["AT_SunfireAegis","ClockworkSouvenir","AT_StudyProgram","Lizard Tail","AT_StudyProgram","Replay:Frozen Program","EntropicBrew","Eternal Feather","Akabeko"],"campfire_rested":0,"item_purchase_floors":[21,21,37,37,54,54,54,54,54],"current_hp_per_floor":[64,64,64,64,64,64,64,54,54,54,40,37,37,29,29,11,51,48,48,48,48,48,48,48,48,48,48,48,48,48,48,48,1,53,53,53,53,53,53,53,53,40,40,32,32,32,39,39,39,44,51,75,75,75,80,83],"gold":346,"neow_bonus":"THREE_ENEMY_KILL","is_daily":false,"chose_seed":false,"campfire_upgraded":9,"win_rate":0.0,"timestamp":1609048388,"path_taken":["M","?","?","?","?","E","?","M","T","R","M","M","R","E","R","BOSS","M","?","?","$","M","R","E","R","T","$","?","?","M","M","R","BOSS","M","?","$","M","?","R","?","E","T","?","R","M","E","?","R","BOSS","BOSS","R","$","E","BOSS"],"items_purchased_type":["Relic","Relic","Card","Relic","Card","Relic","Potion","Relic","Relic"],"build_version":"2020-12-22","purchased_purges":4,"victory":true,"max_hp_per_floor":[71,64,64,64,64,64,64,64,64,64,64,64,64,64,64,64,64,64,64,64,64,64,64,64,64,64,64,64,64,64,64,64,64,69,69,69,69,69,69,69,69,69,69,83,83,83,83,83,83,83,83,83,83,83,83,83],"card_choices":[{"not_picked":["Fusion","Barrage","Beam Cell"],"picked":"SKIP","floor":1.0},{"not_picked":["Defragment","Coolheaded"],"picked":"Sunder","floor":6.0},{"not_picked":["Barrage","Sweeping Beam","Steam Power"],"picked":"SKIP","floor":7.0},{"not_picked":["Sweeping Beam","AT_HeatAcrobatics"],"picked":"AT_EMC2","floor":8.0},{"not_picked":["Genetic Algorithm","Ball Lightning"],"picked":"Crystallizer","floor":8.0},{"not_picked":["Loop","Double Energy"],"picked":"Streamline","floor":11.0},{"not_picked":["Steam Power","Reinforced Body"],"picked":"Double Energy","floor":11.0},{"not_picked":["Gash","ReplayTheSpireMod:GoodbyeWorld"],"picked":"Ball Lightning","floor":12.0},{"not_picked":["Leap","Beam Cell","Barrage"],"picked":"SKIP","floor":12.0},{"not_picked":["Conserve Battery","Sweeping Beam"],"picked":"ReplayRNGCard","floor":14.0},{"not_picked":["Meteor Strike","Multi-Cast"],"picked":"AT_WaterDrop","floor":16.0},{"not_picked":["Steam","Streamline"],"picked":"Coolheaded","floor":18.0},{"not_picked":["Steam","ReplayTheSpireMod:Repulse","Compile Driver"],"picked":"SKIP","floor":18.0},{"not_picked":["AT_RobotInSpace+1","Barrage"],"picked":"FIFO Queue","floor":20.0},{"not_picked":["Coolheaded","Barrage"],"picked":"AT_WaterDrop","floor":20.0},{"not_picked":["BasicCrystalCard","Fusion+1"],"picked":"AT_HeatAcrobatics","floor":22.0},{"not_picked":["Tempest","Redo","Leap+1"],"picked":"SKIP","floor":22.0},{"not_picked":["Go for the Eyes","Lockon","Meteor Strike"],"picked":"SKIP","floor":24.0},{"not_picked":["Cold Snap","Sweeping Beam"],"picked":"Turbo","floor":28.0},{"not_picked":["AT_RobotInSpace","Glacier"],"picked":"ReplayTheSpireMod:Reroute Power+1","floor":28.0},{"not_picked":["Steam","Streamline+1","Conserve Battery"],"picked":"SKIP","floor":30.0},{"not_picked":["Stack","Blizzard","Loop"],"picked":"SKIP","floor":30.0},{"not_picked":["Turbo","Steam"],"picked":"Heatsinks+1","floor":31.0},{"not_picked":["Streamline","Melter","Steam Power"],"picked":"SKIP","floor":31.0},{"not_picked":["All For One","Multi-Cast"],"picked":"Meteor Strike","floor":33.0},{"not_picked":["Redo","Conserve Battery"],"picked":"Defragment","floor":34.0},{"not_picked":["Gash","Steam","Sweeping Beam"],"picked":"SKIP","floor":35.0},{"not_picked":["Barrage","Mirror Shield","ReplayTheSpireMod:GoodbyeWorld"],"picked":"SKIP","floor":35.0},{"not_picked":["Stack","Heatsinks","AT_HeatAcrobatics+1"],"picked":"SKIP","floor":38.0},{"not_picked":["Beam Cell","Steam+1","Conserve Battery"],"picked":"SKIP","floor":38.0},{"not_picked":["Stack","Heatsinks","AT_HeatAcrobatics+1"],"picked":"SKIP","floor":38.0},{"not_picked":["Beam Cell","Steam+1","Conserve Battery"],"picked":"SKIP","floor":38.0},{"not_picked":["Stack","Heatsinks","AT_HeatAcrobatics+1"],"picked":"SKIP","floor":38.0},{"not_picked":["Beam Cell","Steam+1","Conserve Battery"],"picked":"SKIP","floor":38.0},{"not_picked":["Auto Shields","Rebound"],"picked":"ReplayTheSpireMod:System Scan","floor":39.0},{"not_picked":["Barrage","Turbo","Panic Button"],"picked":"SKIP","floor":39.0},{"not_picked":["Steam","Time Bomb","BasicCrystalCard+1"],"picked":"SKIP","floor":42.0},{"not_picked":["Time Bomb","BasicCrystalCard+1"],"picked":"Steam","floor":42.0},{"not_picked":["ReplayGash+1","AT_HeatAcrobatics"],"picked":"ReplaySort","floor":44.0},{"not_picked":["Sweeping Beam","Conserve Battery"],"picked":"Self Repair","floor":46.0},{"not_picked":["Steam+1","AT_RightCognition","Hello World+1"],"picked":"SKIP","floor":46.0},{"not_picked":["Aggregate","Crystallizer+1","Time Bomb+1"],"picked":"SKIP","floor":47.0},{"not_picked":["Turbo","Steam+1","Heatsinks"],"picked":"SKIP","floor":55}],"player_experience":508337,"relics_obtained":[{"floor":4.0,"key":"Garlic"},{"floor":6.0,"key":"Dead Branch"},{"floor":14.0,"key":"AT_TheCollector"},{"floor":24.0,"key":"Ice Cream"},{"floor":26.0,"key":"Blue Doll"},{"floor":42.0,"key":"Juzu Bracelet"},{"floor":43.0,"key":"ReplayTheSpireMod:Shallot"},{"floor":44.0,"key":"Mango"},{"floor":47.0,"key":"Bag of Marbles"},{"floor":55,"key":"AT_ChloranthyRing"}],"event_choices":[{"damage_healed":0.0,"max_hp_gain":0.0,"max_hp_loss":7.0,"gold_gain":0.0,"event_name":"Golden Idol","player_choice":"Lose Max HP","floor":2.0,"gold_loss":0.0,"damage_taken":0.0,"relics_obtained":["Golden Idol"]},{"cards_removed":["Strike_B"],"damage_healed":0.0,"max_hp_gain":0.0,"max_hp_loss":0.0,"gold_gain":0.0,"event_name":"Bonfire Elementals","player_choice":"Offered Basic","floor":5.0,"gold_loss":0.0,"damage_taken":0.0},{"damage_healed":0.0,"max_hp_gain":0.0,"max_hp_loss":0.0,"gold_gain":0.0,"event_name":"N\u0027loth","player_choice":"Ignored","floor":19.0,"gold_loss":0.0,"damage_taken":0.0},{"damage_healed":0.0,"max_hp_gain":0.0,"max_hp_loss":0.0,"gold_gain":50.0,"event_name":"Nest","player_choice":"Stole From Cult","floor":29.0,"gold_loss":0.0,"damage_taken":0.0},{"damage_healed":0.0,"max_hp_gain":0.0,"max_hp_loss":0.0,"gold_gain":0.0,"cards_transformed":["Strike_B"],"event_name":"Transmorgrifier","player_choice":"Transformed","floor":36.0,"gold_loss":0.0,"damage_taken":0.0,"cards_obtained":["Electrodynamics"]},{"cards_removed":["Streamline"],"damage_healed":0.0,"max_hp_gain":0.0,"max_hp_loss":0.0,"gold_gain":0.0,"event_name":"Falling","player_choice":"Removed Attack","floor":41.0,"gold_loss":0.0,"damage_taken":0.0},{"damage_healed":0.0,"max_hp_gain":0.0,"max_hp_loss":0.0,"gold_gain":0.0,"event_name":"SecretPortal","player_choice":"Ignored","floor":48.0,"gold_loss":0.0,"damage_taken":0.0}],"is_beta":false,"boss_relics":[{"not_picked":["Black Star","Coffee Dripper"],"picked":"AT_TrinityForce"},{"not_picked":["Replay:Bronze Core","SacredBark"],"picked":"Tiny House"}],"items_purged_floors":[21,27,37,54],"is_endless":false,"potions_floor_spawned":[1,8,11,14,16,20,24,28,31,33,38,46,55],"ascension_level":20}}