{"host":"jak4ncvfzor9mys0","time":1609061674,"event":{"mods":["2.2 Compatiblity","AchievementEnabler","BaseMod","Better Altar","Better Match","Better Note","Better Sensory Stone","Better Skull","Better Third Choice","BetterRewards","Block Reminder","Colored Map","Colored Powertips","Energized Spire","Gold Saver","Hubris","Infinite Spire","Key Reminder","Minty Spire (QoL Compilation)","Rare Cards Sparkle","Red Circlet Mod","Relic Sorter","Relic Stats","Replay The Spire","Retaliation","StSLib","SuperFastMode","The Blue Laboratory"],"gold_per_floor":[314,324,341,291,291,322,322,166,189,208,225,243,243,255,255,356,356,375,395,395,318,329,329,339,359,359,359,377,132,132,132],"floor_reached":30,"playtime":820,"items_purged":["Strike_G","Strike_G"],"score":236,"play_id":"67a7dcc0-3cb9-49a8-8cef-9914b6f365fe","local_time":"20201227013434","is_ascension_mode":false,"campfire_choices":[{"data":"Neutralize","floor":7,"key":"SMITH"},{"floor":13,"key":"REST"},{"floor":15,"key":"REST"},{"data":"Envenom","floor":23,"key":"SMITH"},{"floor":27,"key":"REST"}],"circlet_count":0,"master_deck":["Strike_G","Strike_G","Strike_G","Defend_G+1","Defend_G","Defend_G","Defend_G","Defend_G+1","Survivor","Neutralize+1","Bane","Catalyst+1","Poisoned Stab","Poisoned Stab","Bane","Envenom+1","Deadly Poison","hubris:SlightOfHand+1"],"relics":["Ring of the Snake","NeowsBlessing","Toy Ornithopter","Gremlin Food","Cursed Key","Paper Crane","Chemical X"],"acts_visited":["Exordium","TheCity"],"potions_floor_usage":[6,12,18,24],"damage_taken":[{"damage":0,"enemies":"Cultist","floor":1,"turns":1},{"damage":0,"enemies":"Jaw Worm","floor":2,"turns":1},{"damage":0,"enemies":"2 Louse","floor":3,"turns":1},{"damage":26,"enemies":"3 Sentries","floor":6,"turns":12},{"damage":0,"enemies":"Red Slaver","floor":10,"turns":5},{"damage":1,"enemies":"Exordium Thugs","floor":11,"turns":4},{"damage":13,"enemies":"Gremlin Gang","floor":12,"turns":4},{"damage":2,"enemies":"Blue Slaver","floor":14,"turns":3},{"damage":66,"enemies":"Fading Forest","floor":16,"turns":11},{"damage":34,"enemies":"2 Thieves","floor":18,"turns":4},{"damage":5,"enemies":"Shell Parasite","floor":19,"turns":4},{"damage":3,"enemies":"Snake Plant","floor":22,"turns":3},{"damage":0,"enemies":"Snecko","floor":24,"turns":4},{"damage":13,"enemies":"Cultist and Chosen","floor":25,"turns":6},{"damage":35,"enemies":"Shelled Parasite and Fungi","floor":28,"turns":6},{"damage":32,"enemies":"3 Cultists","floor":30,"turns":4}],"seed_played":"-2326284773979095750","potions_obtained":[{"floor":1,"key":"blueLaboratory:FruitPunch"},{"floor":11,"key":"AttackPotion"},{"floor":12,"key":"Regen Potion"},{"floor":22,"key":"blueLaboratory:FruitPunch"}],"is_trial":false,"path_per_floor":["M","M","M","?","$","E","R","$","T","M","M","M","R","M","R","B",null,"M","M","?","?","M","R","M","M","T","R","M","$","M"],"character_chosen":"THE_SILENT","items_purchased":["Catalyst","Chemical X"],"campfire_rested":3,"item_purchase_floors":[8,29],"current_hp_per_floor":[70,70,70,70,70,46,46,46,46,46,45,37,58,56,72,16,72,55,50,50,50,47,47,54,41,41,63,28,28,0,0],"gold":132,"neow_bonus":"THREE_ENEMY_KILL","is_daily":false,"chose_seed":false,"campfire_upgraded":2,"win_rate":0.0,"timestamp":1609061674,"path_taken":["M","?","M","?","?","E","R","$","T","M","M","M","R","?","R","BOSS","M","M","?","?","M","R","M","M","T","R","M","$","M"],"items_purchased_type":["Card","Relic"],"build_version":"2020-12-22","purchased_purges":2,"victory":false,"max_hp_per_floor":[70,70,70,70,70,72,72,72,72,72,72,72,72,72,72,72,72,72,72,72,72,72,72,74,74,74,74,74,74,74,74],"relic_stats":{"counters":[16,73],"Chemical X":[1],"Cursed Key":0,"obtain_stats":[{"Gremlin Food":9,"NeowsBlessing":0,"Chemical X":29,"Paper Crane":21,"Cursed Key":17,"Toy Ornithopter":6,"Ring of the Snake":0},{"Gremlin Food":4,"NeowsBlessing":0,"Chemical X":15,"Paper Crane":11,"Cursed Key":9,"Toy Ornithopter":4,"Ring of the Snake":0},{"Gremlin Food":15,"NeowsBlessing":0,"Chemical X":69,"Paper Crane":50,"Cursed Key":42,"Toy Ornithopter":15,"Ring of the Snake":0}],"Toy Ornithopter":15,"Ring of the Snake":[32]},"card_choices":[{"not_picked":["hubris:SlightOfHand","Heel Hook","PiercingWail"],"picked":"SKIP","floor":1},{"not_picked":["Leg Sweep","Eviscerate","Expertise"],"picked":"SKIP","floor":2},{"not_picked":["Distraction","Deflect"],"picked":"Bane","floor":3},{"not_picked":["Quick Slash","Dash","Flying Knee"],"picked":"SKIP","floor":6},{"not_picked":["ReplayTheSpireMod:The Works","Cloak And Dagger"],"picked":"Poisoned Stab","floor":10},{"not_picked":["ReplayTheSpireMod:Speed Training","Dodge and Roll"],"picked":"Poisoned Stab","floor":11},{"not_picked":["Dagger Spray","Slice"],"picked":"Bane","floor":12},{"not_picked":["Fluid Movement","Hidden Blade","Choke"],"picked":"SKIP","floor":14},{"not_picked":["Unload","Grand Finale"],"picked":"Envenom","floor":16},{"not_picked":["Bane","Prepared","Tactician+1"],"picked":"SKIP","floor":18},{"not_picked":["PiercingWail","Bane"],"picked":"Deadly Poison","floor":19},{"not_picked":["Blade Dance","Flying Knee","Dodge and Roll"],"picked":"SKIP","floor":22},{"not_picked":["Dagger Spray+1","Glass Knife","ReplayTheSpireMod:Shiv Toss"],"picked":"SKIP","floor":24},{"not_picked":["Well Laid Plans","Dodge and Roll"],"picked":"hubris:SlightOfHand+1","floor":25},{"not_picked":["Deflect","Underhanded Strike+1","Hidden Blade"],"picked":"SKIP","floor":28}],"player_experience":2679540,"relics_obtained":[{"floor":6,"key":"Toy Ornithopter"},{"floor":9,"key":"Gremlin Food"}],"event_choices":[{"damage_healed":0,"gold_gain":0,"player_choice":"Left","damage_taken":0,"max_hp_gain":0,"max_hp_loss":0,"event_name":"betterThird:BetterGoop","floor":4,"gold_loss":50},{"cards_removed":["Strike_G"],"damage_healed":0,"gold_gain":0,"player_choice":"Give","damage_taken":0,"max_hp_gain":0,"max_hp_loss":0,"event_name":"betterNote:BetterNote","floor":20,"gold_loss":0,"cards_obtained":["Strike_R"]},{"damage_healed":0,"gold_gain":0,"player_choice":"Paid Gold","damage_taken":0,"relics_obtained":["Paper Crane"],"max_hp_gain":0,"max_hp_loss":0,"event_name":"WeMeetAgain","floor":21,"gold_loss":77}],"is_beta":false,"boss_relics":[{"not_picked":["Pandora\u0027s Box","hubris:HollowSoul"],"picked":"Cursed Key"}],"items_purged_floors":[8,29],"is_endless":false,"potions_floor_spawned":[1,3,11,12,22,28],"killed_by":"3 Cultists","ascension_level":0}}