{"host":"vydapxfau6612551","time":1609081753,"event":{"mods":["AchievementEnabler","BaseMod","Minty Spire (QoL Compilation)","StSLib","SuperFastMode"],"gold_per_floor":[12,12,27,50,65,96,121,161,161,236,236,257,282,296,296,420,420,441,455,54,75,75,75],"floor_reached":22,"playtime":1436,"items_purged":[],"score":283,"play_id":"5799be1b-d5a5-42b5-9886-ebf09b1a052c","local_time":"20201228000913","is_ascension_mode":true,"campfire_choices":[{"data":"Second Wind","floor":15.0,"key":"SMITH"}],"circlet_count":0,"master_deck":["Strike_R","Strike_R","Strike_R","Strike_R","Defend_R","Defend_R","Defend_R","Defend_R","Bash","Feed","Second Wind+1","Shrug It Off","Sentinel","Combust","Power Through","Immolate","Burning Pact","Second Wind","Shockwave","Impervious","Secret Weapon"],"relics":["Burning Blood","Golden Idol","Unceasing Top","Bronze Scales","Pantograph","Mark of Pain","HornCleat"],"acts_visited":["Exordium","TheCity"],"potions_floor_usage":[],"damage_taken":[{"damage":12.0,"enemies":"Jaw Worm","floor":1.0,"turns":2.0},{"damage":4.0,"enemies":"2 Louse","floor":3.0,"turns":3.0},{"damage":7.0,"enemies":"Small Slimes","floor":4.0,"turns":4.0},{"damage":26.0,"enemies":"Exordium Wildlife","floor":5.0,"turns":8.0},{"damage":48.0,"enemies":"Lagavulin","floor":6.0,"turns":9.0},{"damage":10.0,"enemies":"Lots of Slimes","floor":7.0,"turns":3.0},{"damage":20.0,"enemies":"Gremlin Nob","floor":8.0,"turns":4.0},{"damage":12.0,"enemies":"Gremlin Gang","floor":12.0,"turns":2.0},{"damage":0.0,"enemies":"3 Louse","floor":13.0,"turns":1.0},{"damage":0.0,"enemies":"Blue Slaver","floor":14.0,"turns":3.0},{"damage":41.0,"enemies":"The Guardian","floor":16.0,"turns":11.0},{"damage":8.0,"enemies":"Shell Parasite","floor":18.0,"turns":5.0},{"damage":6.0,"enemies":"2 Thieves","floor":19.0,"turns":4.0},{"damage":19.0,"enemies":"Snake Plant","floor":21.0,"turns":4.0},{"damage":16,"enemies":"Cultist and Chosen","floor":22,"turns":6}],"seed_played":"6462121206677325463","potions_obtained":[{"floor":1.0,"key":"BloodPotion"},{"floor":5.0,"key":"LiquidBronze"},{"floor":8.0,"key":"BloodPotion"},{"floor":13.0,"key":"Fire Potion"},{"floor":14.0,"key":"FearPotion"},{"floor":21.0,"key":"FearPotion"}],"is_trial":false,"path_per_floor":["M","?","M","M","M","E","M","E","T","?","?","M","M","M","R","B",null,"M","M","$","M","M"],"character_chosen":"IRONCLAD","items_purchased":["HornCleat","Secret Weapon"],"campfire_rested":0,"item_purchase_floors":[20,20],"current_hp_per_floor":[69,69,74,76,56,14,29,15,15,15,15,26,32,41,41,31,75,73,76,76,63,47,47],"gold":75,"neow_bonus":"THREE_RARE_CARDS","is_daily":false,"chose_seed":false,"campfire_upgraded":1,"win_rate":0.0,"timestamp":1609081753,"path_taken":["M","?","M","M","M","E","M","E","T","?","?","M","M","M","R","BOSS","M","M","$","M","M"],"items_purchased_type":["Relic","Card"],"build_version":"2020-12-22","purchased_purges":0,"victory":false,"max_hp_per_floor":[83,77,80,83,83,83,86,86,86,86,86,86,86,89,89,89,89,89,92,92,92,92,92],"card_choices":[{"not_picked":["Brutality","Reaper"],"picked":"Feed","floor":0.0},{"not_picked":["Uppercut","Body Slam"],"picked":"Second Wind","floor":1.0},{"not_picked":["Pommel Strike","Inflame"],"picked":"Shrug It Off","floor":3.0},{"not_picked":["Iron Wave","Clash"],"picked":"Sentinel","floor":4.0},{"not_picked":["Thunderclap","Cleave"],"picked":"Combust","floor":5.0},{"not_picked":["Burning Pact","Headbutt"],"picked":"Power Through","floor":6.0},{"not_picked":["Sword Boomerang","True Grit"],"picked":"Immolate","floor":7.0},{"not_picked":["Clash","Sever Soul"],"picked":"Burning Pact","floor":8.0},{"not_picked":["Iron Wave","Sword Boomerang"],"picked":"Second Wind","floor":12.0},{"not_picked":["Body Slam","Cleave"],"picked":"Shockwave","floor":13.0},{"not_picked":["Double Tap","Heavy Blade","Armaments"],"picked":"SKIP","floor":14.0},{"not_picked":["Berserk","Juggernaut"],"picked":"Impervious","floor":16.0},{"not_picked":["Anger","Twin Strike","Entrench"],"picked":"SKIP","floor":18.0},{"not_picked":["Havoc","Metallicize","Dropkick"],"picked":"SKIP","floor":19.0},{"not_picked":["Dual Wield","Clothesline","Rampage"],"picked":"SKIP","floor":21.0}],"player_experience":405022,"relics_obtained":[{"floor":6.0,"key":"Unceasing Top"},{"floor":8.0,"key":"Bronze Scales"},{"floor":9.0,"key":"Pantograph"}],"event_choices":[{"damage_healed":0.0,"max_hp_gain":0.0,"max_hp_loss":6.0,"gold_gain":0.0,"event_name":"Golden Idol","player_choice":"Lose Max HP","floor":2.0,"gold_loss":0.0,"damage_taken":0.0,"relics_obtained":["Golden Idol"]},{"damage_healed":0.0,"max_hp_gain":0.0,"max_hp_loss":0.0,"gold_gain":75.0,"event_name":"Golden Wing","player_choice":"Gained Gold","floor":10.0,"gold_loss":0.0,"damage_taken":0.0},{"cards_removed":["Strike_R"],"damage_healed":0.0,"max_hp_gain":0.0,"max_hp_loss":0.0,"gold_gain":0.0,"event_name":"Purifier","player_choice":"Purged","floor":11.0,"gold_loss":0.0,"damage_taken":0.0}],"is_beta":false,"boss_relics":[{"not_picked":["Pandora\u0027s Box","Cursed Key"],"picked":"Mark of Pain"}],"items_purged_floors":[],"is_endless":false,"potions_floor_spawned":[1,5,8,13,14,21],"killed_by":"Cultist and Chosen","ascension_level":8}}