{"host":"7nu0fnckee4tlfez","time":1609092337,"event":{"mods":["2.2 Compatiblity","AchievementEnabler","Astrologer","BaseMod","CapriCore","Colored Map","Downfall","Lobotomy","LobotomyExtend","Marisa£¨Ùöéë¡¡Øª×âÞÞ£©","Minty Spire (QoL Compilation)","StSLib","SuperFastMode","The Immortal"],"gold_per_floor":[113,130,205,205,155,155,184,209,284,284,303,317,317,330,330,330,330],"floor_reached":16,"playtime":762,"items_purged":[],"score":100,"play_id":"c8ac1ebf-3bbf-4bc7-9663-5b06f73f2499","local_time":"20201228030537","is_ascension_mode":false,"campfire_choices":[{"data":"Armaments","floor":6,"key":"SMITH"},{"data":"Bash","floor":10,"key":"SMITH"},{"data":"Shockwave","floor":15,"key":"SMITH"}],"circlet_count":0,"master_deck":["Strike_R","Strike_R","Strike_R","Defend_R","Defend_R","Defend_R","Defend_R","Bash+1","Armaments+1","VoidDream","Cleave","ShyLook","Shockwave+1","Shrug It Off","DreamingCurrent","Headbutt"],"relics":["Burning Blood","CogitoBucket","RabbitCall","LetterFromLob","Charon\u0027s Ashes","CaptainsWheel","MealTicket","Frozen Egg 2","MagicBullet_r","FleshIdol"],"acts_visited":["Exordium"],"potions_floor_usage":[],"damage_taken":[{"damage":4,"enemies":"Jaw Worm","floor":1,"turns":5},{"damage":2,"enemies":"Small Slimes","floor":2,"turns":4},{"damage":28,"enemies":"Lagavulin","floor":7,"turns":8},{"damage":0,"enemies":"2 Louse","floor":11,"turns":2},{"damage":1,"enemies":"2 Fungi Beasts","floor":12,"turns":4},{"damage":11,"enemies":"Looter","floor":14,"turns":5},{"damage":159,"enemies":"Hexaghost","floor":16,"turns":15}],"seed_played":"-7263044425677002288","potions_obtained":[{"floor":7,"key":"Weak Potion"},{"floor":14,"key":"Swift Potion"}],"is_trial":false,"path_per_floor":["M","M","?","?","?","R","E","T","T","R","M","M","?","M","R","B"],"character_chosen":"IRONCLAD","items_purchased":[],"campfire_rested":0,"item_purchase_floors":[],"current_hp_per_floor":[80,80,69,57,57,57,35,35,35,35,41,46,46,41,41,0,0],"gold":330,"neow_bonus":"","is_daily":false,"chose_seed":false,"campfire_upgraded":3,"win_rate":0.0,"timestamp":1609092337,"path_taken":["M","M","?","?","?","R","E","?","T","R","M","M","?","M","R","BOSS"],"items_purchased_type":[],"build_version":"2020-12-22","purchased_purges":0,"victory":false,"max_hp_per_floor":[80,80,80,80,80,80,80,80,80,80,80,80,80,80,80,80,80],"card_choices":[{"not_picked":["BeautyBeast","WallGazer","UniverseFragment"],"picked":"Singing Bowl","floor":1},{"not_picked":["Anger","Warcry"],"picked":"Armaments","floor":1},{"not_picked":["Laetitia","WhitesApple"],"picked":"VoidDream","floor":2},{"not_picked":["Corruption","Hemokinesis"],"picked":"Cleave","floor":2},{"not_picked":["SnowQueen","PunishingBird"],"picked":"ShyLook","floor":7},{"not_picked":["Flex","Pummel","Sentinel"],"picked":"SKIP","floor":7},{"not_picked":["MeatLantern","PunishingBird","WallGazer"],"picked":"Singing Bowl","floor":11},{"not_picked":["Fire Breathing+1","Blood for Blood"],"picked":"Shockwave","floor":11},{"not_picked":["UniverseFragment","FieryBird","Murderer"],"picked":"Singing Bowl","floor":12},{"not_picked":["Headbutt","Body Slam"],"picked":"Shrug It Off","floor":12},{"not_picked":["Wellcheers","FairyFestival","Alriune"],"picked":"Singing Bowl","floor":14},{"not_picked":["QueenBee","UniverseFragment"],"picked":"DreamingCurrent","floor":14},{"not_picked":["Heavy Blade","Infernal Blade"],"picked":"Headbutt","floor":14}],"player_experience":61701,"relics_obtained":[{"floor":1,"key":"LetterFromLob"},{"floor":7,"key":"CaptainsWheel"},{"floor":8,"key":"MealTicket"},{"floor":9,"key":"Frozen Egg 2"}],"event_choices":[{"damage_healed":0,"gold_gain":75,"player_choice":"Gather Gold","damage_taken":11,"max_hp_gain":0,"max_hp_loss":0,"event_name":"World of Goop","floor":3,"gold_loss":0},{"damage_healed":0,"gold_gain":0,"player_choice":"Success","damage_taken":12,"relics_obtained":["Charon\u0027s Ashes"],"max_hp_gain":0,"max_hp_loss":0,"event_name":"Scrap Ooze","floor":4,"gold_loss":0},{"cards_removed":["Strike_R"],"damage_healed":0,"gold_gain":0,"player_choice":"Card Removal","damage_taken":0,"max_hp_gain":0,"max_hp_loss":0,"event_name":"The Cleric","floor":5,"gold_loss":50}],"is_beta":false,"boss_relics":[],"items_purged_floors":[],"is_endless":false,"potions_floor_spawned":[7,14],"killed_by":"Hexaghost","ascension_level":0}}