{"host":"vgnj3owxn2tq7mop","time":1609061374,"event":{"mods":["Act Like it!","BaseMod","Colored Map","Downfall","Hallownest","Minty Spire (QoL Compilation)","StSLib","SuperFastMode","The Bug Knight","The Servant 0.9.4"],"gold_per_floor":[99,99,99,99,99,129,154,154,174,185,212,212,19,54,78,186,186,111,139,160,183,208,227,227,227,264,264,264,297,222,263,278,390,390,390,416,431,59,59,59,85,100,142,165,56,56,56,76,103,103],"floor_reached":51,"playtime":4647,"items_purged":[],"score":866,"play_id":"6622bace-d64b-44bd-9527-8412e2f35201","local_time":"20201227172934","is_ascension_mode":true,"campfire_choices":[{"data":"hexamod:Float","floor":1,"key":"SMITH"},{"data":"hexamod:SpectersWail","floor":8,"key":"SMITH"},{"data":"hexamod:PhantomFireball","floor":12,"key":"SMITH"},{"data":"hexamod:GhostOfSpirePast","floor":18,"key":"SMITH"},{"floor":25,"key":"REST"},{"floor":30,"key":"REST"},{"floor":35,"key":"RECALL"},{"data":"expansioncontent:StudyTheSpire","floor":47,"key":"SMITH"}],"circlet_count":0,"master_deck":["hexamod:Sear+1","hexamod:Float+1","hexamod:SwordOfDarkness","hexamod:SpectersWail+1","hexamod:RadiantFlame","hexamod:FlamesFromBeyond+1","hexamod:PhantomFireball+1","hexamod:SecondSeal","hexamod:SpectralSpark","hexamod:GhostOfSpirePast+1","hexamod:Incineration","hexamod:VolcanoVisage","hexamod:GhostflameInferno","hexamod:BacktrackSmack","hexamod:FirstSeal","hexamod:SpectralSpark","hexamod:ExtraCrispy+1","hexamod:InspiringFlames+1","hexamod:NecessarySacrifice+1","hexamod:BacktrackSmack+1","hexamod:NightmareStrike+1","hexamod:CrushingStance","hexamod:WildfireWeapon","hexamod:EtherealExpedition","hexamod:Again","hexamod:HexaLevel","hexamod:ChargedBarrage","hexamod:StepThrough","hexamod:NightmareGuise","hexamod:SkipABeat","hexamod:ThirdSeal","hexamod:VolcanoVisage","expansioncontent:ManipulateTime","Bandage Up+1","Guardian:DecasProtection","Battle Trance+1","expansioncontent:StudyTheSpire+1","Mind Blast+1","Guardian:ChargeUp","hexamod:SpectersWail+1"],"relics":["hexamod:SpiritBrand","downfall:HeartsMalice","Mummified Hand","hexamod:MatchstickCase","Darkstone Periapt","War Paint","Dream Catcher","SlaversCollar","downfall:HeartBlessingBlue","Eternal Feather","InkBottle","Anchor","downfall:HeartBlessingGreen","Ornamental Fan","Pandora\u0027s Box","Bronze Scales","PrismaticShard","Toy Ornithopter","Bag of Preparation","Bottled Lightning"],"acts_visited":["Exordium","TheCity","TheBeyond"],"potions_floor_usage":[10,11,11,11,14,14,16,16,19,20,26,43,48],"damage_taken":[{"damage":0,"enemies":"Cultist","floor":2,"turns":1},{"damage":0,"enemies":"Small Slimes","floor":5,"turns":1},{"damage":0,"enemies":"Gremlin Nob","floor":6,"turns":1},{"damage":0,"enemies":"Jaw Worm","floor":9,"turns":3},{"damage":0,"enemies":"Blue Slaver","floor":10,"turns":2},{"damage":13,"enemies":"Lagavulin","floor":11,"turns":3},{"damage":0,"enemies":"downfall:FleeingMerchant","floor":13,"turns":4},{"damage":5,"enemies":"Gremlin Nob","floor":14,"turns":3},{"damage":2,"enemies":"3 Louse","floor":15,"turns":2},{"damage":34,"enemies":"downfall:Defect","floor":16,"turns":5},{"damage":14,"enemies":"Spheric Guardian","floor":19,"turns":4},{"damage":9,"enemies":"3 Byrds","floor":20,"turns":4},{"damage":22,"enemies":"Snake Plant","floor":21,"turns":4},{"damage":16,"enemies":"Cultist and Chosen","floor":22,"turns":5},{"damage":24,"enemies":"Centurion and Healer","floor":23,"turns":4},{"damage":28,"enemies":"Gremlin Leader","floor":26,"turns":4},{"damage":9,"enemies":"HollowMod:Nosk","floor":29,"turns":4},{"damage":30,"enemies":"Slavers","floor":31,"turns":4},{"damage":2,"enemies":"Snecko","floor":32,"turns":3},{"damage":40,"enemies":"downfall:Watcher","floor":33,"turns":7},{"damage":24,"enemies":"3 Darklings","floor":36,"turns":4},{"damage":0,"enemies":"Orb Walker","floor":37,"turns":3},{"damage":0,"enemies":"downfall:FleeingMerchant","floor":38,"turns":4},{"damage":6,"enemies":"Spire Growth","floor":42,"turns":3},{"damage":7,"enemies":"Nemesis","floor":43,"turns":5},{"damage":0,"enemies":"downfall:FleeingMerchant","floor":45,"turns":3},{"damage":20,"enemies":"Jaw Worm Horde","floor":48,"turns":4},{"damage":6,"enemies":"3 Darklings","floor":49,"turns":4},{"damage":27,"enemies":"downfall:Ironclad","floor":50,"turns":9}],"seed_played":"3890526846242200677","potions_obtained":[{"floor":4,"key":"EntropicBrew"},{"floor":4,"key":"FearPotion"},{"floor":4,"key":"champ:CounterPotion"},{"floor":10,"key":"Energy Potion"},{"floor":11,"key":"Energy Potion"},{"floor":14,"key":"BlessingOfTheForge"},{"floor":16,"key":"Swift Potion"},{"floor":19,"key":"AttackPotion"},{"floor":23,"key":"BlessingOfTheForge"},{"floor":33,"key":"Fire Potion"},{"floor":42,"key":"GamblersBrew"},{"floor":43,"key":"Guardian:BlockOnCardUsePotion"}],"is_trial":false,"path_per_floor":["R","M","T","?","M","E","T","R","M","M","E","R","$","E","M","B",null,"R","M","M","M","M","M","T","R","E","?","?","E","R","E","M","B",null,"R","M","M","$","?","?","T","M","E","?","$","?","R","M","M","B",null],"character_chosen":"THE_SPIRIT","items_purchased":["hexamod:GhostOfSpirePast","War Paint","Bronze Scales","PrismaticShard","Guardian:BlockOnCardUsePotion","expansioncontent:StudyTheSpire","Bottled Lightning"],"campfire_rested":2,"item_purchase_floors":[13,13,38,38,38,45,45],"current_hp_per_floor":[70,70,70,70,70,70,70,70,70,70,57,57,57,52,50,16,70,80,66,57,35,26,9,9,48,20,20,46,44,80,57,62,29,80,80,63,70,77,77,77,77,78,80,80,80,90,90,81,88,74],"gold":103,"neow_bonus":"THREE_ENEMY_KILL","is_daily":false,"chose_seed":false,"campfire_upgraded":5,"win_rate":0.0,"timestamp":1609061374,"path_taken":["R","M","?","?","M","E","T","R","M","?","E","R","$","E","M","BOSS","R","M","M","M","M","M","T","R","E","?","?","E","R","E","M","BOSS","R","M","M","$","?","?","T","M","E","?","$","?","R","?","M","BOSS"],"items_purchased_type":["Card","Relic","Relic","Relic","Potion","Card","Relic"],"build_version":"2020-12-22","purchased_purges":0,"victory":true,"max_hp_per_floor":[70,70,70,70,70,70,70,70,70,70,70,70,70,70,70,70,70,80,80,80,80,80,80,80,80,80,80,80,80,80,80,80,80,80,80,80,80,80,80,80,80,80,80,80,80,90,90,90,90,90],"card_choices":[{"not_picked":["hexamod:NightmareStrike","hexamod:AdvancingGuard"],"picked":"hexamod:SwordOfDarkness","floor":2},{"not_picked":["hexamod:RainOfEmbers","hexamod:InspiringFlames"],"picked":"hexamod:SpectersWail","floor":5},{"not_picked":["hexamod:EtherealExpedition","hexamod:SpectersWail"],"picked":"hexamod:RadiantFlame","floor":6},{"not_picked":["hexamod:ShieldOfDarkness","hexamod:NightmareGuise"],"picked":"hexamod:FlamesFromBeyond","floor":9},{"not_picked":["hexamod:SpectralSpark","hexamod:PhantomCloak"],"picked":"hexamod:PhantomFireball","floor":10},{"not_picked":["hexamod:NightmareGuise","hexamod:StepThrough"],"picked":"hexamod:SecondSeal","floor":11},{"not_picked":["hexamod:InspiringFlames","hexamod:ShieldOfDarkness"],"picked":"hexamod:SpectralSpark","floor":13},{"not_picked":["hexamod:InspiringFlames","hexamod:FastForward"],"picked":"hexamod:Incineration","floor":14},{"not_picked":["hexamod:FourthSeal","hexamod:Again"],"picked":"hexamod:VolcanoVisage","floor":15},{"not_picked":["hexamod:SearingWound","hexamod:UnlimitedPower"],"picked":"hexamod:GhostflameInferno","floor":16},{"not_picked":["hexamod:BurningTouch+1","hexamod:GhostOfSpirePresent","hexamod:SpectralAdrenaline"],"picked":"SKIP","floor":19},{"not_picked":["hexamod:GhostLash","hexamod:RetreatToShadows"],"picked":"hexamod:BacktrackSmack","floor":20},{"not_picked":["hexamod:Again","hexamod:BacktrackSmack"],"picked":"hexamod:FirstSeal","floor":21},{"not_picked":["hexamod:SuperheatedStrike","hexamod:RainOfEmbers+1"],"picked":"hexamod:SpectralSpark","floor":22},{"not_picked":["hexamod:InspiringFlames","hexamod:DynamicBlow"],"picked":"hexamod:BacktrackSmack+1","floor":23},{"not_picked":["hexamod:RetreatToShadows+1","hexamod:SwordOfDarkness"],"picked":"hexamod:ExtraCrispy+1","floor":25},{"not_picked":["hexamod:Again","hexamod:SpectralAdrenaline"],"picked":"hexamod:InspiringFlames+1","floor":26},{"not_picked":["hexamod:HeatMetal","hexamod:AdvancingGuard+1"],"picked":"hexamod:NecessarySacrifice+1","floor":29},{"not_picked":["hexamod:InspiringFlames","hexamod:EtherealExpedition"],"picked":"hexamod:BacktrackSmack+1","floor":30},{"not_picked":["hexamod:InspiringFlames","hexamod:GhostLash"],"picked":"hexamod:NightmareStrike+1","floor":31},{"not_picked":["hexamod:Firestarter+1","hexamod:InspiringFlames"],"picked":"hexamod:CrushingStance","floor":32},{"not_picked":["hexamod:ParanormalForm","hexamod:UnleashSpirits"],"picked":"hexamod:WildfireWeapon","floor":33},{"not_picked":["hexamod:Again+1","hexamod:FastForward+1","hexamod:ThermalTransfer"],"picked":"SKIP","floor":36},{"not_picked":["hexamod:GhostShield","hexamod:HauntingEcho","hexamod:AdvancingGuard"],"picked":"SKIP","floor":37},{"not_picked":["hexamod:SpectersWail","hexamod:SwordOfDarkness+1","hexamod:ShieldOfDarkness+1"],"picked":"SKIP","floor":38},{"not_picked":["champ:RecklessLeap+1","hexamod:BacktrackSmack+1"],"picked":"expansioncontent:ManipulateTime","floor":42},{"not_picked":["ClearTheMind","champ:EnGarde"],"picked":"Bandage Up+1","floor":42},{"not_picked":["sneckomod:UnknownClassBLUE+1","Deflect"],"picked":"Guardian:DecasProtection","floor":43},{"not_picked":["Slice","Adaptation","Guardian:TemporalShield"],"picked":"SKIP","floor":43},{"not_picked":["TimeWarp+1","sneckomod:Unknown0Cost"],"picked":"Battle Trance+1","floor":45},{"not_picked":["champ:Duel","Finisher"],"picked":"Mind Blast+1","floor":48},{"not_picked":["Catalyst","champ:Lariat","Guardian:Suspension"],"picked":"SKIP","floor":48},{"not_picked":["champ:Shatter+1","Deadly Poison+1"],"picked":"Guardian:ChargeUp","floor":49},{"not_picked":["Capacitor+1","Guardian:CrystalBeam"],"picked":"hexamod:SpectersWail+1","floor":49}],"player_experience":1162880,"relics_obtained":[{"floor":3,"key":"Mummified Hand"},{"floor":6,"key":"hexamod:MatchstickCase"},{"floor":11,"key":"Darkstone Periapt"},{"floor":14,"key":"Dream Catcher"},{"floor":24,"key":"Eternal Feather"},{"floor":26,"key":"InkBottle"},{"floor":29,"key":"Anchor"},{"floor":31,"key":"Ornamental Fan"},{"floor":41,"key":"Toy Ornithopter"},{"floor":44,"key":"Bag of Preparation"}],"event_choices":[{"damage_healed":0,"gold_gain":0,"player_choice":"Got Potions","damage_taken":0,"max_hp_gain":0,"max_hp_loss":0,"event_name":"Lab","floor":4,"gold_loss":0},{"damage_healed":0,"gold_gain":0,"player_choice":"Ignored","damage_taken":0,"max_hp_gain":0,"max_hp_loss":0,"event_name":"Vampires","floor":27,"gold_loss":0},{"damage_healed":26,"gold_gain":0,"player_choice":"Heal","damage_taken":0,"max_hp_gain":0,"max_hp_loss":0,"event_name":"The Library","floor":28,"gold_loss":0},{"cards_removed":["hexamod:WildfireWeapon"],"damage_healed":0,"gold_gain":0,"player_choice":"Offered Rare","damage_taken":0,"max_hp_gain":10,"max_hp_loss":0,"event_name":"Bonfire Elementals","floor":46,"gold_loss":0}],"is_beta":false,"boss_relics":[{"not_picked":["SacredBark","downfall:Hecktoplasm"],"picked":"SlaversCollar"},{"not_picked":["Cursed Key","Fusion Hammer"],"picked":"Pandora\u0027s Box"}],"items_purged_floors":[],"is_endless":false,"potions_floor_spawned":[6,10,11,14,16,19,23,33,42,43],"ascension_level":1}}