{"host":"879u177vr8bnqwsn","time":1609077390,"event":{"mods":["Bard","BaseMod","Infinite Spire","Minty Spire (QoL Compilation)","Replay The Spire","StSLib"],"gold_per_floor":[110,123,198,212,225,225,257,275,275,286,461,14,25,25,25,130,130,148,21,31,31,31,41,41,41,67,86,133,63,63,63],"floor_reached":30,"playtime":1376,"items_purged":["Doubt","Looming Evil"],"score":302,"play_id":"5994c262-0224-40fb-b8b0-2bfb39760ace","local_time":"20201227115630","is_ascension_mode":false,"campfire_choices":[{"data":"bard:Riposte","floor":6,"key":"SMITH"},{"data":"bard:HarmoniousVoice","floor":15,"key":"SMITH"},{"data":"bard:HideousLaughter","floor":25,"key":"SMITH"}],"circlet_count":0,"master_deck":["bard:Strike","bard:Strike","bard:Defend","bard:Defend","bard:Riposte+1","bard:Inspire","bard:InspiringSong","bard:EchoEcho","bard:Thunderwave","bard:BestowCurse+1","bard:HideousLaughter+1","bard:Blink+1","bard:HideousLaughter+1","bard:HarmoniousVoice+1","bard:Shifting+1","bard:GlyphOfWarding","bard:Thunderwave","bard:EchoEcho","bard:EnGarde+1","Pain","Pain"],"relics":["bard:SelfPlayingFlute","bard:BagPipes","infinitespire:EmpoweringShard","Mirror","Membership Card","Art of War","ReplayTheSpireMod:Shallot","Replay:Grab Bag","Sozu","Cursed Key","Kintsugi","Guide Book","HornCleat","infinitespire:Lucky Rock","bard:MagicTuningFork"],"acts_visited":["Exordium","TheCity"],"potions_floor_usage":[7],"damage_taken":[{"damage":1,"enemies":"Jaw Worm","floor":1,"turns":4},{"damage":2,"enemies":"Small Slimes","floor":2,"turns":4},{"damage":0,"enemies":"Cultist","floor":4,"turns":3},{"damage":4,"enemies":"2 Fungi Beasts","floor":5,"turns":5},{"damage":21,"enemies":"3 Sentries","floor":7,"turns":4},{"damage":1,"enemies":"Blue Slaver","floor":8,"turns":3},{"damage":2,"enemies":"Exordium Thugs","floor":10,"turns":3},{"damage":0,"enemies":"Large Slime","floor":13,"turns":4},{"damage":0,"enemies":"The Guardian","floor":16,"turns":9},{"damage":7,"enemies":"3 Byrds","floor":18,"turns":4},{"damage":0,"enemies":"Shell Parasite","floor":20,"turns":4},{"damage":2,"enemies":"Sentry and Sphere","floor":23,"turns":6},{"damage":24,"enemies":"Slavers","floor":26,"turns":3},{"damage":6,"enemies":"Centurion and Healer","floor":27,"turns":4},{"damage":0,"enemies":"Snake Plant","floor":30,"turns":1}],"seed_played":"-533806312481509482","potions_obtained":[{"floor":2,"key":"Death Potion"},{"floor":5,"key":"Languid Potion"},{"floor":10,"key":"Weak Potion"},{"floor":13,"key":"bard:InspiredBrew"}],"is_trial":false,"path_per_floor":["M","M","?","M","M","R","E","M","T","M","?","$","M","?","R","B",null,"M","$","M","PTL","PTL","M","?","R","E","M","T","?","M"],"character_chosen":"BARD","items_purchased":["Membership Card","bard:HideousLaughter+1","Art of War","ReplayTheSpireMod:Shallot","Guide Book"],"campfire_rested":0,"item_purchase_floors":[12,12,12,12,19],"current_hp_per_floor":[76,74,63,63,59,59,38,37,37,35,35,35,35,35,35,35,77,70,70,70,70,70,68,68,68,44,38,38,58,58,58],"gold":63,"neow_bonus":"TEN_PERCENT_HP_BONUS","is_daily":false,"chose_seed":false,"campfire_upgraded":3,"win_rate":0.0,"timestamp":1609077390,"path_taken":["M","M","?","M","M","R","E","M","T","M","?","?","M","?","R","BOSS","M","$","M","PTL","PTL","M","?","R","E","M","T","?","M"],"items_purchased_type":["Relic","Card","Relic","Relic","Relic"],"build_version":"2020-12-22","purchased_purges":2,"victory":false,"max_hp_per_floor":[77,77,77,77,77,77,77,77,77,77,77,77,77,77,77,77,77,77,77,77,77,77,77,77,77,77,77,77,77,77,77],"card_choices":[{"not_picked":["bard:StudiedStrike","bard:Parry"],"picked":"bard:InspiringSong","floor":1},{"not_picked":["bard:Shout","bard:SongBolt"],"picked":"bard:EchoEcho","floor":2},{"not_picked":["bard:InspiringSong","bard:SongBolt"],"picked":"bard:DervishDance","floor":4},{"not_picked":["bard:FeastOnFear","bard:EnGarde"],"picked":"bard:Thunderwave","floor":5},{"not_picked":["bard:LifeDrain","bard:Blink"],"picked":"bard:BestowCurse","floor":7},{"not_picked":["bard:Silence","bard:QuickSong"],"picked":"bard:HideousLaughter","floor":8},{"not_picked":["bard:Rest","bard:DiscordantVoice"],"picked":"bard:Blink","floor":10},{"not_picked":["bard:EchoEcho","bard:InspiringSong"],"picked":"bard:HarmoniousVoice","floor":13},{"not_picked":["bard:Encore","bard:PowerWordStun"],"picked":"bard:Shifting","floor":16},{"not_picked":["bard:BucklerBash","bard:ThickOfTheFight"],"picked":"bard:GlyphOfWarding","floor":18},{"not_picked":["bard:InspiringSong+1","bard:ViciousMockery"],"picked":"bard:Thunderwave","floor":20},{"not_picked":["bard:ViciousMockery+1","bard:InspiringSong"],"picked":"bard:EchoEcho","floor":23},{"not_picked":["bard:BottledSong","bard:PrismaticSpray+1","bard:Rest"],"picked":"SKIP","floor":26},{"not_picked":["bard:ViciousMockery","bard:Gamble"],"picked":"bard:EnGarde+1","floor":27}],"player_experience":716437,"relics_obtained":[{"floor":7,"key":"infinitespire:EmpoweringShard"},{"floor":9,"key":"Mirror"},{"floor":26,"key":"HornCleat"},{"floor":28,"key":"infinitespire:Lucky Rock"}],"event_choices":[{"damage_healed":0,"gold_gain":75,"player_choice":"Gather Gold","damage_taken":11,"max_hp_gain":0,"max_hp_loss":0,"event_name":"World of Goop","floor":3,"gold_loss":0},{"damage_healed":0,"gold_gain":175,"player_choice":"AGREE","damage_taken":0,"max_hp_gain":0,"max_hp_loss":0,"event_name":"Liars Game","floor":11,"gold_loss":0,"cards_obtained":["Doubt"]},{"damage_healed":0,"gold_gain":0,"player_choice":"Grow","damage_taken":0,"max_hp_gain":0,"max_hp_loss":0,"event_name":"Living Wall","floor":14,"gold_loss":0,"cards_upgraded":["bard:Blink"]},{"cards_removed":["Languid"],"damage_healed":0,"gold_gain":0,"player_choice":"Elegance","damage_taken":0,"max_hp_gain":0,"max_hp_loss":0,"event_name":"Back to Basics","floor":24,"gold_loss":0}],"is_beta":false,"boss_relics":[{"not_picked":["ReplayTheSpireMod:SealedPack","Replay:Drink Me"],"picked":"Replay:Grab Bag"},{"not_picked":["Painkiller Herb","Coffee Dripper"],"picked":"Sozu"},{"not_picked":["Fusion Hammer","infinitespire:Cupcake"],"picked":"Cursed Key"},{"not_picked":["Snecko Eye","SlaversCollar"],"picked":"Kintsugi"},{"not_picked":["Astrolabe","SacredBark"],"picked":"bard:SelfPlayingFlute"}],"items_purged_floors":[12,19],"is_endless":false,"potions_floor_spawned":[2,5,10,13,20,23,27],"killed_by":"Snake Plant","ascension_level":0}}