{"host":"Zion","time":1609107377,"event":{"mods":["AchievementEnabler","BaseMod","Colored Map","DeckTracker","Minty Spire (QoL Compilation)","Quick Restart","Rare Cards Sparkle"],"gold_per_floor":[110,110,110,120,138,170,170,95,118,153,165,180,80,95,95,197,197,215,233,108,120,140,173,185,220,220,255,255,255,265,38,38,135,135,153,153,166,166,182,216,216,242,242,153,168,194,194,204,204,204,204,204,29,59,59],"floor_reached":56,"playtime":3627,"items_purged":["Strike_P","Strike_P","Strike_P+1","Defend_P","Wireheading+1"],"score":1755,"play_id":"95e0abf0-4d82-4053-955b-1467717c1374","local_time":"20201228071617","is_ascension_mode":true,"campfire_choices":[{"data":"Adaptation","floor":7.0,"key":"SMITH"},{"data":"FlurryOfBlows","floor":15.0,"key":"SMITH"},{"data":"Scrawl","floor":29.0,"key":"SMITH"},{"data":"TalkToTheHand","floor":32.0,"key":"SMITH"},{"data":"Adaptation","floor":41.0,"key":"SMITH"},{"floor":47.0,"key":"RECALL"},{"floor":49.0,"key":"REST"},{"data":"FearNoEvil","floor":52.0,"key":"SMITH"}],"circlet_count":0,"master_deck":["Eruption+1","Vigilance+1","FearNoEvil+1","Adaptation+1","CutThroughFate+1","FlurryOfBlows+1","Scrawl+1","Devotion+1","FlurryOfBlows+1","ThirdEye+1","TalkToTheHand+1","Adaptation+1","Purity+1","SashWhip"],"relics":["HolyWater","NeowsBlessing","Dream Catcher","Whetstone","Bronze Scales","Astrolabe","Yang","Toxic Egg 2","Matryoshka","War Paint","PreservedInsect","Bottled Tornado","TeardropLocket","Oddly Smooth Stone","Letter Opener"],"acts_visited":["Exordium","TheCity","TheBeyond","TheEnding"],"potions_floor_usage":[55],"damage_taken":[{"damage":0.0,"enemies":"Small Slimes","floor":1.0,"turns":1.0},{"damage":0.0,"enemies":"Jaw Worm","floor":4.0,"turns":1.0},{"damage":0.0,"enemies":"Cultist","floor":5.0,"turns":1.0},{"damage":16.0,"enemies":"Gremlin Nob","floor":6.0,"turns":3.0},{"damage":19.0,"enemies":"3 Sentries","floor":10.0,"turns":7.0},{"damage":7.0,"enemies":"Exordium Thugs","floor":11.0,"turns":3.0},{"damage":0.0,"enemies":"Gremlin Gang","floor":12.0,"turns":1.0},{"damage":0.0,"enemies":"Red Slaver","floor":14.0,"turns":2.0},{"damage":0.0,"enemies":"Slime Boss","floor":16.0,"turns":4.0},{"damage":0.0,"enemies":"Chosen","floor":18.0,"turns":1.0},{"damage":0.0,"enemies":"Spheric Guardian","floor":19.0,"turns":1.0},{"damage":16.0,"enemies":"Snake Plant","floor":21.0,"turns":2.0},{"damage":1.0,"enemies":"Centurion and Healer","floor":22.0,"turns":2.0},{"damage":13.0,"enemies":"Slavers","floor":23.0,"turns":3.0},{"damage":0.0,"enemies":"3 Cultists","floor":24.0,"turns":2.0},{"damage":18.0,"enemies":"Gremlin Leader","floor":25.0,"turns":4.0},{"damage":0.0,"enemies":"Book of Stabbing","floor":27.0,"turns":1.0},{"damage":0.0,"enemies":"Snecko","floor":30.0,"turns":3.0},{"damage":0.0,"enemies":"Collector","floor":33.0,"turns":6.0},{"damage":0.0,"enemies":"Orb Walker","floor":35.0,"turns":1.0},{"damage":0.0,"enemies":"3 Darklings","floor":37.0,"turns":2.0},{"damage":0.0,"enemies":"Sphere and 2 Shapes","floor":39.0,"turns":2.0},{"damage":12.0,"enemies":"Nemesis","floor":40.0,"turns":3.0},{"damage":0.0,"enemies":"Reptomancer","floor":42.0,"turns":3.0},{"damage":0.0,"enemies":"4 Shapes","floor":45.0,"turns":3.0},{"damage":0.0,"enemies":"Giant Head","floor":46.0,"turns":1.0},{"damage":0.0,"enemies":"Jaw Worm Horde","floor":48.0,"turns":2.0},{"damage":0.0,"enemies":"Awakened One","floor":50.0,"turns":2.0},{"damage":0.0,"enemies":"Shield and Spear","floor":54.0,"turns":1.0},{"damage":64,"enemies":"The Heart","floor":55,"turns":6}],"seed_played":"4228965144351573559","potions_obtained":[{"floor":1.0,"key":"Strength Potion"},{"floor":6.0,"key":"SteroidPotion"},{"floor":11.0,"key":"Fruit Juice"},{"floor":12.0,"key":"EssenceOfSteel"},{"floor":16.0,"key":"Block Potion"},{"floor":19.0,"key":"BlessingOfTheForge"},{"floor":25.0,"key":"ColorlessPotion"},{"floor":30.0,"key":"SteroidPotion"},{"floor":45.0,"key":"Fire Potion"}],"is_trial":false,"path_per_floor":["M","?","?","M","M","E","R","$","T","E","M","M","$","M","R","B",null,"M","M","$","M","M","E","M","E","T","E","?","R","M","$","R","B",null,"M","?","M","$","M","E","R","E","T","$","M","E","R","M","R","B",null,"R","$","E","B",null],"character_chosen":"WATCHER","items_purchased":["TalkToTheHand","Purity+1"],"campfire_rested":1,"item_purchase_floors":[31,44],"current_hp_per_floor":[72,72,72,72,72,56,56,56,56,37,35,35,35,35,35,35,77,77,77,77,61,60,47,47,29,29,29,29,29,29,29,29,29,77,77,77,77,77,77,65,65,65,65,65,65,65,65,65,77,77,77,77,77,77,13],"gold":59,"neow_bonus":"THREE_ENEMY_KILL","is_daily":false,"chose_seed":false,"campfire_upgraded":6,"win_rate":0.0,"timestamp":1609107377,"path_taken":["M","?","?","?","M","E","R","?","T","E","M","M","$","?","R","BOSS","M","M","$","M","M","E","M","E","T","E","?","R","?","$","R","BOSS","M","?","M","$","M","E","R","E","T","$","M","E","R","?","R","BOSS","R","$","E","BOSS"],"items_purchased_type":["Card","Card"],"build_version":"2020-12-18","purchased_purges":5,"victory":true,"max_hp_per_floor":[72,72,72,72,72,72,72,72,72,72,77,77,77,77,77,77,77,77,77,77,77,77,77,77,77,77,77,77,77,77,77,77,77,77,77,77,77,77,77,77,77,77,77,77,77,77,77,77,77,77,77,77,77,77,77],"card_choices":[{"not_picked":["Sanctity","ThirdEye"],"picked":"FearNoEvil","floor":1.0},{"not_picked":["CrushJoints","Vengeance"],"picked":"Adaptation","floor":4.0},{"not_picked":["SandsOfTime","Study"],"picked":"CutThroughFate","floor":5.0},{"not_picked":["Sanctity","Perseverance","PathToVictory"],"picked":"SKIP","floor":6.0},{"not_picked":["Evaluate","ThirdEye","SashWhip"],"picked":"SKIP","floor":10.0},{"not_picked":["SashWhip","Crescendo","JustLucky"],"picked":"SKIP","floor":11.0},{"not_picked":["Conclude","BattleHymn"],"picked":"FlurryOfBlows","floor":12.0},{"not_picked":["WindmillStrike","Halt","FollowUp"],"picked":"SKIP","floor":14.0},{"not_picked":["Blasphemy","SpiritShield"],"picked":"Scrawl","floor":16.0},{"not_picked":["EmptyFist","Conclude","Study+1"],"picked":"SKIP","floor":18.0},{"not_picked":["ThirdEye","Nirvana","ForeignInfluence"],"picked":"SKIP","floor":19.0},{"not_picked":["BowlingBash","Halt","Study"],"picked":"SKIP","floor":21.0},{"not_picked":["Prostrate","Meditate+1","WheelKick"],"picked":"SKIP","floor":22.0},{"not_picked":["CarveReality","PathToVictory","LikeWater"],"picked":"SKIP","floor":23.0},{"not_picked":["WheelKick","Nirvana","Worship"],"picked":"SKIP","floor":24.0},{"not_picked":["PathToVictory+1","LessonLearned","FearNoEvil+1"],"picked":"SKIP","floor":25.0},{"not_picked":["Crescendo+1","WaveOfTheHand+1","Blasphemy+1"],"picked":"SKIP","floor":27.0},{"not_picked":["Halt+1","PathToVictory+1","EmptyFist"],"picked":"SKIP","floor":30.0},{"not_picked":["CrushJoints+1","BowlingBash+1"],"picked":"Adaptation","floor":35.0},{"not_picked":["ThirdEye+1","EmptyFist","Protect+1"],"picked":"SKIP","floor":37.0},{"not_picked":["BowlingBash","SandsOfTime","ClearTheMind+1"],"picked":"SKIP","floor":39.0},{"not_picked":["Tantrum+1","Adaptation","SashWhip"],"picked":"SKIP","floor":40.0},{"not_picked":["SignatureMove","PathToVictory+1","LikeWater"],"picked":"SKIP","floor":42.0},{"not_picked":["Halt+1","Evaluate+1","FollowUp+1"],"picked":"SKIP","floor":45.0},{"not_picked":["FlyingSleeves+1","Wallop","Alpha+1"],"picked":"SKIP","floor":46.0},{"not_picked":["Meditate+1","Indignation+1","ThirdEye+1"],"picked":"SKIP","floor":48.0},{"not_picked":["ReachHeaven","ForeignInfluence+1"],"picked":"SashWhip","floor":54.0}],"player_experience":181558,"relics_obtained":[{"floor":6.0,"key":"Dream Catcher"},{"floor":9.0,"key":"Whetstone"},{"floor":10.0,"key":"Bronze Scales"},{"floor":23.0,"key":"Yang"},{"floor":25.0,"key":"Toxic Egg 2"},{"floor":27.0,"key":"Matryoshka"},{"floor":40.0,"key":"War Paint"},{"floor":42.0,"key":"PreservedInsect"},{"floor":43.0,"key":"Bottled Tornado"},{"floor":43.0,"key":"TeardropLocket"},{"floor":46.0,"key":"Oddly Smooth Stone"},{"floor":54.0,"key":"Letter Opener"}],"event_choices":[{"damage_healed":0.0,"max_hp_gain":0.0,"max_hp_loss":0.0,"gold_gain":0.0,"event_name":"Liars Game","player_choice":"Ignored","floor":2.0,"gold_loss":0.0,"damage_taken":0.0},{"damage_healed":0.0,"max_hp_gain":0.0,"max_hp_loss":0.0,"gold_gain":0.0,"event_name":"Upgrade Shrine","player_choice":"Upgraded","floor":3.0,"gold_loss":0.0,"damage_taken":0.0,"cards_upgraded":["Eruption"]},{"damage_healed":0.0,"max_hp_gain":0.0,"max_hp_loss":0.0,"gold_gain":0.0,"cards_transformed":["Defend_P"],"event_name":"Transmorgrifier","player_choice":"Transformed","floor":28.0,"gold_loss":0.0,"damage_taken":0.0,"cards_obtained":["ThirdEye"]},{"damage_healed":0.0,"max_hp_gain":0.0,"max_hp_loss":0.0,"gold_gain":0.0,"event_name":"The Woman in Blue","player_choice":"Bought 0 Potions","floor":36.0,"gold_loss":0.0,"damage_taken":0.0}],"is_beta":true,"boss_relics":[{"not_picked":["Ectoplasm","Philosopher\u0027s Stone"],"picked":"Astrolabe"},{"not_picked":["SacredBark","Tiny House"],"picked":"HolyWater"}],"items_purged_floors":[8,13,20,31,53],"is_endless":false,"potions_floor_spawned":[1,6,11,12,16,19,22,25,30,33,37,45,48],"ascension_level":3}}