{"host":"f1miojwxaupu79sp","time":1609059136,"event":{"mods":["BaseMod","Better Vampires","Minty Spire (QoL Compilation)","Shop Mod"],"gold_per_floor":[112,112,132,149,169,169,182,182,205,225,225,225,225,258,258,353,353,367,386,386,4,4,4,4,39,39,83,83,98,98,116,116,116,116],"floor_reached":33,"playtime":27690,"items_purged":["Defend_G"],"score":470,"play_id":"d47619c7-8858-40e8-b9d8-ba6d91428d79","local_time":"20201227035216","is_ascension_mode":true,"campfire_choices":[{"data":"Riddle With Holes","floor":6,"key":"SMITH"},{"data":"Deadly Poison","floor":8,"key":"SMITH"},{"data":"Dash","floor":13,"key":"SMITH"},{"floor":15,"key":"REST"},{"data":"Adrenaline","floor":23,"key":"SMITH"},{"data":"Die Die Die","floor":30,"key":"SMITH"},{"data":"Cloak And Dagger","floor":32,"key":"SMITH"}],"circlet_count":0,"master_deck":["AscendersBane","Defend_G","Defend_G","Defend_G","Survivor","Neutralize","Riddle With Holes+1","Caltrops","Backstab","Backflip","Blur","Deadly Poison+1","Dash+1","Adrenaline+1","Die Die Die+1","Deflect","Leg Sweep","Bite","Bite","Finesse","Cloak And Dagger+1","Crippling Poison","Slice+1"],"relics":["Ring of the Snake","NeowsBlessing","Juzu Bracelet","Golden Idol","Regal Pillow","WristBlade","Thread and Needle","Vajra","Paper Crane","Ancient Tea Set"],"acts_visited":["Exordium","TheCity"],"potions_floor_usage":[5,7,16,19,25,33,33],"damage_taken":[{"damage":0,"enemies":"2 Louse","floor":1,"turns":1},{"damage":0,"enemies":"Cultist","floor":3,"turns":1},{"damage":0,"enemies":"Jaw Worm","floor":4,"turns":1},{"damage":5,"enemies":"Large Slime","floor":5,"turns":9},{"damage":9,"enemies":"Lots of Slimes","floor":7,"turns":4},{"damage":0,"enemies":"Looter","floor":10,"turns":2},{"damage":21,"enemies":"Gremlin Nob","floor":14,"turns":4},{"damage":14,"enemies":"The Guardian","floor":16,"turns":11},{"damage":11,"enemies":"Spheric Guardian","floor":18,"turns":4},{"damage":1,"enemies":"Shell Parasite","floor":19,"turns":5},{"damage":20,"enemies":"Gremlin Leader","floor":25,"turns":8},{"damage":11,"enemies":"Book of Stabbing","floor":27,"turns":8},{"damage":0,"enemies":"Centurion and Healer","floor":29,"turns":6},{"damage":0,"enemies":"Snake Plant","floor":31,"turns":4},{"damage":61,"enemies":"Automaton","floor":33,"turns":12}],"seed_played":"5214801991520572413","potions_obtained":[{"floor":1,"key":"Weak Potion"},{"floor":4,"key":"Weak Potion"},{"floor":5,"key":"GhostInAJar"},{"floor":14,"key":"Fire Potion"},{"floor":19,"key":"Fire Potion"},{"floor":29,"key":"Block Potion"},{"floor":31,"key":"SneckoOil"}],"is_trial":false,"path_per_floor":["M","?","M","M","M","R","M","R","T","M","?","?","R","E","R","B",null,"M","M","?","$","?","R","?","E","T","E","?","M","R","M","R","B"],"character_chosen":"THE_SILENT","items_purchased":["Thread and Needle"],"campfire_rested":1,"item_purchase_floors":[21],"current_hp_per_floor":[63,63,63,63,58,58,49,49,49,49,49,49,49,28,62,48,61,50,49,49,49,49,49,49,39,39,28,28,36,36,36,36,0,0],"gold":116,"neow_bonus":"THREE_ENEMY_KILL","is_daily":false,"chose_seed":false,"campfire_upgraded":6,"win_rate":0.0,"timestamp":1609059136,"path_taken":["M","?","?","M","M","R","M","R","T","M","?","?","R","E","R","BOSS","M","M","?","$","?","R","?","E","T","E","?","M","R","M","R","BOSS"],"items_purchased_type":["Relic"],"build_version":"2020-12-22","purchased_purges":1,"victory":false,"max_hp_per_floor":[70,70,70,70,70,70,70,70,70,70,65,65,65,65,65,65,65,65,65,53,53,53,53,53,53,53,53,53,53,53,53,53,53,53],"card_choices":[{"not_picked":["Eviscerate","Dodge and Roll"],"picked":"Riddle With Holes","floor":1},{"not_picked":["Finisher","Flying Knee"],"picked":"Backstab","floor":3},{"not_picked":["Dodge and Roll","PiercingWail"],"picked":"Backflip","floor":4},{"not_picked":["Prepared","Underhanded Strike"],"picked":"Blur","floor":5},{"not_picked":["Sucker Punch","Slice"],"picked":"Deadly Poison","floor":7},{"not_picked":["Outmaneuver","Sucker Punch"],"picked":"Dash","floor":10},{"not_picked":["Distraction","Dagger Spray"],"picked":"Adrenaline","floor":14},{"not_picked":["Doppelganger","Burst"],"picked":"Die Die Die","floor":16},{"not_picked":["Acrobatics","Eviscerate"],"picked":"Deflect","floor":18},{"not_picked":["Reflex","Poisoned Stab"],"picked":"Leg Sweep","floor":19},{"not_picked":["Quick Slash","Cloak And Dagger","Outmaneuver"],"picked":"SKIP","floor":25},{"not_picked":["Concentrate+1","Infinite Blades"],"picked":"Cloak And Dagger","floor":27},{"not_picked":["Flying Knee","Quick Slash"],"picked":"Crippling Poison","floor":29},{"not_picked":["Reflex+1","Distraction"],"picked":"Slice+1","floor":31}],"player_experience":838356,"relics_obtained":[{"floor":9,"key":"Juzu Bracelet"},{"floor":14,"key":"Regal Pillow"},{"floor":25,"key":"Vajra"},{"floor":26,"key":"Paper Crane"},{"floor":27,"key":"Ancient Tea Set"}],"event_choices":[{"damage_healed":0,"gold_gain":0,"cards_transformed":["Strike_G"],"player_choice":"Transformed","damage_taken":0,"max_hp_gain":0,"max_hp_loss":0,"event_name":"Transmorgrifier","floor":2,"gold_loss":0,"cards_obtained":["Caltrops"]},{"damage_healed":0,"gold_gain":0,"player_choice":"Lose Max HP","damage_taken":0,"relics_obtained":["Golden Idol"],"max_hp_gain":0,"max_hp_loss":5,"event_name":"Golden Idol","floor":11,"gold_loss":0},{"cards_removed":["Strike_G"],"damage_healed":0,"gold_gain":0,"player_choice":"Purged","damage_taken":0,"max_hp_gain":0,"max_hp_loss":0,"event_name":"Purifier","floor":12,"gold_loss":0},{"damage_healed":0,"gold_gain":0,"player_choice":"Became a vampire","damage_taken":0,"max_hp_gain":0,"max_hp_loss":12,"event_name":"Vampires","floor":20,"gold_loss":0,"cards_obtained":["Bite","Bite","Bite"]},{"damage_healed":0,"gold_gain":0,"cards_transformed":["Bite"],"player_choice":"Transformed","damage_taken":0,"max_hp_gain":0,"max_hp_loss":0,"event_name":"Transmorgrifier","floor":22,"gold_loss":0,"cards_obtained":["Finesse"]},{"cards_removed":["Defend_G"],"damage_healed":0,"gold_gain":0,"player_choice":"Purged","damage_taken":0,"max_hp_gain":0,"max_hp_loss":0,"event_name":"Purifier","floor":24,"gold_loss":0}],"is_beta":false,"boss_relics":[{"not_picked":["HoveringKite","Ectoplasm"],"picked":"WristBlade"}],"items_purged_floors":[21],"is_endless":false,"potions_floor_spawned":[1,4,5,14,19,29,31],"killed_by":"Automaton","ascension_level":13}}