{"host":"agbyy69nq62afhwx","time":1609096784,"event":{"mods":["BaseMod","Colored Map","DeckTracker","Highlight Path","Keyboard Shortcuts","Minty Spire (QoL Compilation)","Quick Restart","StSLib","SuperFastMode","everything is the same but u backflip on backflip"],"gold_per_floor":[110,130,150,132,25,25,56,56,56,56,73,88,99,99,99,174,174,186,35,67,79,92,92,118,118,144,157,357,383,383,409,409,481,481,494,513,109,109,126,126,157,157,207,235,110,110,120,134,134,134],"floor_reached":51,"playtime":1594,"items_purged":["Strike_G","Strike_G","Strike_G"],"score":1317,"play_id":"c7a5a587-ed91-42fb-b1f4-beb6d1d3ab3d","local_time":"20201228041944","is_ascension_mode":true,"campfire_choices":[{"data":"Catalyst","floor":6.0,"key":"SMITH"},{"data":"Bouncing Flask","floor":8.0,"key":"SMITH"},{"floor":15.0,"key":"REST"},{"floor":23.0,"key":"REST"},{"data":"Burst","floor":25.0,"key":"SMITH"},{"floor":32.0,"key":"REST"},{"floor":40.0,"key":"REST"},{"floor":42.0,"key":"REST"},{"floor":46.0,"key":"REST"},{"floor":49,"key":"REST"}],"circlet_count":0,"master_deck":["AscendersBane","Strike_G+1","Strike_G+1","Defend_G","Defend_G","Defend_G","Defend_G","Defend_G","Survivor+1","Neutralize","Backflip+1","Corpse Explosion","Bouncing Flask+1","Catalyst+1","Backflip","Burst+1","Venomology","Distraction","Leg Sweep","Prepared+1","PiercingWail+1","Calculated Gamble+1"],"relics":["Ring of the Snake","NeowsBlessing","War Paint","Happy Flower","SlaversCollar","Red Mask","Toxic Egg 2","Juzu Bracelet","Letter Opener","Whetstone","Black Star","The Specimen","Boot","Mango","Centennial Puzzle","Du-Vu Doll","Sundial"],"acts_visited":["Exordium","TheCity","TheBeyond"],"potions_floor_usage":[48,50,50,50],"damage_taken":[{"damage":0.0,"enemies":"Small Slimes","floor":1.0,"turns":1.0},{"damage":0.0,"enemies":"Jaw Worm","floor":2.0,"turns":1.0},{"damage":0.0,"enemies":"Cultist","floor":3.0,"turns":1.0},{"damage":7.0,"enemies":"Exordium Thugs","floor":4.0,"turns":4.0},{"damage":20.0,"enemies":"Lagavulin","floor":7.0,"turns":5.0},{"damage":12.0,"enemies":"Lots of Slimes","floor":11.0,"turns":3.0},{"damage":0.0,"enemies":"Blue Slaver","floor":12.0,"turns":5.0},{"damage":0.0,"enemies":"2 Fungi Beasts","floor":13.0,"turns":2.0},{"damage":15.0,"enemies":"Hexaghost","floor":16.0,"turns":7.0},{"damage":18.0,"enemies":"2 Thieves","floor":18.0,"turns":3.0},{"damage":1.0,"enemies":"Masked Bandits","floor":20.0,"turns":2.0},{"damage":3.0,"enemies":"3 Byrds","floor":21.0,"turns":3.0},{"damage":14.0,"enemies":"Shelled Parasite and Fungi","floor":22.0,"turns":7.0},{"damage":4.0,"enemies":"Book of Stabbing","floor":24.0,"turns":5.0},{"damage":0.0,"enemies":"Snecko","floor":27.0,"turns":2.0},{"damage":5.0,"enemies":"Slavers","floor":29.0,"turns":5.0},{"damage":26.0,"enemies":"Champ","floor":33.0,"turns":9.0},{"damage":0.0,"enemies":"3 Darklings","floor":35.0,"turns":1.0},{"damage":12.0,"enemies":"Orb Walker","floor":36.0,"turns":2.0},{"damage":0.0,"enemies":"Maw","floor":38.0,"turns":1.0},{"damage":30.0,"enemies":"Sphere and 2 Shapes","floor":39.0,"turns":6.0},{"damage":10.0,"enemies":"Giant Head","floor":41.0,"turns":6.0},{"damage":39.0,"enemies":"Reptomancer","floor":44.0,"turns":7.0},{"damage":13,"enemies":"Writhing Mass","floor":47,"turns":4},{"damage":5,"enemies":"Maw","floor":48,"turns":4},{"damage":41,"enemies":"Awakened One","floor":50,"turns":16}],"seed_played":"4934460190271354985","potions_obtained":[{"floor":4.0,"key":"Dexterity Potion"},{"floor":11.0,"key":"Strength Potion"},{"floor":12.0,"key":"ColorlessPotion"},{"floor":13.0,"key":"DistilledChaos"},{"floor":21.0,"key":"SkillPotion"},{"floor":36.0,"key":"Poison Potion"},{"floor":47,"key":"DuplicationPotion"}],"is_trial":false,"path_per_floor":["M","M","M","M","$","R","E","R","T","?","M","M","M","?","R","B",null,"M","$","?","M","M","R","E","R","T","M","?","E","?","T","R","B",null,"M","M","$","M","M","R","E","R","T","E","$","R","M","M","R","B",null],"character_chosen":"THE_SILENT","items_purchased":["Bouncing Flask","Catalyst","Venomology","The Specimen"],"campfire_rested":7,"item_purchase_floors":[5,5,19,37],"current_hp_per_floor":[59,59,59,52,52,52,32,32,32,32,20,20,20,20,39,24,56,38,38,37,34,20,39,35,35,35,35,35,30,30,30,49,23,55,55,43,43,43,13,32,36,60,60,21,21,45,32,27,51,10],"gold":134,"neow_bonus":"THREE_ENEMY_KILL","is_daily":false,"chose_seed":false,"campfire_upgraded":3,"win_rate":0.0,"timestamp":1609096784,"path_taken":["M","M","M","M","$","R","E","R","T","?","M","M","M","?","R","BOSS","M","$","?","M","M","R","E","R","T","M","?","E","?","?","R","BOSS","M","M","?","M","M","R","E","R","T","E","$","R","M","M","R","BOSS"],"items_purchased_type":["Card","Card","Card","Relic"],"build_version":"2020-12-22","purchased_purges":3,"victory":true,"max_hp_per_floor":[66,66,66,66,66,66,66,66,66,66,66,66,66,66,66,66,66,66,66,66,66,66,66,66,66,66,66,66,66,66,66,66,66,66,66,66,66,66,66,66,80,80,80,80,80,80,80,80,80,80],"card_choices":[{"not_picked":["Deflect","Quick Slash","Expertise"],"picked":"SKIP","floor":1.0},{"not_picked":["Dagger Throw","Dash"],"picked":"Backflip","floor":2.0},{"not_picked":["Bane","Concentrate"],"picked":"Corpse Explosion","floor":3.0},{"not_picked":["Setup","Endless Agony","Flying Knee"],"picked":"SKIP","floor":4.0},{"not_picked":["Noxious Fumes","Prepared"],"picked":"Backflip","floor":7.0},{"not_picked":["Prepared","Well Laid Plans","Flying Knee"],"picked":"SKIP","floor":11.0},{"not_picked":["Prepared","Sucker Punch","Underhanded Strike"],"picked":"SKIP","floor":12.0},{"not_picked":["Slice","All Out Attack","Outmaneuver"],"picked":"SKIP","floor":13.0},{"not_picked":["Night Terror","Wraith Form v2"],"picked":"Burst","floor":16.0},{"not_picked":["Deflect+1","Dagger Throw","Flying Knee"],"picked":"SKIP","floor":18.0},{"not_picked":["Poisoned Stab","Deadly Poison"],"picked":"Distraction","floor":20.0},{"not_picked":["Sucker Punch","Concentrate"],"picked":"Leg Sweep","floor":21.0},{"not_picked":["Tactician","Backflip","Deflect"],"picked":"SKIP","floor":22.0},{"not_picked":["Deflect+1","Sucker Punch"],"picked":"Prepared+1","floor":24.0},{"not_picked":["Outmaneuver+1","Leg Sweep+1"],"picked":"PiercingWail+1","floor":27.0},{"not_picked":["Quick Slash","Sucker Punch","Accuracy"],"picked":"SKIP","floor":29.0},{"not_picked":["Quick Slash","Deadly Poison+1"],"picked":"Calculated Gamble+1","floor":35.0},{"not_picked":["Concentrate+1","Outmaneuver+1","Deflect+1"],"picked":"SKIP","floor":36.0},{"not_picked":["Slice","Leg Sweep+1","Skewer+1"],"picked":"SKIP","floor":39.0},{"not_picked":["PiercingWail+1","Outmaneuver+1","Blade Dance+1"],"picked":"SKIP","floor":41.0},{"not_picked":["Crippling Poison+1","Deflect+1","PiercingWail+1"],"picked":"SKIP","floor":44.0},{"not_picked":["Prepared+1","Outmaneuver+1","Cloak And Dagger+1"],"picked":"SKIP","floor":47},{"not_picked":["Deadly Poison+1","Dagger Spray+1","Outmaneuver+1"],"picked":"SKIP","floor":48}],"player_experience":389666,"relics_obtained":[{"floor":7.0,"key":"War Paint"},{"floor":9.0,"key":"Happy Flower"},{"floor":20.0,"key":"Red Mask"},{"floor":24.0,"key":"Toxic Egg 2"},{"floor":26.0,"key":"Juzu Bracelet"},{"floor":29.0,"key":"Letter Opener"},{"floor":31.0,"key":"Whetstone"},{"floor":41.0,"key":"Boot"},{"floor":41.0,"key":"Mango"},{"floor":43.0,"key":"Centennial Puzzle"},{"floor":44.0,"key":"Du-Vu Doll"},{"floor":44.0,"key":"Sundial"}],"event_choices":[{"damage_healed":0.0,"max_hp_gain":0.0,"max_hp_loss":0.0,"gold_gain":0.0,"event_name":"Shining Light","player_choice":"Ignored","floor":10.0,"gold_loss":0.0,"damage_taken":0.0},{"damage_healed":0.0,"max_hp_gain":0.0,"max_hp_loss":0.0,"gold_gain":0.0,"event_name":"Dead Adventurer","player_choice":"Searched \u00270\u0027 times","floor":14.0,"gold_loss":0.0,"damage_taken":0.0},{"damage_healed":0.0,"max_hp_gain":0.0,"max_hp_loss":0.0,"gold_gain":0.0,"event_name":"Masked Bandits","player_choice":"Fought Bandits","floor":20.0,"gold_loss":0.0,"damage_taken":0.0},{"damage_healed":0.0,"max_hp_gain":0.0,"max_hp_loss":0.0,"gold_gain":200.0,"event_name":"Wheel of Change","player_choice":"Gold","floor":28.0,"gold_loss":0.0,"damage_taken":0.0},{"damage_healed":0.0,"max_hp_gain":0.0,"max_hp_loss":0.0,"gold_gain":0.0,"event_name":"Match and Keep!","player_choice":"0 cards matched","floor":30.0,"gold_loss":0.0,"damage_taken":0.0,"cards_obtained":[]}],"is_beta":false,"boss_relics":[{"not_picked":["Ectoplasm","Tiny House"],"picked":"SlaversCollar"},{"not_picked":["Calling Bell","Runic Dome"],"picked":"Black Star"}],"items_purged_floors":[19,37,45],"is_endless":false,"potions_floor_spawned":[4,11,12,13,16,21,33,35,36,47,48],"ascension_level":15}}