{"host":"jqjg4un1gmm27ngb","time":1609091011,"event":{"mods":["AchievementEnabler","BaseMod","Block Reminder","Colored Map","Colored Powertips","DeckTracker","Minty Spire (QoL Compilation)","Quick Restart","Relic Stats"],"gold_per_floor":[109,123,133,150,75,75,75,87,87,105,31,106,118,48,48,146,146,166,166,166,183,199,199,2,20,89,123,142,142,67,84,84,84,84],"floor_reached":33,"playtime":2443,"items_purged":["Strike_B","Strike_B"],"score":261,"play_id":"fc8ac641-2429-43dd-b4c8-93aa4278d030","local_time":"20201227124331","is_ascension_mode":false,"campfire_choices":[{"data":"Ball Lightning","floor":6,"key":"SMITH"},{"floor":15,"key":"REST"},{"data":"Echo Form","floor":23,"key":"SMITH"},{"floor":29,"key":"REST"},{"floor":32,"key":"REST"}],"circlet_count":0,"master_deck":["Strike_B","Strike_B","Defend_B","Defend_B","Defend_B","Zap","Dualcast","Coolheaded","Ball Lightning+1","Steam","Gash","Echo Form+1","Reprogram","Cold Snap","Tempest","Self Repair","Sweeping Beam","Defragment","Core Surge","Turbo+1","Loop","Loop","Hologram","Defragment","Leap","Leap","Beam Cell"],"relics":["Cracked Core","Smiling Mask","Philosopher\u0027s Stone","Lantern","Blue Candle","Strawberry"],"acts_visited":["Exordium","TheCity"],"potions_floor_usage":[16,27,27,27,33],"damage_taken":[{"damage":7,"enemies":"Small Slimes","floor":1,"turns":3},{"damage":0,"enemies":"Cultist","floor":2,"turns":4},{"damage":1,"enemies":"2 Louse","floor":3,"turns":2},{"damage":10,"enemies":"Looter","floor":4,"turns":4},{"damage":3,"enemies":"Red Slaver","floor":8,"turns":3},{"damage":9,"enemies":"Large Slime","floor":10,"turns":4},{"damage":13,"enemies":"2 Fungi Beasts","floor":13,"turns":3},{"damage":57,"enemies":"Hexaghost","floor":16,"turns":10},{"damage":16,"enemies":"Chosen","floor":18,"turns":5},{"damage":31,"enemies":"Shell Parasite","floor":21,"turns":5},{"damage":25,"enemies":"Centurion and Healer","floor":22,"turns":6},{"damage":24,"enemies":"Shelled Parasite and Fungi","floor":25,"turns":5},{"damage":22,"enemies":"Book of Stabbing","floor":27,"turns":7},{"damage":17,"enemies":"Snecko","floor":28,"turns":4},{"damage":37,"enemies":"Snake Plant","floor":31,"turns":5},{"damage":52,"enemies":"Champ","floor":33,"turns":7}],"seed_played":"-5273501014612429605","potions_obtained":[{"floor":10,"key":"GamblersBrew"},{"floor":13,"key":"BlessingOfTheForge"},{"floor":20,"key":"BlessingOfTheForge"},{"floor":20,"key":"SpeedPotion"},{"floor":20,"key":"PotionOfCapacity"},{"floor":22,"key":"LiquidBronze"},{"floor":27,"key":"Ancient Potion"},{"floor":28,"key":"Strength Potion"}],"is_trial":false,"path_per_floor":["M","M","M","M","$","R","?","M","T","M","$","?","M","$","R","B",null,"M","?","?","M","M","R","$","M","T","E","M","R","?","M","R","B"],"character_chosen":"DEFECT","items_purchased":["Self Repair","Defragment","Lantern"],"campfire_rested":3,"item_purchase_floors":[11,14,24],"current_hp_per_floor":[75,75,74,64,64,64,64,61,61,52,52,41,35,35,59,9,82,73,73,73,56,45,45,45,35,35,34,24,50,50,20,46,0,0],"gold":84,"neow_bonus":"TEN_PERCENT_HP_BONUS","is_daily":false,"chose_seed":false,"campfire_upgraded":2,"win_rate":0.0,"timestamp":1609091011,"path_taken":["M","M","M","M","$","R","?","M","T","M","?","?","M","$","R","BOSS","M","?","?","?","M","R","$","M","T","E","M","R","?","M","R","BOSS"],"items_purchased_type":["Card","Card","Relic"],"build_version":"2020-12-22","purchased_purges":2,"victory":false,"max_hp_per_floor":[82,82,82,82,82,82,82,82,82,82,82,82,82,82,82,82,82,82,82,82,82,82,82,82,82,82,89,89,89,89,89,89,89,89],"relic_stats":{"counters":[16,77],"Blue Candle":[0],"Smiling Mask":50,"obtain_stats":[{"Lantern":24,"Blue Candle":26,"Strawberry":27,"Philosopher\u0027s Stone":17,"Cracked Core":0,"Smiling Mask":9},{"Lantern":11,"Blue Candle":12,"Strawberry":13,"Philosopher\u0027s Stone":8,"Cracked Core":0,"Smiling Mask":5},{"Lantern":49,"Blue Candle":54,"Strawberry":61,"Philosopher\u0027s Stone":33,"Cracked Core":0,"Smiling Mask":16}]},"card_choices":[{"not_picked":["Go for the Eyes","Streamline"],"picked":"Coolheaded","floor":1},{"not_picked":["Gash","Rebound"],"picked":"Ball Lightning","floor":2},{"not_picked":["Steam Power","Gash"],"picked":"Steam","floor":3},{"not_picked":["Stack","Reinforced Body"],"picked":"Gash","floor":4},{"not_picked":["Coolheaded","Reprogram","Buffer"],"picked":"SKIP","floor":8},{"not_picked":["Hello World","Conserve Battery"],"picked":"Tempest","floor":10},{"not_picked":["Compile Driver","Fusion"],"picked":"Sweeping Beam","floor":13},{"not_picked":["Echo Form","Buffer"],"picked":"Core Surge","floor":16},{"not_picked":["Stack","Sweeping Beam"],"picked":"Turbo+1","floor":18},{"not_picked":["Reinforced Body","Conserve Battery"],"picked":"Loop","floor":21},{"not_picked":["Steam Power","Redo"],"picked":"Hologram","floor":22},{"not_picked":["Core Surge","Rebound"],"picked":"Defragment","floor":25},{"not_picked":["Tempest+1","Go for the Eyes"],"picked":"Leap","floor":27},{"not_picked":["Steam Power","FTL"],"picked":"Leap","floor":28},{"not_picked":["Tempest","Aggregate"],"picked":"Beam Cell","floor":31}],"player_experience":146768,"relics_obtained":[{"floor":9,"key":"Smiling Mask"},{"floor":26,"key":"Blue Candle"},{"floor":27,"key":"Strawberry"}],"event_choices":[{"damage_healed":0,"gold_gain":0,"player_choice":"3 cards matched","damage_taken":0,"max_hp_gain":0,"max_hp_loss":0,"event_name":"Match and Keep!","floor":7,"gold_loss":0,"cards_obtained":["Echo Form","Reprogram","Cold Snap"]},{"damage_healed":0,"gold_gain":75,"player_choice":"Gather Gold","damage_taken":11,"max_hp_gain":0,"max_hp_loss":0,"event_name":"World of Goop","floor":12,"gold_loss":0},{"damage_healed":0,"gold_gain":0,"player_choice":"Read","damage_taken":0,"max_hp_gain":0,"max_hp_loss":0,"event_name":"The Library","floor":19,"gold_loss":0,"cards_obtained":["Loop"]},{"damage_healed":0,"gold_gain":0,"player_choice":"Got Potions","damage_taken":0,"max_hp_gain":0,"max_hp_loss":0,"event_name":"Lab","floor":20,"gold_loss":0},{"cards_removed":["Defend_B"],"damage_healed":0,"gold_gain":0,"player_choice":"Gave Gold","damage_taken":0,"max_hp_gain":0,"max_hp_loss":0,"event_name":"Beggar","floor":30,"gold_loss":75}],"is_beta":false,"boss_relics":[{"not_picked":["SacredBark","Tiny House"],"picked":"Philosopher\u0027s Stone"}],"items_purged_floors":[5,24],"is_endless":false,"potions_floor_spawned":[10,13,22,27,28],"killed_by":"Champ","ascension_level":0}}