{"host":"6pgtslebjnyv5xmi","time":1609087604,"event":{"mods":["AchievementEnabler","BaseMod","Colored Map","Minty Spire (QoL Compilation)","Rare Cards Sparkle","StSLib","SuperFastMode","everything is the same but u backflip on backflip"],"gold_per_floor":[109,184,26,42,20,52,2,2,2,2,2,17,17,36,36,138,138,157,157,157,177,22,22,22,35,62,74,86,114,136,73,85,196,208,236,248,260,98,46,72,72,72,72,92,92,111,145,160,160,160,160],"floor_reached":50,"playtime":1188,"items_purged":["Defend_R"],"score":546,"play_id":"e58e6821-e6dd-4685-b853-cdda6593890e","local_time":"20201228014644","is_ascension_mode":false,"campfire_choices":[{"data":"Perfected Strike","floor":10,"key":"SMITH"},{"data":"Spot Weakness","floor":13,"key":"SMITH"},{"data":"Hemokinesis","floor":15,"key":"SMITH"},{"data":"Shrug It Off","floor":23,"key":"SMITH"},{"floor":28,"key":"REST"},{"data":"Swift Strike","floor":32,"key":"SMITH"},{"floor":41,"key":"REST"},{"floor":45,"key":"REST"},{"floor":49,"key":"REST"}],"circlet_count":0,"master_deck":["Strike_R","Strike_R","Strike_R","Strike_R","Strike_R","Defend_R","Shrug It Off+1","Swift Strike+1","Spot Weakness+1","Twin Strike","Perfected Strike+1","Hemokinesis+1","Flex+1","Shrug It Off+1","Pommel Strike","Pummel+1","Reaper","Apotheosis+1","Flex+1","Wild Strike+1"],"relics":["Burning Blood","NeowsBlessing","Toxic Egg 2","TungstenRod","Ornamental Fan","Velvet Choker","Potion Belt","Enchiridion","Bag of Marbles","MawBank","Fusion Hammer","Sundial","Gremlin Horn","Blood Vial"],"acts_visited":["Exordium","TheCity","TheBeyond"],"potions_floor_usage":[14,16,33,33,40,47,50,50,50],"damage_taken":[{"damage":0,"enemies":"Small Slimes","floor":1,"turns":1},{"damage":0,"enemies":"Jaw Worm","floor":4,"turns":1},{"damage":0,"enemies":"Gremlin Nob","floor":6,"turns":1},{"damage":4,"enemies":"2 Louse","floor":12,"turns":2},{"damage":1,"enemies":"2 Fungi Beasts","floor":14,"turns":2},{"damage":49,"enemies":"The Guardian","floor":16,"turns":9},{"damage":2,"enemies":"Shell Parasite","floor":18,"turns":3},{"damage":5,"enemies":"2 Thieves","floor":21,"turns":2},{"damage":2,"enemies":"Shelled Parasite and Fungi","floor":25,"turns":2},{"damage":1,"enemies":"Cultist and Chosen","floor":29,"turns":3},{"damage":5,"enemies":"Snake Plant","floor":30,"turns":2},{"damage":61,"enemies":"Automaton","floor":33,"turns":7},{"damage":1,"enemies":"3 Shapes","floor":35,"turns":3},{"damage":6,"enemies":"Giant Head","floor":40,"turns":6},{"damage":6,"enemies":"Orb Walker","floor":44,"turns":2},{"damage":16,"enemies":"Spire Growth","floor":46,"turns":2},{"damage":14,"enemies":"Nemesis","floor":47,"turns":5},{"damage":15,"enemies":"Jaw Worm Horde","floor":48,"turns":3},{"damage":94,"enemies":"Donu and Deca","floor":50,"turns":6}],"seed_played":"-4527041606934347926","potions_obtained":[{"floor":6,"key":"SkillPotion"},{"floor":14,"key":"Fruit Juice"},{"floor":16,"key":"Swift Potion"},{"floor":25,"key":"Energy Potion"},{"floor":30,"key":"Ancient Potion"},{"floor":35,"key":"CultistPotion"},{"floor":46,"key":"ColorlessPotion"},{"floor":47,"key":"ElixirPotion"},{"floor":48,"key":"Strength Potion"}],"is_trial":false,"path_per_floor":["M","?","$","M","$","E","?","?","T","R","?","M","R","M","R","B",null,"M","?","?","M","$","R","$","M","T","?","R","M","M","?","R","B",null,"M","?","?","$","$","E","R","$","T","M","R","M","E","M","R","B"],"character_chosen":"IRONCLAD","items_purchased":["Swift Strike","Twin Strike","Bag of Marbles","Apotheosis+1","Flex+1"],"campfire_rested":4,"item_purchase_floors":[3,5,22,38,39],"current_hp_per_floor":[80,69,69,75,75,80,80,77,77,77,77,79,79,85,85,42,85,85,85,73,74,74,74,74,78,78,63,90,90,90,90,90,35,90,90,90,90,90,90,90,90,90,90,90,90,80,81,74,90,0,0],"gold":160,"neow_bonus":"THREE_ENEMY_KILL","is_daily":false,"chose_seed":false,"campfire_upgraded":5,"win_rate":0.0,"timestamp":1609087604,"path_taken":["M","?","$","M","?","E","?","?","T","R","?","?","R","M","R","BOSS","M","?","?","M","?","R","$","?","T","?","R","M","M","?","R","BOSS","M","?","?","?","$","E","R","?","T","M","R","?","E","?","R","BOSS"],"items_purchased_type":["Card","Card","Relic","Card","Card"],"build_version":"2020-12-22","purchased_purges":1,"victory":false,"max_hp_per_floor":[80,80,80,80,80,80,80,80,80,80,80,80,80,85,85,85,85,85,85,85,85,85,85,85,85,85,90,90,90,90,90,90,90,90,90,90,90,90,90,90,90,90,90,90,90,90,90,90,90,90,90],"card_choices":[{"not_picked":["Wild Strike","Havoc"],"picked":"Shrug It Off","floor":1},{"not_picked":["Feel No Pain","Flame Barrier"],"picked":"Spot Weakness","floor":4},{"not_picked":["Metallicize","Dual Wield+1"],"picked":"Perfected Strike","floor":6},{"not_picked":["Spot Weakness+1","Perfected Strike"],"picked":"Flex+1","floor":12},{"not_picked":["Anger","True Grit+1","Wild Strike"],"picked":"SKIP","floor":14},{"not_picked":["Barricade","Juggernaut"],"picked":"Double Tap+1","floor":16},{"not_picked":["Warcry+1","Iron Wave"],"picked":"Shrug It Off+1","floor":18},{"not_picked":["Heavy Blade+1","Shrug It Off+1"],"picked":"Pommel Strike","floor":21},{"not_picked":["True Grit+1","Metallicize","Power Through+1"],"picked":"SKIP","floor":25},{"not_picked":["Clothesline+1","Hemokinesis+1","Evolve"],"picked":"SKIP","floor":29},{"not_picked":["Sword Boomerang","Dark Embrace+1"],"picked":"Pummel+1","floor":30},{"not_picked":["Bludgeon","Offering+1"],"picked":"Reaper","floor":33},{"not_picked":["Body Slam+1","Burning Pact+1","Iron Wave"],"picked":"SKIP","floor":35},{"not_picked":["Havoc+1","True Grit+1"],"picked":"Wild Strike+1","floor":40},{"not_picked":["Entrench+1","Warcry+1","True Grit+1"],"picked":"SKIP","floor":44},{"not_picked":["True Grit+1","Sword Boomerang","Flex+1"],"picked":"SKIP","floor":46},{"not_picked":["Clothesline","Anger+1","Cleave+1"],"picked":"SKIP","floor":47},{"not_picked":["Corruption","Havoc+1","Sever Soul+1"],"picked":"SKIP","floor":48}],"player_experience":533068,"relics_obtained":[{"floor":6,"key":"Toxic Egg 2"},{"floor":9,"key":"Ornamental Fan"},{"floor":20,"key":"Enchiridion"},{"floor":26,"key":"MawBank"},{"floor":40,"key":"Sundial"},{"floor":43,"key":"Gremlin Horn"},{"floor":47,"key":"Blood Vial"}],"event_choices":[{"damage_healed":0,"gold_gain":75,"player_choice":"Gather Gold","damage_taken":11,"max_hp_gain":0,"max_hp_loss":0,"event_name":"World of Goop","floor":2,"gold_loss":0},{"cards_removed":["Bash"],"damage_healed":0,"gold_gain":0,"player_choice":"Card Removal","damage_taken":0,"max_hp_gain":0,"max_hp_loss":0,"event_name":"The Cleric","floor":7,"gold_loss":50},{"damage_healed":0,"gold_gain":0,"player_choice":"Success","damage_taken":3,"relics_obtained":["TungstenRod"],"max_hp_gain":0,"max_hp_loss":0,"event_name":"Scrap Ooze","floor":8,"gold_loss":0},{"damage_healed":0,"gold_gain":0,"cards_transformed":["Defend_R"],"player_choice":"Transformed","damage_taken":0,"max_hp_gain":0,"max_hp_loss":0,"event_name":"Transmorgrifier","floor":11,"gold_loss":0,"cards_obtained":["Hemokinesis"]},{"damage_healed":0,"gold_gain":0,"player_choice":"Opened","damage_taken":0,"relics_obtained":["Potion Belt"],"max_hp_gain":0,"max_hp_loss":0,"event_name":"The Mausoleum","floor":19,"gold_loss":0},{"damage_healed":0,"gold_gain":0,"player_choice":"Obtained Book","damage_taken":16,"max_hp_gain":0,"max_hp_loss":0,"event_name":"Cursed Tome","floor":20,"gold_loss":0},{"damage_healed":0,"gold_gain":0,"player_choice":"Shed Blood","damage_taken":21,"max_hp_gain":5,"max_hp_loss":0,"event_name":"Forgotten Altar","floor":27,"gold_loss":0},{"cards_removed":["Defend_R"],"damage_healed":0,"gold_gain":0,"player_choice":"Gave Gold","damage_taken":0,"max_hp_gain":0,"max_hp_loss":0,"event_name":"Beggar","floor":31,"gold_loss":75},{"cards_removed":["Double Tap"],"damage_healed":0,"gold_gain":0,"player_choice":"Removed Skill","damage_taken":0,"max_hp_gain":0,"max_hp_loss":0,"event_name":"Falling","floor":36,"gold_loss":0},{"damage_healed":0,"gold_gain":0,"player_choice":"Ignored","damage_taken":0,"max_hp_gain":0,"max_hp_loss":0,"event_name":"Tomb of Lord Red Mask","floor":37,"gold_loss":0}],"is_beta":false,"boss_relics":[{"not_picked":["Empty Cage","Snecko Eye"],"picked":"Velvet Choker"},{"not_picked":["Black Star","Runic Pyramid"],"picked":"Fusion Hammer"}],"items_purged_floors":[3],"is_endless":false,"potions_floor_spawned":[6,14,16,25,30,35,46,47,48],"killed_by":"Donu and Deca","ascension_level":0}}