{"host":"yvb207ks1sg3cxef","time":1609066842,"event":{"mods":["2.2 Compatiblity","BaseMod","Bestiary","Colored Powertips","Minty Spire (QoL Compilation)","Permanent Neow","Quick Restart","Relic Stats","StSLib"],"gold_per_floor":[133,58,98,98,148,201,233,303,303,303,303],"floor_reached":10,"playtime":566,"items_purged":[],"score":148,"play_id":"eb7def6e-8ba3-46ad-8623-1e9bfc4670cb","local_time":"20201227163042","is_ascension_mode":true,"campfire_choices":[],"circlet_count":0,"master_deck":["AscendersBane","Strike_G","Strike_G","Strike_G","Strike_G","Defend_G","Defend_G","Defend_G","Defend_G","Survivor","Neutralize","HandOfGreed","Flying Knee","Dash","Noxious Fumes","Tools of the Trade","Outmaneuver","Night Terror"],"relics":["Ring of the Snake","Matryoshka","Regal Pillow","Dream Catcher","Lantern"],"acts_visited":["Exordium"],"potions_floor_usage":[6,6],"damage_taken":[{"damage":0,"enemies":"Jaw Worm","floor":1,"turns":3},{"damage":2,"enemies":"Small Slimes","floor":3,"turns":5},{"damage":0,"enemies":"2 Louse","floor":5,"turns":5},{"damage":22,"enemies":"Gremlin Nob","floor":6,"turns":4},{"damage":1,"enemies":"Looter","floor":7,"turns":3},{"damage":27,"enemies":"3 Sentries","floor":8,"turns":8},{"damage":23,"enemies":"Gremlin Nob","floor":10,"turns":3}],"seed_played":"2612266189688700024","potions_obtained":[{"floor":1,"key":"GamblersBrew"},{"floor":5,"key":"GamblersBrew"},{"floor":6,"key":"FairyPotion"}],"is_trial":false,"path_per_floor":["M","?","M","?","M","E","M","E","T","E"],"character_chosen":"THE_SILENT","items_purchased":[],"campfire_rested":0,"item_purchase_floors":[],"current_hp_per_floor":[59,59,57,50,50,28,27,18,18,0,0],"gold":303,"neow_bonus":"RANDOM_COLORLESS_2","is_daily":false,"chose_seed":false,"campfire_upgraded":0,"win_rate":0.0,"timestamp":1609066842,"path_taken":["M","?","M","?","M","E","M","E","T","E"],"items_purchased_type":[],"build_version":"2020-12-22","purchased_purges":0,"victory":false,"max_hp_per_floor":[60,60,60,60,60,60,60,60,60,60,60],"relic_stats":{"Regal Pillow":0,"Dream Catcher":0,"counters":[7,31],"obtain_stats":[{"Regal Pillow":8,"Dream Catcher":9,"Lantern":9,"Matryoshka":6,"Ring of the Snake":0},{"Regal Pillow":6,"Dream Catcher":6,"Lantern":6,"Matryoshka":4,"Ring of the Snake":0},{"Regal Pillow":28,"Dream Catcher":28,"Lantern":28,"Matryoshka":17,"Ring of the Snake":0}],"Ring of the Snake":[14]},"card_choices":[{"not_picked":["The Bomb","Panache"],"picked":"HandOfGreed","floor":0},{"not_picked":["Cloak And Dagger","Slice"],"picked":"Flying Knee","floor":1},{"not_picked":["Quick Slash","Distraction"],"picked":"Dash","floor":3},{"not_picked":["Flying Knee","Bane"],"picked":"Noxious Fumes","floor":5},{"not_picked":["Eviscerate","Masterful Stab"],"picked":"Tools of the Trade","floor":6},{"not_picked":["Setup","Sucker Punch"],"picked":"Outmaneuver","floor":7},{"not_picked":["Die Die Die","Calculated Gamble"],"picked":"Night Terror","floor":8}],"player_experience":234019,"relics_obtained":[{"floor":6,"key":"Matryoshka"},{"floor":8,"key":"Regal Pillow"},{"floor":9,"key":"Dream Catcher"},{"floor":9,"key":"Lantern"}],"event_choices":[{"cards_removed":["Strike_G"],"damage_healed":0,"gold_gain":0,"player_choice":"Card Removal","damage_taken":0,"max_hp_gain":0,"max_hp_loss":0,"event_name":"The Cleric","floor":2,"gold_loss":75},{"cards_removed":["Defend_G"],"damage_healed":0,"gold_gain":0,"player_choice":"Card Removal","damage_taken":7,"max_hp_gain":0,"max_hp_loss":0,"event_name":"Golden Wing","floor":4,"gold_loss":0}],"is_beta":false,"boss_relics":[],"items_purged_floors":[],"is_endless":false,"potions_floor_spawned":[1,5,6],"killed_by":"Gremlin Nob","ascension_level":18}}