{"host":"31s8hzukbhz1k6i6","time":1609031475,"event":{"mods":["BaseMod","Colored Map","Minty Spire (QoL Compilation)","Relic Stats","UnlockEverythingMod"],"gold_per_floor":[110,110,110,123,143,170,170,201,201,201,52,71,71,97,97,199,199,199,109,9,9,9,9,9,9,9,9,9,9,9,9,9,9,9,9,9,9,9,0,0,0,0,0,0,0,0,0,0,0,0,0,0,0,0,0,0],"floor_reached":55,"playtime":1963,"items_purged":["Pain","Strike_G"],"score":1229,"play_id":"e91f16eb-52aa-49b7-8cfc-ec302cf82f5b","local_time":"20201226171115","is_ascension_mode":true,"campfire_choices":[{"data":"Terror","floor":7.0,"key":"SMITH"},{"floor":10.0,"key":"REST"},{"data":"Phantasmal Killer","floor":15.0,"key":"SMITH"},{"floor":25.0,"key":"REST"},{"data":"Dagger Spray","floor":32.0,"key":"SMITH"},{"data":"Finisher","floor":40.0,"key":"SMITH"},{"data":"Outmaneuver","floor":47.0,"key":"SMITH"},{"floor":49.0,"key":"RECALL"},{"data":"Malaise","floor":52.0,"key":"SMITH"}],"circlet_count":0,"master_deck":["Strike_G+1","Strike_G","Defend_G","Defend_G+1","Defend_G","Defend_G","Defend_G","Survivor","Neutralize","Dagger Spray","Dagger Spray+1","Poisoned Stab+1","Terror+1","Noxious Fumes","Finisher+1","Phantasmal Killer+1","Malaise+1","Blade Dance","Backstab+1","Blade Dance+1","Well Laid Plans+1","After Image+1","Acrobatics+1","Acrobatics","Crippling Poison+1","Footwork+1","Acrobatics+1","Outmaneuver+1","PiercingWail+1"],"relics":["Ring of the Snake","NeowsBlessing","WarpedTongs","Matryoshka","Shuriken","Pen Nib","Frozen Egg 2","Ancient Tea Set","Ectoplasm","Torii","Bag of Preparation","Strawberry","Oddly Smooth Stone","Orichalcum","Omamori","Sozu","Red Mask","Bronze Scales","Tough Bandages","PreservedInsect","Pear","Boot"],"acts_visited":["Exordium","TheCity","TheBeyond","TheEnding"],"potions_floor_usage":[],"damage_taken":[{"damage":0.0,"enemies":"Jaw Worm","floor":1.0,"turns":1.0},{"damage":0.0,"enemies":"Cultist","floor":4.0,"turns":1.0},{"damage":2.0,"enemies":"2 Louse","floor":5.0,"turns":1.0},{"damage":33.0,"enemies":"Lagavulin","floor":6.0,"turns":8.0},{"damage":10.0,"enemies":"Gremlin Nob","floor":8.0,"turns":3.0},{"damage":4.0,"enemies":"Large Slime","floor":12.0,"turns":2.0},{"damage":0.0,"enemies":"Lagavulin","floor":14.0,"turns":2.0},{"damage":8.0,"enemies":"Hexaghost","floor":16.0,"turns":4.0},{"damage":6.0,"enemies":"Shell Parasite","floor":18.0,"turns":3.0},{"damage":10.0,"enemies":"Spheric Guardian","floor":21.0,"turns":4.0},{"damage":13.0,"enemies":"Gremlin Leader","floor":23.0,"turns":6.0},{"damage":7.0,"enemies":"Snake Plant","floor":28.0,"turns":3.0},{"damage":1.0,"enemies":"Slavers","floor":29.0,"turns":4.0},{"damage":0.0,"enemies":"Snecko","floor":30.0,"turns":3.0},{"damage":0.0,"enemies":"Book of Stabbing","floor":31.0,"turns":4.0},{"damage":0.0,"enemies":"Automaton","floor":33.0,"turns":3.0},{"damage":16.0,"enemies":"3 Shapes","floor":35.0,"turns":3.0},{"damage":0.0,"enemies":"3 Darklings","floor":36.0,"turns":2.0},{"damage":1.0,"enemies":"Jaw Worm Horde","floor":38.0,"turns":3.0},{"damage":0.0,"enemies":"Nemesis","floor":41.0,"turns":5.0},{"damage":0.0,"enemies":"Mind Bloom Boss Battle","floor":42.0,"turns":2.0},{"damage":3.0,"enemies":"Sphere and 2 Shapes","floor":45.0,"turns":4.0},{"damage":0.0,"enemies":"Spire Growth","floor":46.0,"turns":3.0},{"damage":0.0,"enemies":"Giant Head","floor":48.0,"turns":6.0},{"damage":16.0,"enemies":"Donu and Deca","floor":50.0,"turns":6.0},{"damage":0.0,"enemies":"Shield and Spear","floor":54.0,"turns":5.0},{"damage":77,"enemies":"The Heart","floor":55,"turns":5}],"seed_played":"8874055380126950847","potions_obtained":[{"floor":4.0,"key":"ColorlessPotion"},{"floor":5.0,"key":"SteroidPotion"},{"floor":6.0,"key":"FearPotion"},{"floor":14.0,"key":"SkillPotion"},{"floor":16.0,"key":"ColorlessPotion"},{"floor":18.0,"key":"ColorlessPotion"},{"floor":28.0,"key":"SkillPotion"},{"floor":29.0,"key":"Fire Potion"},{"floor":30.0,"key":"DistilledChaos"}],"is_trial":false,"path_per_floor":["M","?","?","M","M","E","R","E","T","R","$","M","?","E","R","B",null,"M","?","$","M","$","E","?","R","T","T","M","E","M","E","R","B",null,"M","M","?","M","?","R","E","?","T","T","M","M","R","E","R","B",null,"R","$","E","B"],"character_chosen":"THE_SILENT","items_purchased":["Finisher"],"campfire_rested":2,"item_purchase_floors":[11],"current_hp_per_floor":[63,56,56,56,54,21,21,11,11,32,32,28,14,14,14,6,54,48,48,48,38,38,25,12,34,41,41,34,33,33,33,33,33,70,54,54,54,53,53,53,53,53,53,53,50,50,50,60,60,44,77,77,77,77,0,0],"gold":0,"neow_bonus":"THREE_ENEMY_KILL","is_daily":false,"chose_seed":false,"campfire_upgraded":6,"win_rate":0.0,"timestamp":1609031475,"path_taken":["M","?","?","?","M","E","R","E","T","R","?","M","?","E","R","BOSS","M","?","$","M","?","E","?","R","T","?","M","E","?","E","R","BOSS","M","M","?","M","?","R","E","?","T","?","M","M","R","E","R","BOSS","R","$","E","BOSS"],"items_purchased_type":["Card"],"build_version":"2020-12-22","purchased_purges":2,"victory":false,"max_hp_per_floor":[70,70,70,70,70,70,70,70,70,70,70,70,70,70,70,70,70,70,70,70,70,70,70,75,75,82,82,82,82,82,82,82,82,82,82,82,78,78,78,78,78,78,78,78,78,78,78,88,88,88,88,88,88,88,88,88],"relic_stats":{"Torii":25,"counters":[27,96],"Pen Nib":[25],"PreservedInsect":193,"Bag of Preparation":[32],"Orichalcum":[24],"Boot":[2],"WarpedTongs":[95],"Sozu":3,"Tough Bandages":[63],"Shuriken":[57],"Bronze Scales":[132],"Ectoplasm":602,"obtain_stats":[{"Pear":48,"NeowsBlessing":0,"Torii":23,"Oddly Smooth Stone":27,"Pen Nib":9,"PreservedInsect":44,"Bag of Preparation":26,"Omamori":31,"Frozen Egg 2":9,"Orichalcum":29,"Ancient Tea Set":14,"Boot":54,"WarpedTongs":3,"Sozu":34,"Tough Bandages":42,"Matryoshka":6,"Shuriken":8,"Strawberry":26,"Bronze Scales":41,"Ectoplasm":17,"Red Mask":39,"Ring of the Snake":0},{"Pear":24,"NeowsBlessing":0,"Torii":11,"Oddly Smooth Stone":11,"Pen Nib":5,"PreservedInsect":21,"Bag of Preparation":11,"Omamori":15,"Frozen Egg 2":5,"Orichalcum":13,"Ancient Tea Set":7,"Boot":26,"WarpedTongs":1,"Sozu":16,"Tough Bandages":21,"Matryoshka":4,"Shuriken":5,"Strawberry":11,"Bronze Scales":20,"Ectoplasm":8,"Red Mask":19,"Ring of the Snake":0},{"Pear":80,"NeowsBlessing":0,"Torii":35,"Oddly Smooth Stone":35,"Pen Nib":14,"PreservedInsect":67,"Bag of Preparation":35,"Omamori":49,"Frozen Egg 2":14,"Orichalcum":42,"Ancient Tea Set":18,"Boot":91,"WarpedTongs":1,"Sozu":52,"Tough Bandages":67,"Matryoshka":11,"Shuriken":14,"Strawberry":35,"Bronze Scales":65,"Ectoplasm":22,"Red Mask":60,"Ring of the Snake":0}],"Ring of the Snake":[54]},"card_choices":[{"not_picked":["Prepared","Dagger Throw"],"picked":"Dagger Spray","floor":1.0},{"not_picked":["Flying Knee","Reflex"],"picked":"Dagger Spray","floor":4.0},{"not_picked":["Expertise","Underhanded Strike"],"picked":"Poisoned Stab","floor":5.0},{"not_picked":["All Out Attack","Well Laid Plans"],"picked":"Terror","floor":6.0},{"not_picked":["Dagger Throw","Masterful Stab"],"picked":"Noxious Fumes","floor":8.0},{"not_picked":["Catalyst","Riddle With Holes","Underhanded Strike"],"picked":"SKIP","floor":12.0},{"not_picked":["Outmaneuver","Dash"],"picked":"Phantasmal Killer","floor":14.0},{"not_picked":["A Thousand Cuts+1","Phantasmal Killer"],"picked":"Malaise","floor":16.0},{"not_picked":["Bane+1","Quick Slash","Expertise"],"picked":"SKIP","floor":18.0},{"not_picked":["Bouncing Flask","Eviscerate+1"],"picked":"Blade Dance","floor":21.0},{"not_picked":["Tactician","Slice+1","Concentrate"],"picked":"SKIP","floor":23.0},{"not_picked":["Dagger Throw+1","Dodge and Roll"],"picked":"Backstab+1","floor":28.0},{"not_picked":["Masterful Stab","Prepared","Bane+1"],"picked":"SKIP","floor":29.0},{"not_picked":["Bane","Cloak And Dagger"],"picked":"Blade Dance+1","floor":30.0},{"not_picked":["Dodge and Roll","Bouncing Flask"],"picked":"Well Laid Plans+1","floor":31.0},{"not_picked":["Grand Finale","Burst"],"picked":"After Image+1","floor":33.0},{"not_picked":["Slice","Deadly Poison+1"],"picked":"Acrobatics+1","floor":35.0},{"not_picked":["Bane","Concentrate"],"picked":"Acrobatics","floor":36.0},{"not_picked":["Dagger Spray","Tactician"],"picked":"Crippling Poison+1","floor":38.0},{"not_picked":["Corpse Explosion","Flechettes","Sucker Punch+1"],"picked":"SKIP","floor":41.0},{"not_picked":["Eviscerate","Bane+1"],"picked":"Footwork+1","floor":42.0},{"not_picked":["Cloak And Dagger","Outmaneuver"],"picked":"Acrobatics+1","floor":45.0},{"not_picked":["Bane","Outmaneuver","Deadly Poison"],"picked":"SKIP","floor":46.0},{"not_picked":["Bane","Deadly Poison"],"picked":"Outmaneuver","floor":46.0},{"not_picked":["Dodge and Roll+1","Dagger Spray+1"],"picked":"PiercingWail+1","floor":48.0},{"not_picked":["PiercingWail","Expertise+1","Reflex"],"picked":"SKIP","floor":54.0}],"player_experience":25086,"relics_obtained":[{"floor":6.0,"key":"Matryoshka"},{"floor":8.0,"key":"Shuriken"},{"floor":9.0,"key":"Pen Nib"},{"floor":9.0,"key":"Frozen Egg 2"},{"floor":14.0,"key":"Ancient Tea Set"},{"floor":23.0,"key":"Torii"},{"floor":26.0,"key":"Bag of Preparation"},{"floor":26.0,"key":"Strawberry"},{"floor":27.0,"key":"Oddly Smooth Stone"},{"floor":29.0,"key":"Orichalcum"},{"floor":31.0,"key":"Omamori"},{"floor":41.0,"key":"Bronze Scales"},{"floor":42.0,"key":"Tough Bandages"},{"floor":44.0,"key":"PreservedInsect"},{"floor":48.0,"key":"Pear"},{"floor":54.0,"key":"Boot"}],"event_choices":[{"cards_removed":["Strike_G"],"damage_healed":0.0,"max_hp_gain":0.0,"max_hp_loss":0.0,"gold_gain":0.0,"event_name":"Golden Wing","player_choice":"Card Removal","floor":2.0,"gold_loss":0.0,"damage_taken":7.0},{"damage_healed":0.0,"max_hp_gain":0.0,"max_hp_loss":0.0,"gold_gain":0.0,"event_name":"Accursed Blacksmith","player_choice":"Rummage","floor":3.0,"gold_loss":0.0,"damage_taken":0.0,"relics_obtained":["WarpedTongs"],"cards_obtained":["Pain"]},{"damage_healed":0.0,"max_hp_gain":0.0,"max_hp_loss":0.0,"gold_gain":0.0,"event_name":"Shining Light","player_choice":"Entered Light","floor":13.0,"gold_loss":0.0,"damage_taken":14.0,"cards_upgraded":["Defend_G","Strike_G"]},{"cards_removed":["Strike_G"],"damage_healed":0.0,"max_hp_gain":0.0,"max_hp_loss":0.0,"gold_gain":0.0,"event_name":"Designer","player_choice":"Upgrade and Remove","floor":19.0,"gold_loss":90.0,"damage_taken":0.0,"cards_upgraded":["Poisoned Stab"]},{"damage_healed":0.0,"max_hp_gain":5.0,"max_hp_loss":0.0,"gold_gain":0.0,"event_name":"Forgotten Altar","player_choice":"Shed Blood","floor":24.0,"gold_loss":0.0,"damage_taken":18.0},{"damage_healed":0.0,"max_hp_gain":0.0,"max_hp_loss":4.0,"gold_gain":0.0,"event_name":"Winding Halls","player_choice":"Max HP","floor":37.0,"gold_loss":0.0,"damage_taken":0.0},{"damage_healed":0.0,"max_hp_gain":0.0,"max_hp_loss":0.0,"gold_gain":0.0,"event_name":"Tomb of Lord Red Mask","player_choice":"Paid","floor":39.0,"gold_loss":9.0,"damage_taken":0.0,"relics_obtained":["Red Mask"]},{"damage_healed":0.0,"max_hp_gain":0.0,"max_hp_loss":0.0,"gold_gain":0.0,"event_name":"MindBloom","player_choice":"Fight","floor":42.0,"gold_loss":0.0,"damage_taken":0.0}],"is_beta":false,"boss_relics":[{"not_picked":["Velvet Choker","SacredBark"],"picked":"Ectoplasm"},{"not_picked":["Black Star","Tiny House"],"picked":"Sozu"}],"items_purged_floors":[11,20],"is_endless":false,"potions_floor_spawned":[4,5,6,14,16,18,28,29,30,36,38,46],"killed_by":"The Heart","ascension_level":6}}