{"host":"qxeepl7ydvsgmfdb","time":1609086056,"event":{"mods":["AchievementEnabler","BaseMod","Colored Powertips","Minty Spire (QoL Compilation)","Quick Restart","slay the spire mod where everything is the same but ironclad has a cowboy hat"],"gold_per_floor":[116,142,69,81,56,81,81,94,94,94,269,280,280,355,355,451,451,464,86,86,86,1,1,1,1,28,60,71,82,82,82],"floor_reached":30,"playtime":633,"items_purged":["Doubt"],"score":401,"play_id":"cdfdbb52-86af-49a0-b579-f0c688f9e70e","local_time":"20201227112056","is_ascension_mode":true,"campfire_choices":[{"data":"Noxious Fumes","floor":7,"key":"SMITH"},{"data":"Deadly Poison","floor":13,"key":"SMITH"},{"floor":15,"key":"REST"}],"circlet_count":0,"master_deck":["Strike_G","Strike_G","Strike_G","Strike_G","Strike_G","Defend_G","Defend_G","Defend_G","Defend_G","Defend_G","Survivor","Neutralize","Poisoned Stab+1","Noxious Fumes+1","Deadly Poison+1","Deflect","Cloak And Dagger","Poisoned Stab+1","Sucker Punch","Venomology","Backflip+1","Blade Dance","Cloak And Dagger+1"],"relics":["Ring of the Snake","NeowsBlessing","MealTicket","Turnip","HornCleat","Black Star","Lee\u0027s Waffle","Strawberry","Toxic Egg 2","Pantograph","InkBottle","Dream Catcher","Molten Egg 2","Vajra"],"acts_visited":["Exordium","TheCity"],"potions_floor_usage":[16,23,27,27,28,29,29,29,29,29],"damage_taken":[{"damage":0,"enemies":"Cultist","floor":1,"turns":1},{"damage":0,"enemies":"Small Slimes","floor":4,"turns":1},{"damage":0,"enemies":"Gremlin Nob","floor":6,"turns":1},{"damage":1,"enemies":"Jaw Worm","floor":8,"turns":4},{"damage":1,"enemies":"Looter","floor":12,"turns":3},{"damage":13,"enemies":"Hexaghost","floor":16,"turns":8},{"damage":10,"enemies":"Shell Parasite","floor":18,"turns":5},{"damage":4,"enemies":"Gremlin Leader","floor":23,"turns":4},{"damage":39,"enemies":"Book of Stabbing","floor":27,"turns":7},{"damage":0,"enemies":"3 Byrds","floor":28,"turns":3},{"damage":7,"enemies":"Snake Plant","floor":29,"turns":4},{"damage":26,"enemies":"Colosseum Slavers","floor":30,"turns":3}],"seed_played":"191911082845650729","potions_obtained":[{"floor":6,"key":"SmokeBomb"},{"floor":12,"key":"LiquidBronze"},{"floor":16,"key":"FearPotion"},{"floor":28,"key":"Energy Potion"},{"floor":29,"key":"Fruit Juice"}],"is_trial":false,"path_per_floor":["M","T","$","M","$","E","R","M","T","?","?","M","R","?","R","B",null,"M","$","?","?","?","E","T","?","T","E","M","M","?"],"character_chosen":"THE_SILENT","items_purchased":["Noxious Fumes","Deflect","Lee\u0027s Waffle","Strawberry"],"campfire_rested":1,"item_purchase_floors":[3,5,19,19],"current_hp_per_floor":[63,63,70,70,70,70,70,69,69,55,55,54,54,43,64,51,65,55,84,84,68,68,64,64,64,64,25,25,23,0,0],"gold":82,"neow_bonus":"THREE_ENEMY_KILL","is_daily":false,"chose_seed":false,"campfire_upgraded":2,"win_rate":0.0,"timestamp":1609086056,"path_taken":["M","?","$","M","$","E","R","M","T","?","?","M","R","?","R","BOSS","M","$","?","?","?","E","?","?","T","E","?","M","?"],"items_purchased_type":["Card","Card","Relic","Relic"],"build_version":"2020-12-22","purchased_purges":1,"victory":false,"max_hp_per_floor":[70,70,70,70,70,70,70,70,70,70,70,70,70,70,70,70,70,70,84,84,84,84,84,84,84,84,84,84,89,89,89],"card_choices":[{"not_picked":["Dagger Spray","Eviscerate"],"picked":"Poisoned Stab","floor":1},{"not_picked":["Endless Agony","Prepared"],"picked":"Deadly Poison","floor":4},{"not_picked":["Predator","Backflip"],"picked":"Cloak And Dagger","floor":6},{"not_picked":["Backflip","Deflect"],"picked":"Poisoned Stab","floor":8},{"not_picked":["Flying Knee","Caltrops"],"picked":"Sucker Punch","floor":12},{"not_picked":["Night Terror","Phantasmal Killer"],"picked":"Venomology","floor":16},{"not_picked":["Flying Knee","Dodge and Roll+1"],"picked":"Backflip+1","floor":18},{"not_picked":["Flechettes+1","Catalyst+1"],"picked":"Cloak And Dagger+1","floor":27},{"not_picked":["Accuracy","Outmaneuver+1","Predator+1"],"picked":"SKIP","floor":28},{"not_picked":["Skewer+1","Crippling Poison+1","Flying Knee+1"],"picked":"SKIP","floor":29}],"player_experience":406761,"relics_obtained":[{"floor":2,"key":"MealTicket"},{"floor":6,"key":"Turnip"},{"floor":9,"key":"HornCleat"},{"floor":24,"key":"Pantograph"},{"floor":26,"key":"Dream Catcher"},{"floor":27,"key":"Molten Egg 2"},{"floor":27,"key":"Vajra"}],"event_choices":[{"damage_healed":0,"gold_gain":0,"player_choice":"Entered Light","damage_taken":14,"max_hp_gain":0,"max_hp_loss":0,"event_name":"Shining Light","floor":10,"gold_loss":0,"cards_upgraded":["Poisoned Stab","Poisoned Stab"]},{"damage_healed":0,"gold_gain":175,"player_choice":"AGREE","damage_taken":0,"max_hp_gain":0,"max_hp_loss":0,"event_name":"Liars Game","floor":11,"gold_loss":0,"cards_obtained":["Doubt"]},{"damage_healed":0,"gold_gain":75,"player_choice":"Gather Gold","damage_taken":11,"max_hp_gain":0,"max_hp_loss":0,"event_name":"World of Goop","floor":14,"gold_loss":0},{"damage_healed":0,"gold_gain":0,"player_choice":"Read","damage_taken":0,"max_hp_gain":0,"max_hp_loss":0,"event_name":"The Library","floor":20,"gold_loss":0,"cards_obtained":["Blade Dance"]},{"damage_healed":0,"gold_gain":0,"player_choice":"Obtained Book","damage_taken":16,"max_hp_gain":0,"max_hp_loss":0,"event_name":"Cursed Tome","floor":21,"gold_loss":0},{"damage_healed":0,"gold_gain":0,"player_choice":"Obtained Relic","damage_taken":0,"relics_obtained":["Toxic Egg 2"],"max_hp_gain":0,"max_hp_loss":0,"event_name":"Addict","floor":22,"gold_loss":85},{"damage_healed":0,"gold_gain":0,"player_choice":"Gave Potion","damage_taken":0,"relics_obtained":["InkBottle"],"max_hp_gain":0,"max_hp_loss":0,"event_name":"WeMeetAgain","floor":25,"gold_loss":0},{"damage_healed":0,"gold_gain":0,"player_choice":"Fight","damage_taken":0,"max_hp_gain":0,"max_hp_loss":0,"event_name":"Colosseum","floor":30,"gold_loss":0}],"is_beta":false,"boss_relics":[{"not_picked":["Runic Pyramid","Fusion Hammer"],"picked":"Black Star"}],"items_purged_floors":[19],"is_endless":false,"potions_floor_spawned":[6,12,16,27,28,29],"killed_by":"Colosseum Slavers","ascension_level":6}}