{"host":"31s8hzukbhz1k6i6","time":1609109739,"event":{"mods":["BaseMod","Colored Map","Minty Spire (QoL Compilation)","Relic Stats","UnlockEverythingMod"],"gold_per_floor":[118,293,316,43,53,80,80,112,136,136,171,183,214,226,226,328,328,339,354,354,374,57,57,82,82,130,130,141,158,191,58,58,155,155,172,187,187,237,62,62,88,88,88,123,141,166,23,58,58,58,58,58,58,89,89],"floor_reached":56,"playtime":2783,"items_purged":["Doubt","Strike_B","Strike_B"],"score":1736,"play_id":"398379d5-d163-47b6-af42-922e0cfaad89","local_time":"20201227145539","is_ascension_mode":true,"campfire_choices":[{"data":"Chaos","floor":7.0,"key":"SMITH"},{"data":"Loop","floor":10.0,"key":"SMITH"},{"data":"Loop","floor":15.0,"key":"SMITH"},{"data":"Defragment","floor":23.0,"key":"SMITH"},{"data":"Reinforced Body","floor":25.0,"key":"SMITH"},{"data":"Electrodynamics","floor":27.0,"key":"SMITH"},{"data":"Capacitor","floor":32.0,"key":"SMITH"},{"data":"Coolheaded","floor":40.0,"key":"SMITH"},{"data":"Rainbow","floor":42.0,"key":"SMITH"},{"floor":49.0,"key":"RECALL"},{"data":"Buffer","floor":52.0,"key":"SMITH"}],"circlet_count":0,"master_deck":["Defend_B","Defend_B","Defend_B","Defend_B","Zap","Dualcast","Chaos+1","Chill+1","Loop+1","Cold Snap","Coolheaded+1","Ball Lightning","Loop+1","Electrodynamics+1","Compile Driver","Compile Driver+1","Defragment+1","Reinforced Body+1","Skim","Coolheaded+1","Capacitor+1","Rainbow+1","Echo Form","Glacier+1","White Noise+1","Finesse","Compile Driver","Buffer+1","Conserve Battery+1","Biased Cognition"],"relics":["Cracked Core","Boot","DataDisk","PreservedInsect","Pen Nib","Potion Belt","Vajra","Toy Ornithopter","Empty Cage","Lee\u0027s Waffle","White Beast Statue","MealTicket","MawBank","Nuclear Battery","Mango","Art of War","Ancient Tea Set","Nunchaku","Runic Capacitor","Lantern","Oddly Smooth Stone"],"acts_visited":["Exordium","TheCity","TheBeyond","TheEnding"],"potions_floor_usage":[55,55,55,55],"damage_taken":[{"damage":0.0,"enemies":"2 Louse","floor":1.0,"turns":3.0},{"damage":2.0,"enemies":"Jaw Worm","floor":5.0,"turns":4.0},{"damage":23.0,"enemies":"Gremlin Nob","floor":6.0,"turns":4.0},{"damage":0.0,"enemies":"Lagavulin","floor":8.0,"turns":7.0},{"damage":12.0,"enemies":"Gremlin Nob","floor":11.0,"turns":4.0},{"damage":0.0,"enemies":"Small Slimes","floor":12.0,"turns":2.0},{"damage":0.0,"enemies":"Lagavulin","floor":13.0,"turns":4.0},{"damage":0.0,"enemies":"Gremlin Gang","floor":14.0,"turns":4.0},{"damage":2.0,"enemies":"The Guardian","floor":16.0,"turns":9.0},{"damage":25.0,"enemies":"2 Thieves","floor":18.0,"turns":3.0},{"damage":9.0,"enemies":"Spheric Guardian","floor":19.0,"turns":4.0},{"damage":18.0,"enemies":"Snake Plant","floor":21.0,"turns":4.0},{"damage":27.0,"enemies":"Book of Stabbing","floor":24.0,"turns":4.0},{"damage":0.0,"enemies":"Centurion and Healer","floor":28.0,"turns":4.0},{"damage":2.0,"enemies":"3 Cultists","floor":29.0,"turns":3.0},{"damage":11.0,"enemies":"Slavers","floor":30.0,"turns":2.0},{"damage":28.0,"enemies":"Collector","floor":33.0,"turns":7.0},{"damage":29.0,"enemies":"3 Darklings","floor":35.0,"turns":4.0},{"damage":0.0,"enemies":"3 Shapes","floor":36.0,"turns":4.0},{"damage":0.0,"enemies":"Mind Bloom Boss Battle","floor":38.0,"turns":5.0},{"damage":12.0,"enemies":"Giant Head","floor":41.0,"turns":6.0},{"damage":0.0,"enemies":"Nemesis","floor":44.0,"turns":6.0},{"damage":0.0,"enemies":"Jaw Worm Horde","floor":45.0,"turns":4.0},{"damage":0.0,"enemies":"Giant Head","floor":46.0,"turns":5.0},{"damage":10.0,"enemies":"Reptomancer","floor":48.0,"turns":4.0},{"damage":15.0,"enemies":"Donu and Deca","floor":50.0,"turns":8.0},{"damage":11.0,"enemies":"Shield and Spear","floor":54.0,"turns":7.0},{"damage":40,"enemies":"The Heart","floor":55,"turns":10}],"seed_played":"3245748071105775546","potions_obtained":[{"floor":1.0,"key":"Strength Potion"},{"floor":5.0,"key":"Explosive Potion"},{"floor":8.0,"key":"FearPotion"},{"floor":12.0,"key":"Fire Potion"},{"floor":21.0,"key":"Strength Potion"},{"floor":28.0,"key":"GamblersBrew"},{"floor":29.0,"key":"Block Potion"},{"floor":30.0,"key":"SpeedPotion"},{"floor":33.0,"key":"SteroidPotion"},{"floor":35.0,"key":"FairyPotion"},{"floor":36.0,"key":"Ancient Potion"},{"floor":38.0,"key":"Fruit Juice"},{"floor":41.0,"key":"BlessingOfTheForge"},{"floor":44.0,"key":"DuplicationPotion"},{"floor":46.0,"key":"PowerPotion"}],"is_trial":false,"path_per_floor":["M","?","T","$","M","E","R","E","T","R","E","M","E","M","R","B",null,"M","M","?","M","$","R","E","R","T","R","M","M","E","$","R","B",null,"M","M","?","?","$","R","E","R","T","E","M","E","$","E","R","B",null,"R","$","E","B",null],"character_chosen":"DEFECT","items_purchased":["Chill","Loop","Fire Potion","Lee\u0027s Waffle","Defragment","Capacitor","Rainbow","Compile Driver","Runic Capacitor"],"campfire_rested":0,"item_purchase_floors":[4,4,4,22,22,31,31,39,47],"current_hp_per_floor":[75,75,75,75,73,50,50,50,50,50,38,38,38,38,38,41,67,42,33,33,15,82,82,55,55,55,55,55,53,42,57,57,34,70,41,41,31,45,60,60,58,58,58,58,58,58,73,63,63,48,88,88,101,90,66],"gold":89,"neow_bonus":"RANDOM_COMMON_RELIC","is_daily":false,"chose_seed":false,"campfire_upgraded":10,"win_rate":0.0,"timestamp":1609109739,"path_taken":["M","?","?","$","M","E","R","E","T","R","E","M","E","M","R","BOSS","M","M","?","M","$","R","E","R","T","R","M","?","E","$","R","BOSS","M","M","?","?","$","R","E","R","T","E","M","E","$","E","R","BOSS","R","$","E","BOSS"],"items_purchased_type":["Card","Card","Potion","Relic","Card","Card","Card","Card","Relic"],"build_version":"2020-12-22","purchased_purges":3,"victory":true,"max_hp_per_floor":[75,75,75,75,75,75,75,75,75,75,75,75,75,75,75,75,75,75,75,75,75,82,82,82,82,82,82,82,82,82,82,82,82,82,82,82,82,96,96,96,101,101,101,101,101,101,101,101,101,101,101,101,101,101,101],"relic_stats":{"Lee\u0027s Waffle":67,"Nunchaku":[3],"counters":[28,132],"MealTicket":58,"PreservedInsect":585,"Pen Nib":[11],"Art of War":[17],"Boot":[41],"MawBank":12,"obtain_stats":[{"Potion Belt":9,"Lee\u0027s Waffle":22,"Lantern":48,"Vajra":11,"Oddly Smooth Stone":54,"Mango":38,"PreservedInsect":6,"Pen Nib":8,"Runic Capacitor":47,"Boot":0,"Empty Cage":17,"MawBank":30,"Ancient Tea Set":44,"White Beast Statue":24,"Nuclear Battery":34,"DataDisk":3,"Nunchaku":46,"MealTicket":26,"Art of War":41,"Cracked Core":0,"Toy Ornithopter":13},{"Potion Belt":4,"Lee\u0027s Waffle":12,"Lantern":25,"Vajra":5,"Oddly Smooth Stone":27,"Mango":20,"PreservedInsect":3,"Pen Nib":4,"Runic Capacitor":24,"Boot":0,"Empty Cage":9,"MawBank":16,"Ancient Tea Set":22,"White Beast Statue":13,"Nuclear Battery":17,"DataDisk":1,"Nunchaku":24,"MealTicket":13,"Art of War":21,"Cracked Core":0,"Toy Ornithopter":7},{"Potion Belt":18,"Lee\u0027s Waffle":51,"Lantern":108,"Vajra":22,"Oddly Smooth Stone":122,"Mango":83,"PreservedInsect":11,"Pen Nib":18,"Runic Capacitor":104,"Boot":0,"Empty Cage":41,"MawBank":64,"Ancient Tea Set":95,"White Beast Statue":55,"Nuclear Battery":71,"DataDisk":3,"Nunchaku":104,"MealTicket":55,"Art of War":89,"Cracked Core":0,"Toy Ornithopter":28}],"Toy Ornithopter":31},"card_choices":[{"not_picked":["Self Repair","Redo"],"picked":"Chaos","floor":1.0},{"not_picked":["Rebound","Sweeping Beam"],"picked":"Cold Snap","floor":5.0},{"not_picked":["Scrape","Gash"],"picked":"Coolheaded","floor":6.0},{"not_picked":["Beam Cell","Gash","Turbo"],"picked":"SKIP","floor":8.0},{"not_picked":["Reinforced Body","Beam Cell"],"picked":"Ball Lightning","floor":11.0},{"not_picked":["Sweeping Beam","Cold Snap","Barrage"],"picked":"SKIP","floor":12.0},{"not_picked":["Streamline","Cold Snap","Sweeping Beam"],"picked":"SKIP","floor":13.0},{"not_picked":["Genetic Algorithm","Conserve Battery"],"picked":"Loop","floor":14.0},{"not_picked":["Core Surge","Reboot"],"picked":"Electrodynamics","floor":16.0},{"not_picked":["Hologram","Turbo"],"picked":"Compile Driver","floor":18.0},{"not_picked":["Rebound+1","Recycle","Static Discharge"],"picked":"SKIP","floor":19.0},{"not_picked":["Gash+1","Streamline"],"picked":"Compile Driver+1","floor":21.0},{"not_picked":["FTL","Leap"],"picked":"Reinforced Body","floor":24.0},{"not_picked":["Reprogram","Thunder Strike","Sweeping Beam+1"],"picked":"SKIP","floor":28.0},{"not_picked":["Streamline","Loop"],"picked":"Skim","floor":29.0},{"not_picked":["Double Energy","Scrape"],"picked":"Coolheaded+1","floor":30.0},{"not_picked":["Thunder Strike","Fission"],"picked":"Echo Form","floor":33.0},{"not_picked":["Turbo","Fusion"],"picked":"Glacier+1","floor":35.0},{"not_picked":["Streamline+1","Cold Snap+1"],"picked":"White Noise+1","floor":36.0},{"not_picked":["Secret Technique","Bandage Up"],"picked":"Finesse","floor":37.0},{"not_picked":["Barrage+1","Beam Cell+1","Steam"],"picked":"SKIP","floor":41.0},{"not_picked":["Turbo+1","Ball Lightning+1","Beam Cell+1"],"picked":"SKIP","floor":44.0},{"not_picked":["Leap+1","Sunder"],"picked":"Buffer","floor":45.0},{"not_picked":["Multi-Cast","Sweeping Beam+1","Streamline"],"picked":"SKIP","floor":46.0},{"not_picked":["Go for the Eyes+1","Melter"],"picked":"Conserve Battery+1","floor":48.0},{"not_picked":["Gash","Hyperbeam"],"picked":"Biased Cognition","floor":54.0}],"player_experience":40521,"relics_obtained":[{"floor":3.0,"key":"DataDisk"},{"floor":6.0,"key":"PreservedInsect"},{"floor":8.0,"key":"Pen Nib"},{"floor":9.0,"key":"Potion Belt"},{"floor":11.0,"key":"Vajra"},{"floor":13.0,"key":"Toy Ornithopter"},{"floor":24.0,"key":"White Beast Statue"},{"floor":26.0,"key":"MealTicket"},{"floor":30.0,"key":"MawBank"},{"floor":38.0,"key":"Mango"},{"floor":41.0,"key":"Art of War"},{"floor":44.0,"key":"Ancient Tea Set"},{"floor":46.0,"key":"Nunchaku"},{"floor":48.0,"key":"Lantern"},{"floor":54.0,"key":"Oddly Smooth Stone"}],"event_choices":[{"damage_healed":0.0,"max_hp_gain":0.0,"max_hp_loss":0.0,"gold_gain":175.0,"event_name":"Liars Game","player_choice":"AGREE","floor":2.0,"gold_loss":0.0,"damage_taken":0.0,"cards_obtained":["Doubt"]},{"damage_healed":0.0,"max_hp_gain":0.0,"max_hp_loss":0.0,"gold_gain":0.0,"event_name":"Upgrade Shrine","player_choice":"Upgraded","floor":20.0,"gold_loss":0.0,"damage_taken":0.0,"cards_upgraded":["Chill"]},{"damage_healed":0.0,"max_hp_gain":0.0,"max_hp_loss":0.0,"gold_gain":0.0,"event_name":"SensoryStone","player_choice":"Memory 3","floor":37.0,"gold_loss":0.0,"damage_taken":10.0},{"damage_healed":0.0,"max_hp_gain":0.0,"max_hp_loss":0.0,"gold_gain":0.0,"event_name":"MindBloom","player_choice":"Fight","floor":38.0,"gold_loss":0.0,"damage_taken":0.0}],"is_beta":false,"boss_relics":[{"not_picked":["Snecko Eye","Calling Bell"],"picked":"Empty Cage"},{"not_picked":["Runic Pyramid","Black Star"],"picked":"Nuclear Battery"}],"items_purged_floors":[4,22,39],"is_endless":false,"potions_floor_spawned":[1,5,8,12,21,28,29,30,33,35,36,38,41,44,45,46,48,54],"ascension_level":5}}