{"host":"utqe55yv0jihe4d6","time":1609028193,"event":{"mods":["2.2 Compatiblity","AchievementEnabler","BaseMod","Block Reminder","Colored Map","Colored Powertips","Minty Spire (QoL Compilation)","Quick Restart","Rare Cards Sparkle","Relic Stats","SuperFastMode"],"gold_per_floor":[109,34,34,51,65,65,97,116,116,130,130,160,31,49,49,124,124,144,144,60,72,72,105,105,133,159,159,178,213,231,243,243,320,320,337,348,399,21,32,57,76,109,157,191,216,216,13,31,31,31,31,31,31,31,64,64],"floor_reached":57,"playtime":3285,"items_purged":["Strike_R","Strike_R"],"score":2979,"play_id":"e2ebb514-1d73-481f-b42f-83b511d30bb7","local_time":"20201226191633","is_ascension_mode":true,"campfire_choices":[{"floor":6.0,"key":"REST"},{"floor":11,"key":"REST"},{"data":"Perfected Strike","floor":15,"key":"SMITH"},{"data":"Feel No Pain","floor":24,"key":"SMITH"},{"data":"Burning Pact","floor":27,"key":"SMITH"},{"floor":32,"key":"REST"},{"data":"Demon Form","floor":46,"key":"SMITH"},{"floor":49,"key":"RECALL"},{"floor":53,"key":"REST"}],"circlet_count":0,"master_deck":["AscendersBane","Strike_R","Strike_R","Strike_R","Defend_R+1","Defend_R+1","Defend_R","Defend_R","Bash","Wild Strike","Perfected Strike+1","Iron Wave","Battle Trance","Impervious","Burning Pact","Feed+1","Spot Weakness","Feel No Pain+1","Corruption","Perfected Strike+1","Burning Pact+1","Sword Boomerang+1","Fiend Fire+1","Pommel Strike+1","Demon Form+1","Carnage+1","Apotheosis","Perfected Strike+1","Heavy Blade+1","Limit Break","Perfected Strike+1","Entrench+1","Perfected Strike+1","Carnage+1","Disarm","Whirlwind+1","Bludgeon+1"],"relics":["Burning Blood","Ice Cream","Mercury Hourglass","Molten Egg 2","Snecko Eye","HornCleat","Paper Frog","The Courier","Red Skull","Bag of Preparation","Sozu","Prayer Wheel","Happy Flower","Oddly Smooth Stone","Pen Nib","Turnip","OrangePellets","Self Forming Clay"],"acts_visited":["Exordium","TheCity","TheBeyond","TheEnding"],"potions_floor_usage":[14,21,23,29,33,51],"damage_taken":[{"damage":12.0,"enemies":"Small Slimes","floor":1.0,"turns":4.0},{"damage":11.0,"enemies":"Jaw Worm","floor":4.0,"turns":4.0},{"damage":1.0,"enemies":"Cultist","floor":5.0,"turns":3.0},{"damage":49.0,"enemies":"3 Sentries","floor":7.0,"turns":12.0},{"damage":1.0,"enemies":"Exordium Thugs","floor":8.0,"turns":4.0},{"damage":3,"enemies":"Blue Slaver","floor":10,"turns":4},{"damage":0,"enemies":"Lots of Slimes","floor":14,"turns":3},{"damage":44,"enemies":"The Guardian","floor":16,"turns":18},{"damage":22,"enemies":"Spheric Guardian","floor":18,"turns":4},{"damage":7,"enemies":"3 Byrds","floor":21,"turns":5},{"damage":0,"enemies":"Gremlin Leader","floor":23,"turns":4},{"damage":24,"enemies":"Book of Stabbing","floor":25,"turns":5},{"damage":0,"enemies":"Cultist and Chosen","floor":28,"turns":5},{"damage":18,"enemies":"Gremlin Leader","floor":29,"turns":7},{"damage":0,"enemies":"Centurion and Healer","floor":30,"turns":3},{"damage":0,"enemies":"Snake Plant","floor":31,"turns":4},{"damage":63,"enemies":"Collector","floor":33,"turns":8},{"damage":0,"enemies":"3 Darklings","floor":35,"turns":3},{"damage":0,"enemies":"3 Shapes","floor":36,"turns":5},{"damage":40,"enemies":"2 Orb Walkers","floor":37,"turns":4},{"damage":0,"enemies":"Transient","floor":39,"turns":6},{"damage":13,"enemies":"Giant Head","floor":40,"turns":5},{"damage":0,"enemies":"Maw","floor":41,"turns":4},{"damage":0,"enemies":"Nemesis","floor":42,"turns":5},{"damage":20,"enemies":"Giant Head","floor":44,"turns":7},{"damage":11,"enemies":"Mind Bloom Boss Battle","floor":45,"turns":4},{"damage":0,"enemies":"4 Shapes","floor":48,"turns":3},{"damage":33,"enemies":"Awakened One","floor":50,"turns":9},{"damage":7,"enemies":"Donu and Deca","floor":51,"turns":5},{"damage":4,"enemies":"Shield and Spear","floor":55,"turns":5},{"damage":112,"enemies":"The Heart","floor":56,"turns":9}],"seed_played":"3594192178920934994","potions_obtained":[{"floor":1.0,"key":"Dexterity Potion"},{"floor":4.0,"key":"Swift Potion"},{"floor":8.0,"key":"Energy Potion"},{"floor":16,"key":"Block Potion"},{"floor":18,"key":"Strength Potion"},{"floor":21,"key":"SkillPotion"},{"floor":28,"key":"Fruit Juice"},{"floor":30,"key":"PowerPotion"}],"is_trial":false,"path_per_floor":["M","?","?","M","M","R","E","M","T","M","R","?","$","M","R","B",null,"M","T","$","M","?","E","R","E","T","R","M","E","M","M","R","B",null,"M","M","?","$","M","E","M","E","T","E","?","R","$","M","R","B","B",null,"R","$","E","B",null],"character_chosen":"IRONCLAD","items_purchased":["AttackPotion","Feel No Pain","Apotheosis","Happy Flower","OrangePellets","Disarm"],"campfire_rested":4,"item_purchase_floors":[13,20,38,38,47,47],"current_hp_per_floor":[62,62,39,34,39,61,18,23,23,26,48,48,48,54,54,16,60,48,48,48,51,45,51,51,37,37,37,47,44,54,64,96,43,95,101,107,73,73,79,76,82,92,92,78,73,73,73,79,79,52,55,107,124,124,124,18],"gold":64,"neow_bonus":"ONE_RARE_RELIC","is_daily":false,"chose_seed":false,"campfire_upgraded":4,"win_rate":0.0,"timestamp":1609028193,"path_taken":["M","?","?","M","M","R","E","M","T","M","R","?","?","M","R","BOSS","M","?","?","M","?","E","R","E","T","R","?","E","M","M","R","BOSS","M","M","?","$","M","E","M","E","T","E","?","R","?","M","R","BOSS","BOSS","R","$","E","BOSS"],"items_purchased_type":["Potion","Card","Card","Relic","Relic","Card"],"build_version":"2020-12-22","purchased_purges":2,"victory":true,"max_hp_per_floor":[75,75,75,75,75,75,75,75,75,75,75,75,75,75,75,75,75,79,79,79,83,83,83,83,87,87,87,91,100,104,108,108,112,112,112,112,112,112,112,116,116,120,120,120,120,120,120,120,120,120,124,124,124,124,124,124],"relic_stats":{"Happy Flower":[20],"counters":[31,171],"Self Forming Clay":[27],"Pen Nib":[7],"Bag of Preparation":[34],"Burning Blood":184,"Mercury Hourglass":[586],"Sozu":5,"OrangePellets":[6],"Snecko Eye":[205,191,200,217],"Prayer Wheel":3,"Turnip":[2],"obtain_stats":[{"Ice Cream":0,"Happy Flower":38,"Self Forming Clay":55,"Oddly Smooth Stone":40,"The Courier":25,"Pen Nib":44,"Bag of Preparation":29,"Burning Blood":0,"Mercury Hourglass":7,"Sozu":34,"OrangePellets":47,"HornCleat":19,"Snecko Eye":17,"Molten Egg 2":9,"Prayer Wheel":37,"Turnip":45,"Red Skull":26,"Paper Frog":23},{"Ice Cream":0,"Happy Flower":20,"Self Forming Clay":30,"Oddly Smooth Stone":22,"The Courier":12,"Pen Nib":25,"Bag of Preparation":14,"Burning Blood":0,"Mercury Hourglass":4,"Sozu":17,"OrangePellets":26,"HornCleat":9,"Snecko Eye":8,"Molten Egg 2":5,"Prayer Wheel":20,"Turnip":26,"Red Skull":12,"Paper Frog":11},{"Ice Cream":0,"Happy Flower":109,"Self Forming Clay":162,"Oddly Smooth Stone":120,"The Courier":70,"Pen Nib":136,"Bag of Preparation":82,"Burning Blood":0,"Mercury Hourglass":23,"Sozu":97,"OrangePellets":140,"HornCleat":56,"Snecko Eye":52,"Molten Egg 2":27,"Prayer Wheel":109,"Turnip":140,"Red Skull":70,"Paper Frog":65}]},"card_choices":[{"not_picked":["Pummel","Rupture"],"picked":"Wild Strike","floor":1.0},{"not_picked":["True Grit","Battle Trance"],"picked":"Perfected Strike","floor":4.0},{"not_picked":["Heavy Blade","Body Slam"],"picked":"Iron Wave","floor":5.0},{"not_picked":["Iron Wave","Burning Pact"],"picked":"Battle Trance","floor":7.0},{"not_picked":["Clothesline","Evolve"],"picked":"Impervious","floor":8.0},{"not_picked":["Wild Strike+1","Body Slam+1"],"picked":"Burning Pact","floor":10},{"not_picked":["Armaments","Infernal Blade","Dropkick+1"],"picked":"SKIP","floor":14},{"not_picked":["Impervious","Exhume"],"picked":"Feed+1","floor":16},{"not_picked":["Warcry","True Grit"],"picked":"Spot Weakness","floor":18},{"not_picked":["Pommel Strike+1","Heavy Blade+1"],"picked":"Corruption","floor":21},{"not_picked":["Spot Weakness","Flex"],"picked":"Perfected Strike+1","floor":23},{"not_picked":["Flame Barrier","True Grit"],"picked":"Burning Pact","floor":25},{"not_picked":["Armaments","Flex"],"picked":"Sword Boomerang+1","floor":28},{"not_picked":["Rampage+1","Warcry","Sever Soul+1"],"picked":"SKIP","floor":29},{"not_picked":["Cleave+1","Thunderclap+1"],"picked":"Fiend Fire+1","floor":30},{"not_picked":["Headbutt+1","Clash+1"],"picked":"Pommel Strike+1","floor":31},{"not_picked":["Berserk","Fiend Fire+1"],"picked":"Demon Form","floor":33},{"not_picked":["Flex","Sword Boomerang+1"],"picked":"Carnage+1","floor":35},{"not_picked":["Searing Blow+1","Twin Strike+1","Rampage+1"],"picked":"SKIP","floor":36},{"not_picked":["Infernal Blade+1","Body Slam+1"],"picked":"Perfected Strike+1","floor":39},{"not_picked":["Warcry+1","Havoc"],"picked":"Heavy Blade+1","floor":39},{"not_picked":["Ghostly Armor","Flex"],"picked":"Limit Break","floor":40},{"not_picked":["Body Slam+1","Whirlwind+1"],"picked":"Perfected Strike+1","floor":41},{"not_picked":["Intimidate","Ghostly Armor","Sentinel+1"],"picked":"SKIP","floor":41},{"not_picked":["Thunderclap+1","Ghostly Armor"],"picked":"Entrench+1","floor":42},{"not_picked":["Wild Strike+1","Dropkick+1"],"picked":"Perfected Strike+1","floor":44},{"not_picked":["Body Slam+1","Rage+1"],"picked":"Carnage+1","floor":45},{"not_picked":["Rupture","Sword Boomerang+1"],"picked":"Whirlwind+1","floor":48},{"not_picked":["True Grit+1","Sever Soul+1","Fire Breathing"],"picked":"SKIP","floor":48},{"not_picked":["Shrug It Off","Cleave+1"],"picked":"Bludgeon+1","floor":55}],"player_experience":2873434,"relics_obtained":[{"floor":7.0,"key":"Mercury Hourglass"},{"floor":9,"key":"Molten Egg 2"},{"floor":19,"key":"HornCleat"},{"floor":23,"key":"Paper Frog"},{"floor":25,"key":"The Courier"},{"floor":26,"key":"Red Skull"},{"floor":29,"key":"Bag of Preparation"},{"floor":37,"key":"Prayer Wheel"},{"floor":40,"key":"Oddly Smooth Stone"},{"floor":44,"key":"Pen Nib"},{"floor":45,"key":"Turnip"},{"floor":55,"key":"Self Forming Clay"}],"event_choices":[{"cards_removed":["Doubt"],"damage_healed":0.0,"max_hp_gain":0.0,"max_hp_loss":0.0,"gold_gain":0.0,"event_name":"The Cleric","player_choice":"Card Removal","floor":2.0,"gold_loss":75.0,"damage_taken":0.0},{"damage_healed":0.0,"max_hp_gain":0.0,"max_hp_loss":0.0,"gold_gain":0.0,"event_name":"Shining Light","player_choice":"Entered Light","floor":3.0,"gold_loss":0.0,"damage_taken":23.0,"cards_upgraded":["Defend_R","Defend_R"]},{"damage_healed":0,"gold_gain":30,"player_choice":"Searched \u00271\u0027 times","damage_taken":0,"max_hp_gain":0,"max_hp_loss":0,"event_name":"Dead Adventurer","floor":12,"gold_loss":0},{"damage_healed":0,"gold_gain":0,"player_choice":"","damage_taken":6,"max_hp_gain":0,"max_hp_loss":0,"event_name":"Knowing Skull","floor":22,"potions_obtained":[],"gold_loss":0,"cards_obtained":[]},{"damage_healed":0,"gold_gain":0,"player_choice":"Fight","damage_taken":0,"max_hp_gain":0,"max_hp_loss":0,"event_name":"Mysterious Sphere","floor":37,"gold_loss":0},{"damage_healed":0,"gold_gain":0,"player_choice":"Fight","damage_taken":0,"max_hp_gain":0,"max_hp_loss":0,"event_name":"MindBloom","floor":45,"gold_loss":0}],"is_beta":false,"boss_relics":[{"not_picked":["Busted Crown","Tiny House"],"picked":"Snecko Eye"},{"not_picked":["Philosopher\u0027s Stone","Runic Pyramid"],"picked":"Sozu"}],"items_purged_floors":[13,38],"is_endless":false,"potions_floor_spawned":[1,4,8,16,18,21,28,30,36,37,39,41,45],"ascension_level":20}}