{"host":"rqd50iigewdjy74u","time":1609072154,"event":{"mods":["AchievementEnabler","BaseMod","BetterRewards","Custom Start","Minty Spire (QoL Compilation)","StSLib"],"gold_per_floor":[116,71,31,43,53,53,53,69,69,82,93,105,105,133,133,233,233,253,178,188,188,44,44,44,44],"floor_reached":24,"playtime":950,"items_purged":[],"score":248,"play_id":"8f2d0c62-2584-4659-a38c-1e242094035c","local_time":"20201227062914","is_ascension_mode":false,"campfire_choices":[{"data":"Eruption","floor":6,"key":"SMITH"},{"data":"ForeignInfluence","floor":15,"key":"SMITH"},{"data":"ForeignInfluence","floor":23,"key":"SMITH"}],"circlet_count":0,"master_deck":["Eruption+1","Vigilance","EmptyMind","FollowUp","FlurryOfBlows","ReachHeaven","MentalFortress","ForeignInfluence+1","CrushJoints","SignatureMove","Crescendo+1","Wish","DeceiveReality","ConjureBlade+1","LikeWater","Wish","Blasphemy","ForeignInfluence+1","MentalFortress","FollowUp+1"],"relics":["PureWater","NeowsBlessing","Mummified Hand","Tiny Chest","Pandora\u0027s Box","Matryoshka","War Paint"],"acts_visited":["Exordium","TheCity"],"potions_floor_usage":[8,16,16,16,16,16,16,24],"damage_taken":[{"damage":0,"enemies":"Jaw Worm","floor":1,"turns":1},{"damage":0,"enemies":"Cultist","floor":4,"turns":1},{"damage":0,"enemies":"Small Slimes","floor":5,"turns":2},{"damage":2,"enemies":"Exordium Wildlife","floor":8,"turns":3},{"damage":5,"enemies":"Exordium Thugs","floor":10,"turns":3},{"damage":7,"enemies":"Blue Slaver","floor":11,"turns":3},{"damage":10,"enemies":"Gremlin Gang","floor":12,"turns":3},{"damage":18,"enemies":"Lagavulin","floor":14,"turns":3},{"damage":0,"enemies":"Hexaghost","floor":16,"turns":4},{"damage":20,"enemies":"Spheric Guardian","floor":18,"turns":4},{"damage":0,"enemies":"Shell Parasite","floor":20,"turns":1},{"damage":56,"enemies":"Book of Stabbing","floor":24,"turns":2}],"seed_played":"1616847506056109276","potions_obtained":[{"floor":3,"key":"Ambrosia"},{"floor":3,"key":"DistilledChaos"},{"floor":3,"key":"LiquidBronze"},{"floor":11,"key":"DuplicationPotion"},{"floor":12,"key":"EntropicBrew"},{"floor":18,"key":"Strength Potion"}],"is_trial":false,"path_per_floor":["M","$","?","M","M","R","?","M","T","M","M","M","$","E","R","B",null,"M","?","M","T","$","R","E"],"character_chosen":"WATCHER","items_purchased":["FollowUp","War Paint"],"campfire_rested":0,"item_purchase_floors":[2,22],"current_hp_per_floor":[72,72,72,72,72,72,72,70,70,65,58,48,48,30,30,30,72,52,52,52,52,52,52,0,0],"gold":44,"neow_bonus":"THREE_ENEMY_KILL","is_daily":false,"chose_seed":false,"campfire_upgraded":3,"win_rate":0.0,"timestamp":1609072154,"path_taken":["M","$","?","?","?","R","?","M","T","?","M","M","?","E","R","BOSS","M","?","M","?","$","R","E"],"items_purchased_type":["Card","Relic"],"build_version":"2020-12-22","purchased_purges":0,"victory":false,"max_hp_per_floor":[72,72,72,72,72,72,72,72,72,72,72,72,72,72,72,72,72,72,72,72,72,72,72,72,72],"card_choices":[{"not_picked":["CutThroughFate","Halt"],"picked":"EmptyMind","floor":1},{"not_picked":["FearNoEvil","JustLucky"],"picked":"FlurryOfBlows","floor":4},{"not_picked":["CarveReality","SashWhip"],"picked":"ReachHeaven","floor":5},{"not_picked":["LessonLearned","Halt"],"picked":"MentalFortress","floor":8},{"not_picked":["WaveOfTheHand","Evaluate"],"picked":"ForeignInfluence","floor":10},{"not_picked":["Nirvana","WaveOfTheHand"],"picked":"CrushJoints","floor":11},{"not_picked":["FollowUp","TalkToTheHand"],"picked":"SignatureMove","floor":12},{"not_picked":["Meditate","EmptyFist"],"picked":"Crescendo","floor":14},{"not_picked":["Establishment","Vault"],"picked":"Wish","floor":16},{"not_picked":["Prostrate","ThirdEye"],"picked":"MentalFortress","floor":18},{"not_picked":["ThirdEye","ReachHeaven"],"picked":"FollowUp+1","floor":20}],"player_experience":122265,"relics_obtained":[{"floor":9,"key":"Mummified Hand"},{"floor":14,"key":"Tiny Chest"},{"floor":21,"key":"Matryoshka"}],"event_choices":[{"damage_healed":0,"gold_gain":0,"player_choice":"Bought 3 Potions","damage_taken":0,"max_hp_gain":0,"max_hp_loss":0,"event_name":"The Woman in Blue","floor":3,"gold_loss":0},{"cards_removed":["Defend_P"],"damage_healed":0,"gold_gain":0,"player_choice":"Purged","damage_taken":0,"max_hp_gain":0,"max_hp_loss":0,"event_name":"Purifier","floor":7,"gold_loss":0},{"cards_removed":["Fasting2"],"damage_healed":0,"gold_gain":0,"player_choice":"Gave Gold","damage_taken":0,"max_hp_gain":0,"max_hp_loss":0,"event_name":"Beggar","floor":19,"gold_loss":75}],"is_beta":false,"boss_relics":[{"not_picked":["SlaversCollar","Tiny House"],"picked":"Pandora\u0027s Box"}],"items_purged_floors":[],"is_endless":false,"potions_floor_spawned":[11,12,14,18],"killed_by":"Book of Stabbing","ascension_level":0}}