{"host":"qhhcmep1unj6mpf7","time":1609046913,"event":{"mods":["2.2 Compatiblity","AchievementEnabler","BaseMod","Colored Map","DeckTracker","Highlight Path","Keyboard Shortcuts","Minty Spire (QoL Compilation)","Permanent Neow","Quick Restart","Random Character Button","StSLib","SuperFastMode","everything is the same but u backflip on backflip"],"gold_per_floor":[113,41,61,77,2,2,27,43,111,121,121,196,210,63,63,159,159,179,179,24,42,59,88,102,102,102,115,131,31,31,31,31],"floor_reached":31,"playtime":1373,"items_purged":["Normality","Strike_B"],"score":272,"play_id":"c93b8897-6128-4716-bdcb-105f494ccb70","local_time":"20201227142833","is_ascension_mode":true,"campfire_choices":[{"data":"Echo Form","floor":6.0,"key":"SMITH"},{"data":"Defragment","floor":15.0,"key":"SMITH"},{"data":"Creative AI","floor":25,"key":"SMITH"},{"data":"Coolheaded","floor":30,"key":"SMITH"}],"circlet_count":0,"master_deck":["Strike_B","Strike_B","Defend_B","Defend_B","Defend_B","Defend_B","Zap","Dualcast","Echo Form+1","Ball Lightning","Defragment+1","Coolheaded+1","Rebound","Amplify","Creative AI+1","Consume+1","Seek","Coolheaded+1"],"relics":["Cracked Core","Ice Cream","Meat on the Bone","Runic Capacitor","Inserter","Orrery","Oddly Smooth Stone","Sundial"],"acts_visited":["Exordium","TheCity"],"potions_floor_usage":[23,23,23,23,27,28,28],"damage_taken":[{"damage":5.0,"enemies":"Cultist","floor":1.0,"turns":4.0},{"damage":10.0,"enemies":"Small Slimes","floor":3.0,"turns":3.0},{"damage":1.0,"enemies":"Jaw Worm","floor":4.0,"turns":3.0},{"damage":20.0,"enemies":"3 Sentries","floor":7.0,"turns":6.0},{"damage":11.0,"enemies":"Blue Slaver","floor":8.0,"turns":3.0},{"damage":12.0,"enemies":"2 Fungi Beasts","floor":10.0,"turns":3.0},{"damage":7.0,"enemies":"Gremlin Gang","floor":13.0,"turns":4.0},{"damage":22.0,"enemies":"Slime Boss","floor":16.0,"turns":8.0},{"damage":11.0,"enemies":"Spheric Guardian","floor":18.0,"turns":4.0},{"damage":1.0,"enemies":"Chosen","floor":21.0,"turns":7.0},{"damage":11.0,"enemies":"Snake Plant","floor":22.0,"turns":4.0},{"damage":38,"enemies":"Gremlin Leader","floor":23,"turns":9},{"damage":15,"enemies":"Sentry and Sphere","floor":24,"turns":7},{"damage":21,"enemies":"Shelled Parasite and Fungi","floor":27,"turns":20},{"damage":8,"enemies":"Centurion and Healer","floor":28,"turns":8},{"damage":18,"enemies":"3 Cultists","floor":31,"turns":3}],"seed_played":"-556303197596280898","potions_obtained":[{"floor":3.0,"key":"PowerPotion"},{"floor":10.0,"key":"Ancient Potion"},{"floor":16.0,"key":"Block Potion"},{"floor":22.0,"key":"EntropicBrew"},{"floor":24,"key":"ColorlessPotion"},{"floor":27,"key":"SkillPotion"}],"is_trial":false,"path_per_floor":["M","$","M","M","$","R","E","M","T","M","?","?","M","$","R","B",null,"M","?","$","M","M","E","M","R","T","M","M","$","R","M"],"character_chosen":"DEFECT","items_purchased":["Defragment","Runic Capacitor","Orrery"],"campfire_rested":0,"item_purchase_floors":[2,14,20],"current_hp_per_floor":[70,70,60,59,59,59,39,28,28,28,28,21,26,26,26,16,75,64,64,64,63,52,26,23,23,23,14,18,18,18,0,0],"gold":31,"neow_bonus":"THREE_RARE_CARDS","is_daily":false,"chose_seed":false,"campfire_upgraded":4,"win_rate":0.0,"timestamp":1609046913,"path_taken":["M","$","M","M","$","R","E","M","T","M","?","?","M","$","R","BOSS","M","?","$","M","M","E","?","R","T","M","M","$","R","M"],"items_purchased_type":["Card","Relic","Relic"],"build_version":"2020-12-22","purchased_purges":2,"victory":false,"max_hp_per_floor":[75,75,75,75,75,75,75,75,75,75,75,75,75,75,75,75,75,75,75,75,75,75,75,75,75,75,75,75,75,75,75,75],"card_choices":[{"not_picked":["Core Surge","Seek"],"picked":"Echo Form","floor":0.0},{"not_picked":["Go for the Eyes","Streamline"],"picked":"Ball Lightning","floor":1.0},{"not_picked":["Cold Snap","Heatsinks"],"picked":"Coolheaded","floor":3.0},{"not_picked":["Reinforced Body","Turbo"],"picked":"Rebound","floor":4.0},{"not_picked":["Loop","Steam Power"],"picked":"Amplify","floor":7.0},{"not_picked":["Turbo","Redo","Stack"],"picked":"SKIP","floor":8.0},{"not_picked":["Ball Lightning","Sweeping Beam","Barrage"],"picked":"SKIP","floor":10.0},{"not_picked":["Rebound","Ball Lightning","Beam Cell"],"picked":"SKIP","floor":13.0},{"not_picked":["Fission","Thunder Strike"],"picked":"Creative AI","floor":16.0},{"not_picked":["Ball Lightning","White Noise","Streamline"],"picked":"SKIP","floor":18.0},{"not_picked":["Barrage","Rebound"],"picked":"Consume+1","floor":20.0},{"not_picked":["Hologram","Turbo"],"picked":"Seek","floor":20.0},{"not_picked":["Steam Power","Beam Cell","Sweeping Beam+1"],"picked":"SKIP","floor":21.0},{"not_picked":["Biased Cognition","Sweeping Beam"],"picked":"Coolheaded+1","floor":22.0},{"not_picked":["Rip and Tear+1","FTL+1","Ball Lightning"],"picked":"SKIP","floor":23},{"not_picked":["Skim","Stack+1","FTL+1"],"picked":"SKIP","floor":24},{"not_picked":["Stack","Go for the Eyes","Loop+1"],"picked":"SKIP","floor":27},{"not_picked":["Rebound+1","Beam Cell","Ball Lightning"],"picked":"SKIP","floor":28}],"player_experience":327446,"relics_obtained":[{"floor":7.0,"key":"Ice Cream"},{"floor":9.0,"key":"Meat on the Bone"},{"floor":23,"key":"Oddly Smooth Stone"},{"floor":26,"key":"Sundial"}],"event_choices":[{"damage_healed":0.0,"max_hp_gain":0.0,"max_hp_loss":0.0,"gold_gain":0.0,"event_name":"Liars Game","player_choice":"Ignored","floor":11.0,"gold_loss":0.0,"damage_taken":0.0},{"damage_healed":0.0,"max_hp_gain":0.0,"max_hp_loss":0.0,"gold_gain":75.0,"event_name":"FaceTrader","player_choice":"Touch","floor":12.0,"gold_loss":0.0,"damage_taken":7.0},{"cards_removed":["Strike_B"],"damage_healed":0.0,"max_hp_gain":0.0,"max_hp_loss":0.0,"gold_gain":0.0,"event_name":"Bonfire Elementals","player_choice":"Offered Basic","floor":19.0,"gold_loss":0.0,"damage_taken":0.0}],"is_beta":false,"boss_relics":[{"not_picked":["Busted Crown","Black Star"],"picked":"Inserter"}],"items_purged_floors":[5,29],"is_endless":false,"potions_floor_spawned":[3,10,16,22,24,27],"killed_by":"3 Cultists","ascension_level":1}}