{"host":"qc268ltokmxwqyrx","time":1609109016,"event":{"mods":["BaseMod","Colored Map","Colored Powertips","Minty Spire (QoL Compilation)","Relic Stats","Slay the Relics Exporter","StSLib"],"gold_per_floor":[113,188,201,166,180,180,212,212,235,275,298,8,39,39,39,39,39],"floor_reached":16,"playtime":2724,"items_purged":[],"score":236,"play_id":"2fa5a14f-3fcc-45a7-af1b-81ec9fb13157","local_time":"20201227164336","is_ascension_mode":true,"campfire_choices":[{"data":"Dagger Spray","floor":6,"key":"SMITH"},{"data":"Finisher","floor":8,"key":"SMITH"},{"data":"Skewer","floor":15,"key":"SMITH"}],"circlet_count":0,"master_deck":["AscendersBane","Strike_G","Strike_G","Strike_G","Strike_G","Strike_G","Defend_G","Defend_G","Defend_G","Defend_G","Defend_G","Survivor","Neutralize","Finisher+1","Dagger Spray+1","Flying Knee","PiercingWail","Venomology","Footwork","Well Laid Plans","Skewer+1"],"relics":["Ring of the Snake","PreservedInsect","MawBank","Happy Flower","Frozen Eye","Ancient Tea Set"],"acts_visited":["Exordium"],"potions_floor_usage":[7,10,13,16,16,16],"damage_taken":[{"damage":1,"enemies":"Small Slimes","floor":1,"turns":5},{"damage":0,"enemies":"2 Louse","floor":3,"turns":4},{"damage":4,"enemies":"Jaw Worm","floor":5,"turns":4},{"damage":8,"enemies":"Gremlin Nob","floor":7,"turns":3},{"damage":16,"enemies":"Lagavulin","floor":10,"turns":6},{"damage":9,"enemies":"Looter","floor":11,"turns":5},{"damage":3,"enemies":"3 Sentries","floor":13,"turns":8},{"damage":33,"enemies":"Hexaghost","floor":16,"turns":9}],"seed_played":"4185207415254416655","potions_obtained":[{"floor":1,"key":"Dexterity Potion"},{"floor":3,"key":"AttackPotion"},{"floor":5,"key":"PowerPotion"}],"is_trial":false,"path_per_floor":["M","?","M","?","M","R","E","R","T","E","M","$","E","$","R","B"],"character_chosen":"THE_SILENT","items_purchased":["Frozen Eye","Well Laid Plans","Weak Potion"],"campfire_rested":0,"item_purchase_floors":[12,12,12],"current_hp_per_floor":[64,53,53,71,67,67,59,59,59,43,34,34,31,31,31,0,0],"gold":39,"neow_bonus":"TEN_PERCENT_HP_BONUS","is_daily":false,"chose_seed":false,"campfire_upgraded":3,"win_rate":0.0,"timestamp":1609109016,"path_taken":["M","?","M","?","M","R","E","R","T","E","M","$","E","?","R","BOSS"],"items_purchased_type":["Relic","Card","Potion"],"build_version":"2020-12-22","purchased_purges":0,"victory":false,"max_hp_per_floor":[72,72,72,72,72,72,72,72,72,72,72,72,72,72,72,72,72],"relic_stats":{"Happy Flower":[7],"counters":[8,44],"PreservedInsect":62,"MawBank":36,"obtain_stats":[{"Frozen Eye":12,"Happy Flower":10,"PreservedInsect":7,"MawBank":9,"Ancient Tea Set":13,"Ring of the Snake":0},{"Frozen Eye":6,"Happy Flower":5,"PreservedInsect":4,"MawBank":4,"Ancient Tea Set":7,"Ring of the Snake":0},{"Frozen Eye":27,"Happy Flower":22,"PreservedInsect":16,"MawBank":16,"Ancient Tea Set":35,"Ring of the Snake":0}],"Ring of the Snake":[16]},"card_choices":[{"not_picked":["Blur","Calculated Gamble"],"picked":"Finisher","floor":1},{"not_picked":["Finisher","Reflex"],"picked":"Dagger Spray","floor":3},{"not_picked":["Well Laid Plans","Slice"],"picked":"Flying Knee","floor":5},{"not_picked":["Flechettes","Acrobatics"],"picked":"PiercingWail","floor":7},{"not_picked":["Slice","Flying Knee"],"picked":"Venomology","floor":10},{"not_picked":["Quick Slash","Distraction"],"picked":"Footwork","floor":11},{"not_picked":["Distraction","Finisher"],"picked":"Skewer","floor":13}],"player_experience":1691302,"relics_obtained":[{"floor":7,"key":"PreservedInsect"},{"floor":9,"key":"MawBank"},{"floor":10,"key":"Happy Flower"},{"floor":13,"key":"Ancient Tea Set"}],"event_choices":[{"damage_healed":0,"gold_gain":75,"player_choice":"Gather Gold","damage_taken":11,"max_hp_gain":0,"max_hp_loss":0,"event_name":"World of Goop","floor":2,"gold_loss":0},{"damage_healed":18,"gold_gain":0,"player_choice":"Healed","damage_taken":0,"max_hp_gain":0,"max_hp_loss":0,"event_name":"The Cleric","floor":4,"gold_loss":35}],"is_beta":false,"boss_relics":[],"items_purged_floors":[],"is_endless":false,"potions_floor_spawned":[1,3,5,13],"killed_by":"Hexaghost","ascension_level":20}}