{"host":"hdafziggwnbzqpcb","time":1609104818,"event":{"mods":["BaseMod","Better Vampires","Colored Map","Colored Powertips","Curses Come First","Duelist Mod","GifTheSpireLib","Hero for Fun","Minty Spire (QoL Compilation)","Quick Restart","Rare Cards Sparkle","Relic Stats","Spicy Shops","StSLib","The Bug Knight","The Cursed","The Marked","The Senshi","The Wild Card","TheHero"],"gold_per_floor":[114,114,134,134,134,134,154,154,154,2,17,30,56,56,56,155,155,171,186,186,202,127,127,147,147,174,202,16,16,43,43,43,138,138,151,163,38,52,61,61,82,82,82,82,82,94,94,143,143,143,143],"floor_reached":50,"playtime":3193,"items_purged":["theWildCard:BasicDefend","theWildCard:BasicDefend","theWildCard:BasicStrike"],"score":460,"play_id":"5bb6f47b-b42f-4ac6-a79d-bc23da8a6a2e","local_time":"20201227133338","is_ascension_mode":false,"campfire_choices":[{"data":"theWildCard:CallToAdventure","floor":6,"key":"SMITH"},{"data":"theWildCard:SeveringSlash","floor":15,"key":"SMITH"},{"data":"theWildCard:SeveringSlash","floor":23,"key":"SMITH"},{"data":"theWildCard:ShieldOfMany","floor":25,"key":"SMITH"},{"data":"Flash of Steel","floor":32,"key":"SMITH"},{"data":"Swift Strike","floor":40,"key":"SMITH"},{"data":"theWildCard:StingingStrike","floor":42,"key":"SMITH"},{"floor":44,"key":"RECALL"},{"floor":49,"key":"REST"}],"circlet_count":0,"master_deck":["theWildCard:BasicStrike","theWildCard:BasicStrike","theWildCard:BasicDefend","theWildCard:CallToAdventure+1","theWildCard:Arsene+1","theWildCard:MagicalMight","theWildCard:Arsene+1","theWildCard:ShieldOfMany+1","theWildCard:SeveringSlash+1","theWildCard:SeveringSlash+1","theWildCard:Thanatos","theWildCard:StingingStrike+1","theWildCard:Michael","Flash of Steel+1","Swift Strike+1","theWildCard:StingingStrike+1"],"relics":["theWildCard:VelvetContract","NeowsBlessing","Meat on the Bone","Blood Vial","TungstenRod","Tiny House","CeramicFish","Strawberry","Busted Crown","CaptainsWheel"],"acts_visited":["Exordium","TheCity","TheBeyond"],"potions_floor_usage":[30,33,41,46,48,50,50],"damage_taken":[{"damage":0,"enemies":"Cultist","floor":1,"turns":1},{"damage":0,"enemies":"2 Louse","floor":3,"turns":1},{"damage":0,"enemies":"Small Slimes","floor":7,"turns":1},{"damage":1,"enemies":"Looter","floor":11,"turns":2},{"damage":7,"enemies":"Red Slaver","floor":12,"turns":3},{"damage":17,"enemies":"Gremlin Nob","floor":13,"turns":4},{"damage":14,"enemies":"The Guardian","floor":16,"turns":12},{"damage":2,"enemies":"Shell Parasite","floor":18,"turns":7},{"damage":2,"enemies":"Spheric Guardian","floor":19,"turns":2},{"damage":16,"enemies":"Snake Plant","floor":21,"turns":5},{"damage":20,"enemies":"Centurion and Healer","floor":24,"turns":7},{"damage":0,"enemies":"Chosen and Byrds","floor":27,"turns":6},{"damage":3,"enemies":"theDuelist:KaibaA2","floor":30,"turns":7},{"damage":8,"enemies":"Champ","floor":33,"turns":13},{"damage":15,"enemies":"3 Shapes","floor":35,"turns":2},{"damage":16,"enemies":"3 Darklings","floor":36,"turns":3},{"damage":7,"enemies":"Jaw Worm Horde","floor":38,"turns":2},{"damage":14,"enemies":"Spire Growth","floor":41,"turns":2},{"damage":7,"enemies":"Maw","floor":46,"turns":3},{"damage":6,"enemies":"2 Orb Walkers","floor":48,"turns":4},{"damage":67,"enemies":"Awakened One","floor":50,"turns":7}],"seed_played":"-9211415077155593553","potions_obtained":[{"floor":1,"key":"LiquidMemories"},{"floor":11,"key":"SpeedPotion"},{"floor":13,"key":"PowerPotion"},{"floor":21,"key":"LiquidMemories"},{"floor":33,"key":"EssenceOfSteel"},{"floor":38,"key":"SneckoOil"},{"floor":41,"key":"Explosive Potion"},{"floor":46,"key":"FearPotion"}],"is_trial":false,"path_per_floor":["M","?","M","?","?","R","M","?","T","$","M","M","E","$","R","B",null,"M","M","?","M","$","R","M","R","T","M","$","?","E","$","R","B",null,"M","M","$","M","?","R","M","R","T","R","?","M","$","?","R","B"],"character_chosen":"THE_WILD_CARD","items_purchased":["Blood Vial","Flash of Steel"],"campfire_rested":1,"item_purchase_floors":[10,28],"current_hp_per_floor":[60,60,60,53,53,53,53,53,53,53,54,49,34,34,34,34,65,63,63,63,49,49,49,43,43,43,45,45,45,51,51,51,45,72,57,43,43,38,38,38,38,38,38,38,38,45,45,41,62,0,0],"gold":143,"neow_bonus":"THREE_ENEMY_KILL","is_daily":false,"chose_seed":false,"campfire_upgraded":7,"win_rate":0.0,"timestamp":1609104818,"path_taken":["M","?","?","?","?","R","M","?","T","$","M","?","E","?","R","BOSS","M","M","?","?","$","R","M","R","T","M","$","?","E","$","R","BOSS","M","M","$","M","?","R","M","R","T","R","?","M","$","?","R","BOSS"],"items_purchased_type":["Relic","Card"],"build_version":"2020-12-22","purchased_purges":3,"victory":false,"max_hp_per_floor":[60,60,60,60,60,60,60,60,60,60,60,60,60,60,60,60,65,65,65,65,65,65,65,65,65,65,65,65,65,72,72,72,72,72,72,72,72,72,72,72,72,72,72,72,72,72,72,72,72,72,72],"relic_stats":{"Blood Vial":32,"Busted Crown":14,"counters":[21,94],"CeramicFish":36,"obtain_stats":[{"Blood Vial":10,"theWildCard:VelvetContract":0,"CaptainsWheel":48,"Tiny House":17,"Busted Crown":34,"NeowsBlessing":0,"CeramicFish":26,"Strawberry":30,"TungstenRod":13,"Meat on the Bone":9},{"Blood Vial":3,"theWildCard:VelvetContract":0,"CaptainsWheel":20,"Tiny House":7,"Busted Crown":14,"NeowsBlessing":0,"CeramicFish":11,"Strawberry":13,"TungstenRod":6,"Meat on the Bone":3},{"Blood Vial":3,"theWildCard:VelvetContract":0,"CaptainsWheel":87,"Tiny House":24,"Busted Crown":71,"NeowsBlessing":0,"CeramicFish":45,"Strawberry":58,"TungstenRod":12,"Meat on the Bone":3}],"TungstenRod":71,"Meat on the Bone":48},"card_choices":[{"not_picked":["theWildCard:ArchaicAssault","theWildCard:Michael"],"picked":"theWildCard:MagicalMight","floor":1},{"not_picked":["theWildCard:PaleRider","theWildCard:Abstinence","theWildCard:MagicalMight"],"picked":"SKIP","floor":3},{"not_picked":["theWildCard:Sakuya","theWildCard:MagicalMight","theWildCard:SeveringSlash"],"picked":"SKIP","floor":7},{"not_picked":["theWildCard:StalwartBlade","theWildCard:Patience","theWildCard:LadyLuck"],"picked":"SKIP","floor":11},{"not_picked":["theWildCard:Unburden","theWildCard:MagicMettle"],"picked":"theWildCard:SeveringSlash","floor":12},{"not_picked":["theWildCard:Deicide","theWildCard:Odin"],"picked":"theWildCard:SeveringSlash","floor":13},{"not_picked":["theWildCard:ChangingDestiny","theWildCard:FinalHour"],"picked":"theWildCard:Thanatos","floor":16},{"not_picked":["theWildCard:ArchaicAssault","theWildCard:Abstinence"],"picked":"theWildCard:StingingStrike","floor":18},{"not_picked":["theWildCard:ShieldOfMany","theWildCard:Providence","theWildCard:Patience"],"picked":"SKIP","floor":19},{"not_picked":["theWildCard:StingingStrike","theWildCard:Scathach","theWildCard:MagicalMight"],"picked":"SKIP","floor":21},{"not_picked":["theWildCard:MasterPlan","theWildCard:SacrificialStroke+1","theWildCard:Proficiency"],"picked":"SKIP","floor":24},{"not_picked":["theWildCard:Alice","theWildCard:Unburden+1"],"picked":"theWildCard:Michael","floor":27},{"not_picked":["theWildCard:SacrificialStroke","theWildCard:Impatience+1","theWildCard:EnergizedStroke"],"picked":"SKIP","floor":30},{"not_picked":["theWildCard:FuelForTheFire"],"picked":"SKIP","floor":35},{"not_picked":["theWildCard:Polydeuces"],"picked":"SKIP","floor":36},{"not_picked":["theWildCard:UnderLockAndKey"],"picked":"SKIP","floor":38},{"not_picked":[],"picked":"Swift Strike","floor":39},{"not_picked":[],"picked":"theWildCard:StingingStrike","floor":41},{"not_picked":["theWildCard:StingingStrike+1"],"picked":"SKIP","floor":46}],"player_experience":648402,"relics_obtained":[{"floor":9,"key":"Meat on the Bone"},{"floor":13,"key":"TungstenRod"},{"floor":26,"key":"CeramicFish"},{"floor":30,"key":"Strawberry"},{"floor":48,"key":"CaptainsWheel"}],"event_choices":[{"damage_healed":0,"gold_gain":0,"player_choice":"1 cards matched","damage_taken":0,"max_hp_gain":0,"max_hp_loss":0,"event_name":"Match and Keep!","floor":2,"gold_loss":0,"cards_obtained":["theWildCard:Arsene"]},{"cards_removed":["theWildCard:BasicStrike"],"damage_healed":0,"gold_gain":0,"player_choice":"Card Removal","damage_taken":7,"max_hp_gain":0,"max_hp_loss":0,"event_name":"Golden Wing","floor":4,"gold_loss":0},{"damage_healed":0,"gold_gain":0,"player_choice":"Grow","damage_taken":0,"max_hp_gain":0,"max_hp_loss":0,"event_name":"Living Wall","floor":5,"gold_loss":0,"cards_upgraded":["theWildCard:Arsene"]},{"damage_healed":0,"gold_gain":0,"cards_transformed":["theWildCard:BasicDefend"],"player_choice":"Transformed","damage_taken":0,"max_hp_gain":0,"max_hp_loss":0,"event_name":"Transmorgrifier","floor":8,"gold_loss":0,"cards_obtained":["theWildCard:ShieldOfMany"]},{"damage_healed":0,"gold_gain":0,"player_choice":"Forge","damage_taken":0,"max_hp_gain":0,"max_hp_loss":0,"event_name":"Accursed Blacksmith","floor":20,"gold_loss":0,"cards_upgraded":["theWildCard:StingingStrike"]},{"damage_healed":0,"gold_gain":0,"player_choice":"Ignored","damage_taken":0,"max_hp_gain":0,"max_hp_loss":0,"event_name":"The Mausoleum","floor":29,"gold_loss":0},{"damage_healed":0,"gold_gain":0,"player_choice":"Memory 1","damage_taken":0,"max_hp_gain":0,"max_hp_loss":0,"event_name":"SensoryStone","floor":39,"gold_loss":0},{"damage_healed":0,"gold_gain":0,"player_choice":"Ignored","damage_taken":0,"max_hp_gain":0,"max_hp_loss":0,"event_name":"Tomb of Lord Red Mask","floor":45,"gold_loss":0},{"damage_healed":0,"gold_gain":0,"player_choice":"Fight","damage_taken":0,"max_hp_gain":0,"max_hp_loss":0,"event_name":"Mysterious Sphere","floor":48,"gold_loss":0}],"is_beta":false,"boss_relics":[{"not_picked":["Fusion Hammer","Sozu"],"picked":"Tiny House"},{"not_picked":["Runic Pyramid","SacredBark"],"picked":"Busted Crown"}],"items_purged_floors":[22,28,37],"is_endless":false,"potions_floor_spawned":[1,11,13,21,24,27,33,38,41,46],"killed_by":"Awakened One","ascension_level":0}}