{"host":"po0gzr6h085cygwo","time":1609072954,"event":{"mods":["AchievementEnabler","BaseMod","Colored Map","DeckTracker","KOR Keyword Fix","Minty Spire (QoL Compilation)","Rare Cards Sparkle","Replay The Spire","StSLib","SuperFastMode","The Cursed"],"gold_per_floor":[99,115,131,74,86,86,86,114,114,114,114,39,69,69,69,141,141,154,170,86,104,104,104],"floor_reached":22,"playtime":1000,"items_purged":["ReplayTheSpireMod:The Works"],"score":734,"play_id":"5feae554-562b-42f1-b42c-f29f3f190e22","local_time":"20201227214234","daily_mods":["Draft","Heirloom","Flight"],"is_ascension_mode":true,"campfire_choices":[{"data":"ReplayTheSpireMod:Scrap Shanks","floor":6.0,"key":"SMITH"},{"data":"Accuracy","floor":7.0,"key":"SMITH"},{"data":"Blade Dance","floor":10.0,"key":"SMITH"},{"data":"Blade Dance","floor":11.0,"key":"SMITH"},{"data":"Draining Mist","floor":15.0,"key":"SMITH"}],"circlet_count":0,"master_deck":["AscendersBane","Accuracy+1","Blade Dance+1","Caltrops","Draining Mist+1","Backflip+1","ReplayTheSpireMod:Scrap Shanks+1","Sneak Up","ReplayTheSpireMod:Speed Training","ReplayTheSpireMod:Tripwire","Hidden Blade","Fluid Movement","PiercingWail+1","Predator","Dagger Throw","Crippling Poison+1","Blade Dance+1","Toxin Wave","Wraith Form v2","Infinite Blades","Backflip+1"],"relics":["Vampiric Spirits","Sizzling Blood","Tiny Chest","Toxic Egg 2","War Paint","SacredBark"],"acts_visited":["Exordium","TheCity"],"potions_floor_usage":[21,22],"damage_taken":[{"damage":17.0,"enemies":"Jaw Worm","floor":2.0,"turns":3.0},{"damage":1.0,"enemies":"Cultist","floor":3.0,"turns":4.0},{"damage":0.0,"enemies":"2 Louse","floor":5.0,"turns":3.0},{"damage":14.0,"enemies":"Lagavulin","floor":8.0,"turns":6.0},{"damage":0.0,"enemies":"Gremlin Nob","floor":13.0,"turns":3.0},{"damage":0.0,"enemies":"Slime Boss","floor":16.0,"turns":6.0},{"damage":16.0,"enemies":"2 Thieves","floor":18.0,"turns":3.0},{"damage":6.0,"enemies":"Chosen","floor":19.0,"turns":4.0},{"damage":56,"enemies":"Shelled Parasite and Fungi","floor":21,"turns":5},{"damage":24,"enemies":"Snake Plant","floor":22,"turns":3}],"seed_played":"3298437863771470130","potions_obtained":[{"floor":2.0,"key":"Fruit Juice"},{"floor":3.0,"key":"FearPotion"},{"floor":8.0,"key":"Fire Potion"},{"floor":18.0,"key":"Regen Potion"},{"floor":21,"key":"LiquidBronze"}],"is_trial":true,"path_per_floor":["?","M","M","$","M","R","R","E","T","R","R","$","E","?","R","B",null,"M","M","$","M","M"],"character_chosen":"THE_SILENT","items_purchased":["Blade Dance","Infinite Blades"],"campfire_rested":0,"item_purchase_floors":[4,20],"current_hp_per_floor":[63,61,69,69,73,73,73,63,63,63,63,63,67,67,67,75,75,63,69,69,41,19,19],"gold":104,"neow_bonus":"","is_daily":false,"chose_seed":false,"campfire_upgraded":5,"win_rate":0.0,"timestamp":1609072954,"path_taken":["?","M","M","$","M","R","R","E","T","R","R","$","E","?","R","BOSS","M","?","$","M","M"],"items_purchased_type":["Card","Card"],"build_version":"2020-12-22","purchased_purges":1,"victory":false,"max_hp_per_floor":[70,75,75,75,75,75,75,75,75,75,75,75,75,75,75,75,75,75,75,75,75,75,75],"card_choices":[{"not_picked":["Blade Dance","Dagger Spray"],"picked":"Accuracy","floor":0.0},{"not_picked":["ReplayTheSpireMod:The Works","Poisoned Stab"],"picked":"Blade Dance","floor":0.0},{"not_picked":["Skewer","Acrobatics"],"picked":"Caltrops","floor":0.0},{"not_picked":["Dagger Spray","Eviscerate"],"picked":"Draining Mist","floor":0.0},{"not_picked":["Bane","Predator"],"picked":"Backflip","floor":0.0},{"not_picked":["Noxious Fumes","Acrobatics"],"picked":"ReplayTheSpireMod:Scrap Shanks","floor":0.0},{"not_picked":["Outmaneuver","Sucker Punch"],"picked":"Sneak Up","floor":0.0},{"not_picked":["Poisoned Stab","Choke"],"picked":"ReplayTheSpireMod:Speed Training","floor":0.0},{"not_picked":["Quick Slash","Dagger Spray"],"picked":"ReplayTheSpireMod:Tripwire","floor":0.0},{"not_picked":["Prepared","Escape Plan"],"picked":"Hidden Blade","floor":0.0},{"not_picked":["Prepared","Escape Plan"],"picked":"Fluid Movement","floor":0.0},{"not_picked":["Finisher","Backflip"],"picked":"PiercingWail","floor":0.0},{"not_picked":["Dagger Spray","Hidden Blade"],"picked":"Predator","floor":0.0},{"not_picked":["Sneak Up","Backflip"],"picked":"Dagger Throw","floor":0.0},{"not_picked":["Underhanded Strike","Poisoned Stab"],"picked":"ReplayTheSpireMod:The Works","floor":0.0},{"not_picked":["Deadly Poison","Outmaneuver"],"picked":"Crippling Poison","floor":2.0},{"not_picked":["Quick Slash","Skewer","Slice"],"picked":"SKIP","floor":3.0},{"not_picked":["Quick Slash","Flying Knee","Crippling Poison"],"picked":"SKIP","floor":5.0},{"not_picked":["Fluid Movement","Underhanded Strike"],"picked":"Toxin Wave","floor":8.0},{"not_picked":["Dagger Spray","Hidden Blade+1","Sucker Punch"],"picked":"SKIP","floor":13.0},{"not_picked":["Replay:Bag of Tricks+1","Bullet Time+1"],"picked":"Wraith Form v2","floor":16.0},{"not_picked":["Prepared+1","Footwork","Sneak Up+1"],"picked":"SKIP","floor":18.0},{"not_picked":["Sneak Up+1","Choke","Predator+1"],"picked":"SKIP","floor":19.0},{"not_picked":["Crippling Poison+1","Acrobatics+1"],"picked":"Backflip+1","floor":21}],"player_experience":58645,"relics_obtained":[{"floor":8.0,"key":"Tiny Chest"},{"floor":9.0,"key":"Toxic Egg 2"},{"floor":13.0,"key":"War Paint"}],"event_choices":[{"damage_healed":0.0,"max_hp_gain":0.0,"max_hp_loss":0.0,"gold_gain":0.0,"event_name":"Upgrade Shrine","player_choice":"Upgraded","floor":14.0,"gold_loss":0.0,"damage_taken":0.0,"cards_upgraded":["Crippling Poison"]}],"is_beta":false,"boss_relics":[{"not_picked":["Snecko Eye","ChewingGum"],"picked":"SacredBark"}],"items_purged_floors":[12],"is_endless":true,"potions_floor_spawned":[2,3,8,13,18,21],"killed_by":"Snake Plant","ascension_level":20}}