{"host":"Terry","time":1609057327,"event":{"mods":["BaseMod","Downfall","Minty Spire (QoL Compilation)","StSLib"],"gold_per_floor":[0,20,20,32,132,149,172,172,172,272,289,319,84,103,120,224,224,224,244,261,261,69,169,221,247,274,124,196,224,255,289,304,399,399,399,415,434,434,484,251,251,2,34,34,52,72,92,92,111,111],"floor_reached":51,"playtime":2978,"items_purged":["hexamod:Strike"],"score":970,"play_id":"6c170e28-8017-4c91-8294-a0260a21a2a7","local_time":"20201227032207","is_ascension_mode":true,"campfire_choices":[{"data":"expansioncontent:DashGenerateEvil","floor":1,"key":"SMITH"},{"data":"hexamod:HauntingEcho","floor":9,"key":"SMITH"},{"data":"hexamod:GhostflameBarrier","floor":18,"key":"SMITH"},{"floor":27,"key":"REST"},{"floor":35,"key":"RECALL"}],"circlet_count":0,"master_deck":["hexamod:Strike+1","hexamod:Strike","hexamod:Defend+1","hexamod:Defend","hexamod:Defend","hexamod:Defend+1","hexamod:Sear+1","hexamod:Float","expansioncontent:DashGenerateEvil+1","hexamod:BacktrackSmack+1","hexamod:HauntingEcho+1","hexamod:GhostShield","hexamod:ParanormalForm+1","hexamod:HeatShield+1","hexamod:GhostflameBarrier+1","hexamod:GhostflameInferno+1","hexamod:SpectersWail+1","hexamod:SixthSeal","hexamod:RecurringNightmare+1","hexamod:FlamesFromBeyond+1","expansioncontent:QuickStudy+1","hexamod:NightmareStrike+1","hexamod:AdvancingGuard+1","hexamod:Toasty","hexamod:EtherealExpedition+1","hexamod:NightmareGuise+1","hexamod:VolcanoVisage","hexamod:PowerFromBeyond","hexamod:CrushingStance+1","hexamod:RainOfEmbers+1","hexamod:ExtraCrispy+1","expansioncontent:Collect+1","hexamod:EmpoweringStance","hexamod:SwordOfDarkness+1","hexamod:InspiringFlames+1","hexamod:SwordOfDarkness","hexamod:BurningTouch+1","hexamod:ShieldOfDarkness+1","hexamod:AdvancingGuard+1","hexamod:SuperheatedStrike+1","hexamod:Hexaguard+1"],"relics":["hexamod:SpiritBrand","Tiny Chest","Pocketwatch","Bronze Scales","hexamod:IceCube","WingedGreaves","Mango","Mummified Hand","Torii","War Paint","downfall:HeartBlessingGreen","downfall:HeartBlessingBlue","HornCleat","Bottled Tornado","Ice Cream","Gremlin Horn","Snecko Eye","Prayer Wheel","Lizard Tail","Guardian:PocketSentry","Toxic Egg 2","Kunai","Eternal Feather","Mercury Hourglass"],"acts_visited":["Exordium","TheCity","TheBeyond"],"potions_floor_usage":[16,23,23,23,23,23,23,26,45,50],"damage_taken":[{"damage":0,"enemies":"Cultist","floor":2,"turns":3},{"damage":1,"enemies":"Jaw Worm","floor":4,"turns":3},{"damage":0,"enemies":"2 Louse","floor":6,"turns":2},{"damage":7,"enemies":"Gremlin Gang","floor":11,"turns":4},{"damage":12,"enemies":"3 Sentries","floor":12,"turns":7},{"damage":0,"enemies":"downfall:FleeingMerchant","floor":13,"turns":4},{"damage":0,"enemies":"Exordium Wildlife","floor":14,"turns":3},{"damage":0,"enemies":"Large Slime","floor":15,"turns":3},{"damage":47,"enemies":"downfall:Ironclad","floor":16,"turns":6},{"damage":0,"enemies":"Chosen","floor":19,"turns":5},{"damage":3,"enemies":"Snecko","floor":20,"turns":5},{"damage":0,"enemies":"downfall:FleeingMerchant","floor":22,"turns":4},{"damage":1,"enemies":"Colosseum Nobs","floor":23,"turns":4},{"damage":15,"enemies":"Book of Stabbing","floor":25,"turns":4},{"damage":28,"enemies":"Gremlin Leader","floor":26,"turns":5},{"damage":0,"enemies":"Book of Stabbing","floor":29,"turns":4},{"damage":0,"enemies":"downfall:FleeingMerchant","floor":30,"turns":4},{"damage":9,"enemies":"Gremlin Leader","floor":31,"turns":4},{"damage":0,"enemies":"Centurion and Healer","floor":32,"turns":2},{"damage":9,"enemies":"downfall:Defect","floor":33,"turns":7},{"damage":0,"enemies":"Orb Walker","floor":36,"turns":2},{"damage":0,"enemies":"3 Shapes","floor":37,"turns":2},{"damage":0,"enemies":"Mind Bloom Boss Battle","floor":39,"turns":4},{"damage":26,"enemies":"Nemesis","floor":43,"turns":5},{"damage":0,"enemies":"Jaw Worm Horde","floor":45,"turns":2},{"damage":0,"enemies":"Transient","floor":46,"turns":5},{"damage":6,"enemies":"Sphere and 2 Shapes","floor":47,"turns":3},{"damage":6,"enemies":"4 Shapes","floor":49,"turns":3},{"damage":0,"enemies":"downfall:Watcher","floor":50,"turns":6}],"seed_played":"-3623409520912236915","potions_obtained":[{"floor":11,"key":"Fire Potion"},{"floor":12,"key":"hexamod:EctoCoolerPotion"},{"floor":15,"key":"EntropicBrew"},{"floor":16,"key":"champ:CounterPotion"},{"floor":25,"key":"Fire Potion"},{"floor":26,"key":"SteroidPotion"},{"floor":31,"key":"Ancient Potion"},{"floor":33,"key":"Explosive Potion"},{"floor":46,"key":"Energy Potion"}],"is_trial":false,"path_per_floor":["R","M","?","M","?","M","T","?","R","?","M","E","$","M","M","B",null,"R","M","M","T","$","?","T","E","E","R","T","E","$","E","M","B",null,"R","M","M","T","?","?","T","$","E","T","M","M","M","?","M","B",null],"character_chosen":"THE_SPIRIT","items_purchased":["Bronze Scales","expansioncontent:QuickStudy","Ice Cream","Guardian:PocketSentry","expansioncontent:Collect","Kunai"],"campfire_rested":1,"item_purchase_floors":[13,22,30,40,40,42],"current_hp_per_floor":[70,70,70,69,69,69,69,69,69,69,62,50,50,50,50,3,70,70,70,67,67,67,80,80,65,37,75,75,75,75,66,66,57,94,94,94,94,94,94,94,94,94,68,68,68,68,62,62,56,56],"gold":111,"neow_bonus":"RANDOM_COLORLESS_2","is_daily":false,"chose_seed":false,"campfire_upgraded":3,"win_rate":0.0,"timestamp":1609057327,"path_taken":["R","M","?","?","?","M","T","?","R","?","?","E","$","M","M","BOSS","R","M","M","?","$","?","T","E","E","R","?","E","?","E","M","BOSS","R","M","M","?","?","?","T","?","E","?","?","M","M","?","M","BOSS"],"items_purchased_type":["Relic","Card","Relic","Relic","Card","Relic"],"build_version":"2020-12-18","purchased_purges":1,"victory":true,"max_hp_per_floor":[70,70,70,70,70,70,70,70,70,70,70,70,70,70,70,70,70,70,70,70,70,70,84,84,84,84,94,94,94,94,94,94,94,94,94,94,94,94,94,94,94,94,94,94,94,94,94,94,94,94],"card_choices":[{"not_picked":["The Bomb","Chrysalis"],"picked":"expansioncontent:DashGenerateEvil","floor":0},{"not_picked":["hexamod:Haunt","hexamod:NightmareStrike"],"picked":"hexamod:BacktrackSmack","floor":2},{"not_picked":["hexamod:NightmareGuise","hexamod:NightmareStrike"],"picked":"hexamod:HauntingEcho","floor":4},{"not_picked":["hexamod:GhostLash","hexamod:NightmareGuise"],"picked":"hexamod:GhostShield","floor":6},{"not_picked":["hexamod:ExtraCrispy","hexamod:Hexaguard"],"picked":"hexamod:ParanormalForm","floor":11},{"not_picked":["hexamod:AdvancingGuard","hexamod:SkipABeat"],"picked":"hexamod:HeatShield","floor":12},{"not_picked":["hexamod:ShieldOfDarkness","hexamod:SecondSeal"],"picked":"hexamod:GhostflameBarrier","floor":13},{"not_picked":["hexamod:NightmareStrike","hexamod:PhantomCloak"],"picked":"hexamod:GhostflameInferno","floor":14},{"not_picked":["hexamod:ThermalTransfer","hexamod:BurningTouch"],"picked":"hexamod:SpectersWail","floor":15},{"not_picked":["hexamod:CrushingStance","hexamod:WildfireWeapon"],"picked":"hexamod:SixthSeal","floor":16},{"not_picked":["hexamod:HeatCrush","hexamod:GhostShield"],"picked":"hexamod:RecurringNightmare","floor":19},{"not_picked":["hexamod:Rewind","hexamod:SwordOfDarkness","hexamod:HauntingEcho"],"picked":"SKIP","floor":20},{"not_picked":["hexamod:ShieldOfDarkness","hexamod:AdvancingGuard"],"picked":"hexamod:FlamesFromBeyond+1","floor":22},{"not_picked":["hexamod:Firestarter","hexamod:SoulSteal+1"],"picked":"hexamod:NightmareStrike+1","floor":23},{"not_picked":["hexamod:BacktrackSmack","hexamod:ThirdSeal"],"picked":"hexamod:AdvancingGuard+1","floor":25},{"not_picked":["hexamod:BacktrackSmack","hexamod:BurningTouch"],"picked":"hexamod:Toasty","floor":26},{"not_picked":["hexamod:ShieldOfDarkness","hexamod:NightmareStrike"],"picked":"hexamod:EtherealExpedition","floor":29},{"not_picked":["hexamod:SpectersWail","hexamod:SkipABeat"],"picked":"hexamod:NightmareGuise","floor":30},{"not_picked":["hexamod:Firestarter","hexamod:SoulSteal"],"picked":"hexamod:VolcanoVisage","floor":31},{"not_picked":["hexamod:SkipABeat","hexamod:PhantomFireball"],"picked":"hexamod:PowerFromBeyond","floor":32},{"not_picked":["hexamod:ParanormalForm","hexamod:EmpoweringStance"],"picked":"hexamod:CrushingStance","floor":33},{"not_picked":["hexamod:SoulSteal+1","hexamod:InspiringFlames+1"],"picked":"hexamod:RainOfEmbers+1","floor":36},{"not_picked":["hexamod:ThermalTransfer","hexamod:SpectersWail","hexamod:InspiringFlames"],"picked":"SKIP","floor":37},{"not_picked":["hexamod:PowerFromBeyond","hexamod:Rewind"],"picked":"hexamod:ExtraCrispy+1","floor":39},{"not_picked":["hexamod:TurnItUp+1","hexamod:AdvancingGuard+1"],"picked":"hexamod:EmpoweringStance","floor":43},{"not_picked":["hexamod:ThermalTransfer+1","hexamod:NightmareStrike"],"picked":"hexamod:SwordOfDarkness+1","floor":45},{"not_picked":["hexamod:FourthSeal","hexamod:BacktrackSmack"],"picked":"hexamod:InspiringFlames+1","floor":45},{"not_picked":["hexamod:HauntingEcho+1","hexamod:SixthSeal"],"picked":"hexamod:SwordOfDarkness","floor":46},{"not_picked":["hexamod:HauntingEcho+1","hexamod:GhostOfSpirePast+1"],"picked":"hexamod:BurningTouch+1","floor":46},{"not_picked":["hexamod:Firestarter+1","hexamod:Hexaguard+1"],"picked":"hexamod:ShieldOfDarkness+1","floor":47},{"not_picked":["hexamod:BurningTouch+1","hexamod:RainOfEmbers+1"],"picked":"hexamod:AdvancingGuard+1","floor":47},{"not_picked":["hexamod:BacktrackSmack+1","hexamod:ExtraCrispy"],"picked":"hexamod:SuperheatedStrike+1","floor":49},{"not_picked":["hexamod:HeatMetal+1","hexamod:SwordOfDarkness+1"],"picked":"hexamod:Hexaguard+1","floor":49}],"player_experience":577727,"relics_obtained":[{"floor":7,"key":"Tiny Chest"},{"floor":12,"key":"Pocketwatch"},{"floor":21,"key":"WingedGreaves"},{"floor":23,"key":"Mango"},{"floor":23,"key":"Mummified Hand"},{"floor":25,"key":"Torii"},{"floor":26,"key":"War Paint"},{"floor":28,"key":"HornCleat"},{"floor":29,"key":"Bottled Tornado"},{"floor":31,"key":"Gremlin Horn"},{"floor":38,"key":"Prayer Wheel"},{"floor":39,"key":"Lizard Tail"},{"floor":41,"key":"Toxic Egg 2"},{"floor":43,"key":"Eternal Feather"},{"floor":44,"key":"Mercury Hourglass"}],"event_choices":[{"damage_healed":0,"gold_gain":0,"player_choice":"Forge","damage_taken":0,"max_hp_gain":0,"max_hp_loss":0,"event_name":"Accursed Blacksmith","floor":3,"gold_loss":0,"cards_upgraded":["hexamod:BacktrackSmack"]}],"is_beta":true,"boss_relics":[{"not_picked":["Cursed Key","Calling Bell"],"picked":"hexamod:IceCube"},{"not_picked":["SacredBark","Philosopher\u0027s Stone"],"picked":"Snecko Eye"}],"items_purged_floors":[13],"is_endless":false,"potions_floor_spawned":[11,12,15,16,20,25,26,31,33,36,43,46],"ascension_level":1}}