{"host":"vc42n08di9czm3e7","time":1609092738,"event":{"mods":["AchievementEnabler","Act Like it!","BaseMod","Colored Powertips","Conspire","Downfall","Friendly Minions","GifTheSpireLib","Gremlin Mod","GungeonMod","Hermit","Jorbs\u0027s Wanderer Trilogy","Minty Spire (QoL Compilation)","Quick Restart","Rare Cards Sparkle","StSLib","The Bladedancer","The Cursed","The Death Knight","The Jungle"],"gold_per_floor":[113,133,146,158,7,7,37,37,37,51,61,61,73,73,73],"floor_reached":14,"playtime":613,"items_purged":["DemoMod:Strike_Huntress"],"score":94,"play_id":"fde2f2b6-1ea5-493c-a018-62e8e1236544","local_time":"20201227131218","is_ascension_mode":false,"campfire_choices":[{"data":"DemoMod:DarkMarker","floor":6,"key":"SMITH"},{"floor":12,"key":"REST"}],"circlet_count":0,"master_deck":["DemoMod:Strike_Huntress","DemoMod:Strike_Huntress","DemoMod:Defend_Huntress","DemoMod:Defend_Huntress","DemoMod:Defend_Huntress","DemoMod:Defend_Huntress","DemoMod:Roll","DemoMod:ManualReload","DemoMod:RustySidearm","DemoMod:CrossBow","DemoMod:SniperShot","DemoMod:TeaPot","DemoMod:MegaHand","DemoMod:JK47","DemoMod:DarkMarker+1","DemoMod:StickyCrossBow+1","DemoMod:TableSutra"],"relics":["DemoMod:Dog","NeowsBlessing","Molten Egg 2","conspire:DeflatedDodgeball"],"acts_visited":["Exordium"],"potions_floor_usage":[],"damage_taken":[{"damage":0,"enemies":"2 Louse","floor":1,"turns":1},{"damage":0,"enemies":"Small Slimes","floor":2,"turns":1},{"damage":0,"enemies":"Jaw Worm","floor":3,"turns":1},{"damage":11,"enemies":"Blue Slaver","floor":4,"turns":4},{"damage":15,"enemies":"Gremlin Nob","floor":7,"turns":4},{"damage":13,"enemies":"Exordium Thugs","floor":10,"turns":5},{"damage":3,"enemies":"3 Louse","floor":11,"turns":3},{"damage":6,"enemies":"Red Slaver","floor":13,"turns":5},{"damage":3,"enemies":"Lagavulin","floor":14,"turns":3}],"seed_played":"4864731897313223827","potions_obtained":[{"floor":1,"key":"Strength Potion"},{"floor":7,"key":"Block Potion"},{"floor":13,"key":"Weak Potion"}],"is_trial":false,"path_per_floor":["M","M","M","M","$","R","E","?","T","M","M","R","M","E"],"character_chosen":"HUNTRESS","items_purchased":["DemoMod:DarkMarker"],"campfire_rested":1,"item_purchase_floors":[5],"current_hp_per_floor":[70,70,70,59,59,59,44,44,44,31,28,49,43,40,40],"gold":73,"neow_bonus":"THREE_ENEMY_KILL","is_daily":false,"chose_seed":false,"campfire_upgraded":1,"win_rate":0.0,"timestamp":1609092738,"path_taken":["M","M","M","M","$","R","E","?","T","M","M","R","M","E"],"items_purchased_type":["Card"],"build_version":"2020-12-22","purchased_purges":1,"victory":false,"max_hp_per_floor":[70,70,70,70,70,70,70,70,70,70,70,70,70,70,70],"card_choices":[{"not_picked":["DemoMod:BattleInHaste","DemoMod:AC15"],"picked":"DemoMod:SniperShot","floor":1},{"not_picked":["DemoMod:AbyssalTentacle","DemoMod:AC15"],"picked":"DemoMod:TeaPot","floor":2},{"not_picked":["DemoMod:Unity","DemoMod:TeaPot"],"picked":"DemoMod:MegaHand","floor":3},{"not_picked":["DemoMod:SAA","DemoMod:PotionOfGunFriendShip"],"picked":"DemoMod:JK47","floor":4},{"not_picked":["DemoMod:MegaHand+1","DemoMod:GunslingerForm"],"picked":"DemoMod:StickyCrossBow+1","floor":7},{"not_picked":["DemoMod:AC15+1","DemoMod:BattleInHaste","DemoMod:HardPowerCard"],"picked":"SKIP","floor":10},{"not_picked":["DemoMod:HardPowerCard","DemoMod:FastSwitch"],"picked":"DemoMod:TableSutra","floor":11},{"not_picked":["DemoMod:DoubleSwitch","DemoMod:GunstockTap+1","DemoMod:ConditionalReflex"],"picked":"SKIP","floor":13}],"player_experience":265644,"relics_obtained":[{"floor":7,"key":"Molten Egg 2"},{"floor":9,"key":"conspire:DeflatedDodgeball"}],"event_choices":[{"damage_healed":0,"gold_gain":0,"player_choice":"Ignored","damage_taken":0,"max_hp_gain":0,"max_hp_loss":0,"event_name":"Liars Game","floor":8,"gold_loss":0}],"is_beta":false,"boss_relics":[],"items_purged_floors":[5],"is_endless":false,"potions_floor_spawned":[1,7,13],"killed_by":"Lagavulin","ascension_level":0}}