{"host":"t7mx8yfj1no5p62f","time":1609074056,"event":{"mods":["BaseMod","Colored Map","Colored Powertips","Minty Spire (QoL Compilation)","Relic Stats","StSLib"],"gold_per_floor":[109,33,47,59,77,111,111,143,143,143,143,143,174,190,190,265,265,284,284,295,305,323,323,336,369,422,450,471,79,123,43,43,123,123,145,168,186,235,257,286,306,346,400,400,425,451,451,138,138,138,138,138,138,50,85,85],"floor_reached":57,"playtime":3256,"items_purged":["Strike_G","Strike_G","Strike_G"],"score":2858,"play_id":"5a7e2af3-2bce-410b-9d35-9ff9d9c78cab","local_time":"20201227080056","is_ascension_mode":true,"campfire_choices":[{"data":"Cloak And Dagger","floor":7.0,"key":"SMITH"},{"data":"Blade Dance","floor":10.0,"key":"SMITH"},{"data":"Dagger Spray","floor":12.0,"key":"SMITH"},{"data":"Neutralize","floor":15.0,"key":"SMITH"},{"data":"Burst","floor":23.0,"key":"SMITH"},{"data":"After Image","floor":32.0,"key":"SMITH"},{"data":"Apotheosis","floor":44.0,"key":"SMITH"},{"data":"Acrobatics","floor":47,"key":"SMITH"},{"floor":49,"key":"RECALL"},{"data":"Footwork","floor":53,"key":"SMITH"}],"circlet_count":0,"master_deck":["AscendersBane","Strike_G","Defend_G","Defend_G","Defend_G","Defend_G","Defend_G","Survivor","Neutralize+1","Dagger Throw","Acrobatics+1","Dagger Spray+1","Reflex","Cloak And Dagger+1","Blade Dance+1","Infinite Blades","Tools of the Trade","Burst+1","Cloak And Dagger+1","Die Die Die","Sucker Punch","Escape Plan+1","Underhanded Strike","Terror","Blade Dance","Reflex","Leg Sweep","Footwork+1","Footwork","After Image+1","Backflip","Bullet Time","Prepared+1","Finisher+1","Dark Shackles","Apotheosis+1","Calculated Gamble","Finisher","Blade Dance","Well Laid Plans","Deflect","Caltrops"],"relics":["WristBlade","Pear","The Courier","Paper Crane","Art of War","Coffee Dripper","Bird Faced Urn","CeramicFish","Centennial Puzzle","Philosopher\u0027s Stone","Gambling Chip","StoneCalendar","Ninja Scroll","Bag of Marbles","Sundial","HornCleat","Thread and Needle"],"acts_visited":["Exordium","TheCity","TheBeyond","TheEnding"],"potions_floor_usage":[56,56],"damage_taken":[{"damage":8.0,"enemies":"Jaw Worm","floor":1.0,"turns":4.0},{"damage":6.0,"enemies":"Cultist","floor":3.0,"turns":5.0},{"damage":1.0,"enemies":"2 Louse","floor":4.0,"turns":3.0},{"damage":0.0,"enemies":"Gremlin Gang","floor":5.0,"turns":2.0},{"damage":11.0,"enemies":"Gremlin Nob","floor":6.0,"turns":3.0},{"damage":14.0,"enemies":"3 Sentries","floor":8.0,"turns":7.0},{"damage":5.0,"enemies":"Gremlin Nob","floor":13.0,"turns":3.0},{"damage":3.0,"enemies":"Blue Slaver","floor":14.0,"turns":3.0},{"damage":35.0,"enemies":"Hexaghost","floor":16.0,"turns":10.0},{"damage":16.0,"enemies":"Shell Parasite","floor":18.0,"turns":4.0},{"damage":0.0,"enemies":"Chosen","floor":20.0,"turns":5.0},{"damage":4.0,"enemies":"Centurion and Healer","floor":21.0,"turns":5.0},{"damage":7.0,"enemies":"Cultist and Chosen","floor":22.0,"turns":3.0},{"damage":9.0,"enemies":"Snake Plant","floor":24.0,"turns":5.0},{"damage":7.0,"enemies":"Gremlin Leader","floor":25.0,"turns":6.0},{"damage":7.0,"enemies":"Centurion and Healer","floor":27.0,"turns":4.0},{"damage":0.0,"enemies":"3 Cultists","floor":28.0,"turns":3.0},{"damage":6.0,"enemies":"Slavers","floor":30.0,"turns":4.0},{"damage":12.0,"enemies":"Collector","floor":33.0,"turns":12.0},{"damage":0.0,"enemies":"3 Shapes","floor":35.0,"turns":6.0},{"damage":1.0,"enemies":"Orb Walker","floor":36.0,"turns":4.0},{"damage":36.0,"enemies":"2 Orb Walkers","floor":38.0,"turns":5.0},{"damage":0.0,"enemies":"Spire Growth","floor":39.0,"turns":5.0},{"damage":10.0,"enemies":"Giant Head","floor":40.0,"turns":5.0},{"damage":0.0,"enemies":"3 Darklings","floor":41.0,"turns":6.0},{"damage":7.0,"enemies":"Nemesis","floor":42.0,"turns":7.0},{"damage":0,"enemies":"Reptomancer","floor":45,"turns":2},{"damage":0,"enemies":"Sphere and 2 Shapes","floor":46,"turns":6},{"damage":7,"enemies":"Donu and Deca","floor":50,"turns":7},{"damage":43,"enemies":"Awakened One","floor":51,"turns":13},{"damage":30,"enemies":"Shield and Spear","floor":55,"turns":7},{"damage":25,"enemies":"The Heart","floor":56,"turns":12}],"seed_played":"6409773117932800459","potions_obtained":[{"floor":3.0,"key":"Strength Potion"},{"floor":4.0,"key":"CunningPotion"},{"floor":5.0,"key":"CunningPotion"},{"floor":11.0,"key":"FairyPotion"},{"floor":14.0,"key":"DuplicationPotion"},{"floor":20.0,"key":"Fruit Juice"},{"floor":22.0,"key":"GamblersBrew"},{"floor":27.0,"key":"BlessingOfTheForge"},{"floor":30.0,"key":"ColorlessPotion"},{"floor":33.0,"key":"EssenceOfSteel"},{"floor":35.0,"key":"Explosive Potion"},{"floor":39.0,"key":"Ancient Potion"},{"floor":45,"key":"SpeedPotion"}],"is_trial":false,"path_per_floor":["M","?","M","M","M","E","R","E","T","R","?","R","E","M","R","B",null,"M","?","M","M","M","R","M","E","T","M","M","$","E","$","R","B",null,"M","M","?","?","M","E","M","E","T","R","E","M","R","$","R","B","B",null,"R","$","E","B",null],"character_chosen":"THE_SILENT","items_purchased":["Leg Sweep","Footwork","Footwork","After Image","Strength Potion","HornCleat","Well Laid Plans","Deflect"],"campfire_rested":0,"item_purchase_floors":[29,29,29,29,29,48,54,54],"current_hp_per_floor":[51,61,55,54,54,43,43,29,29,29,29,29,24,21,21,9,59,43,43,43,39,37,37,28,21,21,18,20,20,22,22,22,20,66,76,80,70,44,54,54,64,67,67,67,69,79,79,79,79,81,46,72,72,72,54,43],"gold":85,"neow_bonus":"BOSS_RELIC","is_daily":false,"chose_seed":false,"campfire_upgraded":9,"win_rate":0.0,"timestamp":1609074056,"path_taken":["M","?","M","?","M","E","R","E","T","R","?","R","E","?","R","BOSS","M","?","?","M","M","R","M","E","T","M","?","$","E","$","R","BOSS","M","M","?","?","M","E","M","E","T","R","E","M","R","$","R","BOSS","BOSS","R","$","E","BOSS"],"items_purchased_type":["Card","Card","Card","Card","Potion","Relic","Card","Card"],"build_version":"2020-12-22","purchased_purges":3,"victory":true,"max_hp_per_floor":[66,76,76,76,76,76,76,76,76,76,76,76,76,76,76,76,76,76,76,76,76,81,81,81,81,81,81,81,81,81,81,81,81,81,81,81,81,81,81,81,81,81,81,81,81,81,81,81,81,81,81,81,81,81,81,81],"relic_stats":{"Centennial Puzzle":[27],"counters":[32,176],"Sundial":[6],"Bird Faced Urn":[144],"CeramicFish":162,"Gambling Chip":[14],"StoneCalendar":[65],"Art of War":[8],"obtain_stats":[{"Pear":2,"CeramicFish":26,"StoneCalendar":40,"Thread and Needle":55,"The Courier":6,"Paper Crane":8,"Centennial Puzzle":30,"HornCleat":48,"WristBlade":0,"Ninja Scroll":42,"Sundial":45,"Bird Faced Urn":25,"Gambling Chip":38,"Philosopher\u0027s Stone":34,"Art of War":13,"Coffee Dripper":17,"Bag of Marbles":43,"Ring of the Snake":0},{"Pear":1,"CeramicFish":15,"StoneCalendar":24,"Thread and Needle":31,"The Courier":5,"Paper Crane":6,"Centennial Puzzle":18,"HornCleat":28,"WristBlade":0,"Ninja Scroll":26,"Sundial":27,"Bird Faced Urn":15,"Gambling Chip":22,"Philosopher\u0027s Stone":19,"Art of War":7,"Coffee Dripper":9,"Bag of Marbles":26,"Ring of the Snake":0},{"Pear":4,"CeramicFish":68,"StoneCalendar":116,"Thread and Needle":164,"The Courier":17,"Paper Crane":24,"Centennial Puzzle":79,"HornCleat":137,"WristBlade":0,"Ninja Scroll":129,"Sundial":131,"Bird Faced Urn":68,"Gambling Chip":106,"Philosopher\u0027s Stone":91,"Art of War":27,"Coffee Dripper":40,"Bag of Marbles":129,"Ring of the Snake":0}]},"card_choices":[{"not_picked":["Prepared","Blur"],"picked":"Dagger Throw","floor":1.0},{"not_picked":["Deflect","Prepared"],"picked":"Acrobatics","floor":3.0},{"not_picked":["Riddle With Holes","Deflect"],"picked":"Dagger Spray","floor":4.0},{"not_picked":["Tactician","Noxious Fumes"],"picked":"Reflex","floor":5.0},{"not_picked":["Outmaneuver","Deadly Poison"],"picked":"Cloak And Dagger","floor":6.0},{"not_picked":["Riddle With Holes","Dodge and Roll"],"picked":"Blade Dance","floor":8.0},{"not_picked":["Well Laid Plans","Concentrate"],"picked":"Infinite Blades","floor":13.0},{"not_picked":["Underhanded Strike","Poisoned Stab"],"picked":"Tools of the Trade","floor":14.0},{"not_picked":["Grand Finale","Venomology"],"picked":"Burst","floor":16.0},{"not_picked":["Caltrops","Slice+1"],"picked":"Cloak And Dagger+1","floor":18.0},{"not_picked":["Riddle With Holes","Expertise"],"picked":"Sucker Punch","floor":20.0},{"not_picked":["Acrobatics","Dagger Spray"],"picked":"Escape Plan+1","floor":21.0},{"not_picked":["Riddle With Holes","Deadly Poison"],"picked":"Underhanded Strike","floor":22.0},{"not_picked":["Bane","Backflip"],"picked":"Terror","floor":24.0},{"not_picked":["Prepared","Terror","Bouncing Flask"],"picked":"SKIP","floor":25.0},{"not_picked":["Concentrate","Quick Slash"],"picked":"Blade Dance","floor":27.0},{"not_picked":["Deadly Poison","Underhanded Strike"],"picked":"Reflex","floor":28.0},{"not_picked":["Outmaneuver","Flying Knee"],"picked":"Backflip","floor":30.0},{"not_picked":["Malaise","Unload"],"picked":"Bullet Time","floor":33.0},{"not_picked":["Flechettes","Deadly Poison"],"picked":"Prepared+1","floor":35.0},{"not_picked":["Cloak And Dagger+1","Backstab"],"picked":"Finisher+1","floor":36.0},{"not_picked":["Forethought","PanicButton"],"picked":"Dark Shackles","floor":37.0},{"not_picked":["Sadistic Nature","Impatience"],"picked":"Apotheosis","floor":37.0},{"not_picked":["Choke+1","Bane+1"],"picked":"Calculated Gamble","floor":39.0},{"not_picked":["Bane+1","Flying Knee","Dagger Throw"],"picked":"SKIP","floor":40.0},{"not_picked":["Sucker Punch+1","Endless Agony","Deadly Poison+1"],"picked":"SKIP","floor":41.0},{"not_picked":["Cloak And Dagger","Quick Slash"],"picked":"Finisher","floor":42.0},{"not_picked":["Burst","Die Die Die","Catalyst"],"picked":"SKIP","floor":45},{"not_picked":["Dash","Bane"],"picked":"Blade Dance","floor":46},{"not_picked":["Deflect+1","Doppelganger"],"picked":"Caltrops","floor":55}],"player_experience":1596557,"relics_obtained":[{"floor":6.0,"key":"The Courier"},{"floor":8.0,"key":"Paper Crane"},{"floor":13.0,"key":"Art of War"},{"floor":25.0,"key":"Bird Faced Urn"},{"floor":26.0,"key":"CeramicFish"},{"floor":30.0,"key":"Centennial Puzzle"},{"floor":38.0,"key":"Gambling Chip"},{"floor":40.0,"key":"StoneCalendar"},{"floor":42.0,"key":"Ninja Scroll"},{"floor":43.0,"key":"Bag of Marbles"},{"floor":45,"key":"Sundial"},{"floor":55,"key":"Thread and Needle"}],"event_choices":[{"damage_healed":0.0,"max_hp_gain":0.0,"max_hp_loss":0.0,"gold_gain":0.0,"event_name":"WeMeetAgain","player_choice":"Paid Gold","floor":2.0,"gold_loss":76.0,"damage_taken":0.0,"relics_obtained":["Pear"]},{"damage_healed":0.0,"max_hp_gain":0.0,"max_hp_loss":0.0,"gold_gain":0.0,"event_name":"Lab","player_choice":"Got Potions","floor":11.0,"gold_loss":0.0,"damage_taken":0.0},{"damage_healed":0.0,"max_hp_gain":0.0,"max_hp_loss":0.0,"gold_gain":0.0,"cards_transformed":["Strike_G"],"event_name":"Transmorgrifier","player_choice":"Transformed","floor":19.0,"gold_loss":0.0,"damage_taken":0.0,"cards_obtained":["Die Die Die"]},{"damage_healed":0.0,"max_hp_gain":0.0,"max_hp_loss":0.0,"gold_gain":0.0,"event_name":"SensoryStone","player_choice":"Memory 3","floor":37.0,"gold_loss":0.0,"damage_taken":10.0},{"damage_healed":0.0,"max_hp_gain":0.0,"max_hp_loss":0.0,"gold_gain":0.0,"event_name":"Mysterious Sphere","player_choice":"Fight","floor":38.0,"gold_loss":0.0,"damage_taken":0.0}],"is_beta":false,"boss_relics":[{"not_picked":["Busted Crown","Ectoplasm"],"picked":"Coffee Dripper"},{"not_picked":["Pandora\u0027s Box","Snecko Eye"],"picked":"Philosopher\u0027s Stone"}],"items_purged_floors":[29,31,48],"is_endless":false,"potions_floor_spawned":[3,4,5,14,20,22,24,27,30,33,35,39,42,45,46],"ascension_level":20}}