{"host":"ephzq12rl18r5ewu","time":1609043350,"event":{"mods":["BaseMod","Minty Spire (QoL Compilation)"],"gold_per_floor":[114,129,32,47,11,11,11,11,11,26,26,26,26],"floor_reached":12,"playtime":617,"items_purged":[],"score":68,"play_id":"737822ce-8869-4d4e-994a-78daed43ad32","local_time":"20201226202910","daily_mods":["Chimera","Red Cards","Lethality"],"is_ascension_mode":false,"campfire_choices":[{"data":"Armaments","floor":6,"key":"SMITH"},{"data":"Fire Breathing","floor":8,"key":"SMITH"}],"circlet_count":0,"master_deck":["Bash","Survivor","Zap","Eruption","Strike_R","Strike_G","Strike_B","Defend_R","Defend_G","Defend_P","Armaments+1","ReachHeaven","Fire Breathing+1","Crescendo","MentalFortress","Searing Blow","Armaments","Regret"],"relics":["PureWater","Question Card","Regal Pillow"],"acts_visited":["Exordium"],"potions_floor_usage":[10],"damage_taken":[{"damage":0,"enemies":"2 Louse","floor":1,"turns":1},{"damage":0,"enemies":"Small Slimes","floor":2,"turns":2},{"damage":0,"enemies":"Cultist","floor":4,"turns":2},{"damage":5,"enemies":"Blue Slaver","floor":10,"turns":3},{"damage":79,"enemies":"Lagavulin","floor":12,"turns":3}],"seed_played":"4726349093531193793","potions_obtained":[{"floor":4,"key":"ColorlessPotion"}],"is_trial":false,"path_per_floor":["M","M","$","M","$","R","$","R","T","M","?","E"],"character_chosen":"WATCHER","items_purchased":["Fire Breathing","Crescendo","Searing Blow"],"campfire_rested":0,"item_purchase_floors":[3,3,5],"current_hp_per_floor":[72,72,72,72,72,72,72,72,72,67,67,0,0],"gold":26,"neow_bonus":"","is_daily":true,"chose_seed":false,"campfire_upgraded":2,"win_rate":0.0,"timestamp":1609043350,"path_taken":["M","M","$","M","$","R","$","R","T","M","?","E"],"items_purchased_type":["Card","Card","Card"],"build_version":"2020-12-22","purchased_purges":0,"victory":false,"max_hp_per_floor":[72,72,72,72,72,72,72,72,72,72,72,72,72],"card_choices":[{"not_picked":["Warcry","Power Through"],"picked":"Armaments","floor":1},{"not_picked":["ThirdEye","Study"],"picked":"ReachHeaven","floor":2},{"not_picked":["CrushJoints","Headbutt"],"picked":"MentalFortress","floor":4},{"not_picked":["Protect","PathToVictory","MasterReality"],"picked":"Armaments","floor":10}],"player_experience":1189700,"relics_obtained":[{"floor":9,"key":"Question Card"}],"event_choices":[{"damage_healed":0,"gold_gain":0,"player_choice":"Box","damage_taken":0,"relics_obtained":["Regal Pillow"],"max_hp_gain":0,"max_hp_loss":0,"event_name":"Big Fish","floor":11,"gold_loss":0,"cards_obtained":["Regret"]}],"is_beta":false,"boss_relics":[],"items_purged_floors":[],"is_endless":false,"potions_floor_spawned":[4],"killed_by":"Lagavulin","ascension_level":0}}