{"host":"dpbezu80jg8zk7un","time":1609105027,"event":{"mods":["BaseMod","Colored Map","Colored Powertips","Custom Start","DeckTracker","Minty Spire (QoL Compilation)","Quick Restart","StSLib","SuperFastMode"],"gold_per_floor":[161,181,31,31,45,45,70,70,120,130,130,156,218,245,245,316,316,327,338,238,218,233,233,262,137,137,162,173,173,199,212,212,287,287,303,323,404,419,181,181,216,241,264,296,307,307,166,195,195,195,195,195,195,16,51,51],"floor_reached":57,"playtime":2054,"items_purged":["Defend_P","Strike_P","Defend_P","Strike_P","Defend_P","Strike_P+1"],"score":3217,"play_id":"4f6c5952-a60e-4509-a1ec-31fc0436c00f","local_time":"20201228063707","is_ascension_mode":true,"campfire_choices":[{"data":"Eruption","floor":6.0,"key":"SMITH"},{"data":"Adaptation","floor":8.0,"key":"SMITH"},{"data":"WheelKick","floor":11.0,"key":"SMITH"},{"data":"Adaptation","floor":15.0,"key":"SMITH"},{"floor":23.0,"key":"RECALL"},{"data":"CrushJoints","floor":29.0,"key":"SMITH"},{"data":"Vigilance","floor":32.0,"key":"SMITH"},{"data":"Defend_P","floor":40.0,"key":"SMITH"},{"data":"Strike_P","floor":49.0,"key":"SMITH"}],"circlet_count":0,"master_deck":["AscendersBane","Strike_P+1","Defend_P+1","Eruption+1","Vigilance+1","WheelKick+1","Adaptation+1","Adaptation+1","CrushJoints+1","ForeignInfluence+1","Vault+1","Halt+1"],"relics":["Tiny House","Gambling Chip","Toy Ornithopter","Potion Belt","HornCleat","Tiny Chest","Coffee Dripper","Calipers","Toxic Egg 2","Vajra","VioletLotus","Mercury Hourglass","Membership Card","Ginger","Mango","Damaru","Blue Candle","Yang","Omamori","Lantern","Bag of Marbles"],"acts_visited":["Exordium","TheCity","TheBeyond","TheEnding"],"potions_floor_usage":[56,56,56,56,56,56,56],"damage_taken":[{"damage":0.0,"enemies":"Cultist","floor":1.0,"turns":2.0},{"damage":0.0,"enemies":"2 Louse","floor":2.0,"turns":2.0},{"damage":7.0,"enemies":"Jaw Worm","floor":5.0,"turns":4.0},{"damage":16.0,"enemies":"Gremlin Nob","floor":7.0,"turns":3.0},{"damage":10.0,"enemies":"Gremlin Gang","floor":10.0,"turns":3.0},{"damage":27.0,"enemies":"3 Sentries","floor":12.0,"turns":5.0},{"damage":2.0,"enemies":"Gremlin Nob","floor":14.0,"turns":3.0},{"damage":12.0,"enemies":"The Guardian","floor":16.0,"turns":5.0},{"damage":0.0,"enemies":"Chosen","floor":18.0,"turns":2.0},{"damage":0.0,"enemies":"Spheric Guardian","floor":19.0,"turns":1.0},{"damage":0.0,"enemies":"Chosen and Byrds","floor":22.0,"turns":3.0},{"damage":22.0,"enemies":"Slavers","floor":24.0,"turns":6.0},{"damage":1.0,"enemies":"Book of Stabbing","floor":27.0,"turns":3.0},{"damage":0.0,"enemies":"Snecko","floor":28.0,"turns":3.0},{"damage":0.0,"enemies":"Centurion and Healer","floor":31.0,"turns":1.0},{"damage":26.0,"enemies":"Collector","floor":33.0,"turns":6.0},{"damage":7.0,"enemies":"3 Shapes","floor":35.0,"turns":3.0},{"damage":0.0,"enemies":"Orb Walker","floor":36.0,"turns":3.0},{"damage":2.0,"enemies":"Transient","floor":38.0,"turns":6.0},{"damage":0.0,"enemies":"Reptomancer","floor":41.0,"turns":3.0},{"damage":0.0,"enemies":"Mind Bloom Boss Battle","floor":42.0,"turns":4.0},{"damage":4.0,"enemies":"Nemesis","floor":44.0,"turns":4.0},{"damage":0.0,"enemies":"Spire Growth","floor":45.0,"turns":3.0},{"damage":0.0,"enemies":"Giant Head","floor":48.0,"turns":5.0},{"damage":0.0,"enemies":"Time Eater","floor":50.0,"turns":10.0},{"damage":0.0,"enemies":"Donu and Deca","floor":51.0,"turns":4.0},{"damage":0.0,"enemies":"Shield and Spear","floor":55.0,"turns":2.0},{"damage":50,"enemies":"The Heart","floor":56,"turns":8}],"seed_played":"2928373049625640435","potions_obtained":[{"floor":0.0,"key":"PowerPotion"},{"floor":7.0,"key":"GamblersBrew"},{"floor":10.0,"key":"CultistPotion"},{"floor":12.0,"key":"ColorlessPotion"},{"floor":16.0,"key":"StancePotion"},{"floor":19.0,"key":"LiquidBronze"},{"floor":22.0,"key":"PowerPotion"},{"floor":24.0,"key":"DuplicationPotion"},{"floor":33.0,"key":"SpeedPotion"},{"floor":36.0,"key":"StancePotion"},{"floor":41.0,"key":"DuplicationPotion"}],"is_trial":false,"path_per_floor":["M","M","$","T","M","R","E","R","T","M","R","E","?","E","R","B",null,"M","M","$","?","M","R","E","$","T","E","M","R","T","M","R","B",null,"M","M","T","M","$","R","E","?","T","E","M","T","$","E","R","B","B",null,"R","$","E","B",null],"character_chosen":"WATCHER","items_purchased":["Adaptation","Membership Card","EntropicBrew","Lantern"],"campfire_rested":0,"item_purchase_floors":[3,39,47,54],"current_hp_per_floor":[66,66,66,66,59,59,43,43,43,33,33,6,6,4,4,2,55,55,55,55,55,60,60,48,48,48,52,52,52,52,52,52,31,63,56,56,56,54,54,54,54,68,68,64,64,64,64,64,64,64,64,81,81,81,81,42],"gold":51,"neow_bonus":"BOSS_RELIC","is_daily":false,"chose_seed":false,"campfire_upgraded":8,"win_rate":0.0,"timestamp":1609105027,"path_taken":["M","M","?","?","M","R","E","R","T","M","R","E","?","E","R","BOSS","M","M","$","?","M","R","E","$","T","E","?","R","?","M","R","BOSS","M","M","?","M","?","R","E","?","T","E","M","?","$","E","R","BOSS","BOSS","R","$","E","BOSS"],"items_purchased_type":["Card","Relic","Potion","Relic"],"build_version":"2020-12-22","purchased_purges":6,"victory":true,"max_hp_per_floor":[73,73,73,73,73,73,73,73,73,73,73,73,73,73,73,73,73,73,73,73,73,73,73,73,73,73,73,73,73,73,73,73,73,73,73,73,73,73,73,73,73,87,87,87,87,87,87,87,87,87,87,87,87,87,87,87],"card_choices":[{"not_picked":["FlyingSleeves","Crescendo"],"picked":"WheelKick","floor":0.0},{"not_picked":["WheelKick","Consecrate","Wallop"],"picked":"SKIP","floor":1.0},{"not_picked":["ClearTheMind","JustLucky","Sanctity"],"picked":"SKIP","floor":2.0},{"not_picked":["Sanctity","FollowUp","Prostrate"],"picked":"SKIP","floor":5.0},{"not_picked":["Ragnarok","Indignation","Prostrate"],"picked":"SKIP","floor":7.0},{"not_picked":["BowlingBash","JustLucky","ClearTheMind"],"picked":"SKIP","floor":10.0},{"not_picked":["WheelKick","FlurryOfBlows"],"picked":"Adaptation","floor":12.0},{"not_picked":["Wireheading","FlyingSleeves","ConjureBlade"],"picked":"SKIP","floor":14.0},{"not_picked":["FlyingSleeves","PathToVictory","Collect"],"picked":"SKIP","floor":18.0},{"not_picked":["FlyingSleeves","SignatureMove","Crescendo"],"picked":"SKIP","floor":19.0},{"not_picked":["Evaluate","Study+1","Collect"],"picked":"SKIP","floor":22.0},{"not_picked":["Consecrate","Adaptation","SashWhip"],"picked":"SKIP","floor":24.0},{"not_picked":["Protect+1","DeceiveReality+1"],"picked":"CrushJoints","floor":27.0},{"not_picked":["JustLucky","CutThroughFate+1"],"picked":"ForeignInfluence+1","floor":28.0},{"not_picked":["BattleHymn","Perseverance+1","WheelKick"],"picked":"SKIP","floor":31.0},{"not_picked":["Brilliance","MasterReality"],"picked":"Vault+1","floor":33.0},{"not_picked":["SashWhip","FollowUp"],"picked":"Halt+1","floor":35.0},{"not_picked":["FollowUp","ClearTheMind+1","Halt+1"],"picked":"SKIP","floor":36.0},{"not_picked":["FlurryOfBlows+1","Halt+1","Prostrate+1"],"picked":"SKIP","floor":38.0},{"not_picked":["FlurryOfBlows","Devotion","Protect+1"],"picked":"SKIP","floor":41.0},{"not_picked":["CrushJoints","FlurryOfBlows+1","Weave"],"picked":"SKIP","floor":44.0},{"not_picked":["Pray+1","Consecrate+1","SignatureMove"],"picked":"SKIP","floor":45.0},{"not_picked":["Protect+1","JustLucky","Consecrate"],"picked":"SKIP","floor":48.0},{"not_picked":["CutThroughFate","Halt+1","EmptyFist"],"picked":"SKIP","floor":55.0}],"player_experience":2779320,"relics_obtained":[{"floor":4.0,"key":"Gambling Chip"},{"floor":7.0,"key":"Toy Ornithopter"},{"floor":9.0,"key":"Potion Belt"},{"floor":12.0,"key":"HornCleat"},{"floor":14.0,"key":"Tiny Chest"},{"floor":24.0,"key":"Calipers"},{"floor":26.0,"key":"Toxic Egg 2"},{"floor":27.0,"key":"Vajra"},{"floor":37.0,"key":"Mercury Hourglass"},{"floor":41.0,"key":"Ginger"},{"floor":42.0,"key":"Mango"},{"floor":43.0,"key":"Damaru"},{"floor":44.0,"key":"Blue Candle"},{"floor":46.0,"key":"Yang"},{"floor":48.0,"key":"Omamori"},{"floor":55.0,"key":"Bag of Marbles"}],"event_choices":[{"damage_healed":0.0,"max_hp_gain":0.0,"max_hp_loss":0.0,"gold_gain":62.0,"event_name":"Golden Wing","player_choice":"Gained Gold","floor":13.0,"gold_loss":0.0,"damage_taken":0.0},{"damage_healed":0.0,"max_hp_gain":0.0,"max_hp_loss":0.0,"gold_gain":0.0,"event_name":"The Woman in Blue","player_choice":"Bought 1 Potion","floor":21.0,"gold_loss":0.0,"damage_taken":0.0},{"damage_healed":0.0,"max_hp_gain":0.0,"max_hp_loss":0.0,"gold_gain":0.0,"event_name":"MindBloom","player_choice":"Fight","floor":42.0,"gold_loss":0.0,"damage_taken":0.0}],"is_beta":false,"boss_relics":[{"not_picked":["Astrolabe","Fusion Hammer"],"picked":"Coffee Dripper"},{"not_picked":["Snecko Eye","SacredBark"],"picked":"VioletLotus"}],"items_purged_floors":[3,20,25,39,47,54],"is_endless":false,"potions_floor_spawned":[7,10,12,16,19,22,24,33,36,41,45,48],"ascension_level":20}}