{"host":"t7rtdu4954o308h4","time":1609080684,"event":{"mods":["ATMod(阿瑾Mod)","AchievementEnabler","Act Like it!","Arknights The Spire","BaseMod","Conspire","Minty Spire (QoL Compilation)","MostiFishMod","Replay The Spire","StSLib","TestMod","Waifu the Spire","【功能Mod】聪明的最终Boss","【遗物卡牌】REMEMod","残留之物"],"gold_per_floor":[113,125,125,143,159,159,192,231,256,256,336,336,71,84,84,188,188,199,199,53,92,92,92,111,141,153,200,212,224,236,264,276,392,404,436,467,494,519,545,584,609,636,648,406,406,91,91,117,117,117],"floor_reached":51,"playtime":4831,"items_purged":["ats:Strike V","Amnesia"],"score":899,"play_id":"4177e69e-c62a-42fc-a152-b386463bb11b","local_time":"20201227225124","is_ascension_mode":false,"campfire_choices":[{"data":"AT_FamilyPortrait","floor":6.0,"key":"SMITH"},{"data":"ats:Rapid Magazine","floor":10.0,"key":"SMITH"},{"data":"ats:Assault Order","floor":12,"key":"SMITH"},{"data":"MostiFishMod:PerfectForm","floor":15,"key":"SMITH"},{"data":"ats:True Silver Slash","floor":23,"key":"SMITH"},{"data":"ats:Calcification","floor":32,"key":"SMITH"},{"data":"ats:Roar Of Ursus","floor":45,"key":"SMITH"},{"data":"ats:Defend","floor":47,"key":"PURGE"},{"data":"ats:Defend","floor":49,"key":"PURGE"}],"circlet_count":0,"master_deck":["ats:Strike C","ats:Strike G","ats:Strike S","ats:Armor Crushing Shot+1","ats:Defend","ats:Defend","ats:Emotion Absorption","AT_FamilyPortrait+1","ats:Sword Rain","ats:Defend Order","ats:Echo Reverb","ats:Assault Order+1","ats:Rat Pack","ats:Rapid Magazine+1","MostiFishMod:PerfectForm+1","ats:Powerful Strike+1","ats:True Silver Slash+1","ats:Song Of Battle","CurseOfTheBell","ats:Thorns+1","ats:Neurotoxin","ats:Spore Proliferation+1","ats:Calcification+1","ats:Demon Strength","ats:Roar Of Ursus+1","ats:Charging Defense+1","ats:Dogmatic Field","ats:Shadow Assault"],"relics":["ats:Sanity","DaveBox","testmod-TestBox","REME_ComplimentaryCards","AT_ATBox","testmod-FatalChain","DianPoetry","SynthV:TestCard","conspire:DecoderRing","ats:Originium","Oddly Smooth Stone","testmod-TimeTraveler","Bag of Marbles","ats:Bonebreaker","AT_Kusabimaru","ats:MaxSp3","ats:Originium","MawBank","Blood Vial","Nunchaku","Ring of Fangs","Ring of Peace","ats:Omniscience","Prayer Wheel","Whetstone","conspire:Boomerang","testmod-LifeArmor","AT_SunfireAegis","ReplayTheSpireMod:CursedCoin","Replay:Wax Seal","Peace Pipe","Simple Rune"],"acts_visited":["Exordium","TheCity","TheBeyond"],"potions_floor_usage":[21],"damage_taken":[{"damage":3.0,"enemies":"Small Slimes","floor":1.0,"turns":2.0},{"damage":1.0,"enemies":"Jaw Worm","floor":2.0,"turns":3.0},{"damage":2.0,"enemies":"conspire:RoseBush","floor":4.0,"turns":3.0},{"damage":2.0,"enemies":"3 Louse","floor":5.0,"turns":3.0},{"damage":14.0,"enemies":"3 Sentries","floor":7.0,"turns":4.0},{"damage":4.0,"enemies":"Large Slime","floor":8.0,"turns":4.0},{"damage":8,"enemies":"Gremlin Gang","floor":14,"turns":2},{"damage":7,"enemies":"Hexaghost","floor":16,"turns":7},{"damage":0,"enemies":"3 Byrds","floor":18,"turns":2},{"damage":5,"enemies":"conspire:FuzzyDice","floor":21,"turns":5},{"damage":15,"enemies":"Chosen and Byrds","floor":24,"turns":3},{"damage":6,"enemies":"Book of Stabbing","floor":25,"turns":5},{"damage":0,"enemies":"Gremlin Leader","floor":27,"turns":4},{"damage":0,"enemies":"Centurion and Healer","floor":31,"turns":4},{"damage":16,"enemies":"Champ","floor":33,"turns":8},{"damage":0,"enemies":"3 Darklings","floor":35,"turns":2},{"damage":0,"enemies":"3 Shapes","floor":36,"turns":2},{"damage":0,"enemies":"Spire Growth","floor":37,"turns":3},{"damage":0,"enemies":"Maw","floor":38,"turns":5},{"damage":10,"enemies":"4 Shapes","floor":39,"turns":3},{"damage":18,"enemies":"Giant Head","floor":40,"turns":12},{"damage":0,"enemies":"Jaw Worm Horde","floor":41,"turns":5},{"damage":24,"enemies":"Spire Growth","floor":42,"turns":6},{"damage":4,"enemies":"Nemesis","floor":48,"turns":5},{"damage":46,"enemies":"Donu and Deca","floor":50,"turns":6}],"seed_played":"4332792293108024657","potions_obtained":[{"floor":2.0,"key":"Dexterity Potion"},{"floor":4.0,"key":"Reflective Coating"},{"floor":5.0,"key":"Swift Potion"},{"floor":7.0,"key":"testmod-TestPotion"},{"floor":16,"key":"Energy Potion"},{"floor":21,"key":"Adrenaline Potion"},{"floor":31,"key":"LifebloodPotion"}],"is_trial":false,"path_per_floor":["M","M","?","M","M","R","E","M","T","R","?","R","$","M","R","B",null,"M","?","$","M","$","R","M","E","T","E","?","?","?","M","R","B",null,"M","M","M","M","M","E","M","M","T","$","R","$","R","E","R","B",null],"character_chosen":"DOCTOR_CLASS","items_purchased":["MostiFishMod:PerfectForm","ats:MaxSp3","testmod-LifeArmor","AT_SunfireAegis","ReplayTheSpireMod:CursedCoin","Replay:Wax Seal","Peace Pipe"],"campfire_rested":0,"item_purchase_floors":[13,20,44,44,44,46,46],"current_hp_per_floor":[76,75,72,70,68,68,54,50,50,50,50,50,50,42,42,39,79,79,79,79,74,74,74,59,53,53,55,55,55,55,57,57,45,79,79,79,79,79,76,79,79,71,71,71,71,71,71,79,79,79],"gold":117,"neow_bonus":"TEN_PERCENT_HP_BONUS","is_daily":false,"chose_seed":false,"campfire_upgraded":7,"win_rate":0.0,"timestamp":1609080684,"path_taken":["M","M","?","M","M","R","E","M","T","R","?","R","?","M","R","BOSS","M","?","$","M","$","R","M","E","T","E","?","?","?","M","R","BOSS","M","M","M","M","M","E","M","M","T","$","R","$","R","E","R","BOSS"],"items_purchased_type":["Card","Relic","Relic","Relic","Relic","Relic","Relic"],"build_version":"2020-12-22","purchased_purges":2,"victory":true,"max_hp_per_floor":[79,79,79,79,79,79,79,79,79,79,79,79,79,79,79,79,79,79,79,79,79,79,79,79,79,79,79,79,79,79,79,79,79,79,79,79,79,79,79,79,79,79,79,79,79,79,79,79,79,79],"card_choices":[{"not_picked":["ats:Apocalypse","ats:Magnetic Hammer"],"picked":"ats:Defend Order","floor":1.0},{"not_picked":["ats:Healing Strengthening","ats:Leaping Hammer","ats:Apocalypse","ats:Cat Scratch"],"picked":"ats:Echo Reverb","floor":2.0},{"not_picked":["ats:Red Shift","ats:Powerful Strike","ats:Rapid Magazine","ats:Revitalization","ats:Curse Doll"],"picked":"SKIP","floor":4.0},{"not_picked":["ats:Powerful Strike","ats:Childhood Dance","ats:Hammer On","ats:Closed Bolt Burst Fire"],"picked":"ats:Assault Order","floor":5.0},{"not_picked":["ats:Magnetic Hammer","ats:Curse Doll","ats:Assault Order","ats:Shadow Raid"],"picked":"ats:Rat Pack","floor":7.0},{"not_picked":["ats:Hammer On","ats:Cat Scratch","ats:Assault Order","ats:Shell Defense"],"picked":"ats:Rapid Magazine","floor":8.0},{"not_picked":["ats:Curse Doll","ats:Cat Scratch","ats:Shadow Raid","ats:Revitalization"],"picked":"ats:Powerful Strike","floor":14},{"not_picked":["ats:Disruption Kick","ats:Dogmatic Field","ats:Fractured Body","ats:Calcification"],"picked":"ats:True Silver Slash","floor":16},{"not_picked":["ats:Part Time Job","ats:Hammer On","ats:Poison Spread","ats:Powerful Strike"],"picked":"ats:Song Of Battle","floor":18},{"not_picked":["ats:Hammer On","ats:Spore Proliferation","ats:Consecutive Shot Auto+1","ats:Shell Defense"],"picked":"ats:Thorns+1","floor":21},{"not_picked":["ats:Curse Doll+1","ats:Directed Diagnosis+1","ats:Childhood Dance","ats:Ignite"],"picked":"ats:Neurotoxin","floor":24},{"not_picked":["ats:Durian","ats:Childhood Dance","ats:Consecutive Shot Auto","ats:Ignite"],"picked":"ats:Spore Proliferation+1","floor":25},{"not_picked":["ats:Shell Defense","ats:Overload","ats:Cat Scratch+1","ats:Revitalization"],"picked":"ats:Calcification","floor":27},{"not_picked":["ats:Poison Spread","ats:Mental Burst","ats:Childhood Dance","ats:Revitalization"],"picked":"ats:Demon Strength","floor":31},{"not_picked":["ats:Echo Reverb","ats:True Silver Slash","ats:Shadow Assault","ats:Rat Pack"],"picked":"ats:Roar Of Ursus","floor":33},{"not_picked":["ats:Ignite","ats:Rapid Magazine","ats:Revitalization","ats:Part Time Job+1"],"picked":"ats:Charging Defense+1","floor":35},{"not_picked":["ats:Assault Order","ats:Explosion Area Strengthen+1","ats:Ignite+1","ats:Powerful Strike+1","ats:Cat Scratch+1"],"picked":"SKIP","floor":36},{"not_picked":["ats:Hook Shot+1","ats:Revitalization","ats:Thermite Blade","ats:Childhood Dance"],"picked":"ats:Dogmatic Field","floor":37},{"not_picked":["ats:Spore Proliferation","ats:Leaping Hammer","ats:Hammer On+1","ats:Apocalypse","ats:Assault Order"],"picked":"SKIP","floor":37},{"not_picked":["ats:Thorns","ats:Assault Order+1","ats:Explosion Area Strengthen","ats:Curse Doll","ats:Ignite+1"],"picked":"SKIP","floor":38},{"not_picked":["ats:Curse Doll+1","ats:Leaping Hammer+1","ats:Neurotoxin+1","ats:Shell Defense","ats:Hook Shot+1"],"picked":"SKIP","floor":38},{"not_picked":["ats:Poison Spread","ats:Chain Hook","ats:Hook Shot","ats:Hammer On","ats:Charging Defense+1"],"picked":"SKIP","floor":39},{"not_picked":["ats:Volcano","ats:Cat Scratch","ats:Revitalization+1","ats:Hammer On+1","ats:Flame Of Heaven+1"],"picked":"SKIP","floor":39},{"not_picked":["ats:Flexible Camouflage+1","ats:Blood Oath","ats:Cat Scratch","ats:Volcano","ats:Curse Doll"],"picked":"SKIP","floor":40},{"not_picked":["ats:Assault Order","ats:Consecutive Shot Auto","ats:Childhood Dance+1","ats:Steam Pump","ats:Hammer On+1"],"picked":"SKIP","floor":41},{"not_picked":["ats:Leaping Hammer+1","ats:Flexible Camouflage+1","ats:Blood Oath+1","ats:Explosion Area Strengthen+1","ats:Cat Scratch+1"],"picked":"SKIP","floor":41},{"not_picked":["ats:Ignite+1","ats:Curse Doll","ats:Consecutive Shot Auto+1","ats:Calcification","ats:Explosion Area Strengthen","ats:Powerful Strike"],"picked":"SKIP","floor":42},{"not_picked":["ats:Shell Defense","ats:Beaten Up","ats:Explosion Area Strengthen","ats:Cat Scratch","ats:Revitalization","ats:Curse Doll+1"],"picked":"SKIP","floor":42},{"not_picked":["ats:Sword Rain+1","ats:Burning Ground+1","ats:Curse Doll+1","ats:Shell Defense"],"picked":"ats:Shadow Assault","floor":48}],"player_experience":41946,"relics_obtained":[{"floor":1.0,"key":"SynthV:TestCard"},{"floor":7.0,"key":"ats:Originium"},{"floor":7.0,"key":"Oddly Smooth Stone"},{"floor":19,"key":"Bag of Marbles"},{"floor":19,"key":"ats:Bonebreaker"},{"floor":19,"key":"AT_Kusabimaru"},{"floor":25,"key":"ats:Originium"},{"floor":25,"key":"MawBank"},{"floor":26,"key":"Blood Vial"},{"floor":27,"key":"Nunchaku"},{"floor":29,"key":"Ring of Fangs"},{"floor":29,"key":"Ring of Peace"},{"floor":40,"key":"Whetstone"},{"floor":43,"key":"conspire:Boomerang"},{"floor":48,"key":"Simple Rune"}],"event_choices":[{"damage_healed":0.0,"max_hp_gain":0.0,"max_hp_loss":0.0,"gold_gain":0.0,"event_name":"Scrap Ooze","player_choice":"Success","floor":3.0,"gold_loss":0.0,"damage_taken":3.0,"relics_obtained":["conspire:DecoderRing"]},{"damage_healed":0,"gold_gain":0,"player_choice":"Swap Relic","damage_taken":0,"relics_obtained":["Calling Bell"],"max_hp_gain":0,"max_hp_loss":0,"event_name":"给自己的盒子","floor":19,"relics_lost":["Calling Bell"],"gold_loss":0},{"damage_healed":0,"gold_gain":0,"player_choice":"Ignored","damage_taken":0,"max_hp_gain":0,"max_hp_loss":0,"event_name":"Ghosts","floor":28,"gold_loss":0},{"cards_removed":["Hallucinations"],"damage_healed":0,"gold_gain":0,"player_choice":"Purged","damage_taken":0,"max_hp_gain":0,"max_hp_loss":0,"event_name":"Purifier","floor":30,"gold_loss":0}],"is_beta":false,"boss_relics":[{"not_picked":["Painkiller Herb","Replay:Wanted Poster"],"picked":"testmod-TimeTraveler"},{"not_picked":["NightmareShop","testmod-StringDisintegrator"],"picked":"ats:Omniscience"}],"items_purged_floors":[13,44],"is_endless":false,"potions_floor_spawned":[2,4,5,7,16,18,21,24,31,38,40,41,42],"ascension_level":0}}