{"host":"ormi09wwzv7sq47a","time":1609037357,"event":{"mods":["2.2 Compatiblity","AchievementEnabler","Act Like it!","BaseMod","Bestiary","Better Altar","Better Note","Better Sensory Stone","Better Skull","Better Third Choice","Better Vampires","BetterRewards","Block Reminder","Card Forge","Colored Map","Colored Powertips","Curses Come First","DeckTracker","Downfall","Highlight Path","Minty Spire (QoL Compilation)","Permanent Neow","Quick Restart","Rare Cards Sparkle","Relic Stats","Shop Mod","StSLib","The Jungle","The Servant 0.9.4"],"gold_per_floor":[111,36,36,36,48,48,82,32,113,128,128,78,78,93,43,117,117,135,135,169,169,69,19,34,52,52,68,93,43,60,78,28,107,107,126,140,362,372,426,376,403,353,428,378,411,422,372,372,322,322],"floor_reached":51,"playtime":2580,"items_purged":["Slimebound:Tackle","Slimebound:Strike_Slimebound"],"score":1871,"play_id":"7742ba50-1999-470f-8b38-6a5268890ab9","local_time":"20201226234917","is_ascension_mode":true,"campfire_choices":[{"data":"expansioncontent:DashGenerateEvil","floor":6.0,"key":"SMITH"},{"data":"Slimebound:Split","floor":8.0,"key":"SMITH"},{"data":"Slimebound:LeechEnergy","floor":12.0,"key":"SMITH"},{"data":"Slimebound:CorrosiveSpit","floor":15.0,"key":"SMITH"},{"data":"Slimebound:SlimeSlap","floor":23.0,"key":"SMITH"},{"data":"Slimebound:TongueLash","floor":29,"key":"SMITH"},{"data":"Slimebound:DouseInSlime","floor":32,"key":"SMITH"},{"data":"Slimebound:RejuvenatingLick","floor":40,"key":"SMITH"},{"data":"Slimebound:SpikyOuterGoop","floor":42,"key":"SMITH"},{"data":"Slimebound:HauntingLick","floor":44,"key":"SMITH"},{"data":"Slimebound:HauntingLick","floor":47,"key":"SMITH"},{"data":"Slimebound:LivingWall","floor":49,"key":"SMITH"}],"circlet_count":0,"master_deck":["AscendersBane","Slimebound:Strike_Slimebound","Slimebound:Defend_Slimebound","Slimebound:Defend_Slimebound","Slimebound:Defend_Slimebound","Slimebound:Defend_Slimebound","Slimebound:Split+1","Slimebound:CorrosiveSpit+1","Slimebound:Gluttony","Slimebound:LeechEnergy+1","Slimebound:LivingWall+1","Slimebound:SplitMire","Slimebound:Equalize","expansioncontent:DashGenerateEvil+1","Slimebound:HauntingLick+1","Slimebound:SpikyOuterGoop+1","Slimebound:HauntingLick+1","Slimebound:SlimeSpikes","Slimebound:TongueLash+1","Slimebound:SamplingLick","Slimebound:SlimeSlap+1","Slimebound:SamplingLick+1","Slimebound:RejuvenatingLick+1","Slimebound:FormOfPuddle+1","Slimebound:SlimeSpikes","Slimebound:DouseInSlime+1","Slimebound:SlimeTap+1","Slimebound:MassFeed+1","Slimebound:LeechLife+1","Slimebound:Nibble+1","Slimebound:LeechingTouch+1","Slimebound:Recycling","Slimebound:GoopSpray+1","Slimebound:LeechEnergy+1","Slimebound:RainOfGoop+1","Slimebound:OneTwoCombo+1"],"relics":["Slimebound:AbsorbEndCombat","Hammer of Thor","Seething Fire","Anvil of the Gods","Pocketwatch","Prayer Wheel","Mummified Hand","Strange Spoon","Slimebound:GreedOozeRelic","Lizard Tail","Gremlin Horn","White Beast Statue","Philosopher\u0027s Stone","Red Mask","Bottled Flame","Molten Egg 2","SacredBark","Torii","Slimebound:AggressiveSlimeRelic","InkBottle","Gambling Chip"],"acts_visited":["Exordium","TheCity","TheBeyond"],"potions_floor_usage":[28,28,28,33,33,39,39,41],"damage_taken":[{"damage":6.0,"enemies":"Jaw Worm","floor":1.0,"turns":4.0},{"damage":0.0,"enemies":"Small Slimes","floor":5.0,"turns":1.0},{"damage":8.0,"enemies":"Lagavulin","floor":7.0,"turns":4.0},{"damage":8.0,"enemies":"2 Louse","floor":10.0,"turns":2.0},{"damage":8.0,"enemies":"Looter","floor":14.0,"turns":2.0},{"damage":20.0,"enemies":"Hexaghost","floor":16.0,"turns":6.0},{"damage":15.0,"enemies":"Spheric Guardian","floor":18.0,"turns":4.0},{"damage":44.0,"enemies":"Masked Bandits","floor":20.0,"turns":4.0},{"damage":20,"enemies":"3 Byrds","floor":24,"turns":4},{"damage":6,"enemies":"Snake Plant","floor":25,"turns":3},{"damage":0,"enemies":"Shelled Parasite and Fungi","floor":27,"turns":2},{"damage":12,"enemies":"Gremlin Leader","floor":28,"turns":5},{"damage":0,"enemies":"Chosen and Byrds","floor":30,"turns":2},{"damage":8,"enemies":"Snecko","floor":31,"turns":4},{"damage":41,"enemies":"Automaton","floor":33,"turns":8},{"damage":0,"enemies":"Orb Walker","floor":35,"turns":1},{"damage":18,"enemies":"3 Darklings","floor":36,"turns":5},{"damage":38,"enemies":"Spire Growth","floor":38,"turns":4},{"damage":37,"enemies":"2 Orb Walkers","floor":39,"turns":4},{"damage":54,"enemies":"Reptomancer","floor":41,"turns":5},{"damage":16,"enemies":"Giant Head","floor":45,"turns":5},{"damage":16,"enemies":"Transient","floor":46,"turns":5},{"damage":20,"enemies":"Donu and Deca","floor":50,"turns":5}],"seed_played":"-6856081034695746791","potions_obtained":[{"floor":5.0,"key":"Block Potion"},{"floor":7.0,"key":"SteroidPotion"},{"floor":10.0,"key":"Slimebound:SpawnSlimePotion"},{"floor":14.0,"key":"Block Potion"},{"floor":16.0,"key":"BlessingOfTheForge"},{"floor":18.0,"key":"PowerPotion"},{"floor":20.0,"key":"EntropicBrew"},{"floor":28,"key":"Guardian:BlockOnCardUsePotion"},{"floor":33,"key":"Regen Potion"},{"floor":35,"key":"sneckomod:MuddlingPotion"},{"floor":36,"key":"EssenceOfSteel"},{"floor":39,"key":"sneckomod:MuddlingPotion"},{"floor":41,"key":"SneckoOil"},{"floor":45,"key":"Swift Potion"}],"is_trial":false,"path_per_floor":["M","?","?","?","M","R","E","R","T","M","T","R","?","M","R","B",null,"M","?","?","?","$","R","M","M","T","M","E","R","M","M","R","B",null,"M","M","?","M","?","R","E","R","T","R","E","M","R","?","R","B",null],"character_chosen":"SLIMEBOUND","items_purchased":["Prayer Wheel","Mummified Hand","Strange Spoon","Slimebound:Gluttony","Slimebound:LeechEnergy","Slimebound:LivingWall"],"campfire_rested":0,"item_purchase_floors":[0,0,0,0,0,0],"current_hp_per_floor":[40,40,40,40,40,40,54,54,54,54,54,54,59,59,59,59,59,52,52,30,20,20,20,28,34,34,46,59,59,59,59,59,49,60,63,57,57,46,63,63,44,44,44,44,63,63,63,60,60,64],"gold":322,"neow_bonus":"","is_daily":false,"chose_seed":false,"campfire_upgraded":12,"win_rate":0.0,"timestamp":1609037357,"path_taken":["M","?","?","?","M","R","E","R","T","M","?","R","?","M","R","BOSS","M","?","?","?","$","R","?","M","T","M","E","R","M","?","R","BOSS","M","?","?","M","?","R","E","R","T","R","E","M","R","?","R","BOSS"],"items_purchased_type":["Relic","Relic","Relic","Card","Card","Card"],"build_version":"2020-12-22","purchased_purges":2,"victory":true,"max_hp_per_floor":[54,54,54,54,54,54,54,54,54,54,54,54,59,59,59,59,59,59,59,59,59,59,59,59,59,59,59,59,59,59,59,59,63,63,63,63,63,63,63,63,63,63,63,63,63,63,63,60,60,64],"relic_stats":{"Strange Spoon":[134],"Lizard Tail":0,"Gremlin Horn":[21,21],"Torii":19,"counters":[183,802],"Mummified Hand":[67],"Gambling Chip":[3],"Prayer Wheel":14,"obtain_stats":[{"Ice Cream":41,"Calipers":0,"Gremlin Horn":9,"Nilry\u0027s Codex":20,"CeramicFish":31,"Spirit Poop":29,"Vajra":44,"Hammer of Thor":0,"Whetstone":26,"Ginger":54,"Bottled Tornado":8,"Sling":0,"Boot":54,"Old Coin":48,"Blood Vial":30,"Sozu":34,"Lizard Tail":7,"HornCleat":0,"Sundial":0,"Philosopher\u0027s Stone":34,"MealTicket":24,"Prayer Wheel":0,"Kunai":39,"Toxic Egg 2":0,"Slimebound:AggressiveSlimeRelic":12,"Pear":29,"Happy Flower":54,"Blue Candle":9,"Oddly Smooth Stone":43,"Eternal Feather":45,"Pen Nib":40,"Guardian:PocketSentry":23,"War Paint":37,"Question Card":26,"Akabeko":26,"Slimebound:TarBlob":17,"SlaversCollar":34,"Bottled Flame":26,"Shuriken":53,"Anvil of the Gods":0,"Bronze Scales":41,"Bird Faced Urn":0,"Molten Egg 2":7,"Black Star":17,"StrikeDummy":26,"Slimebound:SlimedTailRelic":47,"Slimebound:SlimedSkullRelic":6,"Pocketwatch":0,"Lantern":43,"Torii":39,"SacredBark":34,"StoneCalendar":11,"Mango":0,"Bag of Preparation":20,"Incense Burner":0,"Smiling Mask":42,"Empty Cage":17,"Ancient Tea Set":20,"Nunchaku":54,"Slimebound:MaxSlimesRelic":53,"Matryoshka":25,"Shovel":29,"Mummified Hand":53,"Gambling Chip":21,"Pantograph":10,"Tiny Chest":0,"Red Mask":20,"InkBottle":43,"Potion Belt":31,"Golden Idol":4,"PreservedInsect":7,"The Courier":43,"Omamori":21,"Seething Fire":0,"White Beast Statue":11,"Slimebound:PotencyRelic":0,"Mercury Hourglass":30,"Slimebound:GreedOozeRelic":10,"Strange Spoon":0,"Anchor":24,"CaptainsWheel":36,"Turnip":30,"Slimebound:AbsorbEndCombat":0,"Bag of Marbles":25,"Coffee Dripper":17,"Art of War":29,"Membership Card":37,"Bottled Lightning":47,"hexamod:BolsterEngine":0,"Slimebound:AbsorbEndCombatUpgraded":17,"Toy Ornithopter":40,"TungstenRod":27},{"Ice Cream":130,"Calipers":83,"Gremlin Horn":31,"Nilry\u0027s Codex":121,"CeramicFish":125,"Spirit Poop":13,"Vajra":155,"Hammer of Thor":0,"Whetstone":38,"Ginger":159,"Bottled Tornado":59,"Sling":83,"Boot":110,"Old Coin":80,"Blood Vial":100,"Sozu":126,"Lizard Tail":163,"HornCleat":54,"Sundial":83,"Philosopher\u0027s Stone":16,"MealTicket":37,"Prayer Wheel":160,"Kunai":129,"Toxic Egg 2":54,"Slimebound:AggressiveSlimeRelic":89,"Pear":70,"Happy Flower":26,"Blue Candle":4,"Oddly Smooth Stone":47,"Eternal Feather":24,"Pen Nib":153,"Guardian:PocketSentry":67,"War Paint":44,"Question Card":12,"Akabeko":97,"Slimebound:TarBlob":141,"SlaversCollar":73,"Bottled Flame":170,"Shuriken":109,"Anvil of the Gods":0,"Bronze Scales":47,"Bird Faced Urn":54,"Molten Egg 2":3,"Black Star":92,"StrikeDummy":68,"Slimebound:SlimedTailRelic":80,"Slimebound:SlimedSkullRelic":138,"Pocketwatch":160,"Lantern":154,"Torii":179,"SacredBark":175,"StoneCalendar":89,"Mango":135,"Bag of Preparation":9,"Incense Burner":111,"Smiling Mask":23,"Empty Cage":63,"Ancient Tea Set":65,"Nunchaku":53,"Slimebound:MaxSlimesRelic":52,"Matryoshka":68,"Shovel":124,"Mummified Hand":81,"Gambling Chip":65,"Pantograph":140,"Tiny Chest":111,"Red Mask":168,"InkBottle":180,"Potion Belt":41,"Golden Idol":1,"PreservedInsect":31,"The Courier":77,"Omamori":9,"Seething Fire":0,"White Beast Statue":164,"Slimebound:PotencyRelic":27,"Mercury Hourglass":100,"Slimebound:GreedOozeRelic":4,"Strange Spoon":160,"Anchor":37,"CaptainsWheel":128,"Turnip":14,"Slimebound:AbsorbEndCombat":0,"Bag of Marbles":12,"Coffee Dripper":35,"Art of War":40,"Membership Card":44,"Bottled Lightning":107,"hexamod:BolsterEngine":27,"Slimebound:AbsorbEndCombatUpgraded":7,"Toy Ornithopter":22,"TungstenRod":98},{"Ice Cream":593,"Calipers":399,"Gremlin Horn":195,"Nilry\u0027s Codex":551,"CeramicFish":569,"Spirit Poop":74,"Vajra":697,"Hammer of Thor":0,"Whetstone":221,"Ginger":712,"Bottled Tornado":317,"Sling":399,"Boot":510,"Old Coin":384,"Blood Vial":456,"Sozu":578,"Lizard Tail":726,"HornCleat":297,"Sundial":399,"Philosopher\u0027s Stone":99,"MealTicket":217,"Prayer Wheel":718,"Kunai":586,"Toxic Egg 2":297,"Slimebound:AggressiveSlimeRelic":416,"Pear":352,"Happy Flower":173,"Blue Candle":22,"Oddly Smooth Stone":261,"Eternal Feather":153,"Pen Nib":689,"Guardian:PocketSentry":344,"War Paint":248,"Question Card":71,"Akabeko":446,"Slimebound:TarBlob":642,"SlaversCollar":362,"Bottled Flame":748,"Shuriken":504,"Anvil of the Gods":0,"Bronze Scales":261,"Bird Faced Urn":297,"Molten Egg 2":17,"Black Star":425,"StrikeDummy":346,"Slimebound:SlimedTailRelic":384,"Slimebound:SlimedSkullRelic":632,"Pocketwatch":718,"Lantern":694,"Torii":782,"SacredBark":769,"StoneCalendar":416,"Mango":622,"Bag of Preparation":51,"Incense Burner":516,"Smiling Mask":145,"Empty Cage":330,"Ancient Tea Set":337,"Nunchaku":295,"Slimebound:MaxSlimesRelic":289,"Matryoshka":346,"Shovel":564,"Mummified Hand":389,"Gambling Chip":337,"Pantograph":639,"Tiny Chest":516,"Red Mask":741,"InkBottle":787,"Potion Belt":232,"Golden Idol":5,"PreservedInsect":195,"The Courier":376,"Omamori":51,"Seething Fire":0,"White Beast Statue":728,"Slimebound:PotencyRelic":184,"Mercury Hourglass":456,"Slimebound:GreedOozeRelic":22,"Strange Spoon":718,"Anchor":217,"CaptainsWheel":583,"Turnip":81,"Slimebound:AbsorbEndCombat":0,"Bag of Marbles":71,"Coffee Dripper":211,"Art of War":229,"Membership Card":248,"Bottled Lightning":486,"hexamod:BolsterEngine":184,"Slimebound:AbsorbEndCombatUpgraded":39,"Toy Ornithopter":137,"TungstenRod":449}],"InkBottle":[15],"Pocketwatch":[12]},"card_choices":[{"not_picked":["Slimebound:PressTheAttack","Slimebound:Chomp"],"picked":"Slimebound:SplitMire","floor":1.0},{"not_picked":["Slimebound:ViciousTackle","Slimebound:FinishingTackle"],"picked":"Slimebound:Equalize","floor":1.0},{"not_picked":["Forethought","Secret Weapon"],"picked":"expansioncontent:DashGenerateEvil","floor":3.0},{"not_picked":["Slimebound:Grow","Slimebound:RainOfGoop"],"picked":"Slimebound:HauntingLick","floor":5.0},{"not_picked":["Slimebound:FinishingTackle","Slimebound:LeechEnergy"],"picked":"Slimebound:SpikyOuterGoop","floor":5.0},{"not_picked":["Slimebound:SplitMire","Slimebound:LeechEnergy"],"picked":"Slimebound:HauntingLick","floor":7.0},{"not_picked":["Slimebound:ComboTackle","Slimebound:SplitLeeching"],"picked":"Slimebound:SlimeSpikes","floor":10.0},{"not_picked":["Slimebound:LeechEnergy","Slimebound:SlimeSpikes","Slimebound:RallyTheTroops"],"picked":"SKIP","floor":10.0},{"not_picked":["Slimebound:Schlurp","Slimebound:ComboTackle"],"picked":"Slimebound:TongueLash","floor":14.0},{"not_picked":["Slimebound:ViciousTackle","Slimebound:GrowthPunch"],"picked":"Slimebound:SamplingLick","floor":14.0},{"not_picked":["Slimebound:CheckThePlaybook","Slimebound:MinionMaster"],"picked":"Slimebound:SlimeSlap","floor":16.0},{"not_picked":["Slimebound:SplitLeeching","Slimebound:FinishingTackle"],"picked":"Slimebound:SamplingLick+1","floor":18.0},{"not_picked":["Slimebound:SamplingLick","Slimebound:GrowthPunch"],"picked":"Slimebound:RejuvenatingLick","floor":18.0},{"not_picked":["Slimebound:RollThrough","Slimebound:Gluttony"],"picked":"Slimebound:SlimeSpikes","floor":24},{"not_picked":["Slimebound:SplitAcid","Slimebound:SamplingLick","Slimebound:Nibble"],"picked":"SKIP","floor":24},{"not_picked":["Slimebound:PressTheAttack","Slimebound:SlimeBrawl"],"picked":"Slimebound:DouseInSlime","floor":25},{"not_picked":["Slimebound:SlimeSpikes","Slimebound:SplitAcid","Slimebound:Nibble"],"picked":"SKIP","floor":25},{"not_picked":["Slimebound:ComboTackle+1","Slimebound:FinishingTackle"],"picked":"Slimebound:SlimeTap+1","floor":27},{"not_picked":["Slimebound:SplitMire","Slimebound:PressTheAttack+1","Slimebound:LevelUp"],"picked":"SKIP","floor":27},{"not_picked":["Slimebound:HauntingLick","Slimebound:ForwardTackle+1","Slimebound:SplitMire"],"picked":"SKIP","floor":28},{"not_picked":["Slimebound:RollThrough+1","Slimebound:Overexert","Slimebound:GoopSpray"],"picked":"SKIP","floor":30},{"not_picked":["Slimebound:SplitBruiser","Slimebound:ComboTackle+1","Slimebound:LevelUp"],"picked":"SKIP","floor":30},{"not_picked":["Slimebound:GoopSpray","Slimebound:SplitBruiser+1"],"picked":"Slimebound:MassFeed+1","floor":31},{"not_picked":["Slimebound:ViciousTackle+1","Slimebound:FinishingTackle+1","Slimebound:SplitMire"],"picked":"SKIP","floor":31},{"not_picked":["Slimebound:MassRepurpose","Slimebound:DuplicatedForm"],"picked":"Slimebound:LeechLife+1","floor":33},{"not_picked":["Slimebound:SplitLeeching","Slimebound:GrowthPunch+1","Slimebound:SamplingLick"],"picked":"SKIP","floor":35},{"not_picked":["Slimebound:PressTheAttack+1","Slimebound:GoopSpray","Slimebound:Repurpose"],"picked":"SKIP","floor":35},{"not_picked":["Slimebound:ViciousTackle+1","Slimebound:PressTheAttack+1"],"picked":"Slimebound:Nibble+1","floor":36},{"not_picked":["Slimebound:RainOfGoop","Slimebound:RejuvenatingLick"],"picked":"Slimebound:LeechingTouch+1","floor":36},{"not_picked":["Slimebound:SamplingLick","Slimebound:GoopSpray"],"picked":"Slimebound:Recycling","floor":38},{"not_picked":["Slimebound:SplitBruiser","Slimebound:ViciousTackle+1"],"picked":"Slimebound:GoopSpray+1","floor":38},{"not_picked":["Slimebound:Repurpose","Slimebound:ViciousTackle+1"],"picked":"Slimebound:LeechEnergy+1","floor":41},{"not_picked":["Slimebound:Grow+1","Slimebound:LivingWall"],"picked":"Slimebound:RainOfGoop+1","floor":45},{"not_picked":["Slimebound:SplitMire+1","Slimebound:SplitLeeching"],"picked":"Slimebound:OneTwoCombo+1","floor":46},{"not_picked":["Slimebound:ViciousTackle+1","Slimebound:LevelUp","Slimebound:SplitMire"],"picked":"SKIP","floor":46}],"player_experience":813651,"relics_obtained":[{"floor":7.0,"key":"Lizard Tail"},{"floor":9.0,"key":"Gremlin Horn"},{"floor":11.0,"key":"White Beast Statue"},{"floor":20.0,"key":"Red Mask"},{"floor":26,"key":"Bottled Flame"},{"floor":28,"key":"Molten Egg 2"},{"floor":39,"key":"Torii"},{"floor":41,"key":"Slimebound:AggressiveSlimeRelic"},{"floor":43,"key":"InkBottle"},{"floor":45,"key":"Gambling Chip"}],"event_choices":[{"cards_removed":["Slimebound:Strike_Slimebound"],"damage_healed":0.0,"max_hp_gain":0.0,"max_hp_loss":0.0,"gold_gain":0.0,"event_name":"The Cleric","player_choice":"Card Removal","floor":2.0,"gold_loss":75.0,"damage_taken":0.0},{"damage_healed":0.0,"max_hp_gain":0.0,"max_hp_loss":0.0,"gold_gain":1.0,"event_name":"betterStone:BetterStone","player_choice":"1","floor":3.0,"gold_loss":0.0,"damage_taken":0.0},{"damage_healed":0.0,"max_hp_gain":5.0,"max_hp_loss":0.0,"gold_gain":0.0,"event_name":"Big Fish","player_choice":"Donut","floor":13.0,"gold_loss":0.0,"damage_taken":0.0},{"damage_healed":0.0,"max_hp_gain":0.0,"max_hp_loss":0.0,"gold_gain":0.0,"event_name":"The Library","player_choice":"Read","floor":19.0,"gold_loss":0.0,"damage_taken":0.0,"cards_obtained":["Slimebound:FormOfPuddle"]},{"damage_healed":0.0,"max_hp_gain":0.0,"max_hp_loss":0.0,"gold_gain":0.0,"event_name":"Masked Bandits","player_choice":"Fought Bandits","floor":20.0,"gold_loss":0.0,"damage_taken":0.0},{"damage_healed":0.0,"max_hp_gain":0.0,"max_hp_loss":0.0,"gold_gain":0.0,"event_name":"betterSkull:BetterSkull","player_choice":"UP ","floor":21.0,"gold_loss":0.0,"damage_taken":12.0,"cards_upgraded":["Slimebound:FormOfPuddle"],"relics_obtained":[]},{"damage_healed":0,"gold_gain":222,"player_choice":"Wore Mask","damage_taken":0,"max_hp_gain":0,"max_hp_loss":0,"event_name":"Tomb of Lord Red Mask","floor":37,"gold_loss":0},{"damage_healed":0,"gold_gain":0,"player_choice":"Fight","damage_taken":0,"max_hp_gain":0,"max_hp_loss":0,"event_name":"Mysterious Sphere","floor":39,"gold_loss":0},{"damage_healed":0,"gold_gain":0,"player_choice":"Max HP","damage_taken":0,"max_hp_gain":0,"max_hp_loss":3,"event_name":"Winding Halls","floor":48,"gold_loss":0}],"is_beta":false,"boss_relics":[{"not_picked":["Pandora\u0027s Box","Slimebound:AbsorbEndCombatUpgraded"],"picked":"Philosopher\u0027s Stone"},{"not_picked":["Cursed Key","Velvet Choker"],"picked":"SacredBark"}],"items_purged_floors":[0,22],"is_endless":false,"potions_floor_spawned":[5,7,10,14,16,18,20,24,25,27,28,30,31,33,35,36,38,39,41,45,46],"ascension_level":16}}