{"host":"vc42n08di9czm3e7","time":1609114761,"event":{"mods":["AchievementEnabler","Act Like it!","BaseMod","BetterRewards","Colored Powertips","Downfall","Friendly Minions","GifTheSpireLib","Minty Spire (QoL Compilation)","Quick Restart","Rare Cards Sparkle","StSLib","The Construct","The Jungle"],"gold_per_floor":[113,124,137,137,151,169,169,169],"floor_reached":7,"playtime":211,"items_purged":[],"score":45,"play_id":"dd991101-69d3-47e6-a701-2919c2cf18b0","local_time":"20201227191921","is_ascension_mode":false,"campfire_choices":[],"circlet_count":0,"master_deck":["Strike_B","Strike_B","Strike_B","Strike_B","Defend_B","Defend_B","Defend_B","Defend_B","Zap","Dualcast","Redo","Darkness","Leap","Rebound","Creative AI"],"relics":["Cracked Core","NeowsBlessing","Golden Idol"],"acts_visited":["Exordium"],"potions_floor_usage":[5],"damage_taken":[{"damage":0,"enemies":"Small Slimes","floor":1,"turns":1},{"damage":0,"enemies":"2 Louse","floor":2,"turns":1},{"damage":0,"enemies":"Jaw Worm","floor":3,"turns":1},{"damage":13,"enemies":"Red Slaver","floor":5,"turns":4},{"damage":0,"enemies":"Blue Slaver","floor":6,"turns":3},{"damage":43,"enemies":"Lagavulin","floor":7,"turns":7}],"seed_played":"-1326388563076441425","potions_obtained":[{"floor":2,"key":"AttackPotion"},{"floor":5,"key":"Strength Potion"}],"is_trial":false,"path_per_floor":["M","M","M","?","M","M","E"],"character_chosen":"DEFECT","items_purchased":[],"campfire_rested":0,"item_purchase_floors":[],"current_hp_per_floor":[75,75,75,57,44,44,1,1],"gold":169,"neow_bonus":"THREE_ENEMY_KILL","is_daily":false,"chose_seed":false,"campfire_upgraded":0,"win_rate":0.0,"timestamp":1609114761,"path_taken":["M","M","M","?","M","M","E"],"items_purchased_type":[],"build_version":"2020-12-22","purchased_purges":0,"victory":false,"max_hp_per_floor":[75,75,75,75,75,75,75,75],"card_choices":[{"not_picked":["Hologram","Barrage"],"picked":"Redo","floor":1},{"not_picked":["BootSequence","Coolheaded"],"picked":"Darkness","floor":2},{"not_picked":["Beam Cell","Compile Driver"],"picked":"Leap","floor":3},{"not_picked":["Hologram","Scrape"],"picked":"Rebound","floor":5},{"not_picked":["Beam Cell","Rip and Tear"],"picked":"Creative AI","floor":6}],"player_experience":275245,"relics_obtained":[],"event_choices":[{"damage_healed":0,"gold_gain":0,"player_choice":"Take Damage","damage_taken":18,"relics_obtained":["Golden Idol"],"max_hp_gain":0,"max_hp_loss":0,"event_name":"Golden Idol","floor":4,"gold_loss":0}],"is_beta":false,"boss_relics":[],"items_purged_floors":[],"is_endless":false,"potions_floor_spawned":[2,5],"killed_by":"Lagavulin","ascension_level":0}}