{"host":"e1pm3b7xpcm97e5w","time":1609089662,"event":{"mods":["BaseMod","Better Skull","Googly Eyes","Minty Spire (QoL Compilation)","Relic Stats","Shop Mod","Spicy Shops","StSLib"],"gold_per_floor":[360,135,135,146,157,189,189,264,264,264,300,300,18,32,32,163,163,178,5,5,26,51,51,51],"floor_reached":23,"playtime":753,"items_purged":["Pain","Strike_P"],"score":347,"play_id":"0f67d38f-db52-41f0-b900-2138eaf0f252","local_time":"20201227122102","is_ascension_mode":true,"campfire_choices":[{"floor":7.0,"key":"REST"},{"data":"SpiritShield","floor":12.0,"key":"SMITH"},{"data":"Apotheosis","floor":15.0,"key":"SMITH"}],"circlet_count":0,"master_deck":["AscendersBane","Strike_P","Strike_P","Strike_P","Defend_P","Defend_P","Defend_P+1","Defend_P","Eruption","Vigilance+1","FlurryOfBlows","Consecrate","Protect","SpiritShield","SpiritShield+1","Apotheosis+1","CrushJoints","Blasphemy","MentalFortress","Evaluate","PathToVictory","Protect+1"],"relics":["PureWater","PreservedInsect","Ancient Tea Set","Sundial","Golden Idol","Omamori","Fusion Hammer","Membership Card"],"acts_visited":["Exordium","TheCity"],"potions_floor_usage":[],"damage_taken":[{"damage":11.0,"enemies":"Jaw Worm","floor":1.0,"turns":6.0},{"damage":0.0,"enemies":"Small Slimes","floor":4.0,"turns":1.0},{"damage":0.0,"enemies":"2 Louse","floor":5.0,"turns":3.0},{"damage":11.0,"enemies":"3 Sentries","floor":6.0,"turns":5.0},{"damage":0.0,"enemies":"Gremlin Nob","floor":11.0,"turns":2.0},{"damage":6.0,"enemies":"Red Slaver","floor":14.0,"turns":3.0},{"damage":16,"enemies":"The Guardian","floor":16,"turns":12},{"damage":0,"enemies":"Chosen","floor":18,"turns":4},{"damage":9,"enemies":"Shell Parasite","floor":21,"turns":7},{"damage":19,"enemies":"Snecko","floor":22,"turns":6},{"damage":34,"enemies":"Slavers","floor":23,"turns":1}],"seed_played":"-4039228587993884506","potions_obtained":[{"floor":1.0,"key":"BlessingOfTheForge"},{"floor":4.0,"key":"EssenceOfSteel"},{"floor":11.0,"key":"Energy Potion"},{"floor":16,"key":"FearPotion"}],"is_trial":false,"path_per_floor":["M","$","?","M","M","E","R","?","T","?","E","R","$","M","R","B",null,"M","$","?","M","M","E"],"character_chosen":"WATCHER","items_purchased":["PreservedInsect","Apotheosis","Membership Card","Evaluate"],"campfire_rested":1,"item_purchase_floors":[2,13,19,19],"current_hp_per_floor":[54,54,40,40,40,29,50,39,39,39,39,39,39,33,33,17,55,55,55,55,46,27,0,0],"gold":51,"neow_bonus":"TWO_FIFTY_GOLD","is_daily":false,"chose_seed":false,"campfire_upgraded":2,"win_rate":0.0,"timestamp":1609089662,"path_taken":["M","$","?","M","M","E","R","?","T","?","E","R","$","M","R","BOSS","M","$","?","M","M","E"],"items_purchased_type":["Relic","Card","Relic","Card"],"build_version":"2020-12-22","purchased_purges":2,"victory":false,"max_hp_per_floor":[72,72,72,72,72,72,72,72,72,67,67,67,67,67,67,67,67,67,67,67,67,67,67,67],"relic_stats":{"counters":[11,50],"Sundial":[4],"Golden Idol":48,"PreservedInsect":98,"obtain_stats":[{"Sundial":9,"Golden Idol":10,"PreservedInsect":2,"Fusion Hammer":17,"Omamori":11,"Membership Card":19,"PureWater":0,"Ancient Tea Set":6},{"Sundial":4,"Golden Idol":4,"PreservedInsect":1,"Fusion Hammer":7,"Omamori":5,"Membership Card":8,"PureWater":0,"Ancient Tea Set":4},{"Sundial":15,"Golden Idol":15,"PreservedInsect":6,"Fusion Hammer":32,"Omamori":17,"Membership Card":36,"PureWater":0,"Ancient Tea Set":15}]},"card_choices":[{"not_picked":["Prostrate","Evaluate"],"picked":"FlurryOfBlows","floor":1.0},{"not_picked":["CutThroughFate","Evaluate"],"picked":"Consecrate","floor":4.0},{"not_picked":["Sanctity","FlyingSleeves"],"picked":"Protect","floor":5.0},{"not_picked":["SashWhip","Tantrum"],"picked":"SpiritShield","floor":6.0},{"not_picked":["SignatureMove","Evaluate"],"picked":"SpiritShield","floor":11.0},{"not_picked":["BowlingBash","Consecrate"],"picked":"CrushJoints","floor":14.0},{"not_picked":["Alpha","Wish"],"picked":"Blasphemy","floor":16},{"not_picked":["EmptyBody","Nirvana"],"picked":"MentalFortress","floor":18},{"not_picked":["SashWhip","BowlingBash"],"picked":"PathToVictory","floor":21},{"not_picked":["LessonLearned","ThirdEye"],"picked":"Protect+1","floor":22}],"player_experience":440114,"relics_obtained":[{"floor":6.0,"key":"Ancient Tea Set"},{"floor":9.0,"key":"Sundial"},{"floor":11.0,"key":"Omamori"}],"event_choices":[{"damage_healed":0.0,"max_hp_gain":0.0,"max_hp_loss":0.0,"gold_gain":0.0,"event_name":"Shining Light","player_choice":"Entered Light","floor":3.0,"gold_loss":0.0,"damage_taken":14.0,"cards_upgraded":["Defend_P","Vigilance"]},{"damage_healed":0.0,"max_hp_gain":0.0,"max_hp_loss":0.0,"gold_gain":75.0,"event_name":"World of Goop","player_choice":"Gather Gold","floor":8.0,"gold_loss":0.0,"damage_taken":11.0},{"damage_healed":0.0,"max_hp_gain":0.0,"max_hp_loss":5.0,"gold_gain":0.0,"event_name":"Golden Idol","player_choice":"Lose Max HP","floor":10.0,"gold_loss":0.0,"damage_taken":0.0,"relics_obtained":["Golden Idol"]},{"damage_healed":0,"gold_gain":0,"player_choice":"Ignored","damage_taken":0,"max_hp_gain":0,"max_hp_loss":0,"event_name":"Vampires","floor":20,"gold_loss":0}],"is_beta":false,"boss_relics":[{"not_picked":["Tiny House","Runic Dome"],"picked":"Fusion Hammer"}],"items_purged_floors":[2,13],"is_endless":false,"potions_floor_spawned":[1,4,11,16],"killed_by":"Slavers","ascension_level":11}}