{"host":"tqwl84lmv2x2hgjr","time":1609081459,"event":{"mods":["ATMod(∞¢Ë™Mod)","Act Like it!","BaseMod","Better Third Choice","Curses Come First","Gensokyo","GungeonMod","Hermit","Luminous","Marisa£®ÏF”Í°°ƒß¿Ì…≥£©","Minty Spire (QoL Compilation)","Reimu£®≤©¿ˆ¡È√Œ£©","Replay The Spire","Spicy Shops","StSLib","The Cursed","The Hierophant","The Servant 0.9.4","The Showman","TheWitcher","Yakumo Yukari mod","°æ“≈ŒÔø®≈∆°øREMEMod"],"gold_per_floor":[114,114,14,14,94,94,19,38,38,49,69,100,132,132,132,231,231,249,174,194,194,213,213,225,225,250,33,33,52,62,81,81,176,176,186,29,49,49,49,74,74,84,130,165,165,203,17,40,40,50],"floor_reached":51,"playtime":4012,"items_purged":["Strike_Lin:ReiMu"],"score":962,"play_id":"aeea746d-c7db-4eb5-9f66-bfd03ecee98d","local_time":"20201227100419","is_ascension_mode":false,"campfire_choices":[{"data":"AT_IchimonjiDouble","floor":6,"key":"SMITH"},{"data":"MikOfLucky:ReiMu","floor":15,"key":"SMITH"},{"data":"UniversalSpiritual:ReiMu","floor":23,"key":"SMITH"},{"data":"NB:ReiMu","floor":25,"key":"SMITH"},{"data":"RainPray2:ReiMu","floor":28,"key":"SMITH"},{"data":"InherentArray:ReiMu","floor":32,"key":"SMITH"},{"data":"Amulet:ReiMu","floor":41,"key":"SMITH"},{"data":"Amulet:ReiMu","floor":45,"key":"SMITH"},{"data":"NineCharacters:ReiMu","floor":49,"key":"SMITH"}],"circlet_count":0,"master_deck":["Strike_Lin:ReiMu","Strike_Lin:ReiMu","Defend_Lin:ReiMu","Defend_Lin:ReiMu","Defend_Lin:ReiMu","Defend_Lin:ReiMu","NB:ReiMu+1","Stagnation:ReiMu","AT_IchimonjiDouble+1","hermit:Deadeye","WonderfulDomain:ReiMu","Amulet:ReiMu+1","MikOfLucky:ReiMu+1","UniversalSpiritual:ReiMu+1","AbeCurse","RainPray2:ReiMu+1","Amulet:ReiMu+1","Doubt","MikOfLucky:ReiMu+1","SubcavityFantasy:ReiMu+1","InherentArray:ReiMu+1","SubAcupoint:ReiMu+1","OrbThrow:ReiMu+1","UpKicking:ReiMu+1","InherentArray:ReiMu+1","SubAcupoint:ReiMu","BlastKick2:ReiMu+1","RainPray2:ReiMu+1","Gensokyo:UnlikelyAid+1","SubAcupoint:ReiMu+1","InherentArray:ReiMu+1","NineCharacters:ReiMu+1","TightArray:ReiMu+1","FineLineFantasy:ReiMu"],"relics":["FlyPower:ReiMu","AT_ATBox","REME_ComplimentaryCards","NeowsBlessing","Gensokyo:Justice","Golden Egg","Ice Cream","AT_DeathDance","DemoMod:MonsterBlood","Replay:WaspNest","Abe\u0027s Treasure","Ring of Peace","Ring of Hypnosis","Simple Rune","Runic Dome","DemoMod:ClearGuonStone","Letter Opener","Replay:Bandana","Art of War","ClockworkSouvenir","Bag of Marbles"],"acts_visited":["Gensokyo:Gensokyo","TheCity","Gensokyo:Gensokyoest"],"potions_floor_usage":[12,12,16,18,33,50,50],"damage_taken":[{"damage":0,"enemies":"Gensokyo:2_Kodama","floor":1,"turns":2},{"damage":0,"enemies":"Gensokyo:Python","floor":8,"turns":1},{"damage":0,"enemies":"Gensokyo:Gryphon","floor":10,"turns":1},{"damage":3,"enemies":"Gensokyo:VengefulSpirit","floor":11,"turns":5},{"damage":0,"enemies":"Gensokyo:Aya","floor":12,"turns":4},{"damage":4,"enemies":"Gensokyo:Mamizou","floor":13,"turns":8},{"damage":2,"enemies":"Gensokyo:Kokoro","floor":16,"turns":10},{"damage":4,"enemies":"Chosen","floor":18,"turns":4},{"damage":14,"enemies":"2 Thieves","floor":20,"turns":3},{"damage":0,"enemies":"Snecko","floor":22,"turns":6},{"damage":0,"enemies":"Snake Plant","floor":24,"turns":5},{"damage":0,"enemies":"Chosen and Byrds","floor":29,"turns":5},{"damage":0,"enemies":"Sentry and Sphere","floor":30,"turns":5},{"damage":0,"enemies":"Snake Plant","floor":31,"turns":3},{"damage":0,"enemies":"Pondfish","floor":33,"turns":7},{"damage":0,"enemies":"Gensokyo:3_Bats","floor":35,"turns":3},{"damage":0,"enemies":"Gensokyo:AncientGuardian","floor":37,"turns":4},{"damage":18,"enemies":"Gensokyo:AncientGuardian","floor":39,"turns":9},{"damage":6,"enemies":"Gensokyo:Doremy","floor":40,"turns":6},{"damage":0,"enemies":"Gensokyo:3_Boulders","floor":42,"turns":4},{"damage":0,"enemies":"Gensokyo:4_Bats","floor":44,"turns":4},{"damage":0,"enemies":"Gensokyo:Dusk_and_Dawn","floor":48,"turns":4},{"damage":1,"enemies":"Gensokyo:Shinki","floor":50,"turns":8}],"seed_played":"3421787938752875495","potions_obtained":[{"floor":1,"key":"Toxic Potion"},{"floor":8,"key":"Flashbang"},{"floor":10,"key":"DemoMod:LeadSkinPotion"},{"floor":16,"key":"Fruit Juice"},{"floor":20,"key":"Cursed Concoction"},{"floor":24,"key":"SteroidPotion"},{"floor":29,"key":"Languid Potion"},{"floor":35,"key":"PowerPotion"},{"floor":42,"key":"DemoMod:LeadSkinPotion"}],"is_trial":false,"path_per_floor":["M","?","?","COS","?","R","$","M","T","M","M","E","?","T","R","B",null,"M","?","M","?","M","R","M","R","T","$","R","M","M","M","R","B",null,"M","$","M","?","?","E","R","M","T","M","R","?","COS","M","R","B",null],"character_chosen":"REIMU","items_purchased":["InherentArray:ReiMu","SubAcupoint:ReiMu","OrbThrow:ReiMu","DemoMod:ClearGuonStone"],"campfire_rested":0,"item_purchase_floors":[27,27,27,36],"current_hp_per_floor":[65,65,65,65,65,65,65,65,65,65,62,62,65,65,65,63,72,73,73,59,59,59,59,59,59,59,59,59,59,59,59,59,59,77,77,77,77,77,77,71,71,71,71,71,71,59,59,59,59,58],"gold":50,"neow_bonus":"THREE_ENEMY_KILL","is_daily":false,"chose_seed":false,"campfire_upgraded":9,"win_rate":0.0,"timestamp":1609081459,"path_taken":["M","?","?","COS","?","R","$","M","T","M","?","E","?","?","R","BOSS","M","?","M","?","M","R","M","R","T","$","R","M","M","M","R","BOSS","M","$","M","?","?","E","R","M","T","M","R","?","COS","?","R","BOSS"],"items_purchased_type":["Card","Card","Card","Relic"],"build_version":"2020-12-22","purchased_purges":1,"victory":true,"max_hp_per_floor":[65,65,65,65,65,65,65,65,65,65,65,65,72,72,72,72,72,77,77,77,77,77,77,77,77,77,77,77,77,77,77,77,77,77,77,77,77,77,77,77,77,77,77,77,77,77,77,77,77,77],"card_choices":[{"not_picked":["AlertArray:ReiMu","Revelation:ReiMu"],"picked":"SpringWay:ReiMu","floor":1},{"not_picked":["SubcavityInstant:ReiMu","AirManeuver:ReiMu"],"picked":"WonderfulDomain:ReiMu","floor":8},{"not_picked":["CollectionFlower2:ReiMu","Intuition:ReiMu"],"picked":"Amulet:ReiMu","floor":10},{"not_picked":["Amulet:ReiMu","SpringWay:ReiMu"],"picked":"MikOfLucky:ReiMu","floor":11},{"not_picked":["Enchanting:ReiMu","Intuition:ReiMu","Shading:ReiMu"],"picked":"SKIP","floor":12},{"not_picked":["Enchanting:ReiMu","AlertArray:ReiMu"],"picked":"UniversalSpiritual:ReiMu","floor":13},{"not_picked":["Determination:ReiMu","Authority:ReiMu"],"picked":"KyokaiOfKami:ReiMu","floor":16},{"not_picked":["Intuition:ReiMu","OrbThrow:ReiMu"],"picked":"RainPray2:ReiMu","floor":18},{"not_picked":["AlertArray:ReiMu","Meditation:ReiMu"],"picked":"Amulet:ReiMu","floor":20},{"not_picked":["SpreadBorder2:ReiMu","EmergencyTakeOff:ReiMu"],"picked":"MikOfLucky:ReiMu+1","floor":22},{"not_picked":["WonderfulDomain:ReiMu","ForcedLanding:ReiMu"],"picked":"SubcavityFantasy:ReiMu","floor":24},{"not_picked":["WonderfulDomain:ReiMu","TightArray:ReiMu"],"picked":"UpKicking:ReiMu+1","floor":29},{"not_picked":["Meditation:ReiMu+1","SubAcupoint:ReiMu+1"],"picked":"InherentArray:ReiMu","floor":30},{"not_picked":["LearningPray:ReiMu","Dreaming:ReiMu"],"picked":"SubAcupoint:ReiMu","floor":31},{"not_picked":["PrayRite:ReiMu","OctopathSalyBorderN:ReiMu"],"picked":"BlastKick2:ReiMu","floor":33},{"not_picked":["Mountainwind:ReiMu","BarrageOfMoneybags:ReiMu"],"picked":"RainPray2:ReiMu+1","floor":35},{"not_picked":["AirStrike:ReiMu+1","FantasyMoon:ReiMu","CareerPray:ReiMu+1"],"picked":"SKIP","floor":37},{"not_picked":["Gensokyo:HouraiInAPot","Gensokyo:LifeSpringInfinity"],"picked":"Gensokyo:UnlikelyAid","floor":39},{"not_picked":["ForcedLanding:ReiMu+1","FantasyBorder:ReiMu+1","Crusade:ReiMu+1"],"picked":"SKIP","floor":40},{"not_picked":["UniversalSpiritual:ReiMu","LearningPray:ReiMu"],"picked":"SubAcupoint:ReiMu+1","floor":42},{"not_picked":["FoulBorder2:ReiMu","Conquer:ReiMu"],"picked":"InherentArray:ReiMu+1","floor":44},{"not_picked":["AlertArray:ReiMu+1","CeremonyResonance:ReiMu"],"picked":"NineCharacters:ReiMu","floor":46},{"not_picked":["ManaGlint:ReiMu+1","PassingAway:ReiMu"],"picked":"TightArray:ReiMu+1","floor":46},{"not_picked":["WonderfulDomain:ReiMu+1","TakeOff:ReiMu"],"picked":"FineLineFantasy:ReiMu","floor":48}],"player_experience":789182,"relics_obtained":[{"floor":9,"key":"Ice Cream"},{"floor":12,"key":"AT_DeathDance"},{"floor":13,"key":"DemoMod:MonsterBlood"},{"floor":14,"key":"Replay:WaspNest"},{"floor":21,"key":"Ring of Peace"},{"floor":21,"key":"Ring of Hypnosis"},{"floor":26,"key":"Simple Rune"},{"floor":40,"key":"Letter Opener"},{"floor":43,"key":"Replay:Bandana"},{"floor":46,"key":"Art of War"}],"event_choices":[{"cards_removed":["Strike_Lin:ReiMu"],"damage_healed":0,"gold_gain":0,"player_choice":"Gave Gold","damage_taken":0,"max_hp_gain":0,"max_hp_loss":0,"event_name":"Beggar","floor":19,"gold_loss":75}],"is_beta":false,"boss_relics":[{"not_picked":["Replay:Drink Me","Snecko Eye"],"picked":"Abe\u0027s Treasure"},{"not_picked":["Runic Pyramid","DonationBox:ReiMu"],"picked":"Runic Dome"}],"items_purged_floors":[7],"is_endless":false,"potions_floor_spawned":[1,8,10,16,20,24,29,35,40,42],"ascension_level":0}}