{"host":"32dedufnxebqtmo3","time":1609060715,"event":{"mods":["AchievementEnabler","BaseMod","Better Third Choice","Card Filter","Colored Powertips","Defuse TimeMaze Blight","GifTheSpireLib","Minty Spire (QoL Compilation)","Permanent Neow","Relic Filter","Relic Stats","Remove Card Discount Mod","Shop Mod","StSLib","The Cursed","TheWitcher","Unceasing Turn Reminder"],"gold_per_floor":[127,147,147,147,168,168,164,20,92,92,92,64,52,49,49,9,9],"floor_reached":16,"playtime":1012,"items_purged":["SnafuTest:DefaultCommonAttack"],"score":100,"play_id":"37a832a1-462f-4864-8b2f-316ac9774374","local_time":"20201227011835","is_ascension_mode":false,"campfire_choices":[{"data":"SnafuTest:BountyHunt","floor":6,"key":"SMITH"},{"data":"SnafuTest:PayAlchemyMaster","floor":11,"key":"SMITH"},{"floor":15,"key":"REST"}],"circlet_count":0,"master_deck":["SnafuTest:DefaultCommonAttack+1","SnafuTest:DefaultCommonAttack","SnafuTest:BountyHunt+1","SnafuTest:DefaultCommonSkill","SnafuTest:DefaultCommonSkill","SnafuTest:DefaultCommonSkill","SnafuTest:SignYrden+1","SnafuTest:PayAlchemyMaster+1","SnafuTest:MercilessReaper+1","SnafuTest:MCSongOfPeace","SnafuTest:SpellTelekinesis","SnafuTest:Kick","SnafuTest:SmashingSlash","SnafuTest:SwiftAssault","SnafuTest:ShoulderSlam"],"relics":["SnafuTest:UnstableMutagenRelic","PreservedInsect","Vajra","Darkstone Periapt","SnafuTest:QuenRelic"],"acts_visited":["Exordium"],"potions_floor_usage":[7,7,7,14,16,16,16],"damage_taken":[{"damage":4,"enemies":"Cultist","floor":1,"turns":6},{"damage":6,"enemies":"2 Louse","floor":2,"turns":3},{"damage":0,"enemies":"Small Slimes","floor":5,"turns":3},{"damage":4,"enemies":"Gremlin Nob","floor":7,"turns":3},{"damage":15,"enemies":"Exordium Wildlife","floor":13,"turns":4},{"damage":10,"enemies":"Large Slime","floor":14,"turns":5},{"damage":52,"enemies":"Hexaghost","floor":16,"turns":14}],"seed_played":"4690893573041525934","potions_obtained":[{"floor":1,"key":"Regen Potion"},{"floor":5,"key":"Fire Potion"},{"floor":7,"key":"AttackPotion"},{"floor":13,"key":"Swift Potion"}],"is_trial":false,"path_per_floor":["M","M","?","?","M","R","E","$","T","?","R","$","M","M","R","B"],"character_chosen":"THE_WITCHER","items_purchased":["Vajra","SnafuTest:SmashingSlash"],"campfire_rested":1,"item_purchase_floors":[8,12],"current_hp_per_floor":[71,65,50,50,50,50,55,55,55,55,55,55,40,30,52,0,0],"gold":9,"neow_bonus":"ONE_RANDOM_RARE_CARD","is_daily":false,"chose_seed":false,"campfire_upgraded":2,"win_rate":0.0,"timestamp":1609060715,"path_taken":["M","?","?","?","M","R","E","?","T","?","R","$","?","M","R","BOSS"],"items_purchased_type":["Relic","Card"],"build_version":"2020-12-22","purchased_purges":1,"victory":false,"max_hp_per_floor":[75,75,75,75,75,75,75,75,75,75,75,75,75,75,75,75,75],"relic_stats":{"Darkstone Periapt":0,"counters":[7,38],"PreservedInsect":0,"obtain_stats":[{"Darkstone Periapt":9,"SnafuTest:UnstableMutagenRelic":0,"SnafuTest:QuenRelic":10,"Vajra":8,"PreservedInsect":7},{"Darkstone Periapt":4,"SnafuTest:UnstableMutagenRelic":0,"SnafuTest:QuenRelic":4,"Vajra":4,"PreservedInsect":4},{"Darkstone Periapt":15,"SnafuTest:UnstableMutagenRelic":0,"SnafuTest:QuenRelic":15,"Vajra":15,"PreservedInsect":15}]},"card_choices":[{"not_picked":["SnafuTest:PayWeaponSmith","SnafuTest:BombNorthernWind"],"picked":"SnafuTest:MercilessReaper","floor":1},{"not_picked":["SnafuTest:DesperateRemediation","SnafuTest:SpellIncendiaryShower"],"picked":"SnafuTest:MCSongOfPeace","floor":2},{"not_picked":["SnafuTest:SignYrden","SnafuTest:WorldMap"],"picked":"SnafuTest:SpellTelekinesis","floor":5},{"not_picked":["SnafuTest:BlackSunRise","SnafuTest:CalculatingAmbition"],"picked":"SnafuTest:Kick","floor":7},{"not_picked":["SnafuTest:ArmoredSortie","SnafuTest:PowerAlwaysOnRoads"],"picked":"SnafuTest:SwiftAssault","floor":13},{"not_picked":["SnafuTest:MCFeignDeath","SnafuTest:SpellButterflyIllusion"],"picked":"SnafuTest:ShoulderSlam","floor":14}],"player_experience":663492,"relics_obtained":[{"floor":7,"key":"PreservedInsect"},{"floor":9,"key":"Darkstone Periapt"}],"event_choices":[{"damage_healed":65,"gold_gain":0,"player_choice":"Upgrade","damage_taken":15,"max_hp_gain":0,"max_hp_loss":75,"event_name":"betterThird:BetterShining","floor":3,"gold_loss":0,"cards_upgraded":["SnafuTest:DefaultCommonAttack","SnafuTest:SignYrden"]},{"damage_healed":0,"gold_gain":0,"player_choice":"Grow","damage_taken":0,"max_hp_gain":0,"max_hp_loss":0,"event_name":"Living Wall","floor":4,"gold_loss":0,"cards_upgraded":["SnafuTest:MercilessReaper"]},{"damage_healed":0,"gold_gain":0,"player_choice":"Gave Potion","damage_taken":0,"relics_obtained":["SnafuTest:QuenRelic"],"max_hp_gain":0,"max_hp_loss":0,"event_name":"WeMeetAgain","floor":10,"gold_loss":0}],"is_beta":false,"boss_relics":[],"items_purged_floors":[12],"is_endless":false,"potions_floor_spawned":[1,5,7,13],"killed_by":"Hexaghost","ascension_level":0}}