{"host":"7nu0fnckee4tlfez","time":1609086474,"event":{"mods":["2.2 Compatiblity","AchievementEnabler","Astrologer","BaseMod","CapriCore","Colored Map","Downfall","Lobotomy","LobotomyExtend","Marisa£¨Ùöéë¡¡Øª×âÞÞ£©","Minty Spire (QoL Compilation)","StSLib","SuperFastMode","The Immortal"],"gold_per_floor":[119,139,139,157,160,160,179,179,179,193,210,240,15,115,115,54,54],"floor_reached":16,"playtime":374,"items_purged":["Strike_G"],"score":94,"play_id":"491982bc-b3f6-4ade-be31-84ad1881c975","local_time":"20201228012754","is_ascension_mode":false,"campfire_choices":[{"data":"Backstab","floor":6,"key":"SMITH"},{"data":"Dagger Spray","floor":8,"key":"SMITH"},{"data":"Neutralize","floor":15,"key":"SMITH"}],"circlet_count":0,"master_deck":["Strike_G","Strike_G","Strike_G","Strike_G+1","Defend_G+1","Defend_G+1","Defend_G","Defend_G","Defend_G","Survivor+1","Neutralize+1","Freischutz","Poisoned Stab","OldLady","Dagger Spray+1","Bloodbath","SpiderBud","Backstab+1","CherryBlossoms","ShyLook","Outmaneuver"],"relics":["Ring of the Snake","CogitoBucket","RabbitCall","LetterFromLob","War Paint","FleshIdol","Vajra","Juzu Bracelet"],"acts_visited":["Exordium"],"potions_floor_usage":[16],"damage_taken":[{"damage":0,"enemies":"2 Louse","floor":1,"turns":3},{"damage":2,"enemies":"Jaw Worm","floor":2,"turns":4},{"damage":0,"enemies":"Small Slimes","floor":4,"turns":2},{"damage":22,"enemies":"Gremlin Gang","floor":5,"turns":4},{"damage":0,"enemies":"2 Fungi Beasts","floor":7,"turns":2},{"damage":16,"enemies":"Exordium Thugs","floor":10,"turns":3},{"damage":0,"enemies":"Blue Slaver","floor":11,"turns":2},{"damage":31,"enemies":"Hexaghost","floor":16,"turns":5}],"seed_played":"-490032891258475926","potions_obtained":[{"floor":4,"key":"Dexterity Potion"},{"floor":5,"key":"Strength Potion"},{"floor":10,"key":"Weak Potion"}],"is_trial":false,"path_per_floor":["M","M","?","M","M","R","M","R","T","M","M","?","$","?","R","B"],"character_chosen":"THE_SILENT","items_purchased":["Juzu Bracelet"],"campfire_rested":0,"item_purchase_floors":[13],"current_hp_per_floor":[70,68,54,54,33,33,33,33,33,18,18,18,18,18,18,0,0],"gold":54,"neow_bonus":"","is_daily":false,"chose_seed":false,"campfire_upgraded":3,"win_rate":0.0,"timestamp":1609086474,"path_taken":["M","M","?","M","M","R","M","R","T","M","M","?","?","?","R","BOSS"],"items_purchased_type":["Relic"],"build_version":"2020-12-22","purchased_purges":1,"victory":false,"max_hp_per_floor":[70,70,70,70,70,70,70,70,70,70,70,70,70,70,70,70,70],"card_choices":[{"not_picked":["BeautyBeast","MeatLantern"],"picked":"Freischutz","floor":1},{"not_picked":["Quick Slash","Slice"],"picked":"Poisoned Stab","floor":1},{"not_picked":["Mercenary","Rudolta"],"picked":"OldLady","floor":2},{"not_picked":["Glass Knife","Noxious Fumes"],"picked":"Dagger Spray","floor":2},{"not_picked":["Variant","Mercenary","Scorched"],"picked":"Singing Bowl","floor":4},{"not_picked":["PunishingBird","MeatLantern"],"picked":"Bloodbath","floor":4},{"not_picked":["Reflex","Bouncing Flask","Dagger Throw"],"picked":"SKIP","floor":4},{"not_picked":["WallGazer","FairyFestival","OSAHOGD"],"picked":"Singing Bowl","floor":5},{"not_picked":["UniverseFragment","PunishingBird"],"picked":"SpiderBud","floor":5},{"not_picked":["Outmaneuver","Flechettes"],"picked":"Backstab","floor":5},{"not_picked":["VoidDream","CrumblingArmor","QueenBee"],"picked":"Singing Bowl","floor":7},{"not_picked":["UniverseFragment","Wellcheers"],"picked":"CherryBlossoms","floor":7},{"not_picked":["Deflect","Quick Slash","Crippling Poison"],"picked":"SKIP","floor":7},{"not_picked":["UniverseFragment","FieryBird","Variant"],"picked":"Singing Bowl","floor":10},{"not_picked":["Blur","PiercingWail","Bane"],"picked":"SKIP","floor":10},{"not_picked":["Murderer","Scarecrow"],"picked":"ShyLook","floor":11},{"not_picked":["Expertise","Bouncing Flask"],"picked":"Outmaneuver","floor":11}],"player_experience":56484,"relics_obtained":[{"floor":1,"key":"LetterFromLob"},{"floor":9,"key":"War Paint"}],"event_choices":[{"damage_healed":0,"gold_gain":0,"player_choice":"Entered Light","damage_taken":14,"max_hp_gain":0,"max_hp_loss":0,"event_name":"Shining Light","floor":3,"gold_loss":0,"cards_upgraded":["Strike_G","Survivor"]},{"damage_healed":0,"gold_gain":30,"player_choice":"Searched \u00273\u0027 times","damage_taken":0,"relics_obtained":["Vajra"],"max_hp_gain":0,"max_hp_loss":0,"event_name":"Dead Adventurer","floor":12,"gold_loss":0},{"damage_healed":0,"gold_gain":100,"player_choice":"Pray","damage_taken":0,"max_hp_gain":0,"max_hp_loss":0,"event_name":"Golden Shrine","floor":14,"gold_loss":0}],"is_beta":false,"boss_relics":[],"items_purged_floors":[13],"is_endless":false,"potions_floor_spawned":[4,5,10],"killed_by":"Hexaghost","ascension_level":0}}