{"host":"3y2rtlgteqp2nuo3","time":1609069286,"event":{"mods":["2.2 Compatiblity","AchievementEnabler","BaseMod","Colored Map","DeckTracker","Highlight Path","Keyboard Shortcuts","Minty Spire (QoL Compilation)","Permanent Neow","Quick Restart","StSLib","SuperFastMode","everything is the same but u backflip on backflip"],"gold_per_floor":[111,111,123,135,135,135,60,75,75,90,90,123,23,54,54,174,174,198,50,50,71,85,85,85],"floor_reached":23,"playtime":555,"items_purged":["Regret","Strike_B"],"score":251,"play_id":"6aa64731-5783-40da-b0da-d32db2f81858","local_time":"20201227204126","is_ascension_mode":true,"campfire_choices":[{"data":"Beam Cell","floor":6.0,"key":"SMITH"},{"data":"Zap","floor":11.0,"key":"SMITH"},{"floor":15.0,"key":"REST"}],"circlet_count":0,"master_deck":["Defend_B","Defend_B","Defend_B","Defend_B","Zap+1","Dualcast","FTL","Beam Cell+1","Streamline+1","Ball Lightning+1","Coolheaded","White Noise","Creative AI","Beam Cell+1","Chill","Glacier"],"relics":["Cracked Core","White Beast Statue","Golden Idol","Darkstone Periapt","Whetstone","Bag of Marbles","Empty Cage","ClockworkSouvenir"],"acts_visited":["Exordium","TheCity"],"potions_floor_usage":[21,22,22,22],"damage_taken":[{"damage":5.0,"enemies":"Small Slimes","floor":1.0,"turns":4.0},{"damage":6.0,"enemies":"Jaw Worm","floor":3.0,"turns":3.0},{"damage":1.0,"enemies":"2 Louse","floor":4.0,"turns":3.0},{"damage":0.0,"enemies":"Looter","floor":8.0,"turns":1.0},{"damage":1.0,"enemies":"Exordium Thugs","floor":10.0,"turns":3.0},{"damage":20.0,"enemies":"3 Sentries","floor":12.0,"turns":4.0},{"damage":18.0,"enemies":"Lagavulin","floor":14.0,"turns":4.0},{"damage":24.0,"enemies":"Slime Boss","floor":16.0,"turns":6.0},{"damage":24.0,"enemies":"2 Thieves","floor":18.0,"turns":3.0},{"damage":20,"enemies":"3 Byrds","floor":21,"turns":4},{"damage":0,"enemies":"Shelled Parasite and Fungi","floor":22,"turns":5},{"damage":21,"enemies":"Gremlin Leader","floor":23,"turns":4}],"seed_played":"-3739535291035122620","potions_obtained":[{"floor":3.0,"key":"ColorlessPotion"},{"floor":4.0,"key":"AttackPotion"},{"floor":8.0,"key":"Fire Potion"},{"floor":10.0,"key":"SkillPotion"},{"floor":12.0,"key":"PowerPotion"},{"floor":14.0,"key":"DuplicationPotion"},{"floor":16.0,"key":"LiquidMemories"},{"floor":18.0,"key":"BlessingOfTheForge"},{"floor":21,"key":"Explosive Potion"},{"floor":22,"key":"Fruit Juice"}],"is_trial":false,"path_per_floor":["M","?","M","M","?","R","$","M","T","M","R","E","$","E","R","B",null,"M","$","?","M","M","E"],"character_chosen":"DEFECT","items_purchased":["ClockworkSouvenir"],"campfire_rested":1,"item_purchase_floors":[19],"current_hp_per_floor":[70,70,64,63,45,45,45,45,45,44,44,24,24,6,28,4,57,33,33,33,13,18,0,0],"gold":85,"neow_bonus":"REMOVE_CARD","is_daily":false,"chose_seed":false,"campfire_upgraded":2,"win_rate":0.0,"timestamp":1609069286,"path_taken":["M","?","M","M","?","R","$","M","T","M","R","E","?","E","R","BOSS","M","$","?","M","M","E"],"items_purchased_type":["Relic"],"build_version":"2020-12-22","purchased_purges":2,"victory":false,"max_hp_per_floor":[75,75,75,75,75,75,75,75,75,75,75,75,75,75,75,75,75,75,75,75,75,80,80,80],"card_choices":[{"not_picked":["Leap","Redo"],"picked":"FTL","floor":1.0},{"not_picked":["Sweeping Beam","Leap"],"picked":"Beam Cell","floor":3.0},{"not_picked":["Compile Driver","Hologram"],"picked":"Streamline","floor":4.0},{"not_picked":["Melter","Chill"],"picked":"Ball Lightning","floor":8.0},{"not_picked":["Storm","Darkness","Scrape"],"picked":"SKIP","floor":10.0},{"not_picked":["Stack","Chaos"],"picked":"Coolheaded","floor":12.0},{"not_picked":["Leap","Chaos"],"picked":"White Noise","floor":14.0},{"not_picked":["Hyperbeam","Buffer"],"picked":"Creative AI","floor":16.0},{"not_picked":["Sweeping Beam","Compile Driver"],"picked":"Beam Cell+1","floor":18.0},{"not_picked":["Self Repair","Fusion"],"picked":"Chill","floor":21},{"not_picked":["Beam Cell","Barrage"],"picked":"Glacier","floor":22}],"player_experience":636904,"relics_obtained":[{"floor":9.0,"key":"Darkstone Periapt"},{"floor":12.0,"key":"Whetstone"},{"floor":14.0,"key":"Bag of Marbles"}],"event_choices":[{"damage_healed":0.0,"max_hp_gain":0.0,"max_hp_loss":0.0,"gold_gain":0.0,"event_name":"Big Fish","player_choice":"Box","floor":2.0,"gold_loss":0.0,"damage_taken":0.0,"relics_obtained":["White Beast Statue"],"cards_obtained":["Regret"]},{"damage_healed":0.0,"max_hp_gain":0.0,"max_hp_loss":0.0,"gold_gain":0.0,"event_name":"Golden Idol","player_choice":"Take Damage","floor":5.0,"gold_loss":0.0,"damage_taken":18.0,"relics_obtained":["Golden Idol"]},{"damage_healed":0,"gold_gain":0,"player_choice":"Ignored","damage_taken":0,"max_hp_gain":0,"max_hp_loss":0,"event_name":"The Mausoleum","floor":20,"gold_loss":0}],"is_beta":false,"boss_relics":[{"not_picked":["Inserter","Black Star"],"picked":"Empty Cage"}],"items_purged_floors":[7,13],"is_endless":false,"potions_floor_spawned":[3,4,8,10,12,14,16,18,21,22],"killed_by":"Gremlin Leader","ascension_level":5}}