{"host":"2c1pg2m9wpz3w4c0","time":1609038766,"event":{"mods":["AchievementEnabler","Act Like it!","Aspiration","BaseMod","Better Note","BetterRewards","Disable Question Mark Monsters","Halation","Hubris","Infinite Spire","Lotus Mark","Marisa????????","Minty Spire (QoL Compilation)","Replay The Spire","StSLib","SuperFastMode","The Clintock","The Jungle","The Runesmith","Transform Curses"],"gold_per_floor":[118,133,152,164,164,164,164,164,191,208,208,11,11,37,37,138,138,157,157,157,180,192,204,216,242,254,266,293,305,337,349,361,477,489,512,534,546,570,582,594,625,654,666,678,690,712,735,763,775,787],"floor_reached":51,"playtime":1452,"items_purged":[],"score":966,"play_id":"ec45fad3-2049-4a07-a510-af2c2139cec5","local_time":"20201226201246","is_ascension_mode":false,"campfire_choices":[{"floor":6,"key":"REST"},{"data":"Inflame","floor":8,"key":"SMITH"},{"floor":13,"key":"REST"},{"data":"Rage","floor":15,"key":"SMITH"},{"data":"infinitespire:Punishment","floor":23,"key":"SMITH"},{"data":"Anger","floor":27,"key":"SMITH"},{"data":"Infernal Blade","floor":32,"key":"SMITH"},{"data":"Limit Break","floor":40,"key":"SMITH"}],"circlet_count":0,"master_deck":["Strike_R","Strike_R","Strike_R","Strike_R","Defend_R","Defend_R+1","Defend_R","Defend_R","Bash","Inflame+1","Infernal Blade+1","Sword Boomerang","Iron Wave","ReplayTheSpireMod:Stacked+1","Rage+1","Armaments","Demon Form+1","Pummel+1","infinitespire:Punishment+1","Rampage+1","Metallicize+1","Anger+1","Heavy Blade","Limit Break+1","Flex+1","Shrug It Off","Armaments+1","Double Tap","Dropkick+1","Havoc","hubris:ReadiedAction+1","Flex+1"],"relics":["Burning Blood","Chameleon Ring","Replay:Baseball","halation:PromiseList","Toy Ornithopter","aspiration:Lifesprig","SlaversCollar","MawBank","Blue Doll","hubris:Stopwatch","Letter Opener","Durian"],"acts_visited":["Exordium","theJungle:Jungle","TheBeyond"],"potions_floor_usage":[10,16,25,35,35,41,41,47,47,47,50,50,50],"damage_taken":[{"damage":1,"enemies":"Cultist","floor":1,"turns":4},{"damage":9,"enemies":"2 Louse","floor":2,"turns":3},{"damage":12,"enemies":"Small Slimes","floor":3,"turns":3},{"damage":14,"enemies":"2 Fungi Beasts","floor":4,"turns":4},{"damage":0,"enemies":"Looter","floor":10,"turns":3},{"damage":5,"enemies":"The Guardian","floor":16,"turns":15},{"damage":10,"enemies":"theJungle:GiantWrat","floor":18,"turns":6},{"damage":9,"enemies":"theJungle:MUSHROOMGANG","floor":21,"turns":6},{"damage":10,"enemies":"theJungle:2_Flameangoes","floor":25,"turns":5},{"damage":14,"enemies":"theJungle:2_Snecko_Cultists","floor":28,"turns":4},{"damage":5,"enemies":"theJungle:SlimyTreeVines","floor":30,"turns":6},{"damage":0,"enemies":"theJungle:QueenSpyder","floor":33,"turns":7},{"damage":8,"enemies":"3 Darklings","floor":35,"turns":5},{"damage":7,"enemies":"3 Shapes","floor":36,"turns":6},{"damage":7,"enemies":"Sphere and 2 Shapes","floor":38,"turns":5},{"damage":24,"enemies":"Writhing Mass","floor":41,"turns":6},{"damage":0,"enemies":"Transient","floor":42,"turns":5},{"damage":33,"enemies":"Sphere and 2 Shapes","floor":46,"turns":7},{"damage":0,"enemies":"4 Shapes","floor":47,"turns":2},{"damage":0,"enemies":"Spire Growth","floor":48,"turns":4},{"damage":0,"enemies":"Time Eater","floor":50,"turns":4}],"seed_played":"-3465835046535167687","potions_obtained":[{"floor":1,"key":"Reflective Coating"},{"floor":3,"key":"LifebloodPotion"},{"floor":4,"key":"Weak Potion"},{"floor":18,"key":"SteroidPotion"},{"floor":21,"key":"BloodPotion"},{"floor":33,"key":"Languid Potion"},{"floor":36,"key":"Block Potion"},{"floor":45,"key":"SteroidPotion"},{"floor":45,"key":"Regen Potion"},{"floor":46,"key":"FearPotion"},{"floor":48,"key":"DistilledChaos"},{"floor":49,"key":"GamblersBrew"},{"floor":49,"key":"Venom Potion"}],"is_trial":false,"path_per_floor":["M","M","M","M","?","R","?","R","T","M","?","$","R","T","R","B",null,"M","?","AVR","M","?","R","$","M","T","R","M","?","M","?","R","B",null,"M","M","?","M","T","R","M","M","T","?","R","M","M","M","R","B",null],"character_chosen":"IRONCLAD","items_purchased":["Chameleon Ring","Inflame","Armaments","Toy Ornithopter"],"campfire_rested":2,"item_purchase_floors":[0,0,12,12],"current_hp_per_floor":[72,69,63,55,55,79,63,63,63,69,51,51,75,75,75,80,80,76,76,76,73,73,73,73,74,74,74,66,68,75,80,80,80,80,78,77,77,76,76,76,80,80,85,85,85,58,85,85,85,85],"gold":799,"neow_bonus":"","is_daily":false,"chose_seed":false,"campfire_upgraded":6,"win_rate":0.0,"timestamp":1609038766,"path_taken":["M","M","?","M","?","R","?","R","T","M","?","$","R","?","R","BOSS","M","?","AVR","M","?","R","$","M","T","R","M","?","M","?","R","BOSS","M","M","?","?","?","R","?","M","T","?","R","M","M","M","R","BOSS"],"items_purchased_type":["Relic","Card","Card","Relic"],"build_version":"2020-12-22","purchased_purges":0,"victory":true,"max_hp_per_floor":[80,80,80,80,80,80,80,80,80,80,80,80,80,80,80,80,80,80,80,80,80,80,80,80,80,80,80,80,80,80,80,80,80,80,80,80,80,80,80,80,80,80,85,85,85,85,85,85,85,85],"card_choices":[{"not_picked":["Defy Death","ReplayTheSpireMod:Muscle Training"],"picked":"Infernal Blade","floor":1},{"not_picked":["Blood for Blood","Havoc"],"picked":"Sword Boomerang","floor":2},{"not_picked":["Combust","Warcry"],"picked":"Iron Wave","floor":3},{"not_picked":["Defy Death","Armaments"],"picked":"ReplayTheSpireMod:Stacked","floor":4},{"not_picked":["Uppercut","Sword Boomerang"],"picked":"Rage","floor":10},{"not_picked":["Fiend Fire","Eclipse"],"picked":"Demon Form","floor":16},{"not_picked":["infinitespire:OneForAll","Sever Soul"],"picked":"Pummel+1","floor":18},{"not_picked":["Clothesline","Cleave"],"picked":"Rampage+1","floor":21},{"not_picked":["Sword Boomerang","Perfected Strike"],"picked":"Anger","floor":25},{"not_picked":["ReplayTheSpireMod:Strike From Hell","Sword Boomerang+1","Clash"],"picked":"SKIP","floor":28},{"not_picked":["Sword Boomerang","Havoc"],"picked":"Heavy Blade","floor":30},{"not_picked":["Demon Form","hubris:StunningStrike"],"picked":"Limit Break","floor":33},{"not_picked":["Cleave","Shockwave"],"picked":"Flex+1","floor":35},{"not_picked":["Iron Wave+1","Sword Boomerang"],"picked":"Shrug It Off","floor":36},{"not_picked":["Clash+1","Thunderclap+1"],"picked":"Armaments+1","floor":38},{"not_picked":["Pommel Strike+1","Armaments+1"],"picked":"Double Tap","floor":41},{"not_picked":["Second Wind","True Grit+1"],"picked":"Dropkick+1","floor":42},{"not_picked":["Seeing Red","Havoc+1"],"picked":"hubris:ReadiedAction+1","floor":46},{"not_picked":["Disarm","Iron Wave"],"picked":"Flex+1","floor":47},{"not_picked":["Sword Boomerang","Blood for Blood+1","Clothesline"],"picked":"SKIP","floor":48}],"player_experience":1140490,"relics_obtained":[{"floor":9,"key":"Replay:Baseball"},{"floor":14,"key":"aspiration:Lifesprig"},{"floor":26,"key":"Blue Doll"},{"floor":39,"key":"Letter Opener"},{"floor":43,"key":"Durian"}],"event_choices":[{"damage_healed":0,"gold_gain":0,"player_choice":"Entered Light","damage_taken":16,"max_hp_gain":0,"max_hp_loss":0,"event_name":"Shining Light","floor":7,"gold_loss":0,"cards_upgraded":["Defend_R","ReplayTheSpireMod:Stacked"]},{"damage_healed":0,"gold_gain":0,"player_choice":"Success","damage_taken":18,"relics_obtained":["halation:PromiseList"],"max_hp_gain":0,"max_hp_loss":0,"event_name":"Scrap Ooze","floor":11,"gold_loss":0},{"damage_healed":0,"gold_gain":0,"player_choice":"Upgraded","damage_taken":0,"max_hp_gain":0,"max_hp_loss":0,"event_name":"Upgrade Shrine","floor":19,"gold_loss":0,"cards_upgraded":["Demon Form"]},{"cards_removed":["infinitespire:Punishment"],"damage_healed":0,"gold_gain":0,"player_choice":"Take \u0026 Give","damage_taken":0,"max_hp_gain":0,"max_hp_loss":0,"event_name":"betterNote:BetterNote","floor":22,"gold_loss":0,"cards_obtained":["Metallicize"]},{"damage_healed":0,"gold_gain":0,"player_choice":"Ignored","damage_taken":0,"max_hp_gain":0,"max_hp_loss":0,"event_name":"SecretPortal","floor":37,"gold_loss":0},{"damage_healed":0,"gold_gain":0,"cards_transformed":["Strike_R"],"player_choice":"Transformed","damage_taken":0,"max_hp_gain":0,"max_hp_loss":0,"event_name":"Transmorgrifier","floor":44,"gold_loss":0,"cards_obtained":["Havoc"]}],"is_beta":false,"boss_relics":[{"not_picked":["Replay:Wanted Poster","halation:ForbiddenBikini"],"picked":"SlaversCollar"},{"not_picked":["halation:MonkeysPaw","Replay:Grab Bag"],"picked":"hubris:Stopwatch"}],"items_purged_floors":[],"is_endless":false,"potions_floor_spawned":[1,3,4,18,21,33,36,46,48],"ascension_level":0}}