{"host":"a9e9y3ovmi5a4dnz","time":1609029415,"event":{"mods":["BaseMod","Googly Eyes","Minty Spire (QoL Compilation)","StSLib","SuperFastMode"],"gold_per_floor":[212,65,75,75,75,75,109,109,109,134,152,163,177,189,189,290,290,262,262,8,107,123,123,123,123],"floor_reached":24,"playtime":1662,"items_purged":["Strike_G","Shame"],"score":227,"play_id":"201d29dc-fc24-4cdf-a3b0-e4b57976c8f1","local_time":"20201226173655","is_ascension_mode":true,"campfire_choices":[{"data":"Neutralize","floor":6.0,"key":"SMITH"},{"floor":15,"key":"REST"},{"floor":23,"key":"REST"}],"circlet_count":0,"master_deck":["Strike_G","Strike_G","Strike_G","Strike_G","Defend_G+1","Defend_G","Defend_G","Defend_G","Defend_G","Survivor+1","Neutralize+1","Slice+1","Heel Hook","Regret","Outmaneuver","Backflip","Quick Slash","Endless Agony","Phantasmal Killer+1"],"relics":["Ring of the Snake","Pantograph","Regal Pillow","White Beast Statue","Sundial","Black Star","Question Card","War Paint"],"acts_visited":["TheCity"],"potions_floor_usage":[14,14,16,22,22],"damage_taken":[{"damage":0.0,"enemies":"Jaw Worm","floor":1.0,"turns":6.0},{"damage":0.0,"enemies":"2 Louse","floor":3.0,"turns":2.0},{"damage":29.0,"enemies":"3 Sentries","floor":7.0,"turns":14.0},{"damage":11.0,"enemies":"Lagavulin","floor":10.0,"turns":4.0},{"damage":3.0,"enemies":"Cultist","floor":11.0,"turns":4.0},{"damage":3.0,"enemies":"Exordium Wildlife","floor":12.0,"turns":3.0},{"damage":1.0,"enemies":"Blue Slaver","floor":13.0,"turns":3.0},{"damage":0,"enemies":"Lots of Slimes","floor":14,"turns":1},{"damage":67,"enemies":"The Guardian","floor":16,"turns":21},{"damage":32,"enemies":"2 Thieves","floor":18,"turns":5},{"damage":23,"enemies":"Spheric Guardian","floor":22,"turns":4},{"damage":57,"enemies":"Gremlin Leader","floor":24,"turns":6}],"seed_played":"6291541316926537129","potions_obtained":[{"floor":3.0,"key":"FearPotion"},{"floor":7.0,"key":"ColorlessPotion"},{"floor":8.0,"key":"CultistPotion"},{"floor":8.0,"key":"Poison Potion"},{"floor":10.0,"key":"FearPotion"},{"floor":11.0,"key":"BlessingOfTheForge"},{"floor":12.0,"key":"Explosive Potion"},{"floor":13.0,"key":"DistilledChaos"},{"floor":14,"key":"Fire Potion"},{"floor":16,"key":"Weak Potion"},{"floor":18,"key":"PowerPotion"},{"floor":22,"key":"FearPotion"}],"is_trial":false,"path_per_floor":["M","$","M","?","?","R","E","?","T","E","M","M","M","M","R","B",null,"M","?","$","?","M","R","E"],"character_chosen":"THE_SILENT","items_purchased":["Heel Hook","War Paint"],"campfire_rested":2,"item_purchase_floors":[2,20],"current_hp_per_floor":[70,70,70,70,56,56,27,27,27,16,13,10,9,9,45,3,70,38,38,38,38,15,51,0,0],"gold":123,"neow_bonus":"HUNDRED_GOLD","is_daily":false,"chose_seed":false,"campfire_upgraded":1,"win_rate":0.0,"timestamp":1609029415,"path_taken":["M","$","M","?","?","R","E","?","T","E","M","M","M","M","R","BOSS","M","?","$","?","M","R","E"],"items_purchased_type":["Card","Relic"],"build_version":"2020-12-22","purchased_purges":2,"victory":false,"max_hp_per_floor":[70,70,70,70,70,70,70,70,70,70,70,70,70,70,70,70,70,70,70,70,70,70,70,70,70],"card_choices":[{"not_picked":["Prepared","Backflip"],"picked":"Slice","floor":1.0},{"not_picked":["Blade Dance","Predator","Acrobatics"],"picked":"SKIP","floor":3.0},{"not_picked":["Expertise","Bullet Time"],"picked":"Outmaneuver","floor":7.0},{"not_picked":["Well Laid Plans","Endless Agony"],"picked":"Backflip","floor":10.0},{"not_picked":["Blur","PiercingWail","Riddle With Holes"],"picked":"SKIP","floor":11.0},{"not_picked":["Outmaneuver","Deflect"],"picked":"Quick Slash","floor":12.0},{"not_picked":["Quick Slash","Caltrops"],"picked":"Endless Agony","floor":13.0},{"not_picked":["Catalyst","Bouncing Flask","Skewer"],"picked":"SKIP","floor":14},{"not_picked":["A Thousand Cuts","Corpse Explosion"],"picked":"Phantasmal Killer","floor":16},{"not_picked":["Backflip","Deflect","Leg Sweep"],"picked":"SKIP","floor":18},{"not_picked":["Tactician+1","Outmaneuver","Caltrops","Catalyst"],"picked":"SKIP","floor":22}],"player_experience":820824,"relics_obtained":[{"floor":7.0,"key":"Regal Pillow"},{"floor":9.0,"key":"White Beast Statue"},{"floor":10.0,"key":"Sundial"}],"event_choices":[{"damage_healed":0.0,"max_hp_gain":0.0,"max_hp_loss":0.0,"gold_gain":0.0,"event_name":"Big Fish","player_choice":"Box","floor":4.0,"gold_loss":0.0,"damage_taken":0.0,"relics_obtained":["Pantograph"],"cards_obtained":["Regret"]},{"damage_healed":0.0,"max_hp_gain":0.0,"max_hp_loss":0.0,"gold_gain":0.0,"event_name":"Shining Light","player_choice":"Entered Light","floor":5.0,"gold_loss":0.0,"damage_taken":14.0,"cards_upgraded":["Survivor","Slice"]},{"damage_healed":0.0,"max_hp_gain":0.0,"max_hp_loss":0.0,"gold_gain":0.0,"event_name":"Lab","player_choice":"Got Potions","floor":8.0,"gold_loss":0.0,"damage_taken":0.0},{"damage_healed":0,"gold_gain":0,"player_choice":"Stole Relic","damage_taken":0,"relics_obtained":["Question Card"],"max_hp_gain":0,"max_hp_loss":0,"event_name":"Addict","floor":19,"gold_loss":0,"cards_obtained":["Shame"]},{"damage_healed":0,"gold_gain":99,"player_choice":"Stole From Cult","damage_taken":0,"max_hp_gain":0,"max_hp_loss":0,"event_name":"Nest","floor":21,"gold_loss":0}],"is_beta":false,"boss_relics":[{"not_picked":["SlaversCollar","WristBlade"],"picked":"Black Star"}],"items_purged_floors":[2,20],"is_endless":false,"potions_floor_spawned":[3,7,10,11,12,13,14,16,18,22],"killed_by":"Gremlin Leader","ascension_level":2}}