{"host":"qc268ltokmxwqyrx","time":1609103524,"event":{"mods":["BaseMod","Colored Map","Colored Powertips","Minty Spire (QoL Compilation)","RNG Fix","Relic Stats","Slay the Relics Exporter","StSLib"],"gold_per_floor":[115,115,20,20,20,53,73,73,73,148,162,162,162],"floor_reached":12,"playtime":599,"items_purged":[],"score":152,"play_id":"b10ce7af-d338-4cd2-8f89-60464d8272a3","local_time":"20201227151204","is_ascension_mode":true,"campfire_choices":[{"floor":8,"key":"REST"}],"circlet_count":0,"master_deck":["AscendersBane","Strike_G+1","Strike_G+1","Strike_G","Strike_G","Strike_G","Defend_G","Defend_G","Defend_G","Defend_G","Defend_G","Survivor","Neutralize","Blade Dance+1","Accuracy","Caltrops","Storm of Steel","Backflip"],"relics":["SlaversCollar","Bird Faced Urn","Whetstone","Girya"],"acts_visited":["Exordium"],"potions_floor_usage":[6,12,12],"damage_taken":[{"damage":0,"enemies":"2 Louse","floor":1,"turns":3},{"damage":36,"enemies":"Gremlin Nob","floor":6,"turns":5},{"damage":4,"enemies":"Jaw Worm","floor":7,"turns":5},{"damage":5,"enemies":"Small Slimes","floor":11,"turns":4},{"damage":37,"enemies":"Lagavulin","floor":12,"turns":5}],"seed_played":"5192806048110280888","potions_obtained":[{"floor":6,"key":"Energy Potion"},{"floor":11,"key":"SneckoOil"}],"is_trial":false,"path_per_floor":["M","?","$","?","$","E","M","R","T","?","M","E"],"character_chosen":"THE_SILENT","items_purchased":["Accuracy","Explosive Potion"],"campfire_rested":1,"item_purchase_floors":[3,3],"current_hp_per_floor":[59,48,48,48,48,14,14,33,33,22,21,0,0],"gold":162,"neow_bonus":"BOSS_RELIC","is_daily":false,"chose_seed":false,"campfire_upgraded":0,"win_rate":0.0,"timestamp":1609103524,"path_taken":["M","?","$","?","?","E","?","R","T","?","M","E"],"items_purchased_type":["Card","Potion"],"build_version":"2020-12-22","purchased_purges":0,"victory":false,"max_hp_per_floor":[66,66,66,66,66,66,66,66,66,66,66,66,66],"relic_stats":{"counters":[5,22],"Bird Faced Urn":[10],"Whetstone":["Strike_G","Strike_G"],"obtain_stats":[{"SlaversCollar":0,"Girya":9,"Bird Faced Urn":2,"Whetstone":6,"Ring of the Snake":0},{"SlaversCollar":0,"Girya":3,"Bird Faced Urn":1,"Whetstone":2,"Ring of the Snake":0},{"SlaversCollar":0,"Girya":13,"Bird Faced Urn":3,"Whetstone":8,"Ring of the Snake":0}]},"card_choices":[{"not_picked":["Sucker Punch","Flying Knee"],"picked":"Blade Dance","floor":1},{"not_picked":["Escape Plan","Deflect"],"picked":"Caltrops","floor":6},{"not_picked":["Poisoned Stab","Deflect"],"picked":"Storm of Steel","floor":7},{"not_picked":["Slice","Prepared"],"picked":"Backflip","floor":11}],"player_experience":1688228,"relics_obtained":[{"floor":6,"key":"Whetstone"},{"floor":9,"key":"Girya"}],"event_choices":[{"damage_healed":0,"gold_gain":0,"player_choice":"Success","damage_taken":11,"relics_obtained":["Bird Faced Urn"],"max_hp_gain":0,"max_hp_loss":0,"event_name":"Scrap Ooze","floor":2,"gold_loss":0},{"damage_healed":0,"gold_gain":0,"player_choice":"Grow","damage_taken":0,"max_hp_gain":0,"max_hp_loss":0,"event_name":"Living Wall","floor":4,"gold_loss":0,"cards_upgraded":["Blade Dance"]},{"damage_healed":0,"gold_gain":75,"player_choice":"Gather Gold","damage_taken":11,"max_hp_gain":0,"max_hp_loss":0,"event_name":"World of Goop","floor":10,"gold_loss":0}],"is_beta":false,"boss_relics":[],"items_purged_floors":[],"is_endless":false,"potions_floor_spawned":[6,11],"killed_by":"Lagavulin","ascension_level":20}}