{"host":"zzf13dk0jcen0ncv","time":1609053700,"event":{"mods":["AchievementEnabler","BaseMod","BetterRewards","Colored Map","Keyboard Shortcuts","Minty Spire (QoL Compilation)","Quick Restart","Shop Mod","StSLib","SuperFastMode","The Dragon Tamer","Waifu the Spire"],"gold_per_floor":[114,130,145,155,167,198,218,237,260,260,295,295,295,313,313,412,412,428,438,453,453,473,473,473],"floor_reached":23,"playtime":1198,"items_purged":[],"score":209,"play_id":"2391b5d7-6001-44ec-b4b5-fad3d1fdf5ba","local_time":"20201227162140","is_ascension_mode":false,"metric_token":799,"campfire_choices":[{"floor":10,"key":"REST"},{"data":"DTMod:ShadowImage","floor":12,"key":"SMITH"},{"floor":15,"key":"REST"}],"dtmod_dragon_data":[0,56,0,-1,8,0],"circlet_count":0,"master_deck":["DTMod:DoubleHit","DTMod:SwitchingTactic","DTMod:Shift","DTMod:CrossStep","DTMod:FlameSlash","DTMod:MaximumCharge","DTMod:ShadowImage+1","DTMod:ShieldDrain","DTMod:SneakAttack","DTMod:ForkedFire","DTMod:Shift","DTMod:BizarreTactic","DTMod:StunTrap","DTMod:WarmUp","DTMod:ForkedFire","DTMod:DeepFocus","DTMod:StunTrap","DTMod:CrossStep","DTMod:BreakAttack","DTMod:LastStand","DTMod:BizarreTactic+1","DTMod:Observe","DTMod:BreakAttack","DTMod:GearUp","DTMod:DragonDance"],"relics":["DTMod:PactStone","Bag of Marbles","Bag of Preparation","Darkstone Periapt","Pandora\u0027s Box"],"acts_visited":["Exordium","TheCity"],"potions_floor_usage":[],"damage_taken":[{"damage":0,"enemies":"2 Louse","floor":1,"turns":2},{"damage":0,"enemies":"Cultist","floor":2,"turns":3},{"damage":0,"enemies":"Small Slimes","floor":3,"turns":4},{"damage":0,"enemies":"3 Louse","floor":4,"turns":3},{"damage":0,"enemies":"Large Slime","floor":5,"turns":4},{"damage":4,"enemies":"3 Sentries","floor":6,"turns":8},{"damage":22,"enemies":"Exordium Thugs","floor":7,"turns":3},{"damage":0,"enemies":"3 Louse","floor":8,"turns":3},{"damage":17,"enemies":"Gremlin Nob","floor":11,"turns":4},{"damage":4,"enemies":"2 Fungi Beasts","floor":14,"turns":2},{"damage":18,"enemies":"Hexaghost","floor":16,"turns":11},{"damage":0,"enemies":"Shell Parasite","floor":18,"turns":3},{"damage":0,"enemies":"Chosen","floor":19,"turns":4},{"damage":0,"enemies":"3 Cultists","floor":20,"turns":6},{"damage":4,"enemies":"Snecko","floor":22,"turns":7},{"damage":46,"enemies":"Book of Stabbing","floor":23,"turns":8}],"seed_played":"-2486469683133884347","potions_obtained":[{"floor":2,"key":"Fire Potion"},{"floor":4,"key":"LiquidMemories"},{"floor":5,"key":"SpeedPotion"},{"floor":11,"key":"Block Potion"},{"floor":16,"key":"FearPotion"},{"floor":22,"key":"DuplicationPotion"}],"is_trial":false,"path_per_floor":["M","M","M","M","M","E","M","M","T","R","E","R","?","M","R","B",null,"M","M","M","?","M","E"],"character_chosen":"THE_DT","items_purchased":[],"campfire_rested":2,"item_purchase_floors":[],"current_hp_per_floor":[49,49,49,49,49,45,23,23,23,37,20,20,20,16,30,12,49,49,49,49,49,45,0,0,0],"gold":473,"neow_bonus":"TEN_PERCENT_HP_BONUS","is_daily":false,"chose_seed":false,"campfire_upgraded":1,"win_rate":0.0,"timestamp":1609053700,"path_taken":["M","M","M","M","M","E","M","M","T","R","E","R","?","?","R","BOSS","M","M","M","?","M","E"],"items_purchased_type":[],"build_version":"2020-12-22","purchased_purges":0,"victory":false,"max_hp_per_floor":[49,49,49,49,49,49,49,49,49,49,49,49,49,49,49,49,49,49,49,49,49,49,49,49,49],"card_choices":[{"not_picked":["DTMod:ComboAttack","DTMod:Weaken"],"picked":"DTMod:Shift","floor":1},{"not_picked":["DTMod:MagicField","DTMod:Weaken"],"picked":"DTMod:CrossStep","floor":2},{"not_picked":["DTMod:Coolant","DTMod:Weaken"],"picked":"DTMod:FlameSlash","floor":3},{"not_picked":["DTMod:Training","DTMod:Shift"],"picked":"DTMod:MaximumCharge","floor":4},{"not_picked":["DTMod:Threaten","DTMod:BuildUp"],"picked":"DTMod:ShadowImage","floor":5},{"not_picked":["DTMod:Training","DTMod:CleansingStrike"],"picked":"DTMod:ShieldDrain","floor":6},{"not_picked":["DTMod:FlameSlash","DTMod:PurifyingFlame"],"picked":"DTMod:SneakAttack","floor":7},{"not_picked":["DTMod:BurningEnergy","DTMod:Cover"],"picked":"DTMod:ForkedFire","floor":8},{"not_picked":["DTMod:QuickFly","DTMod:FlameSlash"],"picked":"DTMod:Shift","floor":11},{"not_picked":["DTMod:FlameSlash","DTMod:QuickFly"],"picked":"DTMod:BizarreTactic","floor":14},{"not_picked":["DTMod:Prediction","DTMod:GearUp"],"picked":"DTMod:StunTrap","floor":16},{"not_picked":["DTMod:Adaptation+1","DTMod:Threaten"],"picked":"DTMod:LastStand","floor":18},{"not_picked":["DTMod:Weaken","DTMod:BurningEnergy"],"picked":"DTMod:BizarreTactic+1","floor":19},{"not_picked":["DTMod:Threaten","DTMod:BurningEnergy"],"picked":"DTMod:Observe","floor":20},{"not_picked":["DTMod:BlazingStrike","DTMod:Cover"],"picked":"DTMod:DragonDance","floor":22}],"player_experience":917954,"relics_obtained":[{"floor":6,"key":"Bag of Marbles"},{"floor":9,"key":"Bag of Preparation"},{"floor":11,"key":"Darkstone Periapt"}],"event_choices":[{"cards_removed":["DTMod:Strike"],"damage_healed":0,"gold_gain":0,"player_choice":"Took Card","damage_taken":0,"max_hp_gain":0,"max_hp_loss":0,"event_name":"NoteForYourself","floor":13,"gold_loss":0,"cards_obtained":["Strike_B"]},{"damage_healed":0,"gold_gain":0,"cards_transformed":["DTMod:BuildUp","DTMod:Feint"],"player_choice":"Became Test Subject","damage_taken":0,"max_hp_gain":0,"max_hp_loss":0,"event_name":"Drug Dealer","floor":21,"gold_loss":0,"cards_obtained":["DTMod:BreakAttack","DTMod:GearUp"]}],"is_beta":false,"boss_relics":[{"not_picked":["Empty Cage","Black Star"],"picked":"Pandora\u0027s Box"}],"items_purged_floors":[],"is_endless":false,"potions_floor_spawned":[2,4,5,11,16,18,20,22],"killed_by":"Book of Stabbing","ascension_level":0}}