{"host":"kw4o7b3ro2ktmmbe","time":1609056804,"event":{"mods":["BaseMod","Evolution","Minty Spire (QoL Compilation)","StSLib","The Hierophant"],"gold_per_floor":[110,128,128,150,171,171,197,197,197,230,256,283,325,325,325,321,321],"floor_reached":16,"playtime":1768,"items_purged":[],"score":98,"play_id":"1c872f6a-9582-4a0c-b1b9-0da6dce4345c","local_time":"20201227211324","is_ascension_mode":false,"campfire_choices":[{"data":"hierophant:Dazzle","floor":6.0,"key":"SMITH"},{"data":"hierophant:TollTheBells","floor":8.0,"key":"SMITH"},{"floor":15.0,"key":"REST"}],"circlet_count":0,"master_deck":["hierophant:Strike_Hierophant","hierophant:Strike_Hierophant","hierophant:Strike_Hierophant","hierophant:Strike_Hierophant","hierophant:Punish","hierophant:Defend_Hierophant","hierophant:Defend_Hierophant","hierophant:Defend_Hierophant","hierophant:Defend_Hierophant","hierophant:ChurchCoffers","hierophant:Doubloon","hierophant:Community","hierophant:Doubloon","hierophant:Dazzle+1","hierophant:TollTheBells+1","hierophant:Doubloon","hierophant:Refuge"],"relics":["hierophant:PropheticMaskRelic","EVO:Axolotl","Turnip"],"acts_visited":["Exordium"],"potions_floor_usage":[16,16],"damage_taken":[{"damage":4.0,"enemies":"Jaw Worm","floor":1.0,"turns":4.0},{"damage":1.0,"enemies":"Cultist","floor":2.0,"turns":4.0},{"damage":1.0,"enemies":"2 Louse","floor":4.0,"turns":2.0},{"damage":8.0,"enemies":"2 Fungi Beasts","floor":5.0,"turns":4.0},{"damage":22.0,"enemies":"Gremlin Gang","floor":7.0,"turns":4.0},{"damage":17.0,"enemies":"Looter","floor":10.0,"turns":4.0},{"damage":0.0,"enemies":"Large Slime","floor":11.0,"turns":9.0},{"damage":1.0,"enemies":"2 Fungi Beasts","floor":12.0,"turns":4.0},{"damage":3.0,"enemies":"Exordium Wildlife","floor":13.0,"turns":6.0},{"damage":64,"enemies":"Hexaghost","floor":16,"turns":17}],"seed_played":"1630829920196288107","potions_obtained":[{"floor":2.0,"key":"Dexterity Potion"},{"floor":12.0,"key":"BlessingOfTheForge"},{"floor":13.0,"key":"BlessingOfTheForge"}],"is_trial":false,"path_per_floor":["M","M","?","M","M","R","M","R","T","M","M","M","M","?","R","B"],"character_chosen":"HIEROPHANT","items_purchased":[],"campfire_rested":1,"item_purchase_floors":[],"current_hp_per_floor":[78,77,77,76,68,68,46,46,46,29,29,28,25,30,56,0,0],"gold":321,"neow_bonus":"TEN_PERCENT_HP_BONUS","is_daily":false,"chose_seed":false,"campfire_upgraded":2,"win_rate":0.0,"timestamp":1609056804,"path_taken":["M","M","?","?","M","R","M","R","T","M","M","M","?","?","R","BOSS"],"items_purchased_type":[],"build_version":"2020-12-22","purchased_purges":0,"victory":false,"max_hp_per_floor":[82,82,82,82,82,82,82,82,82,82,82,82,82,87,87,87,87],"card_choices":[{"not_picked":["hierophant:Sermon","hierophant:Zeal"],"picked":"hierophant:Doubloon","floor":1.0},{"not_picked":["hierophant:RustyCrate","hierophant:Encroach"],"picked":"hierophant:Community","floor":2.0},{"not_picked":["hierophant:Alms","hierophant:Zeal","hierophant:Purify"],"picked":"SKIP","floor":4.0},{"not_picked":["hierophant:MorningPrayer","hierophant:Racketeering"],"picked":"hierophant:Dazzle","floor":5.0},{"not_picked":["hierophant:Upheaval","hierophant:AuricBeam"],"picked":"hierophant:TollTheBells","floor":7.0},{"not_picked":["hierophant:Zeal","hierophant:Mercenaries","hierophant:AuricShield"],"picked":"SKIP","floor":10.0},{"not_picked":["hierophant:AuricBeam","hierophant:Patience","hierophant:DisplayOfPower"],"picked":"SKIP","floor":11.0},{"not_picked":["hierophant:Blessing","hierophant:OrnateJavelin"],"picked":"hierophant:Refuge","floor":12.0},{"not_picked":["hierophant:Doomsaying","hierophant:DisplayOfPower","hierophant:Zeal"],"picked":"SKIP","floor":13.0}],"player_experience":1762882,"relics_obtained":[{"floor":9.0,"key":"Turnip"}],"event_choices":[{"damage_healed":0.0,"max_hp_gain":0.0,"max_hp_loss":0.0,"gold_gain":0.0,"event_name":"Transmorgrifier","player_choice":"Ignored","floor":3.0,"gold_loss":0.0,"damage_taken":0.0},{"damage_healed":0.0,"max_hp_gain":5.0,"max_hp_loss":0.0,"gold_gain":0.0,"event_name":"Big Fish","player_choice":"Donut","floor":14.0,"gold_loss":0.0,"damage_taken":0.0}],"is_beta":false,"boss_relics":[],"items_purged_floors":[],"is_endless":false,"potions_floor_spawned":[2,12,13],"killed_by":"Hexaghost","ascension_level":0}}