{"host":"t7pj92rmddqyxjfj","time":1609047446,"event":{"mods":["AchievementEnabler","Bard","BaseMod","Colored Map","Colored Powertips","Duelist Mod","Hermit","Minty Spire (QoL Compilation)","StSLib","SuperFastMode"],"gold_per_floor":[109,109,119,69,69,98,98,126,126,126,146,146,4,17,17,120,120,137,148,73,84,104,104,104,104,104,116,131,141,141,141],"floor_reached":30,"playtime":844,"items_purged":["Strike_B"],"score":242,"play_id":"bdb9103a-4f4c-4859-b5fe-6b7c730fe8a7","local_time":"20201226223726","is_ascension_mode":false,"campfire_choices":[{"floor":7,"key":"REST"},{"floor":12,"key":"REST"},{"floor":15,"key":"REST"},{"floor":23,"key":"REST"},{"floor":25,"key":"REST"}],"circlet_count":0,"master_deck":["Strike_B","Defend_B","Defend_B","Defend_B","Zap","Dualcast","Melter","Conserve Battery","White Noise","Rainbow","Capacitor","Rainbow","Tempest","Loop","Chaos+1","Static Discharge+1","Glacier","Storm+1","Conserve Battery"],"relics":["Cracked Core","Prayer Wheel","Calipers","Kunai","SacredBark","MutagenicStrength","Bag of Marbles"],"acts_visited":["Exordium","TheCity"],"potions_floor_usage":[8,19,28,30],"damage_taken":[{"damage":5,"enemies":"2 Louse","floor":1,"turns":3},{"damage":0,"enemies":"Small Slimes","floor":3,"turns":2},{"damage":47,"enemies":"3 Sentries","floor":6,"turns":7},{"damage":31,"enemies":"Lagavulin","floor":8,"turns":4},{"damage":6,"enemies":"Jaw Worm","floor":11,"turns":2},{"damage":0,"enemies":"Large Slime","floor":14,"turns":4},{"damage":46,"enemies":"Slime Boss","floor":16,"turns":12},{"damage":20,"enemies":"3 Byrds","floor":18,"turns":5},{"damage":8,"enemies":"Chosen","floor":19,"turns":4},{"damage":71,"enemies":"3 Cultists","floor":21,"turns":6},{"damage":31,"enemies":"Shelled Parasite and Fungi","floor":22,"turns":6},{"damage":12,"enemies":"Snecko","floor":27,"turns":4},{"damage":12,"enemies":"Snake Plant","floor":28,"turns":4},{"damage":24,"enemies":"Shelled Parasite and Fungi","floor":29,"turns":6},{"damage":9,"enemies":"Centurion and Healer","floor":30,"turns":5}],"seed_played":"-1311986661127437292","potions_obtained":[{"floor":1,"key":"FairyPotion"},{"floor":6,"key":"PowerPotion"},{"floor":18,"key":"Swift Potion"},{"floor":19,"key":"Fruit Juice"},{"floor":28,"key":"PowerPotion"}],"is_trial":false,"path_per_floor":["M","?","M","?","$","E","R","E","T","?","M","R","$","M","R","B",null,"M","M","$","M","M","R","?","R","T","M","M","M","M"],"character_chosen":"DEFECT","items_purchased":["Rainbow"],"campfire_rested":5,"item_purchase_floors":[13],"current_hp_per_floor":[70,63,63,63,63,16,38,7,7,32,26,48,48,48,70,24,75,55,57,57,38,7,32,32,57,57,45,33,9,0,0],"gold":141,"neow_bonus":"REMOVE_CARD","is_daily":false,"chose_seed":false,"campfire_upgraded":0,"win_rate":0.0,"timestamp":1609047446,"path_taken":["M","?","M","?","$","E","R","E","T","?","M","R","$","M","R","BOSS","M","M","$","M","M","R","?","R","T","M","M","M","M"],"items_purchased_type":["Card"],"build_version":"2020-12-22","purchased_purges":1,"victory":false,"max_hp_per_floor":[75,75,75,75,75,75,75,75,75,75,75,75,75,75,75,75,75,75,85,85,85,85,85,85,85,85,85,85,85,85,85],"card_choices":[{"not_picked":["Force Field","Static Discharge"],"picked":"Melter","floor":1},{"not_picked":["Ball Lightning","Self Repair","Barrage"],"picked":"SKIP","floor":3},{"not_picked":["Blizzard","Stack","Doom and Gloom"],"picked":"SKIP","floor":6},{"not_picked":["Turbo","Streamline"],"picked":"Conserve Battery","floor":8},{"not_picked":["Streamline","Steam"],"picked":"White Noise","floor":11},{"not_picked":["FTL","Genetic Algorithm","Redo"],"picked":"SKIP","floor":11},{"not_picked":["Beam Cell","Reprogram"],"picked":"Capacitor","floor":14},{"not_picked":["Skim","Steam Power","Gash"],"picked":"SKIP","floor":14},{"not_picked":["Seek","Multi-Cast"],"picked":"Rainbow","floor":16},{"not_picked":["Stack","Coolheaded"],"picked":"Tempest","floor":18},{"not_picked":["Go for the Eyes","Steam Power","Reprogram"],"picked":"SKIP","floor":18},{"not_picked":["Reprogram+1","Steam"],"picked":"Loop","floor":19},{"not_picked":["Lockon","Sweeping Beam","Stack"],"picked":"SKIP","floor":19},{"not_picked":["Barrage+1","Double Energy"],"picked":"Chaos+1","floor":21},{"not_picked":["Melter+1","Stack","Meteor Strike"],"picked":"SKIP","floor":21},{"not_picked":["Cold Snap","Heatsinks"],"picked":"Static Discharge+1","floor":22},{"not_picked":["Sunder","Barrage+1","Steam"],"picked":"SKIP","floor":22},{"not_picked":["FTL+1","Compile Driver+1"],"picked":"Glacier","floor":27},{"not_picked":["White Noise","Barrage","Storm"],"picked":"SKIP","floor":27},{"not_picked":["Capacitor","Sweeping Beam","Hologram"],"picked":"SKIP","floor":28},{"not_picked":["Steam","Meteor Strike","Beam Cell+1"],"picked":"SKIP","floor":28},{"not_picked":["Go for the Eyes+1","FTL"],"picked":"Storm+1","floor":29},{"not_picked":["Gash","Coolheaded+1"],"picked":"Conserve Battery","floor":29}],"player_experience":507202,"relics_obtained":[{"floor":6,"key":"Prayer Wheel"},{"floor":8,"key":"Calipers"},{"floor":9,"key":"Kunai"},{"floor":26,"key":"Bag of Marbles"}],"event_choices":[{"cards_removed":["Strike_B"],"damage_healed":0,"gold_gain":0,"player_choice":"Card Removal","damage_taken":7,"max_hp_gain":0,"max_hp_loss":0,"event_name":"Golden Wing","floor":2,"gold_loss":0},{"cards_removed":["Defend_B"],"damage_healed":0,"gold_gain":0,"player_choice":"Card Removal","damage_taken":0,"max_hp_gain":0,"max_hp_loss":0,"event_name":"The Cleric","floor":4,"gold_loss":50},{"damage_healed":25,"gold_gain":0,"player_choice":"Banana","damage_taken":0,"max_hp_gain":0,"max_hp_loss":0,"event_name":"Big Fish","floor":10,"gold_loss":0},{"damage_healed":0,"gold_gain":0,"player_choice":"Inject Mutagens","damage_taken":0,"relics_obtained":["MutagenicStrength"],"max_hp_gain":0,"max_hp_loss":0,"event_name":"Drug Dealer","floor":24,"gold_loss":0}],"is_beta":false,"boss_relics":[{"not_picked":["Ectoplasm","Fusion Hammer"],"picked":"SacredBark"}],"items_purged_floors":[20],"is_endless":false,"potions_floor_spawned":[1,6,18,19,28],"killed_by":"Centurion and Healer","ascension_level":0}}