{"host":"u0f5uy314yz7olfc","time":1609038113,"event":{"mods":["AchievementEnabler","Aspiration","BaseMod","Better Altar","Better Match","Better Note","Better Sensory Stone","Better Skull","Better Third Choice","BetterRewards","Block Reminder","Colored Map","Colored Powertips","DeckTracker","Dota2Spire","Emptier Cage","Gold Saver","Highlight Path","Hubris","Infinite Spire","Marked Mod","Mimic Mod","Minty Spire (QoL Compilation)","Permanent Neow","Quick Restart","Rare Cards Sparkle","Relic Sorter","Replay The Spire","Shop Mod","StSLib","The Bladedancer","The Blue Laboratory","Watcher Patcher"],"gold_per_floor":[112,33,43,43,43,43,43,55,91,91,107,127,56,56,56],"floor_reached":14,"playtime":835,"items_purged":[],"score":80,"play_id":"e96fc7aa-ed26-4c8e-8546-b108f150608e","local_time":"20201227100153","is_ascension_mode":false,"campfire_choices":[{"floor":7,"key":"REST"},{"floor":10,"key":"RECALL"}],"circlet_count":0,"master_deck":["Strike_R","Strike_R","Strike_R","Strike_R","Strike_R","Defend_R","Defend_R","Defend_R","Defend_R","Bash","Metallicize+1","Burning Pact+1","Fire Breathing+1","Armaments","Havoc","Headbutt","Pommel Strike","Inflame","Replay:Undeath\u0027s Touch","Havoc","Replay:Undeath\u0027s Touch","ReplayTheSpireMod:Strike From Hell","Infernal Blade","Whirlwind","Life Link","Shockwave"],"relics":["Burning Blood","Sundial","MerchantsRug","Guide Book"],"acts_visited":["Exordium"],"potions_floor_usage":[],"damage_taken":[{"damage":8,"enemies":"Small Slimes","floor":1,"turns":5},{"damage":10,"enemies":"2 Louse","floor":3,"turns":4},{"damage":1,"enemies":"Cultist","floor":8,"turns":4},{"damage":4,"enemies":"Red Slaver","floor":9,"turns":6},{"damage":8,"enemies":"Red Slaver","floor":11,"turns":3},{"damage":31,"enemies":"Exordium Thugs","floor":12,"turns":4},{"damage":64,"enemies":"Lagavulin","floor":14,"turns":6}],"seed_played":"-4420845688317277216","potions_obtained":[{"floor":8,"key":"blueLaboratory:BubblePotion"},{"floor":12,"key":"blueLaboratory:BubblePotion"}],"is_trial":false,"path_per_floor":["M","$","M","?","?","?","R","M","MIM","R","M","M","$","E"],"character_chosen":"IRONCLAD","items_purchased":["Sundial","Metallicize","Burning Pact","MerchantsRug","Guide Book","Fire Breathing","Armaments","Havoc","Headbutt","Inflame","Life Link","Shockwave"],"campfire_rested":1,"item_purchase_floors":[0,0,0,0,0,0,0,0,0,2,13,13],"current_hp_per_floor":[42,42,38,38,62,62,80,80,80,80,78,53,53,0,0],"gold":56,"neow_bonus":"","is_daily":false,"chose_seed":false,"campfire_upgraded":0,"win_rate":0.0,"timestamp":1609038113,"path_taken":["M","$","M","?","?","?","R","M","MIM","R","?","M","?","E"],"items_purchased_type":["Relic","Card","Card","Relic","Relic","Card","Card","Card","Card","Card","Card","Card"],"build_version":"2020-12-22","purchased_purges":0,"victory":false,"max_hp_per_floor":[80,80,80,80,80,80,80,80,80,80,80,80,80,80,80],"card_choices":[{"not_picked":["Clothesline","hubris:CleavingFinish"],"picked":"Pommel Strike","floor":1},{"not_picked":["Hemokinesis","Pommel Strike"],"picked":"Replay:Undeath\u0027s Touch","floor":3},{"not_picked":["Wild Strike","Fire Breathing"],"picked":"Replay:Undeath\u0027s Touch","floor":8},{"not_picked":["True Grit","Body Slam"],"picked":"ReplayTheSpireMod:Strike From Hell","floor":9},{"not_picked":["Disarm","Whirlwind"],"picked":"Infernal Blade","floor":11},{"not_picked":["Run Through","Massacre"],"picked":"Whirlwind","floor":12}],"player_experience":332041,"relics_obtained":[],"event_choices":[{"damage_healed":0,"gold_gain":0,"player_choice":"Upgraded","damage_taken":0,"max_hp_gain":0,"max_hp_loss":0,"event_name":"Upgrade Shrine","floor":6,"gold_loss":0,"cards_upgraded":["Fire Breathing"]}],"is_beta":false,"boss_relics":[],"items_purged_floors":[],"is_endless":false,"potions_floor_spawned":[8,12],"killed_by":"Lagavulin","ascension_level":0}}