{"host":"he07elbwfbprxmdo","time":1609090333,"event":{"mods":["BaseMod","Better Skull","Better Third Choice","Better Vampires","Clockwork Mod","Colored Map","Downfall","Energized Spire","Halation","Hermit","Highlight Path","Marisa????????","Minty Spire (QoL Compilation)","Relic Stats","Replay The Spire","StSLib","The Animator","The Servant 0.9.4","Unceasing Turn Reminder"],"gold_per_floor":[109,31,31,222,239,265,265,282,282,282,282,292,309,351,351,433,433,549,549,569,110,123,173,191,239,289,324,350,350,385,412,412,447,447,558,558,570,666,697,747,762,808,808,884,884,874,441,451,451,87,87,87],"floor_reached":53,"playtime":8815,"items_purged":[],"score":907,"play_id":"8ad84b82-fb37-4c82-83ca-f56d91325aa7","local_time":"20201227193213","is_ascension_mode":false,"campfire_choices":[{"floor":17,"key":"REST"},{"floor":29,"key":"REST"},{"data":"OrrerysSun","floor":32,"key":"SMITH"},{"data":"CasketOfStar","floor":32,"key":"SMITH"},{"data":"OrrerysSun","floor":34,"key":"SMITH"},{"data":"EarthLightRay","floor":34,"key":"SMITH"},{"floor":43,"key":"DIG"},{"data":"OortCloud","floor":49,"key":"SMITH"},{"data":"MillisecondPulsars","floor":49,"key":"SMITH"},{"floor":51,"key":"DIG"}],"circlet_count":0,"master_deck":["Strike_MRS","Strike_MRS","Strike_MRS","Strike_MRS","Defend_MRS","Defend_MRS","Defend_MRS","Defend_MRS","MasterSpark","UpSweep","MagicAbsorber","TreasureHunter+1","ChargeUpSpray","DoubleSpark","OortCloud+1","OrrerysSun+1","DoubleSpark","WitchOfGreed","TreasureHunter+1","FairyDestructionRay","CasketOfStar+1","LuminesStrike+1","OrrerysSun+1","EarthLightRay+1","EarthLightRay+1","PulseMagic","OrrerysSun+1","PropBag+1","MillisecondPulsars+1","LuminesStrike+1","Offering+1","Parasite","Parasite","Singularity","Parasite","OortCloud+1","AsteroidBelt+1","OortCloud"],"relics":["MiniHakkero","Kunai","Ancient Tea Set","Replay:WaspNest","halation:SelfBoilingWater","Replay:Mystery Machine","SsserpentHead","MagicBroom","SacredBark","Replay:Baseball","Replay:Multitool","Pet Ghost","Anchor","Gambling Chip","Blue Doll","Toxic Egg 2","Replay:Arrowhead","halation:Trompette","halation:QuantumPhysicsTextbook","Peace Pipe","ShroomBag","Bag of Preparation","Shovel","ReplayTheSpireMod:Ninjato","ReplayFunnel","HandmadeGrimoire","Guide Book","ReplayTheSpireMod:TigerMarble"],"acts_visited":["Exordium","TheCity","TheBeyond"],"potions_floor_usage":[6,18,22,24,25,35,37,38,52],"damage_taken":[{"damage":4,"enemies":"Cultist","floor":1,"turns":4},{"damage":1,"enemies":"2 Louse","floor":5,"turns":3},{"damage":21,"enemies":"Lagavulin","floor":6,"turns":8},{"damage":0,"enemies":"Small Slimes","floor":8,"turns":5},{"damage":8,"enemies":"Gremlin Gang","floor":12,"turns":5},{"damage":0,"enemies":"Looter","floor":13,"turns":3},{"damage":13,"enemies":"3 Sentries","floor":14,"turns":9},{"damage":13,"enemies":"Lots of Slimes","floor":16,"turns":4},{"damage":1,"enemies":"The Guardian","floor":18,"turns":13},{"damage":5,"enemies":"Spheric Guardian","floor":20,"turns":4},{"damage":7,"enemies":"Shell Parasite","floor":22,"turns":3},{"damage":24,"enemies":"Shelled Parasite and Fungi","floor":24,"turns":6},{"damage":6,"enemies":"Replay:Snechameleon","floor":25,"turns":7},{"damage":20,"enemies":"Book of Stabbing","floor":27,"turns":5},{"damage":0,"enemies":"Chosen and Byrds","floor":30,"turns":2},{"damage":16,"enemies":"Gremlin Leader","floor":31,"turns":6},{"damage":0,"enemies":"Cultist and Chosen","floor":33,"turns":7},{"damage":0,"enemies":"Pondfish","floor":35,"turns":9},{"damage":3,"enemies":"3 Darklings","floor":37,"turns":6},{"damage":52,"enemies":"2 Orb Walkers","floor":38,"turns":6},{"damage":3,"enemies":"3 Shapes","floor":39,"turns":5},{"damage":10,"enemies":"Sphere and 2 Shapes","floor":41,"turns":5},{"damage":7,"enemies":"R_Hoarder","floor":42,"turns":8},{"damage":16,"enemies":"Writhing Mass","floor":44,"turns":7},{"damage":24,"enemies":"3 Darklings","floor":48,"turns":3},{"damage":6,"enemies":"Replay:Hell Engine","floor":52,"turns":11}],"seed_played":"6503641552424235309","potions_obtained":[{"floor":1,"key":"DuplicationPotion"},{"floor":6,"key":"Doom Potion"},{"floor":13,"key":"Elixir"},{"floor":16,"key":"SkillPotion"},{"floor":18,"key":"EssenceOfSteel"},{"floor":20,"key":"BottledSpark"},{"floor":25,"key":"sneckomod:MuddlingPotion"},{"floor":27,"key":"Dexterity Potion"},{"floor":30,"key":"FairyPotion"},{"floor":33,"key":"BottledSpark"},{"floor":35,"key":"AttackPotion"},{"floor":37,"key":"Flashbang"},{"floor":39,"key":"Strength Potion"}],"is_trial":false,"path_per_floor":["M","$","?","?","M","E","?","M","PTL","PTL","T","M","M","E","?","M","R","B",null,"M","$","M","?","M","E","?","E","T","R","M","E","R","M","R","B",null,"M","?","M","?","M","E","R","M","T","?","$","M","R","$","R_BF","B",null],"character_chosen":"MARISA","items_purchased":["TreasureHunter","Replay:Baseball","Replay:Multitool","OortCloud","ReplayFunnel","HandmadeGrimoire","Guide Book","ReplayTheSpireMod:TigerMarble","OortCloud"],"campfire_rested":2,"item_purchase_floors":[2,21,21,47,47,47,50,50,50],"current_hp_per_floor":[71,71,71,71,70,49,49,49,49,49,49,41,41,28,28,15,37,36,75,70,70,63,63,39,39,39,29,29,51,51,45,45,55,55,67,75,75,35,44,44,46,51,51,51,51,51,51,45,45,45,45,57],"gold":87,"neow_bonus":"ONE_RANDOM_RARE_CARD","is_daily":false,"chose_seed":false,"campfire_upgraded":6,"win_rate":0.0,"timestamp":1609090333,"path_taken":["M","$","?","?","M","E","?","?","PTL","PTL","T","M","M","E","?","?","R","BOSS","M","$","M","?","M","E","?","E","T","R","M","E","R","M","R","BOSS","M","?","M","?","M","E","R","?","T","?","?","M","R","$","R_BF","BOSS"],"items_purchased_type":["Card","Relic","Relic","Card","Relic","Relic","Relic","Relic","Card"],"build_version":"2020-12-22","purchased_purges":0,"victory":true,"max_hp_per_floor":[75,75,75,75,75,75,75,75,75,75,75,75,75,75,75,75,75,75,75,75,75,75,75,75,75,75,75,75,75,75,75,75,75,75,75,75,75,75,75,75,75,75,75,75,75,75,75,75,75,75,75,75],"relic_stats":{"Peace Pipe":0,"SsserpentHead":400,"Shovel":2,"counters":[26,154],"Gambling Chip":[20],"Bag of Preparation":[6],"Kunai":[89],"obtain_stats":[{"AmplifyWand":37,"ReplayFunnel":47,"Gremlin Horn":48,"SacredBark":19,"Blue Doll":28,"Replay:Multitool":21,"Bag of Preparation":42,"Replay:Mystery Machine":14,"Ancient Tea Set":6,"Pet Ghost":25,"SsserpentHead":15,"Shovel":43,"Mummified Hand":35,"Gambling Chip":27,"HandmadeGrimoire":47,"Kunai":6,"Toxic Egg 2":31,"MagicBroom":18,"ReplayTheSpireMod:Ninjato":45,"halation:QuantumPhysicsTextbook":35,"Guide Book":50,"Replay:WaspNest":11,"Letter Opener":42,"halation:SelfBoilingWater":14,"Replay:Arrowhead":31,"Mercury Hourglass":41,"Peace Pipe":38,"ShroomBag":42,"Replay:Baseball":21,"Anchor":25,"Shuriken":39,"ReplayTheSpireMod:TigerMarble":50,"MiniHakkero":0,"halation:Trompette":35},{"AmplifyWand":19,"ReplayFunnel":24,"Gremlin Horn":25,"SacredBark":9,"Blue Doll":14,"Replay:Multitool":10,"Bag of Preparation":23,"Replay:Mystery Machine":7,"Ancient Tea Set":3,"Pet Ghost":13,"SsserpentHead":7,"Shovel":23,"Mummified Hand":18,"Gambling Chip":14,"HandmadeGrimoire":24,"Kunai":3,"Toxic Egg 2":16,"MagicBroom":9,"ReplayTheSpireMod:Ninjato":24,"halation:QuantumPhysicsTextbook":18,"Guide Book":25,"Replay:WaspNest":4,"Letter Opener":23,"halation:SelfBoilingWater":7,"Replay:Arrowhead":16,"Mercury Hourglass":22,"Peace Pipe":20,"ShroomBag":23,"Replay:Baseball":10,"Anchor":13,"Shuriken":21,"ReplayTheSpireMod:TigerMarble":25,"MiniHakkero":0,"halation:Trompette":18},{"AmplifyWand":104,"ReplayFunnel":140,"Gremlin Horn":141,"SacredBark":54,"Blue Doll":79,"Replay:Multitool":58,"Bag of Preparation":133,"Replay:Mystery Machine":37,"Ancient Tea Set":15,"Pet Ghost":74,"SsserpentHead":37,"Shovel":133,"Mummified Hand":95,"Gambling Chip":79,"HandmadeGrimoire":140,"Kunai":15,"Toxic Egg 2":87,"MagicBroom":54,"ReplayTheSpireMod:Ninjato":140,"halation:QuantumPhysicsTextbook":103,"Guide Book":143,"Replay:WaspNest":20,"Letter Opener":126,"halation:SelfBoilingWater":37,"Replay:Arrowhead":87,"Mercury Hourglass":121,"Peace Pipe":115,"ShroomBag":133,"Replay:Baseball":58,"Anchor":74,"Shuriken":116,"ReplayTheSpireMod:TigerMarble":143,"MiniHakkero":0,"halation:Trompette":103}]},"card_choices":[{"not_picked":["EventHorizon","IllusionStar"],"picked":"MagicAbsorber","floor":1},{"not_picked":["GravityBeat","EnergyRecoil"],"picked":"DoubleSpark","floor":4},{"not_picked":["EventHorizon","ShootingEcho","AlicesGift"],"picked":"SKIP","floor":5},{"not_picked":["IllusionStar","SuperNova"],"picked":"OortCloud","floor":6},{"not_picked":["Occultation","DC"],"picked":"OrrerysSun","floor":8},{"not_picked":["MeteoricShower","GrandCross"],"picked":"DoubleSpark","floor":12},{"not_picked":["DoubleSpark","DarkMatter"],"picked":"WitchOfGreed","floor":13},{"not_picked":["EnergyFlow","IllusionStar"],"picked":"TreasureHunter","floor":14},{"not_picked":["EnergyFlow","Robbery"],"picked":"FairyDestructionRay","floor":16},{"not_picked":["UltimateShortwave","SuperNova"],"picked":"CasketOfStar","floor":18},{"not_picked":["6A","GravityBeat+1"],"picked":"LuminesStrike+1","floor":20},{"not_picked":["UnstableBomb","GrandCross+1","AlicesGift"],"picked":"SKIP","floor":22},{"not_picked":["UnstableBomb","Robbery+1"],"picked":"EarthLightRay+1","floor":24},{"not_picked":["PulseMagic","WitchLeyline"],"picked":"EarthLightRay","floor":25},{"not_picked":["StarBarrage","MysteriousBeam"],"picked":"PulseMagic","floor":27},{"not_picked":["SporeBomb","BinaryStars"],"picked":"OrrerysSun+1","floor":30},{"not_picked":["MachineGunSpark+1","GravityBeat","EventHorizon"],"picked":"SKIP","floor":31},{"not_picked":["Acceleration+1","DoubleSpark"],"picked":"PropBag+1","floor":33},{"not_picked":["CasketOfStar","StarDustReverie+1"],"picked":"MillisecondPulsars","floor":35},{"not_picked":["GrandCross","ChargeUpSpray+1","WitchOfGreed"],"picked":"SKIP","floor":37},{"not_picked":["AsteroidBelt+1","IllusionStar+1"],"picked":"LuminesStrike+1","floor":38},{"not_picked":["MysteriousBeam","ShootTheMoon"],"picked":"PowerUp+1","floor":39},{"not_picked":["MilkyWay+1","GalacticHalo+1"],"picked":"IllusionStar+1","floor":41},{"not_picked":["MilkyWay+1","EnergyRecoil+1"],"picked":"Singularity","floor":42},{"not_picked":["UnstableBomb+1","MilkyWay+1","NonDirectionalLaser"],"picked":"SKIP","floor":44},{"not_picked":["JA","DC"],"picked":"AsteroidBelt+1","floor":48}],"player_experience":94652,"relics_obtained":[{"floor":6,"key":"Kunai"},{"floor":6,"key":"Ancient Tea Set"},{"floor":11,"key":"Replay:WaspNest"},{"floor":14,"key":"halation:SelfBoilingWater"},{"floor":14,"key":"Replay:Mystery Machine"},{"floor":18,"key":"MagicBroom"},{"floor":25,"key":"Pet Ghost"},{"floor":25,"key":"Anchor"},{"floor":27,"key":"Gambling Chip"},{"floor":28,"key":"Blue Doll"},{"floor":31,"key":"Toxic Egg 2"},{"floor":31,"key":"Replay:Arrowhead"},{"floor":35,"key":"halation:Trompette"},{"floor":35,"key":"halation:QuantumPhysicsTextbook"},{"floor":38,"key":"Peace Pipe"},{"floor":42,"key":"ShroomBag"},{"floor":42,"key":"Bag of Preparation"},{"floor":43,"key":"Shovel"},{"floor":45,"key":"ReplayTheSpireMod:Ninjato"}],"event_choices":[{"damage_healed":0,"gold_gain":0,"cards_transformed":["CollectingQuirk"],"player_choice":"Change","damage_taken":0,"max_hp_gain":0,"max_hp_loss":0,"event_name":"Living Wall","floor":3,"gold_loss":0,"cards_obtained":["ChargeUpSpray"]},{"damage_healed":0,"gold_gain":0,"player_choice":"Forge","damage_taken":0,"max_hp_gain":0,"max_hp_loss":0,"event_name":"Accursed Blacksmith","floor":7,"gold_loss":0,"cards_upgraded":["OortCloud"]},{"damage_healed":0,"gold_gain":0,"player_choice":"Trade","damage_taken":0,"relics_obtained":["SsserpentHead"],"max_hp_gain":0,"max_hp_loss":0,"event_name":"FaceTrader","floor":15,"gold_loss":0},{"damage_healed":0,"gold_gain":0,"player_choice":"Read","damage_taken":0,"max_hp_gain":0,"max_hp_loss":0,"event_name":"The Library","floor":23,"gold_loss":0,"cards_obtained":["OrrerysSun"]},{"damage_healed":0,"gold_gain":0,"player_choice":"Fight","damage_taken":0,"max_hp_gain":0,"max_hp_loss":0,"event_name":"Mysterious Sphere","floor":38,"gold_loss":0},{"cards_removed":["PowerUp"],"damage_healed":0,"gold_gain":0,"player_choice":"Took Card","damage_taken":0,"max_hp_gain":0,"max_hp_loss":0,"event_name":"NoteForYourself","floor":40,"gold_loss":0,"cards_obtained":["Offering"]},{"cards_removed":["IllusionStar"],"damage_healed":0,"gold_gain":0,"player_choice":"Single Remove","damage_taken":0,"max_hp_gain":0,"max_hp_loss":0,"event_name":"Designer","floor":46,"gold_loss":60}],"is_beta":false,"boss_relics":[{"not_picked":["Philosopher\u0027s Stone","Replay:Ancient Bell"],"picked":"SacredBark"},{"not_picked":["Snecko Eye","energizedSpire:OgreHead","ReplayTheSpireMod:DimensionalGlitch"]}],"items_purged_floors":[],"is_endless":false,"potions_floor_spawned":[1,6,13,16,20,27,30,33,37,39,42],"ascension_level":0}}