{"host":"a5lz0e76zb3fcwkm","time":1609081785,"event":{"mods":["AchievementEnabler","BaseMod","Colored Map","Colored Powertips","Minty Spire (QoL Compilation)","StSLib","SuperFastMode"],"gold_per_floor":[111,127,127,127,127,160,160,194,243,259,104,125,206,106,106,106,106],"floor_reached":16,"playtime":249,"items_purged":["Strike_R","Strike_R"],"score":266,"play_id":"96601cce-e7c0-43ab-8b8c-13eb540d35ef","local_time":"20201228000945","is_ascension_mode":true,"campfire_choices":[{"data":"Armaments","floor":7,"key":"SMITH"},{"floor":15,"key":"REST"}],"circlet_count":0,"master_deck":["AscendersBane","Strike_R","Strike_R","Defend_R","Defend_R","Defend_R","Defend_R","Bash","Body Slam","Armaments+1","Power Through","Dual Wield","Blood for Blood"],"relics":["Burning Blood","NeowsBlessing","Golden Idol","TungstenRod","Sundial","PreservedInsect","Regal Pillow"],"acts_visited":["Exordium"],"potions_floor_usage":[],"damage_taken":[{"damage":0,"enemies":"2 Louse","floor":1,"turns":1},{"damage":0,"enemies":"Small Slimes","floor":2,"turns":1},{"damage":0,"enemies":"Lagavulin","floor":6,"turns":1},{"damage":47,"enemies":"Gremlin Nob","floor":8,"turns":6},{"damage":1,"enemies":"Jaw Worm","floor":10,"turns":4},{"damage":2,"enemies":"Blue Slaver","floor":12,"turns":4},{"damage":18,"enemies":"3 Sentries","floor":13,"turns":6},{"damage":48,"enemies":"The Guardian","floor":16,"turns":8}],"seed_played":"1484476713634489174","potions_obtained":[{"floor":13,"key":"SpeedPotion"}],"is_trial":false,"path_per_floor":["M","M","?","?","T","E","R","E","T","M","$","M","?","$","R","B"],"character_chosen":"IRONCLAD","items_purchased":["Dual Wield"],"campfire_rested":1,"item_purchase_floors":[11],"current_hp_per_floor":[74,75,49,49,49,55,55,14,14,19,19,23,11,11,48,0,0],"gold":106,"neow_bonus":"THREE_ENEMY_KILL","is_daily":false,"chose_seed":false,"campfire_upgraded":1,"win_rate":0.0,"timestamp":1609081785,"path_taken":["M","M","?","?","?","E","R","E","T","M","?","M","?","$","R","BOSS"],"items_purchased_type":["Card"],"build_version":"2020-12-22","purchased_purges":2,"victory":false,"max_hp_per_floor":[75,75,75,75,75,75,75,75,75,75,75,75,75,75,75,75,75],"card_choices":[{"not_picked":["Iron Wave","Havoc"],"picked":"Body Slam","floor":1},{"not_picked":["Thunderclap","Infernal Blade","Uppercut"],"picked":"SKIP","floor":2},{"not_picked":["Heavy Blade","Infernal Blade"],"picked":"Power Through","floor":6},{"not_picked":["Rupture","Uppercut","Spot Weakness"],"picked":"SKIP","floor":8},{"not_picked":["Hemokinesis","Clash","Flex"],"picked":"SKIP","floor":10},{"not_picked":["Bloodletting","Burning Pact"],"picked":"Blood for Blood","floor":12}],"player_experience":1654208,"relics_obtained":[{"floor":5,"key":"TungstenRod"},{"floor":8,"key":"Sundial"},{"floor":9,"key":"PreservedInsect"},{"floor":13,"key":"Regal Pillow"}],"event_choices":[{"damage_healed":0,"gold_gain":0,"player_choice":"Take Damage","damage_taken":26,"relics_obtained":["Golden Idol"],"max_hp_gain":0,"max_hp_loss":0,"event_name":"Golden Idol","floor":3,"gold_loss":0},{"damage_healed":0,"gold_gain":0,"cards_transformed":["Strike_R"],"player_choice":"Change","damage_taken":0,"max_hp_gain":0,"max_hp_loss":0,"event_name":"Living Wall","floor":4,"gold_loss":0,"cards_obtained":["Armaments"]},{"damage_healed":0,"gold_gain":0,"player_choice":"Searched \u00272\u0027 times","damage_taken":0,"max_hp_gain":0,"max_hp_loss":0,"event_name":"Dead Adventurer","floor":13,"gold_loss":0}],"is_beta":false,"boss_relics":[],"items_purged_floors":[11,14],"is_endless":false,"potions_floor_spawned":[13],"killed_by":"The Guardian","ascension_level":20}}