{"host":"hvwa7s69zr612rn1","time":1609057230,"event":{"mods":["BaseMod","Colored Map","Colored Powertips","Downfall","Minty Spire (QoL Compilation)","StSLib"],"gold_per_floor":[0,19,37,37,55,68,68,68,68,101,11,37,52,65,84,179,179,179,179,199,199,218,218,218,244,271,271,287,297,297,310,323,420,420,420,434,434,74,74,84,164,189,189,204,219,253,83,83,98,98],"floor_reached":51,"playtime":3318,"items_purged":["sneckomod:Strike","sneckomod:Defend","sneckomod:Defend"],"score":828,"play_id":"8788b15c-b6e8-4222-babd-044cbdd9db47","local_time":"20201227192030","is_ascension_mode":true,"campfire_choices":[{"data":"expansioncontent:QuickStudy","floor":1,"key":"SMITH"},{"data":"sneckomod:Unknown2Cost","floor":9,"key":"SMITH"},{"data":"sneckomod:QuickBite","floor":18,"key":"SMITH"},{"data":"sneckomod:RainOfDice","floor":23,"key":"SMITH"},{"data":"sneckomod:SnekBite","floor":30,"key":"SMITH"},{"data":"sneckomod:SnakeSap","floor":35,"key":"SMITH"},{"data":"sneckomod:UnknownRareSkill","floor":48,"key":"SMITH"}],"circlet_count":0,"master_deck":["sneckomod:TailWhip","sneckomod:SnekBite+1","expansioncontent:QuickStudy+1","sneckomod:Unknown2Cost+1","sneckomod:TrashToTreasure+1","sneckomod:Mudshield+1","sneckomod:Unknown0Cost","sneckomod:QuickBite+1","sneckomod:UnknownClassSLIMEBOUND+1","sneckomod:UnknownUncommonSkill","sneckomod:UnknownRareAttack","sneckomod:SoulDraw+1","sneckomod:SoulRoll+1","sneckomod:RainOfDice+1","sneckomod:DefensiveFlair+1","sneckomod:UnknownUncommonAttack+1","sneckomod:UnknownColorless","sneckomod:UnknownVulnerable+1","sneckomod:SnakeSap+1","sneckomod:Cheat","sneckomod:ImprovisedAttack","sneckomod:UnknownStrength","sneckomod:UnknownRareSkill+1","sneckomod:UnknownExhaust","sneckomod:UnknownRareAttack+1","sneckomod:SnakeSap+1"],"relics":["sneckomod:SuperSneckoSoul","Lizard Tail","Gambling Chip","Ginger","Astrolabe","Vajra","Red Mask","Boot","Letter Opener","HornCleat","InkBottle","White Beast Statue","Molten Egg 2"],"acts_visited":["Exordium","TheCity","TheBeyond"],"potions_floor_usage":[16,25,26,31,36,46,50,50],"damage_taken":[{"damage":6,"enemies":"Jaw Worm","floor":2,"turns":2},{"damage":3,"enemies":"2 Louse","floor":3,"turns":2},{"damage":0,"enemies":"Cultist","floor":5,"turns":2},{"damage":0,"enemies":"3 Louse","floor":6,"turns":1},{"damage":13,"enemies":"Lagavulin","floor":10,"turns":6},{"damage":10,"enemies":"downfall:FleeingMerchant","floor":11,"turns":4},{"damage":0,"enemies":"Gremlin Nob","floor":12,"turns":2},{"damage":1,"enemies":"Exordium Wildlife","floor":13,"turns":3},{"damage":7,"enemies":"Exordium Thugs","floor":14,"turns":3},{"damage":0,"enemies":"3 Louse","floor":15,"turns":1},{"damage":28,"enemies":"downfall:Silent","floor":16,"turns":6},{"damage":12,"enemies":"Spheric Guardian","floor":20,"turns":2},{"damage":25,"enemies":"3 Byrds","floor":22,"turns":3},{"damage":0,"enemies":"Masked Bandits","floor":25,"turns":2},{"damage":29,"enemies":"Book of Stabbing","floor":26,"turns":7},{"damage":0,"enemies":"Snake Plant","floor":28,"turns":2},{"damage":12,"enemies":"Centurion and Healer","floor":29,"turns":4},{"damage":0,"enemies":"Snecko","floor":31,"turns":3},{"damage":9,"enemies":"Snake Plant","floor":32,"turns":2},{"damage":25,"enemies":"downfall:Defect","floor":33,"turns":6},{"damage":43,"enemies":"3 Shapes","floor":36,"turns":6},{"damage":13,"enemies":"downfall:FleeingMerchant","floor":38,"turns":4},{"damage":5,"enemies":"3 Darklings","floor":40,"turns":4},{"damage":40,"enemies":"Nemesis","floor":42,"turns":5},{"damage":6,"enemies":"Spire Growth","floor":44,"turns":4},{"damage":8,"enemies":"Transient","floor":45,"turns":5},{"damage":0,"enemies":"Reptomancer","floor":46,"turns":2},{"damage":6,"enemies":"downfall:FleeingMerchant","floor":47,"turns":3},{"damage":0,"enemies":"3 Darklings","floor":49,"turns":1},{"damage":21,"enemies":"downfall:Watcher","floor":50,"turns":5}],"seed_played":"-8268465390939857565","potions_obtained":[{"floor":3,"key":"EssenceOfSteel"},{"floor":12,"key":"EssenceOfSteel"},{"floor":13,"key":"Explosive Potion"},{"floor":15,"key":"Guardian:BlockOnCardUsePotion"},{"floor":25,"key":"FairyPotion"},{"floor":28,"key":"DuplicationPotion"},{"floor":31,"key":"champ:CounterPotion"},{"floor":32,"key":"AttackPotion"},{"floor":42,"key":"LiquidMemories"},{"floor":44,"key":"Strength Potion"},{"floor":47,"key":"Swift Potion"}],"is_trial":false,"path_per_floor":["R","M","M","?","M","M","T","?","R","E","$","E","M","M","M","B",null,"R","?","M","?","M","R","T","?","E","?","M","M","R","M","M","B",null,"R","M","?","$","?","M","T","E","?","M","M","E","$","R","M","B",null],"character_chosen":"THE_SNECKO","items_purchased":["Letter Opener","Molten Egg 2","sneckomod:UnknownRareAttack+1"],"campfire_rested":0,"item_purchase_floors":[38,47,47],"current_hp_per_floor":[90,85,82,87,87,87,87,87,87,74,64,65,64,58,59,32,100,100,100,88,88,67,67,67,67,39,39,48,37,37,37,28,13,119,119,80,72,59,59,54,54,14,104,102,102,102,96,96,96,75],"gold":98,"neow_bonus":"RANDOM_COLORLESS_2","is_daily":false,"chose_seed":false,"campfire_upgraded":7,"win_rate":0.0,"timestamp":1609057230,"path_taken":["R","M","M","?","M","M","T","?","R","E","$","E","M","M","M","BOSS","R","?","?","?","M","R","T","?","E","?","M","M","R","?","M","BOSS","R","M","?","?","?","M","T","E","?","M","M","E","?","R","M","BOSS"],"items_purchased_type":["Relic","Relic","Card"],"build_version":"2020-12-22","purchased_purges":3,"victory":true,"max_hp_per_floor":[90,91,91,96,96,96,96,96,96,96,96,97,97,98,99,100,100,100,100,100,100,100,100,100,100,101,101,102,103,103,103,103,103,119,119,119,119,119,119,119,119,119,104,104,104,104,104,104,104,104],"card_choices":[{"not_picked":["Sadistic Nature","Violence"],"picked":"expansioncontent:QuickStudy","floor":0},{"not_picked":["sneckomod:SoulRoll","sneckomod:UnknownCommonAttack"],"picked":"sneckomod:Unknown2Cost","floor":2},{"not_picked":["sneckomod:QuickMove","sneckomod:IronFang","sneckomod:RainOfDice"],"picked":"SKIP","floor":3},{"not_picked":["sneckomod:Nope","sneckomod:UnknownCommonAttack","sneckomod:DiceCrush"],"picked":"SKIP","floor":5},{"not_picked":["sneckomod:SoulRoll","sneckomod:Unknown1Cost"],"picked":"sneckomod:TrashToTreasure","floor":6},{"not_picked":["sneckomod:WideSting","sneckomod:UnknownWeak","sneckomod:UnknownStrike"],"picked":"SKIP","floor":10},{"not_picked":["sneckomod:UnknownStrike","sneckomod:Unknown2Cost"],"picked":"sneckomod:Mudshield","floor":11},{"not_picked":["sneckomod:Nope","sneckomod:UnknownBlock"],"picked":"sneckomod:Unknown0Cost","floor":12},{"not_picked":["sneckomod:UnknownCommonSkill","sneckomod:QuickMove"],"picked":"sneckomod:QuickBite","floor":13},{"not_picked":["sneckomod:QuickMove","sneckomod:UnknownClassRED"],"picked":"sneckomod:UnknownClassSLIMEBOUND","floor":14},{"not_picked":["sneckomod:Nope","sneckomod:IronFang"],"picked":"sneckomod:UnknownUncommonSkill","floor":15},{"not_picked":["sneckomod:Unknown3Cost","sneckomod:SerpentMind"],"picked":"sneckomod:UnknownRareAttack","floor":16},{"not_picked":["sneckomod:DiceBlock","sneckomod:UnknownBlock","sneckomod:UnknownVulnerable+1"],"picked":"SKIP","floor":20},{"not_picked":["sneckomod:UnknownVulnerable","sneckomod:IronFang+1"],"picked":"sneckomod:RainOfDice","floor":22},{"not_picked":["sneckomod:ImprovisedGuard","sneckomod:UnknownUncommonSkill"],"picked":"sneckomod:DefensiveFlair+1","floor":25},{"not_picked":["sneckomod:Rotation","sneckomod:UnknownExhaust"],"picked":"sneckomod:UnknownUncommonAttack+1","floor":26},{"not_picked":["sneckomod:IronFang","sneckomod:SnekBeam+1"],"picked":"sneckomod:UnknownColorless","floor":28},{"not_picked":["sneckomod:Unknown0Cost","sneckomod:DiceBoulder+1"],"picked":"sneckomod:UnknownVulnerable+1","floor":29},{"not_picked":["sneckomod:UnknownBlock","sneckomod:UnknownVulnerable","sneckomod:QuickBite"],"picked":"SKIP","floor":31},{"not_picked":["sneckomod:SoulCleanse","sneckomod:Unknown2Cost"],"picked":"sneckomod:SnakeSap","floor":32},{"not_picked":["sneckomod:Mudshield","sneckomod:MorePower"],"picked":"sneckomod:Cheat","floor":33},{"not_picked":["sneckomod:PureSnecko+1","sneckomod:UnknownCommonAttack+1","sneckomod:IronFang+1"],"picked":"SKIP","floor":36},{"not_picked":["sneckomod:DiceCrush+1","sneckomod:QuickBite"],"picked":"sneckomod:ImprovisedAttack","floor":38},{"not_picked":["sneckomod:Unknown1Cost+1","sneckomod:DefensiveFlair+1","sneckomod:UnknownCommonSkill"],"picked":"SKIP","floor":40},{"not_picked":["sneckomod:SoulRoll","sneckomod:UnknownVulnerable+1"],"picked":"sneckomod:UnknownStrength","floor":42},{"not_picked":["sneckomod:UnknownClassPURPLE","sneckomod:RainOfDice","sneckomod:UnknownCommonAttack+1"],"picked":"SKIP","floor":44},{"not_picked":["sneckomod:UnknownCommonSkill","sneckomod:UnknownVulnerable+1"],"picked":"sneckomod:UnknownRareSkill","floor":45},{"not_picked":["sneckomod:QuickBite","sneckomod:Rotation"],"picked":"sneckomod:UnknownExhaust","floor":46},{"not_picked":["sneckomod:DiceCrush","sneckomod:SoulRoll","sneckomod:MasterEye"],"picked":"SKIP","floor":47},{"not_picked":["sneckomod:UnknownCommonAttack+1","sneckomod:UnknownCommonSkill+1"],"picked":"sneckomod:SnakeSap+1","floor":49}],"player_experience":405520,"relics_obtained":[{"floor":7,"key":"Lizard Tail"},{"floor":10,"key":"Gambling Chip"},{"floor":12,"key":"Ginger"},{"floor":24,"key":"Vajra"},{"floor":25,"key":"Red Mask"},{"floor":26,"key":"Boot"},{"floor":41,"key":"HornCleat"},{"floor":42,"key":"InkBottle"},{"floor":46,"key":"White Beast Statue"}],"event_choices":[{"damage_healed":0,"gold_gain":0,"player_choice":"Donut","damage_taken":0,"max_hp_gain":5,"max_hp_loss":0,"event_name":"Big Fish","floor":4,"gold_loss":0},{"cards_removed":["sneckomod:Strike"],"damage_healed":0,"gold_gain":0,"player_choice":"Card Removal","damage_taken":0,"max_hp_gain":0,"max_hp_loss":0,"event_name":"The Cleric","floor":8,"gold_loss":0},{"damage_healed":0,"gold_gain":0,"player_choice":"Ignored","damage_taken":0,"max_hp_gain":0,"max_hp_loss":0,"event_name":"Ghosts","floor":21,"gold_loss":0},{"damage_healed":0,"gold_gain":0,"player_choice":"Fought Bandits","damage_taken":0,"max_hp_gain":0,"max_hp_loss":0,"event_name":"Masked Bandits","floor":25,"gold_loss":0},{"cards_removed":["sneckomod:ImprovisedAttack"],"damage_healed":0,"gold_gain":0,"player_choice":"Removed Attack","damage_taken":0,"max_hp_gain":0,"max_hp_loss":0,"event_name":"Falling","floor":39,"gold_loss":0}],"is_beta":false,"boss_relics":[{"not_picked":["Cursed Key","Sozu"],"picked":"Astrolabe"},{"not_picked":["Empty Cage","Busted Crown"],"picked":"sneckomod:SuperSneckoSoul"}],"items_purged_floors":[11,38,47],"is_endless":false,"potions_floor_spawned":[3,12,13,15,25,28,31,32,42,44,45,47,49],"ascension_level":1}}