{"host":"hkfd27larxvbrzdx","time":1609030230,"event":{"mods":["AchievementEnabler","BaseMod","Minty Spire (QoL Compilation)"],"gold_per_floor":[118,129,144,163,163,163,176,176,176,201,235,259,259,275,275,275,275],"floor_reached":16,"playtime":1683,"items_purged":[],"score":117,"play_id":"5c4b633f-106d-4c3c-9cb2-85059f280b15","local_time":"20201227085030","is_ascension_mode":true,"campfire_choices":[{"floor":6,"key":"REST"},{"data":"Disarm","floor":8,"key":"SMITH"},{"data":"Shockwave","floor":13,"key":"SMITH"},{"data":"Barricade","floor":15,"key":"SMITH"}],"circlet_count":0,"master_deck":["Strike_R","Strike_R","Strike_R","Strike_R","Defend_R","Defend_R","Defend_R","Defend_R","Bash","Twin Strike","Heavy Blade","Disarm+1","Shockwave+1","Barricade+1"],"relics":["Burning Blood","Golden Idol","Orichalcum","Blood Vial"],"acts_visited":["Exordium"],"potions_floor_usage":[4,16,16],"damage_taken":[{"damage":4,"enemies":"Cultist","floor":1,"turns":5},{"damage":4,"enemies":"Jaw Worm","floor":2,"turns":4},{"damage":10,"enemies":"2 Louse","floor":3,"turns":3},{"damage":45,"enemies":"Gremlin Gang","floor":4,"turns":8},{"damage":5,"enemies":"Exordium Wildlife","floor":7,"turns":3},{"damage":4,"enemies":"2 Fungi Beasts","floor":10,"turns":4},{"damage":18,"enemies":"3 Sentries","floor":11,"turns":10},{"damage":3,"enemies":"3 Louse","floor":12,"turns":4},{"damage":2,"enemies":"Blue Slaver","floor":14,"turns":3},{"damage":64,"enemies":"Slime Boss","floor":16,"turns":12}],"seed_played":"2097883477143483602","potions_obtained":[{"floor":1,"key":"Block Potion"},{"floor":10,"key":"Ancient Potion"},{"floor":11,"key":"Energy Potion"},{"floor":14,"key":"Fire Potion"}],"is_trial":false,"path_per_floor":["M","M","M","M","?","R","M","R","T","M","E","M","R","M","R","B"],"character_chosen":"IRONCLAD","items_purchased":[],"campfire_rested":1,"item_purchase_floors":[],"current_hp_per_floor":[80,80,76,37,37,59,60,60,60,62,50,55,55,61,61,0,0],"gold":275,"neow_bonus":"REMOVE_CARD","is_daily":false,"chose_seed":false,"campfire_upgraded":3,"win_rate":0.0,"timestamp":1609030230,"path_taken":["M","M","?","M","?","R","M","R","T","M","E","M","R","M","R","BOSS"],"items_purchased_type":[],"build_version":"2020-12-22","purchased_purges":0,"victory":false,"max_hp_per_floor":[80,80,80,80,74,74,74,74,74,74,74,74,74,74,74,74,74],"card_choices":[{"not_picked":["Perfected Strike","Anger"],"picked":"Twin Strike","floor":1},{"not_picked":["Flex","Anger","Sever Soul"],"picked":"SKIP","floor":2},{"not_picked":["Carnage","Perfected Strike","Armaments"],"picked":"SKIP","floor":3},{"not_picked":["Thunderclap","Twin Strike"],"picked":"Heavy Blade","floor":4},{"not_picked":["Iron Wave","Rampage"],"picked":"Disarm","floor":7},{"not_picked":["Blood for Blood","Sever Soul","Sword Boomerang"],"picked":"SKIP","floor":10},{"not_picked":["Clothesline","Uppercut","Infernal Blade"],"picked":"SKIP","floor":11},{"not_picked":["Disarm","Perfected Strike"],"picked":"Shockwave","floor":12},{"not_picked":["Thunderclap","Warcry"],"picked":"Barricade","floor":14}],"player_experience":89497,"relics_obtained":[{"floor":9,"key":"Orichalcum"},{"floor":11,"key":"Blood Vial"}],"event_choices":[{"damage_healed":0,"gold_gain":0,"player_choice":"Lose Max HP","damage_taken":0,"relics_obtained":["Golden Idol"],"max_hp_gain":0,"max_hp_loss":6,"event_name":"Golden Idol","floor":5,"gold_loss":0}],"is_beta":false,"boss_relics":[],"items_purged_floors":[],"is_endless":false,"potions_floor_spawned":[1,10,11,14],"killed_by":"Slime Boss","ascension_level":2}}