{"host":"dhyczjm99amxd3qx","time":1609111305,"event":{"mods":["BaseMod","Colored Map","Googly Eyes","Highlight Path","Minty Spire (QoL Compilation)","Quick Restart","StSLib"],"gold_per_floor":[113,113,132,144,156,181,181,210,235,248,248,248],"floor_reached":11,"playtime":512,"items_purged":[],"score":94,"play_id":"a4550846-5ae6-474a-8d49-a23f59e64a8c","local_time":"20201227182145","is_ascension_mode":true,"campfire_choices":[],"circlet_count":0,"master_deck":["Strike_R","Strike_R","Strike_R","Strike_R","Defend_R","Defend_R","Defend_R","Bash","Limit Break","Infernal Blade","Hemokinesis","Blood for Blood","Carnage"],"relics":["Burning Blood","Pantograph","MealTicket","Tiny Chest"],"acts_visited":["Exordium"],"potions_floor_usage":[10],"damage_taken":[{"damage":0.0,"enemies":"Small Slimes","floor":1.0,"turns":3.0},{"damage":6.0,"enemies":"Cultist","floor":3.0,"turns":3.0},{"damage":9.0,"enemies":"Jaw Worm","floor":4.0,"turns":4.0},{"damage":8.0,"enemies":"Exordium Thugs","floor":5.0,"turns":3.0},{"damage":30.0,"enemies":"Lagavulin","floor":6.0,"turns":5.0},{"damage":21.0,"enemies":"3 Sentries","floor":8.0,"turns":5.0},{"damage":10,"enemies":"Gremlin Gang","floor":10,"turns":3},{"damage":26,"enemies":"Gremlin Nob","floor":11,"turns":3}],"seed_played":"-464155937247901276","potions_obtained":[{"floor":1.0,"key":"DuplicationPotion"},{"floor":6.0,"key":"PowerPotion"},{"floor":8.0,"key":"SteroidPotion"}],"is_trial":false,"path_per_floor":["M","?","M","M","M","E","?","E","T","M","E"],"character_chosen":"IRONCLAD","items_purchased":[],"campfire_rested":0,"item_purchase_floors":[],"current_hp_per_floor":[72,72,72,69,67,43,43,28,28,24,0,0],"gold":248,"neow_bonus":"THREE_RARE_CARDS","is_daily":false,"chose_seed":false,"campfire_upgraded":0,"win_rate":0.0,"timestamp":1609111305,"path_taken":["M","?","M","M","M","E","?","E","T","?","E"],"items_purchased_type":[],"build_version":"2020-12-22","purchased_purges":0,"victory":false,"max_hp_per_floor":[72,72,72,72,72,72,72,72,72,72,72,72],"card_choices":[{"not_picked":["Double Tap","Berserk"],"picked":"Limit Break","floor":0.0},{"not_picked":["Sentinel","Headbutt","Sword Boomerang"],"picked":"SKIP","floor":1.0},{"not_picked":["Headbutt","Shockwave"],"picked":"Infernal Blade","floor":3.0},{"not_picked":["Uppercut","Heavy Blade"],"picked":"Hemokinesis","floor":4.0},{"not_picked":["Shockwave","Evolve","Warcry"],"picked":"SKIP","floor":5.0},{"not_picked":["Rupture","Reckless Charge"],"picked":"Blood for Blood","floor":6.0},{"not_picked":["Pummel","Cleave"],"picked":"Carnage","floor":8.0},{"not_picked":["Fire Breathing","Entrench","Carnage"],"picked":"SKIP","floor":10}],"player_experience":114293,"relics_obtained":[{"floor":6.0,"key":"Pantograph"},{"floor":8.0,"key":"MealTicket"},{"floor":9.0,"key":"Tiny Chest"}],"event_choices":[{"cards_removed":["Defend_R"],"damage_healed":0.0,"max_hp_gain":0.0,"max_hp_loss":0.0,"gold_gain":0.0,"event_name":"Living Wall","player_choice":"Forget","floor":2.0,"gold_loss":0.0,"damage_taken":0.0},{"cards_removed":["Strike_R"],"damage_healed":0.0,"max_hp_gain":0.0,"max_hp_loss":0.0,"gold_gain":0.0,"event_name":"Purifier","player_choice":"Purged","floor":7.0,"gold_loss":0.0,"damage_taken":0.0}],"is_beta":false,"boss_relics":[],"items_purged_floors":[],"is_endless":false,"potions_floor_spawned":[1,6,8],"killed_by":"Gremlin Nob","ascension_level":2}}