{"host":"h5acbxt0wmjo1kpm","time":1609062729,"event":{"mods":["2.2 Compatiblity","Act Like it!","AlwaysNeverKeys","Aspiration","Bartender","BaseMod","Better Third Choice","Colored Map","Elementarium","Gensokyo","GifTheSpireLib","Hallownest","Marisa????????","Minty Spire (QoL Compilation)","Permanent Neow","Potionbrewer","Relic Filter","Replay The Spire","Robot Space Explorer","RumiaBox-????????","Shade Mod","Spicy Shops","StSLib","Strawberry Spire","The Blackbeard","The Dragon Tamer","The Forsaken","The Gatherer","The Problem Sleuth","The Servant 0.9.4","Wandering Minibosses","vexMod"],"gold_per_floor":[116,203,203,16,16,16,16,48,48,48,148,158,173,173,173,198,198,277,277,290,300,144,144,16,48,48,79,124,174,224,262,262,305,305,400,400,430,430,203,212,120,120,160,182,205,205,250,273,273,299,299,299,299,299,36,45,45],"floor_reached":56,"playtime":4263,"items_purged":["Strike_B"],"score":1418,"play_id":"79d3dd94-73ae-4723-9131-8a72beda36eb","local_time":"20201227015209","is_ascension_mode":true,"campfire_choices":[{"floor":6,"key":"REST"},{"floor":10,"key":"REST"},{"data":"BasicCrystalCard","floor":17,"key":"SMITH"},{"floor":32,"key":"RECALL"},{"data":"Gensokyo:RisingWorld","floor":34,"key":"SMITH"},{"data":"Gatherer:Bulldoze","floor":42,"key":"SMITH"},{"data":"Shade:CallOfTheGrave","floor":49,"key":"SMITH"},{"data":"Creative AI","floor":51,"key":"SMITH"},{"data":"potionbrewer:EquivalentExchange","floor":54,"key":"SMITH"}],"circlet_count":0,"master_deck":["AscendersBane","Strike_B","Strike_B","Defend_B+1","Defend_B+1","Defend_B+1","Defend_B+1","Zap","Dualcast","BasicCrystalCard+1","Stack+1","Stack+1","Stack+1","Stack+1","Stack+1","Stack+1","Backflip","Core Surge","All For One","Headbutt","Creative AI+1","Gatherer:Bulldoze+1","Gatherer:GatherMaterial","Amplify","blackbeard:BeatUp+1","Perfect_Balance","Darkness","Elementarium:FireblessedBlade","Injury","Self Repair","ReplayRNGCard","blackbeard:RemoveScurvy","PiercingWail","Gensokyo:RisingWorld+1","Ball Lightning","strawberrySpire:DataDump+1","Gatherer:Solidify","Reboot","potionbrewer:EquivalentExchange+1","Magnetism","TalkToTheHand","Shade:CallOfTheGrave+1","ReplayTheSpireMod:Omega Cannon","Turbo","strawberrySpire:NeonFlight","strawberrySpire:BlasterWyrm","strawberrySpire:DataDump+1","Lockon","ReplaySolidLightProjector+1","ReplayTheSpireMod:Reroute Power"],"relics":["Cracked Core","Baka","Tiny Chest","Happy Flower","strawberrySpire:BrokenPrinter","PrismaticShard","Prayer Wheel","White Beast Statue","Mercury Hourglass","Prayer Wheel","Akabeko","strawberrySpire:Dictionifier","Medical Kit","Elementarium:HuntersElixir","Solar Panel","Prayer Wheel","MagicDraw2","CeramicFish","Pet Ghost","Prayer Wheel","Replay:Wax Seal","Elementarium:ElementariumTrophy","SlaversCollar","aspiration:Nostalgia","m_SpellCore","aspiration:HatOfInfinitePower","Replay:Bottled Eggs","strawberrySpire:Treaders","Sundial","theForsaken:Lifeblossom","Ccalipers","strawberrySpire:ThornyGelberry"],"acts_visited":["Gensokyo:Gensokyo","Elementarium:Elementarium","Gensokyo:Gensokyoest","TheEnding"],"potions_floor_usage":[13,18,25,27,29,31,33,35,47,48,52,52],"damage_taken":[{"damage":7,"enemies":"Gensokyo:2_Kodama","floor":1,"turns":4},{"damage":14,"enemies":"Gensokyo:3_Fairies","floor":5,"turns":7},{"damage":32,"enemies":"Gensokyo:Mamizou","floor":8,"turns":11},{"damage":0,"enemies":"Gensokyo:Python","floor":12,"turns":4},{"damage":10,"enemies":"Gensokyo:Gryphon_and_Rabbit","floor":13,"turns":4},{"damage":4,"enemies":"Gensokyo:Reimu","floor":18,"turns":11},{"damage":4,"enemies":"Elementarium:2_ELEMENTALS","floor":20,"turns":3},{"damage":0,"enemies":"Elementarium:VoidCorruption","floor":21,"turns":5},{"damage":5,"enemies":"Elementarium:WarGolem","floor":25,"turns":5},{"damage":52,"enemies":"Elementarium:FIRE_NOBILITY","floor":27,"turns":11},{"damage":4,"enemies":"Elementarium:CYCLONE_AND_ORB_OF_FIRE","floor":29,"turns":7},{"damage":76,"enemies":"Elementarium:RubyGolem","floor":31,"turns":8},{"damage":25,"enemies":"Elementarium:WarGolem","floor":33,"turns":6},{"damage":20,"enemies":"Elementarium:GolemEmperor","floor":35,"turns":9},{"damage":2,"enemies":"Gensokyo:3_Bats","floor":37,"turns":2},{"damage":37,"enemies":"Gensokyo:Marisa","floor":43,"turns":5},{"damage":0,"enemies":"Gensokyo:3_Boulders","floor":44,"turns":3},{"damage":0,"enemies":"Gensokyo:Kasen","floor":47,"turns":8},{"damage":22,"enemies":"Gensokyo:Rafflesia","floor":48,"turns":7},{"damage":18,"enemies":"Gensokyo:Scarlet_Devils","floor":52,"turns":13},{"damage":86,"enemies":"Shield and Spear","floor":56,"turns":3}],"seed_played":"-7565870555354499219","potions_obtained":[{"floor":12,"key":"Toxic Potion"},{"floor":13,"key":"AttackPotion"},{"floor":18,"key":"potionbrewer:FreezingPotion"},{"floor":20,"key":"potionbrewer:EndurancePotion"},{"floor":21,"key":"Regen Potion"},{"floor":25,"key":"PotionOfCapacity"},{"floor":27,"key":"Toxic Potion"},{"floor":29,"key":"Dexterity Potion"},{"floor":31,"key":"potionbrewer:NoxiousPotion"},{"floor":33,"key":"potionbrewer:CleansingPotion"},{"floor":35,"key":"ColorlessPotion"},{"floor":37,"key":"potionbrewer:SplittingPotion"},{"floor":43,"key":"potionbrewer:HastePotion"},{"floor":47,"key":"Block Potion"},{"floor":48,"key":"EntropicBrew"}],"is_trial":false,"path_per_floor":["M","?","?","$","M","R","T","E","T","R","?","M","M","PTL","PTL","T","R","B",null,"M","M","$","?","?","E","?","E","T","M","T","M","R","E","R","B",null,"M","?","$","?","$","R","E","M","T","?","E","M","R","T","R","B",null,"R","$","E"],"character_chosen":"DEFECT","items_purchased":["Stack+1","strawberrySpire:BrokenPrinter","Medical Kit","aspiration:Nostalgia","aspiration:HatOfInfinitePower","Ccalipers","strawberrySpire:ThornyGelberry","ReplaySolidLightProjector+1"],"campfire_rested":2,"item_purchase_floors":[4,4,22,39,41,55,55,55],"current_hp_per_floor":[57,34,34,34,20,41,41,9,9,30,30,30,20,20,20,20,20,16,57,53,53,53,53,53,58,58,49,49,52,52,50,50,46,46,40,63,65,71,71,71,71,71,57,71,71,71,71,51,51,51,51,64,69,69,69,0,0],"gold":45,"neow_bonus":"ONE_RANDOM_RARE_CARD","is_daily":false,"chose_seed":false,"campfire_upgraded":6,"win_rate":0.0,"timestamp":1609062729,"path_taken":["M","?","?","$","M","R","?","E","T","R","?","M","M","PTL","PTL","?","R","BOSS","M","M","$","?","?","E","?","E","T","M","?","M","R","E","R","BOSS","M","?","$","?","$","R","E","M","T","?","E","M","R","?","R","BOSS","R","$","E"],"items_purchased_type":["Card","Relic","Relic","Relic","Relic","Relic","Relic","Card"],"build_version":"2020-12-22","purchased_purges":1,"victory":false,"max_hp_per_floor":[71,71,71,71,71,71,71,71,71,71,71,71,71,71,71,71,71,71,71,71,71,71,71,71,71,71,71,71,71,71,71,71,71,71,71,71,71,71,71,71,71,71,71,71,71,71,71,71,71,71,71,71,71,71,71,71,71],"card_choices":[{"not_picked":["Rebound","strawberrySpire:FocalLaser"],"picked":"BasicCrystalCard","floor":1},{"not_picked":["Turbo","ReplayTheSpireMod:GoodbyeWorld"],"picked":"Ball Lightning","floor":2},{"not_picked":["Rebound","ReplayTheSpireMod:System Scan"],"picked":"BasicCrystalCard","floor":2},{"not_picked":["strawberrySpire:NeonFlight","Go for the Eyes","Biased Cognition"],"picked":"SKIP","floor":5},{"not_picked":["Moondial","Outmaneuver"],"picked":"Backflip","floor":8},{"not_picked":["ClearTheMind","Sucker Punch","blackbeard:RearmingStrike"],"picked":"SKIP","floor":12},{"not_picked":["blackbeard:TacticalRetreat","IllusionStar","theForsaken:HorrifyingStrike"],"picked":"SKIP","floor":12},{"not_picked":["DoubleEdge","strawberrySpire:Urgency"],"picked":"Headbutt","floor":13},{"not_picked":["Study","Vengeance","Gatherer:OddSpoils"],"picked":"SKIP","floor":13},{"not_picked":["Shade:BoneShards","Flex","Replay:ManipulateFuture"],"picked":"SKIP","floor":13},{"not_picked":["Machine Learning","Shade:OminousRitual"],"picked":"Gatherer:Bulldoze","floor":18},{"not_picked":["blackbeard:Salvager","Free_Pour"],"picked":"Gatherer:GatherMaterial","floor":20},{"not_picked":["DTMod:BuildUp","strawberrySpire:Spite","Bane"],"picked":"SKIP","floor":20},{"not_picked":["PropBag","Cloak And Dagger","Gatherer:SaveValuables"],"picked":"SKIP","floor":20},{"not_picked":["Pony_Shot","JustLucky"],"picked":"blackbeard:BeatUp+1","floor":21},{"not_picked":["DTMod:CrossStep","potionbrewer:WizBang"],"picked":"Perfect_Balance","floor":21},{"not_picked":["potionbrewer:HazardousMaterials","DoubleSpark","Spin"],"picked":"SKIP","floor":21},{"not_picked":["Gatherer:FragileHammer","Rupture","Blood for Blood"],"picked":"SKIP","floor":25},{"not_picked":["Foresight","Gatherer:Misfortune"],"picked":"Self Repair","floor":27},{"not_picked":["Streamline","Gatherer:FlowerFalling+1"],"picked":"blackbeard:RemoveScurvy","floor":29},{"not_picked":["Hidden Blade","potionbrewer:FortifiedSerum"],"picked":"PiercingWail","floor":29},{"not_picked":["blackbeard:CannonballSupply","strawberrySpire:Compressor"],"picked":"Gensokyo:RisingWorld","floor":29},{"not_picked":["strawberrySpire:SideSwipe","theForsaken:Parry","OpenUniverse"],"picked":"SKIP","floor":29},{"not_picked":["potionbrewer:BlindingSpray","Escape Plan"],"picked":"strawberrySpire:DataDump+1","floor":31},{"not_picked":["potionbrewer:TimeBomb+1","DTMod:Training"],"picked":"Gatherer:Solidify","floor":31},{"not_picked":["ReplayTheSpireMod:Muscle Training+1","BowlingBash","Foot_Thrust"],"picked":"SKIP","floor":31},{"not_picked":["Acrobatics","DTMod:Weaken+1","6A"],"picked":"SKIP","floor":31},{"not_picked":["All For One","Slice","RobotSpaceExplorer:SurgingStrike"],"picked":"SKIP","floor":31},{"not_picked":["Perfected Strike","Hidden Blade"],"picked":"potionbrewer:EquivalentExchange","floor":33},{"not_picked":["Die Die Die","potionbrewer:HazardousWaste"],"picked":"Magnetism","floor":35},{"not_picked":["Nirvana","blackbeard:Shrapnel"],"picked":"TalkToTheHand","floor":37},{"not_picked":["Shade:Brains+1","strawberrySpire:SideSwipe"],"picked":"Shade:CallOfTheGrave","floor":37},{"not_picked":["Shade:OpenGraves","Replay:ManipulateFuture+1","DTMod:Weaken"],"picked":"SKIP","floor":37},{"not_picked":["Gatherer:AromaProtection","WitchOfGreed","Fading_Blow"],"picked":"SKIP","floor":37},{"not_picked":["Backstab+1","blackbeard:WeaponProficiency","blackbeard:Boarding"],"picked":"SKIP","floor":37},{"not_picked":["theSleuth:SnoopDoggBust","theForsaken:Parry","RobotSpaceExplorer:MiniBoosters"],"picked":"SKIP","floor":43},{"not_picked":["RobotSpaceExplorer:ShovelStrike","Bandage Up","Deny"],"picked":"SKIP","floor":44},{"not_picked":["strawberrySpire:Fastroyer","strawberrySpire:Trickbox","DTMod:Training"],"picked":"SKIP","floor":44},{"not_picked":["strawberrySpire:Incursion","strawberrySpire:FocalLaser","MysteriousBeam"],"picked":"SKIP","floor":44},{"not_picked":["BootSequence+1","Specialist","IllusionStar"],"picked":"SKIP","floor":44},{"not_picked":["theSleuth:CandyCorn+1","ReplaySolidLightProjector","Genetic Algorithm"],"picked":"SKIP","floor":44},{"not_picked":["potionbrewer:CausticBarrier+1","strawberrySpire:DataDump+1","Advance"],"picked":"SKIP","floor":47},{"not_picked":["potionbrewer:CausticBarrier+1","Advance"],"picked":"strawberrySpire:DataDump+1","floor":47},{"not_picked":["Shade:CoffinDance","Pony_Shot","Flame Barrier+1"],"picked":"SKIP","floor":48},{"not_picked":["DoubleSpark+1","strawberrySpire:DreamfoilDart","Power_Up_Punch"],"picked":"SKIP","floor":48},{"not_picked":["Shade:Carnophage","EventHorizon","blackbeard:BountyHunter"],"picked":"SKIP","floor":48},{"not_picked":["DTMod:Hide","theForsaken:ShieldBash","strawberrySpire:SpinKick"],"picked":"SKIP","floor":48},{"not_picked":["Shade:CommandSoldier","Gatherer:WoolGloves","strawberrySpire:DataDump"],"picked":"SKIP","floor":48}],"player_experience":1959069,"relics_obtained":[{"floor":1,"key":"Baka"},{"floor":2,"key":"Tiny Chest"},{"floor":8,"key":"White Beast Statue"},{"floor":9,"key":"Mercury Hourglass"},{"floor":16,"key":"Akabeko"},{"floor":25,"key":"Solar Panel"},{"floor":27,"key":"MagicDraw2"},{"floor":28,"key":"CeramicFish"},{"floor":30,"key":"Pet Ghost"},{"floor":33,"key":"Replay:Wax Seal"},{"floor":43,"key":"Replay:Bottled Eggs"},{"floor":45,"key":"strawberrySpire:Treaders"},{"floor":47,"key":"Sundial"},{"floor":50,"key":"theForsaken:Lifeblossom"}],"event_choices":[{"damage_healed":0,"gold_gain":0,"player_choice":"Sling","damage_taken":0,"relics_obtained":["Elementarium:HuntersElixir"],"max_hp_gain":0,"max_hp_loss":0,"event_name":"Elementarium:BigGameHunter","floor":24,"gold_loss":128},{"damage_healed":0,"gold_gain":0,"player_choice":"Take","damage_taken":0,"max_hp_gain":0,"max_hp_loss":0,"event_name":"Elementarium:BladeSeller","floor":26,"gold_loss":0,"cards_obtained":["Elementarium:FireblessedBlade","Injury"]}],"is_beta":false,"boss_relics":[{"not_picked":["aspiration:PoetsPen","aspiration:RandomNobGenerator"],"picked":"strawberrySpire:Dictionifier"},{"not_picked":["FrozenCore","Replay:Ancient Bell"],"picked":"SlaversCollar"}],"items_purged_floors":[39],"is_endless":false,"potions_floor_spawned":[12,13,18,20,21,25,27,29,31,33,35,37,43,44,47,48],"killed_by":"Shield and Spear","ascension_level":15}}