{"host":"yvb207ks1sg3cxef","time":1609048905,"event":{"mods":["2.2 Compatiblity","BaseMod","Bestiary","Colored Powertips","Minty Spire (QoL Compilation)","Permanent Neow","Quick Restart","Relic Stats","StSLib"],"gold_per_floor":[110,130,141,141,151,151,170,170,193,220,220,10,41,58,58,130,130,149,166,178,197,207,233,233,261,273,175,0,0,16,16,16],"floor_reached":31,"playtime":1629,"items_purged":["Strike_G","Strike_G"],"score":581,"play_id":"e55c581c-8a92-4c1d-b011-53f5a3f1bb1c","local_time":"20201227113145","is_ascension_mode":true,"campfire_choices":[{"data":"Apotheosis","floor":6.0,"key":"SMITH"},{"data":"Tools of the Trade","floor":8.0,"key":"SMITH"},{"data":"Caltrops","floor":15.0,"key":"SMITH"},{"floor":24.0,"key":"REST"}],"circlet_count":0,"master_deck":["AscendersBane","Strike_G","Strike_G","Strike_G","Defend_G","Defend_G","Defend_G","Defend_G","Defend_G","Survivor","Neutralize","Apotheosis+1","Deflect","Crippling Poison","Caltrops+1","Tools of the Trade+1","Caltrops+1","Predator","Noxious Fumes","Deflect","Crippling Poison","Dagger Throw","After Image","Dodge and Roll+1","Acrobatics+1","Leg Sweep","Backflip+1","Calculated Gamble+1","Well Laid Plans","Footwork"],"relics":["Ring of the Snake","Snake Skull","Regal Pillow","Juzu Bracelet","Cursed Key","Gremlin Horn","MawBank"],"acts_visited":["Exordium","TheCity"],"potions_floor_usage":[31],"damage_taken":[{"damage":6.0,"enemies":"2 Louse","floor":1.0,"turns":4.0},{"damage":0.0,"enemies":"Cultist","floor":2.0,"turns":4.0},{"damage":0.0,"enemies":"Small Slimes","floor":3.0,"turns":5.0},{"damage":0.0,"enemies":"Blue Slaver","floor":5.0,"turns":6.0},{"damage":10.0,"enemies":"Lots of Slimes","floor":7.0,"turns":4.0},{"damage":23.0,"enemies":"Gremlin Nob","floor":10.0,"turns":5.0},{"damage":0.0,"enemies":"3 Sentries","floor":13.0,"turns":8.0},{"damage":7.0,"enemies":"Large Slime","floor":14.0,"turns":7.0},{"damage":4.0,"enemies":"Hexaghost","floor":16.0,"turns":8.0},{"damage":4.0,"enemies":"Spheric Guardian","floor":18.0,"turns":5.0},{"damage":4.0,"enemies":"Shell Parasite","floor":19.0,"turns":5.0},{"damage":11.0,"enemies":"Chosen and Byrds","floor":20.0,"turns":4.0},{"damage":7.0,"enemies":"Cultist and Chosen","floor":21.0,"turns":6.0},{"damage":14.0,"enemies":"Snecko","floor":22.0,"turns":6.0},{"damage":1.0,"enemies":"Book of Stabbing","floor":23.0,"turns":6.0},{"damage":13.0,"enemies":"Gremlin Leader","floor":25.0,"turns":8.0},{"damage":5,"enemies":"Snake Plant","floor":30,"turns":4},{"damage":26,"enemies":"Slavers","floor":31,"turns":5}],"seed_played":"-4674260044972593304","potions_obtained":[{"floor":2.0,"key":"Poison Potion"},{"floor":3.0,"key":"Fire Potion"},{"floor":18.0,"key":"BlessingOfTheForge"},{"floor":19.0,"key":"Strength Potion"},{"floor":21.0,"key":"Block Potion"}],"is_trial":false,"path_per_floor":["M","M","M","?","M","R","M","R","T","E","?","$","E","M","R","B",null,"M","M","M","M","M","E","R","E","T","?","$","?","M","E"],"character_chosen":"THE_SILENT","items_purchased":["Noxious Fumes","Deflect","Well Laid Plans"],"campfire_rested":1,"item_purchase_floors":[12,12,28],"current_hp_per_floor":[53,53,53,53,53,53,43,43,43,20,20,20,20,13,13,9,47,43,39,28,21,7,6,39,26,26,26,26,26,21,0,0],"gold":16,"neow_bonus":"RANDOM_COLORLESS_2","is_daily":false,"chose_seed":false,"campfire_upgraded":3,"win_rate":0.0,"timestamp":1609048905,"path_taken":["M","M","M","?","?","R","M","R","T","E","?","$","E","M","R","BOSS","M","M","M","M","M","E","R","E","T","?","$","?","M","E"],"items_purchased_type":["Card","Card","Card"],"build_version":"2020-12-22","purchased_purges":2,"victory":false,"max_hp_per_floor":[60,60,60,60,60,60,60,60,60,60,60,60,60,60,60,60,60,60,60,60,60,60,60,60,60,60,60,60,60,60,60,60],"relic_stats":{"Regal Pillow":15,"Gremlin Horn":[6,6],"counters":[18,100],"Snake Skull":[53],"Juzu Bracelet":1,"Cursed Key":1,"MawBank":36,"obtain_stats":[{"Regal Pillow":10,"Gremlin Horn":23,"Snake Skull":9,"Juzu Bracelet":13,"Cursed Key":17,"MawBank":25,"Ring of the Snake":0},{"Regal Pillow":6,"Gremlin Horn":15,"Snake Skull":5,"Juzu Bracelet":7,"Cursed Key":9,"MawBank":16,"Ring of the Snake":0},{"Regal Pillow":28,"Gremlin Horn":83,"Snake Skull":23,"Juzu Bracelet":36,"Cursed Key":51,"MawBank":91,"Ring of the Snake":0}],"Ring of the Snake":[36]},"card_choices":[{"not_picked":["Thinking Ahead","Metamorphosis"],"picked":"Apotheosis","floor":0.0},{"not_picked":["Prepared","Concentrate"],"picked":"Deflect","floor":1.0},{"not_picked":["Cloak And Dagger","Finisher"],"picked":"Crippling Poison","floor":2.0},{"not_picked":["Masterful Stab","Acrobatics"],"picked":"Caltrops","floor":3.0},{"not_picked":["Concentrate","Finisher"],"picked":"Caltrops","floor":5.0},{"not_picked":["Dodge and Roll","Acrobatics","Riddle With Holes"],"picked":"SKIP","floor":7.0},{"not_picked":["Slice","Backflip"],"picked":"Predator","floor":10.0},{"not_picked":["PiercingWail","Masterful Stab"],"picked":"Crippling Poison","floor":13.0},{"not_picked":["Blade Dance","Distraction"],"picked":"Dagger Throw","floor":14.0},{"not_picked":["Grand Finale","Corpse Explosion"],"picked":"After Image","floor":16.0},{"not_picked":["Backstab","Dagger Spray"],"picked":"Dodge and Roll+1","floor":18.0},{"not_picked":["Underhanded Strike","Leg Sweep"],"picked":"Acrobatics+1","floor":19.0},{"not_picked":["Bane+1","Cloak And Dagger","Deflect"],"picked":"SKIP","floor":20.0},{"not_picked":["Blade Dance","Underhanded Strike"],"picked":"Leg Sweep","floor":21.0},{"not_picked":["Dodge and Roll","Heel Hook"],"picked":"Backflip+1","floor":22.0},{"not_picked":["Dagger Spray","Deadly Poison","Storm of Steel"],"picked":"SKIP","floor":23.0},{"not_picked":["Catalyst","Flying Knee"],"picked":"Calculated Gamble+1","floor":25.0},{"not_picked":["Dodge and Roll","Masterful Stab"],"picked":"Footwork","floor":30}],"player_experience":226406,"relics_obtained":[{"floor":9.0,"key":"Snake Skull"},{"floor":10.0,"key":"Regal Pillow"},{"floor":13.0,"key":"Juzu Bracelet"},{"floor":23.0,"key":"Gremlin Horn"},{"floor":25.0,"key":"MawBank"}],"event_choices":[{"damage_healed":0.0,"max_hp_gain":0.0,"max_hp_loss":0.0,"gold_gain":0.0,"event_name":"Match and Keep!","player_choice":"1 cards matched","floor":4.0,"gold_loss":0.0,"damage_taken":0.0,"cards_obtained":["Tools of the Trade"]},{"damage_healed":0.0,"max_hp_gain":0.0,"max_hp_loss":0.0,"gold_gain":0.0,"event_name":"Scrap Ooze","player_choice":"Fled","floor":11.0,"gold_loss":0.0,"damage_taken":0.0},{"cards_removed":["Regret"],"damage_healed":0.0,"max_hp_gain":0.0,"max_hp_loss":0.0,"gold_gain":0.0,"event_name":"Designer","player_choice":"Upgrade and Remove","floor":27.0,"gold_loss":110.0,"damage_taken":0.0,"cards_upgraded":["Caltrops"]}],"is_beta":false,"boss_relics":[{"not_picked":["Philosopher\u0027s Stone","Ectoplasm"],"picked":"Cursed Key"}],"items_purged_floors":[12,28],"is_endless":false,"potions_floor_spawned":[2,3,5,7,10,18,19,20,21],"killed_by":"Slavers","ascension_level":17}}