{"host":"92108ef2q9tm8rod","time":1609086149,"event":{"mods":["BaseMod","Defuse TimeMaze Blight","Minty Spire (QoL Compilation)","StSLib","The Jungle"],"gold_per_floor":[115,1,11,29,29,29,55,55,137,137,137,137,149,164,164,260,260,278,289,389,404,152,152,164,164,211,231,82,114,114,145,145,245,245,264,278,295,309,321,321,321,16,16,16,29,29,29,58,58,58],"floor_reached":51,"playtime":2727,"items_purged":["Calculated Gamble","Cloak And Dagger"],"score":817,"play_id":"866dc687-1f8e-4b6e-bf92-e60665145e95","local_time":"20201227162229","daily_mods":["SealedDeck","Heirloom","Flight"],"is_ascension_mode":false,"campfire_choices":[{"data":"Catalyst","floor":6,"key":"SMITH"},{"data":"Noxious Fumes","floor":8,"key":"SMITH"},{"data":"Setup","floor":10,"key":"SMITH"},{"data":"Backflip","floor":12,"key":"SMITH"},{"data":"Backflip","floor":15,"key":"SMITH"},{"data":"Venomology","floor":23,"key":"SMITH"},{"data":"Deadly Poison","floor":25,"key":"SMITH"},{"floor":30,"key":"REST"},{"data":"Skewer","floor":32,"key":"SMITH"},{"data":"Adrenaline","floor":40,"key":"SMITH"},{"data":"Poisoned Stab","floor":41,"key":"SMITH"},{"floor":44,"key":"REST"},{"floor":46,"key":"REST"},{"floor":49,"key":"REST"}],"circlet_count":0,"master_deck":["Skewer+1","Setup+1","Poisoned Stab+1","Backflip+1","Catalyst+1","Deadly Poison+1","Noxious Fumes+1","Bane+1","Noxious Fumes+1","Backflip+1","Venomology+1","Crippling Poison+1","Adrenaline+1"],"relics":["Ring of the Serpent","TungstenRod","Bag of Marbles","InkBottle","Black Star","Omamori","Blood Vial","Oddly Smooth Stone","PreservedInsect","Centennial Puzzle","Regal Pillow","Lantern","FossilizedHelix","Whetstone","Frozen Egg 2","Juzu Bracelet"],"acts_visited":["Exordium","Exordium","TheBeyond"],"potions_floor_usage":[19,19,21,21,27,29,29,33,35,35,36,37,38,39,45,50,50,50],"damage_taken":[{"damage":0,"enemies":"Jaw Worm","floor":1,"turns":2},{"damage":0,"enemies":"Cultist","floor":3,"turns":2},{"damage":0,"enemies":"2 Louse","floor":4,"turns":2},{"damage":10,"enemies":"3 Sentries","floor":7,"turns":5},{"damage":7,"enemies":"Large Slime","floor":13,"turns":3},{"damage":0,"enemies":"2 Fungi Beasts","floor":14,"turns":2},{"damage":1,"enemies":"The Guardian","floor":16,"turns":5},{"damage":0,"enemies":"theJungle:GiantWrat","floor":18,"turns":3},{"damage":9,"enemies":"Shell Parasite","floor":19,"turns":4},{"damage":0,"enemies":"Snake Plant","floor":21,"turns":3},{"damage":14,"enemies":"theJungle:2_Snecko_Cultists","floor":24,"turns":3},{"damage":0,"enemies":"theJungle:Lyon","floor":27,"turns":2},{"damage":0,"enemies":"theJungle:2_Phrogs","floor":29,"turns":5},{"damage":8,"enemies":"theJungle:Cassacara","floor":31,"turns":4},{"damage":0,"enemies":"theJungle:QueenSpyder","floor":33,"turns":5},{"damage":3,"enemies":"3 Darklings","floor":35,"turns":3},{"damage":0,"enemies":"Orb Walker","floor":36,"turns":3},{"damage":0,"enemies":"Maw","floor":37,"turns":4},{"damage":2,"enemies":"3 Darklings","floor":38,"turns":3},{"damage":8,"enemies":"Transient","floor":39,"turns":5},{"damage":0,"enemies":"Jaw Worm Horde","floor":45,"turns":3},{"damage":0,"enemies":"Giant Head","floor":48,"turns":4},{"damage":61,"enemies":"Awakened One","floor":50,"turns":11}],"seed_played":"-8717233187992352817","potions_obtained":[{"floor":1,"key":"FairyPotion"},{"floor":13,"key":"CunningPotion"},{"floor":19,"key":"Ancient Potion"},{"floor":27,"key":"EssenceOfSteel"},{"floor":31,"key":"PowerPotion"},{"floor":37,"key":"SkillPotion"}],"is_trial":true,"path_per_floor":["M","$","M","M","?","R","E","R","T","R","?","R","M","M","R","B",null,"M","M","?","M","$","R","M","R","T","M","$","E","R","E","R","B",null,"M","M","M","M","M","R","R","$","T","R","M","R","?","E","R","B",null],"character_chosen":"THE_SILENT","items_purchased":["Noxious Fumes","Omamori","Oddly Smooth Stone","FossilizedHelix"],"campfire_rested":4,"item_purchase_floors":[2,22,28,42],"current_hp_per_floor":[70,70,70,70,70,70,60,60,60,60,70,70,63,63,63,62,70,70,61,58,58,58,58,44,44,44,46,46,48,69,62,62,64,70,67,69,70,68,62,62,62,62,62,70,70,70,66,66,66,5],"gold":58,"neow_bonus":"","is_daily":false,"chose_seed":false,"campfire_upgraded":10,"win_rate":0.0,"timestamp":1609086149,"path_taken":["M","$","M","M","?","R","E","R","T","R","?","R","?","M","R","BOSS","M","M","?","M","$","R","M","R","T","M","$","E","R","E","R","BOSS","M","M","M","M","M","R","R","$","T","R","M","R","?","E","R","BOSS"],"items_purchased_type":["Card","Relic","Relic","Relic"],"build_version":"2020-12-22","purchased_purges":2,"victory":true,"max_hp_per_floor":[70,70,70,70,70,70,70,70,70,70,70,70,70,70,70,70,70,70,70,70,70,70,70,70,70,70,70,70,70,70,70,70,70,70,70,70,70,70,70,70,70,70,70,70,70,70,66,66,66,66],"card_choices":[{"not_picked":["Poisoned Stab","Blade Dance"],"picked":"Bane","floor":1},{"not_picked":["Slice","Dagger Spray","Cloak And Dagger"],"picked":"SKIP","floor":3},{"not_picked":["Quick Slash","Sucker Punch","Dodge and Roll"],"picked":"SKIP","floor":4},{"not_picked":["Cloak And Dagger","Infinite Blades","Bane"],"picked":"SKIP","floor":7},{"not_picked":["Phantasmal Killer","Bane","Concentrate"],"picked":"SKIP","floor":13},{"not_picked":["Sucker Punch","Distraction"],"picked":"Backflip","floor":14},{"not_picked":["Burst","Phantasmal Killer"],"picked":"Venomology","floor":16},{"not_picked":["Backflip","Endless Agony","Dodge and Roll"],"picked":"SKIP","floor":18},{"not_picked":["Footwork","Backflip"],"picked":"Crippling Poison+1","floor":19},{"not_picked":["Dagger Spray+1","Blade Dance","Accuracy"],"picked":"SKIP","floor":21},{"not_picked":["Blade Dance","Sucker Punch","Predator"],"picked":"SKIP","floor":24},{"not_picked":["Deflect","A Thousand Cuts","Concentrate"],"picked":"SKIP","floor":27},{"not_picked":["Slice","Accuracy","Outmaneuver+1"],"picked":"SKIP","floor":29},{"not_picked":["Calculated Gamble","Well Laid Plans","Flying Knee"],"picked":"SKIP","floor":31},{"not_picked":["Unload","Wraith Form v2"],"picked":"Adrenaline","floor":33},{"not_picked":["Flechettes+1","PiercingWail+1","Quick Slash"],"picked":"SKIP","floor":35},{"not_picked":["Flying Knee+1","Distraction","Cloak And Dagger"],"picked":"SKIP","floor":36},{"not_picked":["Flying Knee","Accuracy","Dagger Throw+1"],"picked":"SKIP","floor":37},{"not_picked":["Cloak And Dagger","Reflex","Terror+1"],"picked":"SKIP","floor":38},{"not_picked":["Outmaneuver","Dodge and Roll+1","Concentrate+1"],"picked":"SKIP","floor":39},{"not_picked":["Sucker Punch","Dagger Spray","Quick Slash+1"],"picked":"SKIP","floor":45},{"not_picked":["Malaise","Acrobatics","Skewer+1"],"picked":"SKIP","floor":48}],"player_experience":3209167,"relics_obtained":[{"floor":7,"key":"Bag of Marbles"},{"floor":9,"key":"InkBottle"},{"floor":26,"key":"Blood Vial"},{"floor":29,"key":"PreservedInsect"},{"floor":29,"key":"Centennial Puzzle"},{"floor":31,"key":"Regal Pillow"},{"floor":31,"key":"Lantern"},{"floor":43,"key":"Whetstone"},{"floor":48,"key":"Frozen Egg 2"},{"floor":48,"key":"Juzu Bracelet"}],"event_choices":[{"damage_healed":0,"gold_gain":0,"player_choice":"Grow","damage_taken":0,"max_hp_gain":0,"max_hp_loss":0,"event_name":"Living Wall","floor":5,"gold_loss":0,"cards_upgraded":["Noxious Fumes"]},{"cards_removed":["Masterful Stab"],"damage_healed":10,"gold_gain":0,"player_choice":"Offered Uncommon","damage_taken":0,"max_hp_gain":0,"max_hp_loss":0,"event_name":"Bonfire Elementals","floor":11,"gold_loss":0},{"damage_healed":0,"gold_gain":0,"player_choice":"Max HP","damage_taken":0,"max_hp_gain":0,"max_hp_loss":4,"event_name":"Winding Halls","floor":47,"gold_loss":0}],"is_beta":false,"boss_relics":[{"not_picked":["Coffee Dripper","Cursed Key"],"picked":"Black Star"},{"not_picked":["Tiny House","Snecko Eye"],"picked":"Ring of the Serpent"}],"items_purged_floors":[2,22],"is_endless":false,"potions_floor_spawned":[1,13,16,18,19,27,31,37,38,39],"ascension_level":0}}