{"host":"1bqbj1s4pyvm9utn","time":1609047971,"event":{"mods":["AchievementEnabler","Aspiration","BaseMod","Beaked The Cultist","Better Altar","Better Match","Better Note","Better Sensory Stone","Better Skull","Better Third Choice","BetterRewards","CCEM","Clawfect","Colored Map","Conspire","Downfall","GifTheSpireLib","Halation","Hermit","Highlight Path","Humility","Infinite Spire","Jedi Mod","Jorbs\u0027s Wanderer Trilogy","Mad Scientist","Marisa????????","Mimic Mod","Minty Spire (QoL Compilation)","Permanent Neow","Shade Mod","Shop Mod","Spicy Shops","StSLib","Stuff the Spire","The Animator","The Bug Knight","The Cursed","The Gatherer","The Hierophant","The Jungle","The Mystic","The Necromancer","The Runesmith","The Servant 0.9.4","everything is the same but u backflip on backflip","slay the spire mod where everything is the same but ironclad has a cowboy hat","vexMod"],"gold_per_floor":[117,1,15,32,49,49,77,88,112,189,19,31,31,47,47,151,151,161,180,95,43,53,53],"floor_reached":22,"playtime":2370,"items_purged":[],"score":200,"play_id":"1ffb121a-b06b-4864-8593-8b3c41d31487","local_time":"20201226214611","is_ascension_mode":true,"campfire_choices":[{"data":"HollowMod:Weaversong","floor":6,"key":"SMITH"},{"floor":13,"key":"REST"},{"floor":15,"key":"REST"}],"circlet_count":0,"master_deck":["HollowMod:NailStrikeStart","HollowMod:NailStrikeStart","HollowMod:NailStrikeStart","HollowMod:NailStrikeStart","HollowMod:QuickDashStart","HollowMod:QuickDashStart","HollowMod:QuickDashStart","HollowMod:QuickDashStart","HollowMod:FocusHealStart","HollowMod:PogoStrike","HollowMod:Weaversong+1","HollowMod:DashSlash","HollowMod:HuntersJournal","HollowMod:CycloneSlash","HollowMod:BrokenVessel","HollowMod:InfectedAttack","HollowMod:CycloneSlash","HollowMod:CloakDash","HollowMod:CornifersMapStart","HollowMod:BrokenVessel","HollowMod:theNailsmith","HollowMod:SiblingsSouls","HollowMod:PureNailStrike+1","HollowMod:NewGlowingWomb","HollowMod:SoulEater"],"relics":["HollowMod:VesselMask","StuffTheSpire:SapphireSignet","Peace Pipe","conspire:TopHat","infinitespire:BottledMercury","Blood Vial","halation:SmartPhone","jedi:cryingmask"],"acts_visited":["Exordium","TheCity"],"potions_floor_usage":[4,12,14,16,18],"damage_taken":[{"damage":0,"enemies":"Small Slimes","floor":1,"turns":2},{"damage":0,"enemies":"Cultist","floor":3,"turns":2},{"damage":7,"enemies":"Jaw Worm","floor":4,"turns":3},{"damage":19,"enemies":"HollowMod:HuskWarrior","floor":5,"turns":5},{"damage":22,"enemies":"Lagavulin","floor":7,"turns":5},{"damage":28,"enemies":"Gremlin Gang","floor":8,"turns":9},{"damage":0,"enemies":"3 Louse","floor":12,"turns":2},{"damage":2,"enemies":"conspire:2 RoseBushes","floor":14,"turns":5},{"damage":25,"enemies":"Slime Boss","floor":16,"turns":7},{"damage":8,"enemies":"Chosen","floor":18,"turns":4},{"damage":16,"enemies":"3 Byrds","floor":19,"turns":3},{"damage":46,"enemies":"Snake Plant","floor":22,"turns":5}],"seed_played":"-291649281238181817","potions_obtained":[{"floor":1,"key":"Weak Potion"},{"floor":8,"key":"SkillPotion"},{"floor":12,"key":"champ:CounterPotion"},{"floor":14,"key":"SneckoOil"},{"floor":16,"key":"GamblersBrew"},{"floor":22,"key":"ColorlessPotion"}],"is_trial":false,"path_per_floor":["M","?","M","M","M","R","E","M","T","T","$","M","R","M","R","B",null,"M","M","?","$","M"],"character_chosen":"THE_BUGKNIGHT","items_purchased":["Blood Vial","HollowMod:CloakDash","HollowMod:NewGlowingWomb"],"campfire_rested":2,"item_purchase_floors":[11,11,21],"current_hp_per_floor":[54,54,54,53,40,40,24,6,6,6,6,8,30,36,58,49,75,67,52,52,45,0,0],"gold":53,"neow_bonus":"THREE_RARE_CARDS","is_daily":false,"chose_seed":false,"campfire_upgraded":1,"win_rate":0.0,"timestamp":1609047971,"path_taken":["M","?","?","M","M","R","E","M","T","?","$","?","R","M","R","BOSS","M","?","?","?","M"],"items_purchased_type":["Relic","Card","Card"],"build_version":"2020-12-22","purchased_purges":0,"victory":false,"max_hp_per_floor":[75,75,75,75,75,75,75,75,75,75,75,75,75,75,75,75,75,75,75,75,75,75,75],"card_choices":[{"not_picked":["HollowMod:ElderbugsWisdom","HollowMod:MidwifesHunger"],"picked":"HollowMod:Weaversong","floor":0},{"not_picked":["HollowMod:NewJinnsSoul","HollowMod:PerfectDash"],"picked":"HollowMod:DashSlash","floor":1},{"not_picked":["HollowMod:InfectedAttack","HollowMod:SiblingsSouls"],"picked":"HollowMod:HuntersJournal","floor":3},{"not_picked":["HollowMod:GreatSlash","HollowMod:NewJinnsSoul"],"picked":"HollowMod:CycloneSlash","floor":4},{"not_picked":["HollowMod:SharpenedShadows","HollowMod:Grubsong"],"picked":"HollowMod:BrokenVessel","floor":5},{"not_picked":["HollowMod:TaintedHusks","HollowMod:InfectedCysts"],"picked":"HollowMod:InfectedAttack","floor":7},{"not_picked":["HollowMod:BlackTendrils","HollowMod:CornifersMapStart"],"picked":"HollowMod:CycloneSlash","floor":8},{"not_picked":["HollowMod:VengefulVoid","HollowMod:DreamGate"],"picked":"HollowMod:CornifersMapStart","floor":12},{"not_picked":["HollowMod:ShadowDash","HollowMod:TaintedHusks"],"picked":"HollowMod:BrokenVessel","floor":14},{"not_picked":["HollowMod:Hiveblood","HollowMod:SoulMaster"],"picked":"HollowMod:theNailsmith","floor":16},{"not_picked":["HollowMod:WraithStrike","HollowMod:HeavyBlow"],"picked":"HollowMod:SiblingsSouls","floor":18},{"not_picked":["HollowMod:DescendingDark","HollowMod:LordofShades"],"picked":"HollowMod:PureNailStrike+1","floor":19},{"not_picked":["HollowMod:WraithStrike","HollowMod:GoodIntentions"],"picked":"HollowMod:SoulEater","floor":22}],"player_experience":896482,"relics_obtained":[{"floor":7,"key":"Peace Pipe"},{"floor":9,"key":"conspire:TopHat"},{"floor":10,"key":"infinitespire:BottledMercury"}],"event_choices":[{"damage_healed":0,"gold_gain":0,"player_choice":"Paid Gold","damage_taken":0,"relics_obtained":["StuffTheSpire:SapphireSignet"],"max_hp_gain":0,"max_hp_loss":0,"event_name":"WeMeetAgain","floor":2,"gold_loss":116},{"damage_healed":0,"gold_gain":0,"player_choice":"Obtained Relic","damage_taken":0,"relics_obtained":["jedi:cryingmask"],"max_hp_gain":0,"max_hp_loss":0,"event_name":"Addict","floor":20,"gold_loss":85}],"is_beta":false,"boss_relics":[{"not_picked":["Runic Dome","halation:ForbiddenBikini"],"picked":"halation:SmartPhone"}],"items_purged_floors":[],"is_endless":false,"potions_floor_spawned":[1,8,12,14,16,22],"killed_by":"Snake Plant","ascension_level":1}}