{"host":"jrmqsbok61y7b34d","time":1609096596,"event":{"mods":["BaseMod","Better Skull","Colored Map","Colored Powertips","Emptier Cage","Minty Spire (QoL Compilation)","Permanent Neow","Quick Restart","Relic Stats","StSLib","Unceasing Turn Reminder"],"gold_per_floor":[111,111,111,130,150,190,190,190,190,228,252,266,306,331,331,424,424,447,470,144,164,164,205,205,219,219,219,219,233,269,394,394,490,490,504,519,543,513,528,528,569,569,569,607,163,163,177,195,195,195,195,195,30,70,70],"floor_reached":56,"playtime":5962,"items_purged":["Writhe"],"score":2306,"play_id":"b6de74f3-f8be-43b3-814b-5bb807d78a41","local_time":"20201227191636","is_ascension_mode":true,"campfire_choices":[{"data":"Fasting2","floor":7.0,"key":"SMITH"},{"data":"FlyingSleeves","floor":15.0,"key":"SMITH"},{"data":"Establishment","floor":24.0,"key":"SMITH"},{"floor":27.0,"key":"REST"},{"floor":32.0,"key":"REST"},{"data":"TalkToTheHand","floor":40.0,"key":"SMITH"},{"data":"Meditate","floor":42.0,"key":"SMITH"},{"floor":46.0,"key":"REST"},{"floor":49.0,"key":"RECALL"},{"data":"WaveOfTheHand","floor":52.0,"key":"SMITH"}],"circlet_count":0,"master_deck":["AscendersBane","Eruption+1","Vigilance","Indignation","ClearTheMind","CutThroughFate","FlyingSleeves","Fasting2+1","SpiritShield","FlyingSleeves+1","Halt","EmptyBody","ThirdEye","TalkToTheHand+1","TalkToTheHand","DeceiveReality","Establishment+1","Tantrum","SpiritShield","Meditate+1","J.A.X.","JustLucky","FlurryOfBlows+1","FearNoEvil+1","Scrawl","Crescendo","Halt","InnerPeace","Wallop","Tantrum","Vault","Panache","WaveOfTheHand+1"],"relics":["Pandora\u0027s Box","Golden Idol","Akabeko","Pantograph","Art of War","Happy Flower","VioletLotus","Medical Kit","Centennial Puzzle","Orichalcum","Bottled Flame","Regal Pillow","CaptainsWheel","Gremlin Horn","Cursed Key","Smiling Mask","Sundial","Mummified Hand","Blue Candle"],"acts_visited":["Exordium","TheCity","TheBeyond","TheEnding"],"potions_floor_usage":[55,55],"damage_taken":[{"damage":0.0,"enemies":"Small Slimes","floor":1.0,"turns":2.0},{"damage":0.0,"enemies":"2 Louse","floor":4.0,"turns":1.0},{"damage":4.0,"enemies":"Jaw Worm","floor":5.0,"turns":2.0},{"damage":0.0,"enemies":"Gremlin Nob","floor":6.0,"turns":2.0},{"damage":0.0,"enemies":"Lagavulin","floor":10.0,"turns":4.0},{"damage":0.0,"enemies":"Large Slime","floor":12.0,"turns":2.0},{"damage":0.0,"enemies":"3 Sentries","floor":13.0,"turns":5.0},{"damage":9.0,"enemies":"Blue Slaver","floor":14.0,"turns":3.0},{"damage":0.0,"enemies":"Slime Boss","floor":16.0,"turns":3.0},{"damage":0.0,"enemies":"Shell Parasite","floor":18.0,"turns":2.0},{"damage":0.0,"enemies":"Spheric Guardian","floor":19.0,"turns":2.0},{"damage":2.0,"enemies":"Shelled Parasite and Fungi","floor":21.0,"turns":4.0},{"damage":38.0,"enemies":"Gremlin Leader","floor":23.0,"turns":5.0},{"damage":3.0,"enemies":"Centurion and Healer","floor":25.0,"turns":4.0},{"damage":6.0,"enemies":"Cultist and Chosen","floor":29.0,"turns":3.0},{"damage":12.0,"enemies":"Slavers","floor":30.0,"turns":3.0},{"damage":16.0,"enemies":"Colosseum Slavers","floor":31.0,"turns":3.0},{"damage":24.0,"enemies":"Colosseum Nobs","floor":31.0,"turns":6.0},{"damage":0.0,"enemies":"Automaton","floor":33.0,"turns":7.0},{"damage":0.0,"enemies":"3 Shapes","floor":35.0,"turns":2.0},{"damage":0.0,"enemies":"Orb Walker","floor":36.0,"turns":3.0},{"damage":25.0,"enemies":"Jaw Worm Horde","floor":37.0,"turns":3.0},{"damage":21.0,"enemies":"4 Shapes","floor":39.0,"turns":3.0},{"damage":3.0,"enemies":"Reptomancer","floor":41.0,"turns":4.0},{"damage":0.0,"enemies":"Nemesis","floor":44.0,"turns":5.0},{"damage":3.0,"enemies":"Sphere and 2 Shapes","floor":47.0,"turns":3.0},{"damage":3.0,"enemies":"Maw","floor":48.0,"turns":4.0},{"damage":8.0,"enemies":"Time Eater","floor":50.0,"turns":9.0},{"damage":4,"enemies":"Shield and Spear","floor":54,"turns":5},{"damage":54,"enemies":"The Heart","floor":55,"turns":8}],"seed_played":"7000613469228643072","potions_obtained":[{"floor":5.0,"key":"AttackPotion"},{"floor":10.0,"key":"BlessingOfTheForge"},{"floor":14.0,"key":"AttackPotion"},{"floor":16.0,"key":"CultistPotion"},{"floor":21.0,"key":"FearPotion"},{"floor":29.0,"key":"SteroidPotion"},{"floor":33.0,"key":"Regen Potion"},{"floor":35.0,"key":"Fruit Juice"},{"floor":38.0,"key":"AttackPotion"},{"floor":39.0,"key":"Block Potion"},{"floor":47.0,"key":"BottledMiracle"}],"is_trial":false,"path_per_floor":["M","?","?","M","M","E","R","?","T","E","T","M","E","M","R","B",null,"M","M","$","M","?","E","R","M","T","R","?","M","E","?","R","B",null,"M","M","M","?","M","R","E","R","T","E","$","R","M","M","R","B",null,"R","$","E","B",null],"character_chosen":"WATCHER","items_purchased":["Medical Kit","Centennial Puzzle","Tantrum","Vault","Panache","CultistPotion","BlessingOfTheForge"],"campfire_rested":3,"item_purchase_floors":[20,20,45,45,45,53,53],"current_hp_per_floor":[61,61,38,38,34,34,34,39,39,39,39,39,39,30,30,55,69,69,69,69,67,67,29,29,26,26,47,73,67,55,15,51,73,73,73,73,48,53,41,41,38,38,38,38,38,76,73,70,70,70,76,76,76,72,24],"gold":70,"neow_bonus":"BOSS_RELIC","is_daily":false,"chose_seed":false,"campfire_upgraded":6,"win_rate":0.0,"timestamp":1609096596,"path_taken":["M","?","?","M","?","E","R","?","T","E","?","?","E","M","R","BOSS","M","M","$","M","?","E","R","M","T","R","?","?","E","?","R","BOSS","M","M","M","?","M","R","E","R","T","E","$","R","M","M","R","BOSS","R","$","E","BOSS"],"items_purchased_type":["Relic","Relic","Card","Card","Card","Potion","Potion"],"build_version":"2020-12-22","purchased_purges":1,"victory":true,"max_hp_per_floor":[68,68,68,68,68,68,68,73,73,73,73,73,73,73,73,73,73,73,73,73,73,73,73,73,73,73,73,73,73,73,73,73,73,73,73,73,73,78,78,78,78,78,78,78,78,78,78,78,78,78,78,78,78,78,78],"relic_stats":{"Regal Pillow":30,"Happy Flower":[31],"Gremlin Horn":[16,16],"counters":[30,112],"Golden Idol":222,"Blue Candle":[0],"Orichalcum":[36],"Medical Kit":[2],"Cursed Key":1,"Smiling Mask":25,"Centennial Puzzle":[45],"Sundial":[0],"Mummified Hand":[18],"Pantograph":61,"Pandora\u0027s Box":["Indignation","ClearTheMind","CutThroughFate","FlyingSleeves","Worship","Fasting2","SpiritShield","FlyingSleeves"],"VioletLotus":[34],"Art of War":[14],"obtain_stats":[{"Regal Pillow":30,"Happy Flower":13,"Gremlin Horn":31,"Golden Idol":3,"Blue Candle":54,"Orichalcum":23,"Medical Kit":20,"Cursed Key":34,"Smiling Mask":41,"Akabeko":6,"Centennial Puzzle":20,"Bottled Flame":26,"CaptainsWheel":31,"Sundial":43,"Mummified Hand":44,"Pantograph":10,"Pandora\u0027s Box":0,"VioletLotus":17,"Art of War":11,"PureWater":0},{"Regal Pillow":16,"Happy Flower":7,"Gremlin Horn":18,"Golden Idol":1,"Blue Candle":29,"Orichalcum":13,"Medical Kit":11,"Cursed Key":19,"Smiling Mask":24,"Akabeko":4,"Centennial Puzzle":11,"Bottled Flame":14,"CaptainsWheel":18,"Sundial":24,"Mummified Hand":25,"Pantograph":5,"Pandora\u0027s Box":0,"VioletLotus":9,"Art of War":5,"PureWater":0},{"Regal Pillow":47,"Happy Flower":18,"Gremlin Horn":56,"Golden Idol":2,"Blue Candle":104,"Orichalcum":37,"Medical Kit":28,"Cursed Key":63,"Smiling Mask":78,"Akabeko":7,"Centennial Puzzle":28,"Bottled Flame":41,"CaptainsWheel":56,"Sundial":78,"Mummified Hand":83,"Pantograph":11,"Pandora\u0027s Box":0,"VioletLotus":24,"Art of War":11,"PureWater":0}]},"card_choices":[{"not_picked":["EmptyBody","EmptyFist"],"picked":"Halt","floor":1.0},{"not_picked":["EmptyFist","FollowUp"],"picked":"EmptyBody","floor":4.0},{"not_picked":["CrushJoints","Halt"],"picked":"ThirdEye","floor":5.0},{"not_picked":["WaveOfTheHand","ClearTheMind","BattleHymn"],"picked":"SKIP","floor":6.0},{"not_picked":["ClearTheMind","Swivel"],"picked":"TalkToTheHand","floor":10.0},{"not_picked":["Scrawl","InnerPeace"],"picked":"TalkToTheHand","floor":12.0},{"not_picked":["Worship","CrushJoints"],"picked":"DeceiveReality","floor":13.0},{"not_picked":["FlyingSleeves","DeceiveReality","ThirdEye"],"picked":"SKIP","floor":14.0},{"not_picked":["ConjureBlade","DevaForm"],"picked":"Establishment","floor":16.0},{"not_picked":["Weave","Halt"],"picked":"Tantrum","floor":18.0},{"not_picked":["EmptyBody","Protect"],"picked":"SpiritShield","floor":19.0},{"not_picked":["InnerPeace","Evaluate"],"picked":"Meditate","floor":21.0},{"not_picked":["Study","InnerPeace","Crescendo"],"picked":"SKIP","floor":23.0},{"not_picked":["EmptyFist","CrushJoints"],"picked":"JustLucky","floor":25.0},{"not_picked":["PathToVictory+1","Evaluate"],"picked":"FlurryOfBlows+1","floor":29.0},{"not_picked":["CrushJoints","SpiritShield","MasterReality"],"picked":"SKIP","floor":30.0},{"not_picked":["Perseverance+1","CutThroughFate"],"picked":"FearNoEvil+1","floor":31.0},{"not_picked":["Vault","ConjureBlade"],"picked":"Scrawl","floor":33.0},{"not_picked":["SashWhip","Evaluate+1"],"picked":"Crescendo","floor":35.0},{"not_picked":["Protect","SignatureMove"],"picked":"Halt","floor":36.0},{"not_picked":["FollowUp","ConjureBlade","FlyingSleeves"],"picked":"SKIP","floor":37.0},{"not_picked":["ForeignInfluence+1","CutThroughFate+1","FearNoEvil"],"picked":"SKIP","floor":39.0},{"not_picked":["Conclude","FollowUp"],"picked":"InnerPeace","floor":41.0},{"not_picked":["EmptyFist+1","WaveOfTheHand"],"picked":"Wallop","floor":44.0},{"not_picked":["CutThroughFate","JustLucky","Prostrate+1"],"picked":"SKIP","floor":47.0},{"not_picked":["EmptyBody","Consecrate"],"picked":"WaveOfTheHand","floor":48.0},{"not_picked":["BowlingBash+1","LikeWater+1","Prostrate"],"picked":"SKIP","floor":54}],"player_experience":980399,"relics_obtained":[{"floor":6.0,"key":"Akabeko"},{"floor":10.0,"key":"Pantograph"},{"floor":11.0,"key":"Art of War"},{"floor":13.0,"key":"Happy Flower"},{"floor":23.0,"key":"Orichalcum"},{"floor":26.0,"key":"Bottled Flame"},{"floor":30.0,"key":"Regal Pillow"},{"floor":31.0,"key":"CaptainsWheel"},{"floor":31.0,"key":"Gremlin Horn"},{"floor":41.0,"key":"Smiling Mask"},{"floor":43.0,"key":"Sundial"},{"floor":44.0,"key":"Mummified Hand"},{"floor":54,"key":"Blue Candle"}],"event_choices":[{"damage_healed":0.0,"max_hp_gain":0.0,"max_hp_loss":0.0,"gold_gain":0.0,"event_name":"Living Wall","player_choice":"Grow","floor":2.0,"gold_loss":0.0,"damage_taken":0.0,"cards_upgraded":["Eruption"]},{"damage_healed":0.0,"max_hp_gain":0.0,"max_hp_loss":0.0,"gold_gain":0.0,"event_name":"Golden Idol","player_choice":"Take Damage","floor":3.0,"gold_loss":0.0,"damage_taken":23.0,"relics_obtained":["Golden Idol"]},{"damage_healed":0.0,"max_hp_gain":5.0,"max_hp_loss":0.0,"gold_gain":0.0,"event_name":"Big Fish","player_choice":"Donut","floor":8.0,"gold_loss":0.0,"damage_taken":0.0},{"damage_healed":0.0,"max_hp_gain":0.0,"max_hp_loss":0.0,"gold_gain":0.0,"event_name":"Drug Dealer","player_choice":"Obtain J.A.X.","floor":22.0,"gold_loss":0.0,"damage_taken":0.0,"cards_obtained":["J.A.X."]},{"cards_removed":["Worship"],"damage_healed":26.0,"max_hp_gain":0.0,"max_hp_loss":0.0,"gold_gain":0.0,"event_name":"Bonfire Elementals","player_choice":"Offered Uncommon","floor":28.0,"gold_loss":0.0,"damage_taken":0.0},{"damage_healed":0.0,"max_hp_gain":0.0,"max_hp_loss":0.0,"gold_gain":0.0,"event_name":"Colosseum","player_choice":"Fight","floor":31.0,"gold_loss":0.0,"damage_taken":0.0},{"damage_healed":0.0,"max_hp_gain":0.0,"max_hp_loss":0.0,"gold_gain":0.0,"event_name":"Colosseum","player_choice":"Fought Nobs","floor":31.0,"gold_loss":0.0,"damage_taken":0.0},{"damage_healed":0.0,"max_hp_gain":0.0,"max_hp_loss":0.0,"gold_gain":0.0,"event_name":"The Woman in Blue","player_choice":"Bought 2 Potions","floor":38.0,"gold_loss":0.0,"damage_taken":0.0}],"is_beta":false,"boss_relics":[{"not_picked":["Empty Cage","Ectoplasm"],"picked":"VioletLotus"},{"not_picked":["Tiny House","Black Star"],"picked":"Cursed Key"}],"items_purged_floors":[45],"is_endless":false,"potions_floor_spawned":[5,10,14,16,21,29,31,33,35,39,47],"ascension_level":16}}