{"host":"dhyczjm99amxd3qx","time":1609097510,"event":{"mods":["BaseMod","Colored Map","Googly Eyes","Highlight Path","Minty Spire (QoL Compilation)","Quick Restart","StSLib"],"gold_per_floor":[110,110,120,120,133,164,174,174,174,185,204,223,258,272,272,372,372,389,389,389,405,418,418,450,6,31,48,68,68,87,114,114,211,211,225,225,244,519,535,535,535,567,590,49,79,95,115,115,115,115],"floor_reached":51,"playtime":4221,"items_purged":["Strike_B","Regret"],"score":788,"play_id":"77ba9bdb-dcc1-4856-b83e-7b3bb1631e30","local_time":"20201227143150","is_ascension_mode":false,"campfire_choices":[{"data":"Zap","floor":15.0,"key":"SMITH"},{"floor":23.0,"key":"REST"},{"floor":29.0,"key":"REST"},{"floor":32.0,"key":"REST"},{"floor":41.0,"key":"REST"},{"floor":49.0,"key":"REST"}],"circlet_count":0,"master_deck":["Strike_B","Strike_B","Defend_B","Defend_B","Defend_B","Zap+1","Chill","Redo","Echo Form","Chaos","Cold Snap","Beam Cell","Defend_B","Turbo","Doom and Gloom","Compile Driver","Creative AI","BootSequence","Cold Snap+1","Fission","Self Repair","Defragment","Electrodynamics","Panache","Coolheaded+1","Glacier","Chill+1"],"relics":["Cracked Core","White Beast Statue","Bottled Tornado","Bag of Preparation","Fusion Hammer","MutagenicStrength","FaceOfCleric","Mercury Hourglass","Unceasing Top","Vajra","Bronze Scales","Nuclear Battery","Boot","MealTicket","Calipers","Anchor","TungstenRod"],"acts_visited":["Exordium","TheCity","TheBeyond"],"potions_floor_usage":[50,50,50],"damage_taken":[{"damage":0.0,"enemies":"Small Slimes","floor":1.0,"turns":4.0},{"damage":0.0,"enemies":"Cultist","floor":3.0,"turns":3.0},{"damage":8.0,"enemies":"2 Louse","floor":5.0,"turns":3.0},{"damage":10.0,"enemies":"Lagavulin","floor":6.0,"turns":6.0},{"damage":6.0,"enemies":"Red Slaver","floor":7.0,"turns":3.0},{"damage":5.0,"enemies":"Blue Slaver","floor":10.0,"turns":4.0},{"damage":1.0,"enemies":"Exordium Wildlife","floor":11.0,"turns":3.0},{"damage":3.0,"enemies":"Red Slaver","floor":12.0,"turns":4.0},{"damage":4.0,"enemies":"3 Sentries","floor":13.0,"turns":4.0},{"damage":7.0,"enemies":"3 Louse","floor":14.0,"turns":3.0},{"damage":0.0,"enemies":"Slime Boss","floor":16.0,"turns":5.0},{"damage":25.0,"enemies":"2 Thieves","floor":18.0,"turns":3.0},{"damage":0.0,"enemies":"3 Byrds","floor":21.0,"turns":4.0},{"damage":9.0,"enemies":"Snake Plant","floor":22.0,"turns":3.0},{"damage":15.0,"enemies":"Book of Stabbing","floor":24.0,"turns":5.0},{"damage":9.0,"enemies":"Snecko","floor":27.0,"turns":4.0},{"damage":0.0,"enemies":"Centurion and Healer","floor":28.0,"turns":3.0},{"damage":2.0,"enemies":"Snake Plant","floor":30.0,"turns":3.0},{"damage":15.0,"enemies":"Gremlin Leader","floor":31.0,"turns":5.0},{"damage":41.0,"enemies":"Champ","floor":33.0,"turns":10.0},{"damage":15.0,"enemies":"3 Shapes","floor":35.0,"turns":2.0},{"damage":2.0,"enemies":"3 Darklings","floor":37.0,"turns":2.0},{"damage":60.0,"enemies":"Transient","floor":39.0,"turns":5.0},{"damage":63.0,"enemies":"Nemesis","floor":42.0,"turns":7.0},{"damage":3.0,"enemies":"Giant Head","floor":45.0,"turns":9.0},{"damage":3.0,"enemies":"Maw","floor":46.0,"turns":8.0},{"damage":0.0,"enemies":"Jaw Worm Horde","floor":47.0,"turns":2.0},{"damage":60,"enemies":"Awakened One","floor":50,"turns":16}],"seed_played":"-8621568017140603367","potions_obtained":[{"floor":1.0,"key":"EssenceOfDarkness"},{"floor":5.0,"key":"ColorlessPotion"},{"floor":6.0,"key":"PowerPotion"},{"floor":7.0,"key":"BlessingOfTheForge"},{"floor":10.0,"key":"SkillPotion"},{"floor":11.0,"key":"Fruit Juice"},{"floor":12.0,"key":"ColorlessPotion"},{"floor":13.0,"key":"DuplicationPotion"},{"floor":14.0,"key":"GamblersBrew"},{"floor":16.0,"key":"FearPotion"},{"floor":18.0,"key":"SpeedPotion"},{"floor":22.0,"key":"SpeedPotion"},{"floor":24.0,"key":"EssenceOfDarkness"},{"floor":27.0,"key":"PotionOfCapacity"},{"floor":28.0,"key":"DistilledChaos"},{"floor":30.0,"key":"DuplicationPotion"},{"floor":31.0,"key":"Regen Potion"},{"floor":33.0,"key":"PotionOfCapacity"},{"floor":37.0,"key":"DistilledChaos"},{"floor":39.0,"key":"Dexterity Potion"},{"floor":42.0,"key":"Weak Potion"},{"floor":45.0,"key":"Block Potion"}],"is_trial":false,"path_per_floor":["M","?","M","?","M","E","M","?","T","M","M","M","E","M","R","B",null,"M","?","?","M","M","R","E","$","T","M","M","R","M","E","R","B",null,"M","?","M","?","M","?","R","E","T","$","E","M","M","?","R","B",null],"character_chosen":"DEFECT","items_purchased":["Unceasing Top","Self Repair","Calipers","Anchor"],"campfire_rested":5,"item_purchase_floors":[25,25,44,44],"current_hp_per_floor":[75,68,68,68,60,50,44,44,44,39,43,40,36,29,29,29,80,55,55,55,56,48,72,58,58,58,64,72,85,86,86,87,47,88,74,74,73,73,21,80,80,32,32,47,59,78,84,84,84,31],"gold":115,"neow_bonus":"THREE_CARDS","is_daily":false,"chose_seed":false,"campfire_upgraded":1,"win_rate":0.0,"timestamp":1609097510,"path_taken":["M","?","M","?","M","E","?","?","T","M","M","M","E","?","R","BOSS","M","?","?","M","M","R","E","$","T","M","M","R","M","E","R","BOSS","M","?","M","?","?","?","R","E","T","$","E","M","M","?","R","BOSS"],"items_purchased_type":["Relic","Card","Relic","Relic"],"build_version":"2020-12-22","purchased_purges":2,"victory":true,"max_hp_per_floor":[75,75,75,75,75,75,75,75,75,75,80,80,80,80,80,80,80,80,80,80,81,82,82,83,83,83,84,85,85,86,87,87,88,88,89,89,90,90,91,80,80,81,81,81,82,83,84,84,84,85],"card_choices":[{"not_picked":["Gash","Storm"],"picked":"Chill","floor":0.0},{"not_picked":["Recycle","Coolheaded"],"picked":"Redo","floor":1.0},{"not_picked":["Storm","Beam Cell"],"picked":"Echo Form","floor":3.0},{"not_picked":["Rip and Tear","Rebound"],"picked":"Chaos","floor":5.0},{"not_picked":["Hello World","FTL"],"picked":"Cold Snap","floor":6.0},{"not_picked":["Melter","Tempest"],"picked":"Beam Cell","floor":7.0},{"not_picked":["Rebound","Undo","Streamline"],"picked":"SKIP","floor":10.0},{"not_picked":["Gash","Hologram"],"picked":"Turbo","floor":11.0},{"not_picked":["Recycle","Conserve Battery"],"picked":"Doom and Gloom","floor":12.0},{"not_picked":["Storm","Stack"],"picked":"Compile Driver","floor":13.0},{"not_picked":["Coolheaded","Amplify","Redo"],"picked":"SKIP","floor":14.0},{"not_picked":["All For One","Amplify"],"picked":"Creative AI","floor":16.0},{"not_picked":["Undo","Compile Driver+1"],"picked":"BootSequence","floor":18.0},{"not_picked":["Sweeping Beam","Rip and Tear+1"],"picked":"Cold Snap+1","floor":21.0},{"not_picked":["Rebound","Beam Cell","Hologram"],"picked":"SKIP","floor":22.0},{"not_picked":["Turbo","Ball Lightning+1"],"picked":"Fission","floor":24.0},{"not_picked":["Reprogram","Streamline+1","Hello World"],"picked":"SKIP","floor":27.0},{"not_picked":["Conserve Battery+1","Sweeping Beam","Hologram"],"picked":"SKIP","floor":28.0},{"not_picked":["Gash","Leap","Stack"],"picked":"SKIP","floor":30.0},{"not_picked":["Rebound","Core Surge"],"picked":"Defragment","floor":31.0},{"not_picked":["Meteor Strike","Buffer"],"picked":"Electrodynamics","floor":33.0},{"not_picked":["Steam Power+1","Coolheaded","Cold Snap"],"picked":"SKIP","floor":35.0},{"not_picked":["Jack Of All Trades","HandOfGreed"],"picked":"Panache","floor":36.0},{"not_picked":["Leap+1","Rip and Tear+1"],"picked":"Coolheaded+1","floor":37.0},{"not_picked":["Leap","Ball Lightning"],"picked":"Self Repair","floor":39.0},{"not_picked":["Sunder+1","Gash+1"],"picked":"Glacier","floor":42.0},{"not_picked":["Rebound","Steam+1"],"picked":"Chill+1","floor":45.0},{"not_picked":["Compile Driver","Barrage","Coolheaded+1"],"picked":"SKIP","floor":46.0},{"not_picked":["Leap","Echo Form","Stack+1"],"picked":"SKIP","floor":47.0}],"player_experience":97870,"relics_obtained":[{"floor":6.0,"key":"White Beast Statue"},{"floor":9.0,"key":"Bottled Tornado"},{"floor":13.0,"key":"Bag of Preparation"},{"floor":24.0,"key":"Mercury Hourglass"},{"floor":26.0,"key":"Vajra"},{"floor":31.0,"key":"Bronze Scales"},{"floor":42.0,"key":"Boot"},{"floor":43.0,"key":"MealTicket"},{"floor":45.0,"key":"TungstenRod"}],"event_choices":[{"cards_removed":["Defend_B"],"damage_healed":0.0,"max_hp_gain":0.0,"max_hp_loss":0.0,"gold_gain":0.0,"event_name":"Golden Wing","player_choice":"Card Removal","floor":2.0,"gold_loss":0.0,"damage_taken":7.0},{"cards_removed":["Dualcast"],"damage_healed":0.0,"max_hp_gain":0.0,"max_hp_loss":0.0,"gold_gain":0.0,"event_name":"Purifier","player_choice":"Purged","floor":4.0,"gold_loss":0.0,"damage_taken":0.0},{"cards_removed":["Strike_B"],"damage_healed":0.0,"max_hp_gain":0.0,"max_hp_loss":0.0,"gold_gain":0.0,"event_name":"NoteForYourself","player_choice":"Took Card","floor":8.0,"gold_loss":0.0,"damage_taken":0.0,"cards_obtained":["Defend_B"]},{"damage_healed":0.0,"max_hp_gain":0.0,"max_hp_loss":0.0,"gold_gain":0.0,"event_name":"Drug Dealer","player_choice":"Inject Mutagens","floor":19.0,"gold_loss":0.0,"damage_taken":0.0,"relics_obtained":["MutagenicStrength"]},{"damage_healed":0.0,"max_hp_gain":0.0,"max_hp_loss":0.0,"gold_gain":0.0,"event_name":"FaceTrader","player_choice":"Trade","floor":20.0,"gold_loss":0.0,"damage_taken":0.0,"relics_obtained":["FaceOfCleric"]},{"damage_healed":0.0,"max_hp_gain":0.0,"max_hp_loss":0.0,"gold_gain":0.0,"event_name":"SensoryStone","player_choice":"Memory 1","floor":36.0,"gold_loss":0.0,"damage_taken":0.0},{"damage_healed":0.0,"max_hp_gain":0.0,"max_hp_loss":0.0,"gold_gain":275.0,"event_name":"Golden Shrine","player_choice":"Desecrate","floor":38.0,"gold_loss":0.0,"damage_taken":0.0,"cards_obtained":["Regret"]},{"damage_healed":80.0,"max_hp_gain":0.0,"max_hp_loss":11.0,"gold_gain":0.0,"event_name":"The Moai Head","player_choice":"Heal","floor":40.0,"gold_loss":0.0,"damage_taken":0.0},{"cards_removed":["Self Repair"],"damage_healed":0.0,"max_hp_gain":0.0,"max_hp_loss":0.0,"gold_gain":0.0,"event_name":"Falling","player_choice":"Removed Power","floor":48.0,"gold_loss":0.0,"damage_taken":0.0}],"is_beta":false,"boss_relics":[{"not_picked":["Runic Dome","Velvet Choker"],"picked":"Fusion Hammer"},{"not_picked":["Snecko Eye","SacredBark"],"picked":"Nuclear Battery"}],"items_purged_floors":[25,44],"is_endless":false,"potions_floor_spawned":[1,5,6,7,10,11,12,13,14,16,18,21,22,24,27,28,30,31,33,35,37,39,42,45,46,47],"ascension_level":0}}