{"host":"newqdrzxfhh2im9e","time":1609049291,"event":{"mods":["AchievementEnabler","BaseMod","BetterRewards","Block Reminder","Colored Map","Jorbs\u0027s Wanderer Trilogy","Minty Spire (QoL Compilation)","Rare Cards Sparkle","Shop Mod","StSLib"],"gold_per_floor":[117,143,159,172,13,42,52,69,69,69,34,34,60,75,75,176,176,194,194,194,206,218,218,246,246,246,246,246],"floor_reached":27,"playtime":932,"items_purged":[],"score":279,"play_id":"055a8255-d353-4aaa-a0e2-63aef128b775","local_time":"20201226220811","is_ascension_mode":true,"campfire_choices":[{"data":"Hyperbeam","floor":10,"key":"SMITH"},{"data":"Sunder","floor":12,"key":"SMITH"},{"data":"Lockon","floor":15,"key":"SMITH"},{"floor":23,"key":"REST"},{"floor":25,"key":"REST"}],"circlet_count":0,"master_deck":["Strike_B","Strike_B","Strike_B","Strike_B","Defend_B","Defend_B","Defend_B","Defend_B","Zap","Dualcast","Genetic Algorithm","Sweeping Beam","Hyperbeam+1","Capacitor","Conserve Battery","Redo","Lockon+1","Sunder+1","Self Repair","Compile Driver","Core Surge","Go for the Eyes+1","RitualDagger","Blizzard","Reprogram+1","Rip and Tear"],"relics":["Cracked Core","NeowsBlessing","Toy Ornithopter","Regal Pillow","Lantern","MealTicket","SlaversCollar","Enchiridion","Art of War","CaptainsWheel"],"acts_visited":["Exordium","TheCity"],"potions_floor_usage":[6,16,16,21,22,22,22,22,22],"damage_taken":[{"damage":0,"enemies":"Cultist","floor":1,"turns":1},{"damage":0,"enemies":"Small Slimes","floor":3,"turns":1},{"damage":0,"enemies":"2 Louse","floor":4,"turns":1},{"damage":13,"enemies":"3 Sentries","floor":6,"turns":4},{"damage":0,"enemies":"Large Slime","floor":7,"turns":3},{"damage":9,"enemies":"2 Fungi Beasts","floor":8,"turns":2},{"damage":32,"enemies":"Lagavulin","floor":13,"turns":5},{"damage":2,"enemies":"Red Slaver","floor":14,"turns":2},{"damage":56,"enemies":"The Guardian","floor":16,"turns":14},{"damage":36,"enemies":"3 Byrds","floor":18,"turns":5},{"damage":17,"enemies":"Spheric Guardian","floor":21,"turns":4},{"damage":33,"enemies":"Snecko","floor":22,"turns":5},{"damage":52,"enemies":"Slavers","floor":24,"turns":5},{"damage":70,"enemies":"Book of Stabbing","floor":27,"turns":6}],"seed_played":"-3029649157508160186","potions_obtained":[{"floor":1,"key":"SpeedPotion"},{"floor":4,"key":"Fire Potion"},{"floor":7,"key":"Swift Potion"},{"floor":8,"key":"Ancient Potion"},{"floor":18,"key":"Strength Potion"},{"floor":21,"key":"EntropicBrew"}],"is_trial":false,"path_per_floor":["M","T","M","M","$","E","M","M","T","R","?","R","E","M","R","B",null,"M","?","?","M","M","R","E","R","T","E"],"character_chosen":"DEFECT","items_purchased":["Capacitor","Conserve Battery","Redo"],"campfire_rested":2,"item_purchase_floors":[5,5,5],"current_hp_per_floor":[75,75,75,75,75,62,62,53,53,53,71,71,46,51,51,12,75,46,40,24,12,25,62,17,54,54,0,0],"gold":246,"neow_bonus":"THREE_ENEMY_KILL","is_daily":false,"chose_seed":false,"campfire_upgraded":3,"win_rate":0.0,"timestamp":1609049291,"path_taken":["M","?","M","M","$","E","M","M","T","R","?","R","E","M","R","BOSS","M","?","?","M","M","R","E","R","T","E"],"items_purchased_type":["Card","Card","Card"],"build_version":"2020-12-22","purchased_purges":0,"victory":false,"max_hp_per_floor":[75,75,75,75,75,75,75,75,75,75,75,75,75,75,75,75,75,75,75,75,75,75,75,75,75,75,75,75],"card_choices":[{"not_picked":["Turbo","Cold Snap"],"picked":"Genetic Algorithm","floor":1},{"not_picked":["Reprogram","Beam Cell"],"picked":"Sweeping Beam","floor":3},{"not_picked":["Coolheaded","Leap"],"picked":"Hyperbeam","floor":4},{"not_picked":["Conserve Battery","Steam"],"picked":"Lockon","floor":6},{"not_picked":["White Noise","Static Discharge"],"picked":"Sunder","floor":7},{"not_picked":["Hello World","BootSequence"],"picked":"Self Repair","floor":8},{"not_picked":["Barrage","Conserve Battery"],"picked":"Compile Driver","floor":13},{"not_picked":["Steam","Recycle","Reprogram"],"picked":"SKIP","floor":14},{"not_picked":["Reboot","Machine Learning"],"picked":"Core Surge","floor":16},{"not_picked":["Genetic Algorithm","Sweeping Beam"],"picked":"Go for the Eyes+1","floor":18},{"not_picked":["Reprogram","Chill"],"picked":"Blizzard","floor":21},{"not_picked":["Redo+1","Conserve Battery"],"picked":"Reprogram+1","floor":22},{"not_picked":["Beam Cell","Gash"],"picked":"Rip and Tear","floor":24}],"player_experience":644389,"relics_obtained":[{"floor":2,"key":"Toy Ornithopter"},{"floor":6,"key":"Regal Pillow"},{"floor":9,"key":"Lantern"},{"floor":13,"key":"MealTicket"},{"floor":20,"key":"Enchiridion"},{"floor":24,"key":"Art of War"},{"floor":26,"key":"CaptainsWheel"}],"event_choices":[{"damage_healed":18,"gold_gain":0,"player_choice":"Healed","damage_taken":0,"max_hp_gain":0,"max_hp_loss":0,"event_name":"The Cleric","floor":11,"gold_loss":35},{"damage_healed":0,"gold_gain":0,"player_choice":"Joined the Cult","damage_taken":6,"max_hp_gain":0,"max_hp_loss":0,"event_name":"Nest","floor":19,"gold_loss":0,"cards_obtained":["RitualDagger"]},{"damage_healed":0,"gold_gain":0,"player_choice":"Obtained Book","damage_taken":16,"max_hp_gain":0,"max_hp_loss":0,"event_name":"Cursed Tome","floor":20,"gold_loss":0}],"is_beta":false,"boss_relics":[{"not_picked":["SacredBark","Snecko Eye"],"picked":"SlaversCollar"}],"items_purged_floors":[],"is_endless":false,"potions_floor_spawned":[1,4,7,8,18,21],"killed_by":"Book of Stabbing","ascension_level":3}}