{"host":"a464imauj9yqom7y","time":1609071155,"event":{"mods":["AchievementEnabler","BaseMod","Better Altar","Better Match","Better Note","Better Sensory Stone","Better Skull","BetterRewards","Colored Map","Colored Powertips","Hubris","Minty Spire (QoL Compilation)","Rare Cards Sparkle","Shade Mod","StSLib"],"gold_per_floor":[109,109,122,142,154,154,165,188,213,213,288,288,299,316,316,411,411,321,335,355,355,374,374,385,396,696,696,656,656,671,684,684,783,783,801,818,838,850,850,862,862,872,872,872,872,872],"floor_reached":45,"playtime":3214,"items_purged":[],"score":465,"play_id":"54e8f1de-1f72-41aa-8df0-e9ddba838d33","local_time":"20201227061235","is_ascension_mode":false,"campfire_choices":[{"data":"Shade:AnimateDead","floor":6.0,"key":"SMITH"},{"floor":12.0,"key":"REST"},{"data":"Shade:CoffinDance","floor":15.0,"key":"SMITH"},{"floor":23,"key":"REST"},{"floor":27,"key":"REST"},{"floor":29,"key":"REST"},{"floor":32,"key":"REST"},{"floor":41,"key":"REST"}],"circlet_count":0,"master_deck":["Shade:Strike_Shade","Shade:Strike_Shade+1","Shade:Strike_Shade","Shade:Strike_Shade","Shade:Defend_Shade","Shade:Defend_Shade","Shade:Defend_Shade","Shade:Defend_Shade","Shade:AnimateDead+1","Shade:CarefulCut","Shade:Brains+1","Shade:CoffinDance+1","Shade:AuraOfUnlife","Shade:WallOfFlesh","Shade:Premonition","Shade:ScuttlingHand","Shade:CommandSoldier","Shade:GraveStillness+1","Shade:UnbarTheGrave","Shade:ExtraLimbs","Shade:SpectralStrikes","Shade:Carnophage","Shade:OpenGraves+1","Shade:Brains+1","Shade:SkeletonArmy","Shade:TouchOfTheGrave+1","Shade:Bonestorm","Shade:ExtraLimbs","Shade:GraveStillness+1","Shade:FuneraryArmor+1","Shade:FleshToFlesh","Shade:DarkOfNight","Shade:FreshBones","Shade:FuneraryJewels+1","Shade:Brains+1","Shade:LyeBath","Shade:Brains+1","Shade:Trample+1","Shade:FeralStrike+1","Shade:AnimateDead+1"],"relics":["Shade:YorickSkull","NeowsBlessing","Dream Catcher","Anchor","SlaversCollar","Old Coin","Fusion Hammer","Meat on the Bone"],"acts_visited":["Exordium","TheCity","TheBeyond"],"potions_floor_usage":[33,33,37,37,38,40,42,42],"damage_taken":[{"damage":0.0,"enemies":"Cultist","floor":1.0,"turns":1.0},{"damage":0.0,"enemies":"2 Louse","floor":3.0,"turns":1.0},{"damage":0.0,"enemies":"Small Slimes","floor":4.0,"turns":1.0},{"damage":1.0,"enemies":"2 Fungi Beasts","floor":5.0,"turns":4.0},{"damage":8.0,"enemies":"Gremlin Gang","floor":7.0,"turns":8.0},{"damage":0.0,"enemies":"Exordium Wildlife","floor":13.0,"turns":4.0},{"damage":0.0,"enemies":"Looter","floor":14.0,"turns":4.0},{"damage":41.0,"enemies":"Slime Boss","floor":16.0,"turns":18.0},{"damage":10.0,"enemies":"2 Thieves","floor":18.0,"turns":5.0},{"damage":13.0,"enemies":"Chosen","floor":19.0,"turns":6.0},{"damage":14.0,"enemies":"Shelled Parasite and Fungi","floor":20.0,"turns":9.0},{"damage":5,"enemies":"Centurion and Healer","floor":22,"turns":14},{"damage":5,"enemies":"Snake Plant","floor":24,"turns":6},{"damage":19,"enemies":"Sentry and Sphere","floor":25,"turns":9},{"damage":0,"enemies":"Snecko","floor":30,"turns":6},{"damage":17,"enemies":"Snake Plant","floor":31,"turns":6},{"damage":41,"enemies":"Automaton","floor":33,"turns":11},{"damage":21,"enemies":"3 Shapes","floor":35,"turns":4},{"damage":0,"enemies":"Orb Walker","floor":36,"turns":4},{"damage":21,"enemies":"Transient","floor":37,"turns":5},{"damage":4,"enemies":"4 Shapes","floor":38,"turns":6},{"damage":9,"enemies":"Jaw Worm Horde","floor":40,"turns":7},{"damage":26,"enemies":"Spire Growth","floor":42,"turns":7},{"damage":7,"enemies":"4 Shapes","floor":45,"turns":4}],"seed_played":"6868689460573566889","potions_obtained":[{"floor":2.0,"key":"FearPotion"},{"floor":2.0,"key":"SmokeBomb"},{"floor":2.0,"key":"SteroidPotion"},{"floor":5.0,"key":"DistilledChaos"},{"floor":7.0,"key":"SpeedPotion"},{"floor":16.0,"key":"PowerPotion"},{"floor":19.0,"key":"SpeedPotion"},{"floor":22,"key":"SteroidPotion"},{"floor":33,"key":"Dexterity Potion"},{"floor":35,"key":"Dexterity Potion"},{"floor":37,"key":"DuplicationPotion"},{"floor":38,"key":"SneckoOil"},{"floor":40,"key":"EssenceOfSteel"}],"is_trial":false,"path_per_floor":["M","?","M","M","M","R","M","T","T","$","?","R","M","M","R","B",null,"M","M","M","?","M","R","M","M","T","R","?","R","M","M","R","B",null,"M","M","M","M","?","M","R","M","T","?","M"],"character_chosen":"SHADE","items_purchased":[],"campfire_rested":6,"item_purchase_floors":[],"current_hp_per_floor":[65,65,65,65,64,64,56,56,56,56,45,64,64,64,64,23,65,55,42,28,28,23,42,37,18,18,37,37,56,56,39,58,17,65,44,44,23,19,19,10,29,3,3,3,0,0],"gold":872,"neow_bonus":"THREE_ENEMY_KILL","is_daily":false,"chose_seed":false,"campfire_upgraded":2,"win_rate":0.0,"timestamp":1609071155,"path_taken":["M","?","?","M","M","R","M","?","T","$","?","R","M","M","R","BOSS","M","M","M","?","M","R","M","M","T","R","?","R","?","M","R","BOSS","M","M","M","M","?","?","R","M","T","?","M"],"items_purchased_type":[],"build_version":"2020-12-22","purchased_purges":0,"victory":false,"max_hp_per_floor":[65,65,65,65,65,65,65,65,65,65,65,65,65,65,65,65,65,65,65,65,65,65,65,65,65,65,65,65,65,65,65,65,65,65,65,65,65,65,65,65,65,65,65,65,65,65],"card_choices":[{"not_picked":["Shade:Bonestorm","Shade:SanguineRitual"],"picked":"Shade:Brains","floor":1.0},{"not_picked":["Shade:FuneraryJewels","Shade:ClawBack"],"picked":"Shade:CoffinDance","floor":3.0},{"not_picked":["Shade:Trample","Shade:FleshOffering"],"picked":"Shade:AuraOfUnlife","floor":4.0},{"not_picked":["Shade:Patience","Shade:ExtraLimbs"],"picked":"Shade:WallOfFlesh","floor":5.0},{"not_picked":["Shade:SoulPierce","Shade:BoneShards"],"picked":"Shade:Premonition","floor":7.0},{"not_picked":["Shade:Awaken","Shade:AncientSpear"],"picked":"Shade:ScuttlingHand","floor":12.0},{"not_picked":["Shade:Bonestorm","Shade:SanguineRitual"],"picked":"Shade:CommandSoldier","floor":13.0},{"not_picked":["Shade:OneIsEnough","Shade:FuneraryJewels"],"picked":"Shade:GraveStillness","floor":14.0},{"not_picked":["Shade:DarkOfNight","Shade:Coordination"],"picked":"Shade:UnbarTheGrave","floor":16.0},{"not_picked":["Shade:StitchTogether","Shade:Bite_Shade"],"picked":"Shade:ExtraLimbs","floor":18.0},{"not_picked":["Shade:Frenzy+1","Shade:CommandSoldier"],"picked":"Shade:SpectralStrikes","floor":19.0},{"not_picked":["Shade:Excise","Shade:BoneShards+1"],"picked":"Shade:Carnophage","floor":20.0},{"not_picked":["Shade:ClawBack","Shade:Bonestorm"],"picked":"Shade:OpenGraves+1","floor":22},{"not_picked":["Shade:Patience","Shade:AncientSpear"],"picked":"Shade:Brains+1","floor":23},{"not_picked":["Shade:Brains","Shade:SkeletonHug"],"picked":"Shade:SkeletonArmy","floor":24},{"not_picked":["Shade:Tombstone","Shade:GraveStillness"],"picked":"Shade:TouchOfTheGrave+1","floor":25},{"not_picked":["Shade:TouchOfTheGrave","Shade:Asphyxiate"],"picked":"Shade:Bonestorm","floor":27},{"not_picked":["Shade:Frenzy","Shade:AncientSpear+1"],"picked":"Shade:ExtraLimbs","floor":29},{"not_picked":["Shade:CallOfTheGrave","Shade:Brains"],"picked":"Shade:GraveStillness+1","floor":30},{"not_picked":["Shade:FleshToFlesh","Shade:OpenGraves"],"picked":"Shade:FuneraryArmor+1","floor":31},{"not_picked":["Shade:LoseControl","Shade:GreyBargain"],"picked":"Shade:FleshToFlesh","floor":32},{"not_picked":["Shade:Consume","Shade:SelfBurial"],"picked":"Shade:DarkOfNight","floor":33},{"not_picked":["Shade:Patience+1","Shade:RitualOffering+1"],"picked":"Shade:FreshBones","floor":35},{"not_picked":["Shade:AuraOfUnlife","Shade:CommandSoldier"],"picked":"Shade:FuneraryJewels+1","floor":36},{"not_picked":["Shade:CommandSoldier","Shade:FleshToFlesh"],"picked":"Shade:Brains+1","floor":37},{"not_picked":["Shade:DangerousRitual+1","Shade:ExtraLimbs"],"picked":"Shade:LyeBath","floor":38},{"not_picked":["Shade:Frenzy","Shade:FleshToFlesh"],"picked":"Shade:Brains+1","floor":40},{"not_picked":["Shade:AncientSpear","Shade:SelfBurial"],"picked":"Shade:Trample+1","floor":41},{"not_picked":["Shade:ClawBack","Shade:CallOfTheGrave+1"],"picked":"Shade:FeralStrike+1","floor":42}],"player_experience":14797,"relics_obtained":[{"floor":8.0,"key":"Dream Catcher"},{"floor":9.0,"key":"Anchor"},{"floor":26,"key":"Old Coin"},{"floor":43,"key":"Meat on the Bone"}],"event_choices":[{"damage_healed":0.0,"max_hp_gain":0.0,"max_hp_loss":0.0,"gold_gain":0.0,"event_name":"Lab","player_choice":"Got Potions","floor":2.0,"gold_loss":0.0,"damage_taken":0.0},{"damage_healed":0.0,"max_hp_gain":0.0,"max_hp_loss":0.0,"gold_gain":75.0,"event_name":"World of Goop","player_choice":"Gather Gold","floor":11.0,"gold_loss":0.0,"damage_taken":11.0},{"cards_removed":["Shade:Defend_Shade"],"damage_healed":0,"gold_gain":0,"player_choice":"Give","damage_taken":0,"max_hp_gain":0,"max_hp_loss":0,"event_name":"betterNote:BetterNote","floor":21,"gold_loss":0,"cards_obtained":["None"]},{"damage_healed":0,"gold_gain":0,"player_choice":"Upgraded Two","damage_taken":0,"max_hp_gain":0,"max_hp_loss":0,"event_name":"Designer","floor":28,"gold_loss":40,"cards_upgraded":["Shade:Strike_Shade","Shade:GraveStillness"]},{"damage_healed":0,"gold_gain":0,"player_choice":"Upgraded","damage_taken":0,"max_hp_gain":0,"max_hp_loss":0,"event_name":"Upgrade Shrine","floor":39,"gold_loss":0,"cards_upgraded":["Shade:Brains"]},{"damage_healed":0,"gold_gain":0,"player_choice":"Copied","damage_taken":0,"max_hp_gain":0,"max_hp_loss":0,"event_name":"Duplicator","floor":44,"gold_loss":0,"cards_obtained":["Shade:AnimateDead"]}],"is_beta":false,"boss_relics":[{"not_picked":["Empty Cage","hubris:BlackHole"],"picked":"SlaversCollar"},{"not_picked":["Runic Pyramid","hubris:ScarierMask"],"picked":"Fusion Hammer"}],"items_purged_floors":[],"is_endless":false,"potions_floor_spawned":[4,5,7,14,16,19,22,30,33,35,37,38,40],"killed_by":"4 Shapes","ascension_level":0}}