{"host":"ci7ivtocgfxh0ueo","time":1609042301,"event":{"mods":["BaseMod","GifTheSpireLib","Minty Spire (QoL Compilation)","StSLib"],"gold_per_floor":[118,118,118,134,148,148,177,177,177,43,43,193,29,39,39,113,113,124,144,59,9,9,9,24,24,24,42,42,61,76,91,91,169,169,182,200,200,200],"floor_reached":37,"playtime":959,"items_purged":["Doubt"],"score":779,"play_id":"b2930675-c2e0-4147-a780-ea1467d4925a","local_time":"20201227121141","is_ascension_mode":true,"campfire_choices":[{"data":"Chill","floor":6,"key":"SMITH"},{"data":"Rip and Tear","floor":8,"key":"SMITH"},{"data":"Loop","floor":11,"key":"SMITH"},{"floor":15,"key":"REST"},{"floor":23,"key":"REST"},{"data":"Rainbow","floor":25,"key":"SMITH"},{"data":"Defragment","floor":32,"key":"SMITH"}],"circlet_count":0,"master_deck":["AscendersBane","Strike_B","Strike_B","Strike_B","Defend_B","Defend_B","Defend_B","Defend_B","Zap+1","Dualcast","Reboot","Rip and Tear+1","Chill+1","Rip and Tear+1","Ball Lightning+1","Loop+1","Sunder+1","Melter+1","Rainbow+1","CurseOfTheBell","Self Repair+1","Loop","Storm","Melter+1","Defragment","Defragment+1","Buffer","Capacitor","Go for the Eyes+1"],"relics":["Cracked Core","Molten Egg 2","Question Card","Calling Bell","Smiling Mask","Letter Opener","Bird Faced Urn","White Beast Statue","Gremlin Horn","Black Star"],"acts_visited":["Exordium","TheCity","TheBeyond"],"potions_floor_usage":[16,16,18,27,29,30,33,33,35,36,37],"damage_taken":[{"damage":2,"enemies":"Jaw Worm","floor":1,"turns":4},{"damage":2,"enemies":"2 Louse","floor":4,"turns":2},{"damage":1,"enemies":"Cultist","floor":5,"turns":3},{"damage":8,"enemies":"Gremlin Nob","floor":7,"turns":3},{"damage":7,"enemies":"Red Slaver","floor":14,"turns":2},{"damage":0,"enemies":"Slime Boss","floor":16,"turns":7},{"damage":23,"enemies":"Shell Parasite","floor":18,"turns":3},{"damage":12,"enemies":"3 Byrds","floor":19,"turns":4},{"damage":8,"enemies":"Sentry and Sphere","floor":24,"turns":3},{"damage":28,"enemies":"Snake Plant","floor":27,"turns":4},{"damage":20,"enemies":"3 Cultists","floor":29,"turns":4},{"damage":5,"enemies":"Centurion and Healer","floor":30,"turns":5},{"damage":17,"enemies":"Sentry and Sphere","floor":31,"turns":3},{"damage":50,"enemies":"Collector","floor":33,"turns":8},{"damage":12,"enemies":"Orb Walker","floor":35,"turns":4},{"damage":35,"enemies":"3 Shapes","floor":36,"turns":5},{"damage":66,"enemies":"2 Orb Walkers","floor":37,"turns":4}],"seed_played":"-4559817963389547548","potions_obtained":[{"floor":1,"key":"ColorlessPotion"},{"floor":14,"key":"Regen Potion"},{"floor":16,"key":"Regen Potion"},{"floor":24,"key":"BlessingOfTheForge"},{"floor":27,"key":"Swift Potion"},{"floor":29,"key":"Block Potion"},{"floor":30,"key":"SkillPotion"},{"floor":31,"key":"CultistPotion"},{"floor":33,"key":"Weak Potion"},{"floor":35,"key":"Swift Potion"},{"floor":36,"key":"DuplicationPotion"}],"is_trial":false,"path_per_floor":["M","?","?","M","M","R","E","R","T","$","R","?","$","M","R","B",null,"M","M","?","?","$","R","M","R","T","M","$","M","M","M","R","B",null,"M","M","?"],"character_chosen":"DEFECT","items_purchased":["Loop","Energy Potion","Sunder+1"],"campfire_rested":2,"item_purchase_floors":[10,10,13],"current_hp_per_floor":[62,41,41,39,38,38,30,30,30,30,30,30,30,23,44,59,68,50,40,40,40,40,61,67,67,67,57,57,55,68,68,68,37,63,71,54,0,0],"gold":200,"neow_bonus":"ONE_RANDOM_RARE_CARD","is_daily":false,"chose_seed":false,"campfire_upgraded":5,"win_rate":0.0,"timestamp":1609042301,"path_taken":["M","?","?","?","M","R","E","R","T","?","R","?","$","M","R","BOSS","M","M","?","?","$","R","M","R","T","?","?","M","M","?","R","BOSS","M","M","?"],"items_purchased_type":["Card","Potion","Card"],"build_version":"2020-12-22","purchased_purges":1,"victory":false,"max_hp_per_floor":[71,71,71,71,71,71,71,71,71,71,71,71,71,71,71,71,71,71,71,71,71,71,71,71,71,71,71,71,71,71,71,71,71,71,71,71,71,71],"card_choices":[{"not_picked":["Reprogram","Stack"],"picked":"Rip and Tear","floor":1},{"not_picked":["Go for the Eyes","Gash"],"picked":"Chill","floor":4},{"not_picked":["Coolheaded","Steam"],"picked":"Rip and Tear","floor":5},{"not_picked":["Beam Cell+1","Stack"],"picked":"Ball Lightning+1","floor":7},{"not_picked":["BootSequence","Chaos","Undo"],"picked":"Melter+1","floor":14},{"not_picked":["Amplify","Hyperbeam+1","Reboot"],"picked":"Rainbow","floor":16},{"not_picked":["Conserve Battery","Steam Power+1","Ball Lightning+1"],"picked":"Self Repair+1","floor":18},{"not_picked":["Stack","Leap","Conserve Battery"],"picked":"Loop","floor":19},{"not_picked":["Cold Snap+1","Streamline+1","Sweeping Beam+1"],"picked":"Storm","floor":24},{"not_picked":["Ball Lightning+1","Leap","Steam","Aggregate"],"picked":"SKIP","floor":27},{"not_picked":["Conserve Battery","Darkness","Heatsinks"],"picked":"Melter+1","floor":29},{"not_picked":["Amplify","Auto Shields","Loop"],"picked":"Defragment","floor":30},{"not_picked":["Hologram","Sweeping Beam+1","Ball Lightning+1"],"picked":"Defragment","floor":31},{"not_picked":["Fission","Core Surge+1","Biased Cognition"],"picked":"Buffer","floor":33},{"not_picked":["Conserve Battery","BootSequence","Rebound+1"],"picked":"Capacitor","floor":35},{"not_picked":["Compile Driver+1","Cold Snap+1","Force Field"],"picked":"Go for the Eyes+1","floor":36}],"player_experience":1308392,"relics_obtained":[{"floor":7,"key":"Molten Egg 2"},{"floor":9,"key":"Question Card"},{"floor":17,"key":"Smiling Mask"},{"floor":17,"key":"Letter Opener"},{"floor":17,"key":"Bird Faced Urn"},{"floor":26,"key":"Gremlin Horn"}],"event_choices":[{"damage_healed":0,"gold_gain":0,"player_choice":"Entered Light","damage_taken":21,"max_hp_gain":0,"max_hp_loss":0,"event_name":"Shining Light","floor":2,"gold_loss":0,"cards_upgraded":["Zap","Rip and Tear"]},{"cards_removed":["Strike_B"],"damage_healed":0,"gold_gain":0,"player_choice":"Purged","damage_taken":0,"max_hp_gain":0,"max_hp_loss":0,"event_name":"Purifier","floor":3,"gold_loss":0},{"damage_healed":0,"gold_gain":150,"player_choice":"AGREE","damage_taken":0,"max_hp_gain":0,"max_hp_loss":0,"event_name":"Liars Game","floor":12,"gold_loss":0,"cards_obtained":["Doubt"]},{"damage_healed":0,"gold_gain":0,"player_choice":"Obtained Relic","damage_taken":0,"relics_obtained":["White Beast Statue"],"max_hp_gain":0,"max_hp_loss":0,"event_name":"Addict","floor":20,"gold_loss":85},{"damage_healed":0,"gold_gain":0,"player_choice":"Bet on Murderer","damage_taken":0,"max_hp_gain":0,"max_hp_loss":0,"event_name":"The Joust","floor":21,"gold_loss":50},{"damage_healed":0,"gold_gain":0,"player_choice":"Fight","damage_taken":0,"max_hp_gain":0,"max_hp_loss":0,"event_name":"Mysterious Sphere","floor":37,"gold_loss":0}],"is_beta":false,"boss_relics":[{"not_picked":["Snecko Eye","Ectoplasm"],"picked":"Calling Bell"},{"not_picked":["Runic Dome","Philosopher\u0027s Stone"],"picked":"Black Star"}],"items_purged_floors":[13],"is_endless":false,"potions_floor_spawned":[1,14,16,24,27,29,30,31,33,35,36],"killed_by":"2 Orb Walkers","ascension_level":17}}