{"host":"1jyvlwrg3lqf29t2","time":1609098984,"event":{"mods":["BaseMod","Colored Powertips","Downfall","Hermit","Minty Spire (QoL Compilation)","StSLib","The Blackbeard","The Cursed","The Poker Player","TheBandit"],"gold_per_floor":[113,130,110,130,142,175,54,54,54,129,146,166,185,105,105,206,256,271,271,281,291,303,303,303,303,326,326,352,352,363,21,21,121,121,138,360,360,377,113,113,148,166,166,166,166],"floor_reached":44,"playtime":3256,"items_purged":["Defend_P","Strike_P","Strike_P","Eruption+1"],"score":490,"play_id":"fb4cb586-8bc2-487e-bbf3-d84af3711746","local_time":"20201227135624","is_ascension_mode":false,"campfire_choices":[{"data":"Eruption","floor":8,"key":"SMITH"},{"floor":15,"key":"REST"},{"data":"Vault","floor":23,"key":"SMITH"},{"floor":25,"key":"REST"},{"data":"PathToVictory","floor":29,"key":"SMITH"},{"floor":32,"key":"REST"},{"data":"DevaForm","floor":40,"key":"SMITH"}],"circlet_count":0,"master_deck":["Strike_P+1","Defend_P","Defend_P","Defend_P","Vigilance","Evaluate","Protect","PathToVictory+1","PathToVictory","Vault+1","ReachHeaven","PathToVictory","PathToVictory","SandsOfTime","DevaForm+1","LikeWater","Protect"],"relics":["PureWater","InkBottle","The Courier","Tiny House","Juzu Bracelet","Bag of Marbles","Red Mask","Ginger","SlaversCollar","Toolbox","Vajra","Sundial"],"acts_visited":["Exordium","TheCity","TheBeyond"],"potions_floor_usage":[5,28,42,44],"damage_taken":[{"damage":0,"enemies":"Small Slimes","floor":1,"turns":2},{"damage":0,"enemies":"Cultist","floor":2,"turns":2},{"damage":0,"enemies":"Jaw Worm","floor":4,"turns":6},{"damage":3,"enemies":"Looter","floor":5,"turns":5},{"damage":36,"enemies":"3 Sentries","floor":6,"turns":12},{"damage":3,"enemies":"Blue Slaver","floor":11,"turns":5},{"damage":0,"enemies":"Large Slime","floor":12,"turns":4},{"damage":0,"enemies":"3 Louse","floor":13,"turns":2},{"damage":38,"enemies":"Slime Boss","floor":16,"turns":9},{"damage":0,"enemies":"Chosen","floor":18,"turns":4},{"damage":14,"enemies":"3 Byrds","floor":20,"turns":5},{"damage":18,"enemies":"Snecko","floor":21,"turns":4},{"damage":19,"enemies":"Snake Plant","floor":22,"turns":5},{"damage":14,"enemies":"Masked Bandits","floor":28,"turns":4},{"damage":13,"enemies":"Centurion and Healer","floor":30,"turns":8},{"damage":35,"enemies":"Automaton","floor":33,"turns":6},{"damage":8,"enemies":"3 Darklings","floor":35,"turns":6},{"damage":3,"enemies":"3 Shapes","floor":38,"turns":5},{"damage":3,"enemies":"Giant Head","floor":41,"turns":7},{"damage":36,"enemies":"Writhing Mass","floor":42,"turns":5},{"damage":34,"enemies":"Spire Growth","floor":44,"turns":3}],"seed_played":"-8481303346870926646","potions_obtained":[{"floor":2,"key":"Explosive Potion"},{"floor":3,"key":"Ancient Potion"},{"floor":5,"key":"Dexterity Potion"},{"floor":6,"key":"Energy Potion"},{"floor":11,"key":"EntropicBrew"},{"floor":17,"key":"Fruit Juice"},{"floor":30,"key":"Explosive Potion"},{"floor":42,"key":"Dexterity Potion"}],"is_trial":false,"path_per_floor":["M","M","?","M","M","E","$","R","T","?","M","M","M","$","R","B",null,"M","?","M","M","M","R","?","R","T","?","?","R","M","$","R","B",null,"M","?","?","M","$","R","E","M","T","M"],"character_chosen":"WATCHER","items_purchased":["PathToVictory","Ginger","LikeWater","Toolbox"],"campfire_rested":3,"item_purchase_floors":[7,31,39,39],"current_hp_per_floor":[72,72,72,72,69,33,33,33,33,26,23,23,23,23,44,6,77,77,77,63,45,26,26,26,49,49,49,35,35,22,22,45,10,77,69,69,69,66,66,66,63,27,27,0,0],"gold":166,"neow_bonus":"THREE_CARDS","is_daily":false,"chose_seed":false,"campfire_upgraded":4,"win_rate":0.0,"timestamp":1609098984,"path_taken":["M","M","?","?","M","E","?","R","T","?","M","M","?","$","R","BOSS","M","?","M","M","M","R","?","R","T","?","?","R","M","$","R","BOSS","M","?","?","M","$","R","E","M","T","M"],"items_purchased_type":["Card","Relic","Card","Relic"],"build_version":"2020-12-22","purchased_purges":4,"victory":false,"max_hp_per_floor":[72,72,72,72,72,72,72,72,72,72,72,72,72,72,72,72,77,77,77,77,77,77,77,77,77,77,77,77,77,77,77,77,77,77,77,77,77,77,77,77,77,77,77,82,82],"card_choices":[{"not_picked":["CrushJoints","Halt"],"picked":"Evaluate","floor":0},{"not_picked":["FollowUp","WindmillStrike","Halt"],"picked":"SKIP","floor":1},{"not_picked":["Halt","WindmillStrike","Indignation"],"picked":"SKIP","floor":2},{"not_picked":["SignatureMove","EmptyBody"],"picked":"Protect","floor":4},{"not_picked":["DeceiveReality","FollowUp","Vault"],"picked":"SKIP","floor":5},{"not_picked":["FlyingSleeves","Indignation","CrushJoints"],"picked":"SKIP","floor":6},{"not_picked":["JustLucky","FollowUp"],"picked":"PathToVictory","floor":11},{"not_picked":["Prostrate","Crescendo","EmptyFist"],"picked":"SKIP","floor":12},{"not_picked":["Consecrate","TalkToTheHand","CrushJoints"],"picked":"SKIP","floor":13},{"not_picked":["Brilliance","MasterReality"],"picked":"Vault","floor":16},{"not_picked":["BowlingBash","Worship"],"picked":"ReachHeaven","floor":17},{"not_picked":["SashWhip","FlurryOfBlows+1","Conclude"],"picked":"SKIP","floor":18},{"not_picked":["FollowUp+1","FlurryOfBlows","EmptyFist+1"],"picked":"SKIP","floor":20},{"not_picked":["Meditate","Collect"],"picked":"PathToVictory","floor":21},{"not_picked":["Judgement","Halt","SashWhip+1"],"picked":"SKIP","floor":22},{"not_picked":["EmptyFist","WreathOfFlame"],"picked":"PathToVictory","floor":28},{"not_picked":["Crescendo","Sanctity"],"picked":"SandsOfTime","floor":30},{"not_picked":["Brilliance","LessonLearned"],"picked":"DevaForm","floor":33},{"not_picked":["EmptyBody+1","Vengeance","WaveOfTheHand"],"picked":"SKIP","floor":35},{"not_picked":["CarveReality","InnerPeace+1","Prostrate"],"picked":"SKIP","floor":38},{"not_picked":["WreathOfFlame+1","ReachHeaven+1"],"picked":"Protect","floor":41},{"not_picked":["FollowUp+1","WreathOfFlame+1","ClearTheMind"],"picked":"SKIP","floor":42}],"player_experience":377609,"relics_obtained":[{"floor":6,"key":"InkBottle"},{"floor":9,"key":"The Courier"},{"floor":26,"key":"Bag of Marbles"},{"floor":28,"key":"Red Mask"},{"floor":41,"key":"Vajra"},{"floor":43,"key":"Sundial"}],"event_choices":[{"damage_healed":0,"gold_gain":0,"player_choice":"Bought 1 Potion","damage_taken":0,"max_hp_gain":0,"max_hp_loss":0,"event_name":"The Woman in Blue","floor":3,"gold_loss":0},{"damage_healed":0,"gold_gain":75,"player_choice":"Touch","damage_taken":7,"max_hp_gain":0,"max_hp_loss":0,"event_name":"FaceTrader","floor":10,"gold_loss":0},{"cards_removed":["Strike_P"],"damage_healed":0,"gold_gain":0,"player_choice":"Elegance","damage_taken":0,"max_hp_gain":0,"max_hp_loss":0,"event_name":"Back to Basics","floor":19,"gold_loss":0},{"damage_healed":0,"gold_gain":0,"player_choice":"Opened","damage_taken":0,"relics_obtained":["Juzu Bracelet"],"max_hp_gain":0,"max_hp_loss":0,"event_name":"The Mausoleum","floor":24,"gold_loss":0},{"damage_healed":0,"gold_gain":0,"player_choice":"Ignored","damage_taken":0,"max_hp_gain":0,"max_hp_loss":0,"event_name":"Cursed Tome","floor":27,"gold_loss":0},{"damage_healed":0,"gold_gain":0,"player_choice":"Fought Bandits","damage_taken":0,"max_hp_gain":0,"max_hp_loss":0,"event_name":"Masked Bandits","floor":28,"gold_loss":0},{"damage_healed":0,"gold_gain":222,"player_choice":"Wore Mask","damage_taken":0,"max_hp_gain":0,"max_hp_loss":0,"event_name":"Tomb of Lord Red Mask","floor":36,"gold_loss":0},{"damage_healed":0,"gold_gain":0,"player_choice":"Memory 1","damage_taken":0,"max_hp_gain":0,"max_hp_loss":0,"event_name":"SensoryStone","floor":37,"gold_loss":0}],"is_beta":false,"boss_relics":[{"not_picked":["Ectoplasm","SacredBark"],"picked":"Tiny House"},{"not_picked":["Snecko Eye","Philosopher\u0027s Stone"],"picked":"SlaversCollar"}],"items_purged_floors":[7,14,31,39],"is_endless":false,"potions_floor_spawned":[2,5,6,11,13,21,22,30,42],"killed_by":"Spire Growth","ascension_level":0}}