{"host":"wshh0nphwn6jv7vj","time":1609094437,"event":{"mods":["BaseMod","Bestiary","Minty Spire (QoL Compilation)"],"gold_per_floor":[113,126,126,138,63,88,33,48,75,85,85,101,101,132,132,206,206,219,231,146,146,146,146,181,196,220,44,44,68,79,95,95,95,95],"floor_reached":33,"playtime":1471,"items_purged":["Strike_R","Defend_R"],"score":559,"play_id":"4919ba0f-8373-489d-a344-4b90fbeb2d8b","local_time":"20201227134037","is_ascension_mode":true,"campfire_choices":[{"data":"Havoc","floor":11.0,"key":"SMITH"},{"data":"Bash","floor":13.0,"key":"SMITH"},{"data":"Uppercut","floor":15.0,"key":"SMITH"},{"data":"Havoc","floor":23.0,"key":"SMITH"},{"data":"Bludgeon","floor":28.0,"key":"SMITH"},{"data":"Cleave","floor":32,"key":"SMITH"}],"circlet_count":0,"master_deck":["AscendersBane","Strike_R","Strike_R","Strike_R","Defend_R","Defend_R","Defend_R","Bash+1","Anger","Headbutt","Second Wind","Cleave+1","Battle Trance","Havoc+1","Hemokinesis","Shrug It Off","Uppercut+1","Bludgeon+1","Battle Trance","Havoc+1","Necronomicurse","Rampage+1","Fire Breathing"],"relics":["Burning Blood","Blood Vial","Akabeko","Juzu Bracelet","Coffee Dripper","Blue Candle","Nloth\u0027s Gift","Necronomicon","Orichalcum","Strawberry"],"acts_visited":["Exordium","TheCity"],"potions_floor_usage":[31,33],"damage_taken":[{"damage":0.0,"enemies":"Small Slimes","floor":1.0,"turns":1.0},{"damage":0.0,"enemies":"2 Louse","floor":2.0,"turns":1.0},{"damage":0.0,"enemies":"Cultist","floor":4.0,"turns":1.0},{"damage":40.0,"enemies":"Gremlin Nob","floor":6.0,"turns":5.0},{"damage":13.0,"enemies":"Exordium Thugs","floor":8.0,"turns":5.0},{"damage":6.0,"enemies":"Exordium Wildlife","floor":10.0,"turns":3.0},{"damage":0.0,"enemies":"2 Fungi Beasts","floor":12.0,"turns":2.0},{"damage":24.0,"enemies":"Lagavulin","floor":14.0,"turns":3.0},{"damage":19.0,"enemies":"The Guardian","floor":16.0,"turns":10.0},{"damage":2.0,"enemies":"3 Byrds","floor":18.0,"turns":5.0},{"damage":0.0,"enemies":"Spheric Guardian","floor":19.0,"turns":1.0},{"damage":0.0,"enemies":"Gremlin Leader","floor":24.0,"turns":2.0},{"damage":28.0,"enemies":"Centurion and Healer","floor":25.0,"turns":5.0},{"damage":17.0,"enemies":"Shelled Parasite and Fungi","floor":30.0,"turns":4.0},{"damage":9,"enemies":"Cultist and Chosen","floor":31,"turns":4},{"damage":56,"enemies":"Automaton","floor":33,"turns":6}],"seed_played":"6232817750634994049","potions_obtained":[{"floor":8.0,"key":"PowerPotion"},{"floor":10.0,"key":"AttackPotion"},{"floor":14.0,"key":"DuplicationPotion"},{"floor":19.0,"key":"EssenceOfSteel"},{"floor":25.0,"key":"PowerPotion"}],"is_trial":false,"path_per_floor":["M","M","?","M","$","E","$","M","T","M","R","M","R","E","R","B",null,"M","M","?","?","?","R","E","M","T","$","R","T","M","M","R","B"],"character_chosen":"IRONCLAD","items_purchased":["Havoc","Fire Breathing"],"campfire_rested":0,"item_purchase_floors":[7,27],"current_hp_per_floor":[74,75,75,75,75,41,41,36,36,38,38,46,46,30,30,19,61,67,75,75,75,54,54,62,42,49,49,49,49,40,39,39,0,0],"gold":95,"neow_bonus":"THREE_ENEMY_KILL","is_daily":false,"chose_seed":false,"campfire_upgraded":6,"win_rate":0.0,"timestamp":1609094437,"path_taken":["M","M","?","M","$","E","$","M","T","M","R","M","R","E","R","BOSS","M","M","?","?","?","R","E","M","T","$","R","?","M","M","R","BOSS"],"items_purchased_type":["Card","Card"],"build_version":"2020-12-22","purchased_purges":2,"victory":false,"max_hp_per_floor":[75,75,75,75,75,75,75,75,75,75,75,75,75,75,75,75,75,75,75,75,75,75,75,75,75,82,82,82,82,82,82,82,82,82],"card_choices":[{"not_picked":["Havoc","Rupture"],"picked":"Anger","floor":1.0},{"not_picked":["Dark Embrace","Body Slam"],"picked":"Headbutt","floor":2.0},{"not_picked":["Disarm","Twin Strike"],"picked":"Cleave","floor":4.0},{"not_picked":["Seeing Red","Perfected Strike"],"picked":"Battle Trance","floor":6.0},{"not_picked":["Cleave","Dark Embrace"],"picked":"Hemokinesis","floor":8.0},{"not_picked":["Twin Strike","Clash"],"picked":"Shrug It Off","floor":10.0},{"not_picked":["Entrench","Headbutt","Twin Strike"],"picked":"SKIP","floor":12.0},{"not_picked":["Carnage","Feed"],"picked":"Uppercut","floor":14.0},{"not_picked":["Reaper","Exhume"],"picked":"Bludgeon","floor":16.0},{"not_picked":["Body Slam","Warcry+1"],"picked":"Battle Trance","floor":18.0},{"not_picked":["Carnage","Perfected Strike"],"picked":"Havoc","floor":19.0},{"not_picked":["Searing Blow","Twin Strike"],"picked":"Rampage+1","floor":24.0},{"not_picked":["Anger","Dropkick","Heavy Blade"],"picked":"SKIP","floor":25.0},{"not_picked":["Warcry","Iron Wave","Wild Strike"],"picked":"SKIP","floor":30},{"not_picked":["Sword Boomerang","Iron Wave","True Grit"],"picked":"SKIP","floor":31}],"player_experience":1509305,"relics_obtained":[{"floor":6.0,"key":"Blood Vial"},{"floor":9.0,"key":"Akabeko"},{"floor":14.0,"key":"Juzu Bracelet"},{"floor":22.0,"key":"Necronomicon"},{"floor":24.0,"key":"Orichalcum"},{"floor":26.0,"key":"Strawberry"}],"event_choices":[{"damage_healed":0.0,"max_hp_gain":0.0,"max_hp_loss":0.0,"gold_gain":0.0,"cards_transformed":["Strike_R"],"event_name":"Living Wall","player_choice":"Change","floor":3.0,"gold_loss":0.0,"damage_taken":0.0,"cards_obtained":["Second Wind"]},{"damage_healed":0.0,"max_hp_gain":0.0,"max_hp_loss":0.0,"gold_gain":0.0,"event_name":"Addict","player_choice":"Obtained Relic","floor":20.0,"gold_loss":85.0,"damage_taken":0.0,"relics_obtained":["Blue Candle"]},{"damage_healed":0.0,"max_hp_gain":0.0,"max_hp_loss":0.0,"gold_gain":0.0,"event_name":"N\u0027loth","player_choice":"Traded Relic","floor":21.0,"relics_lost":["NeowsBlessing"],"gold_loss":0.0,"damage_taken":0.0,"relics_obtained":["Nloth\u0027s Gift"]},{"damage_healed":0.0,"max_hp_gain":0.0,"max_hp_loss":0.0,"gold_gain":0.0,"event_name":"Cursed Tome","player_choice":"Obtained Book","floor":22.0,"gold_loss":0.0,"damage_taken":21.0}],"is_beta":false,"boss_relics":[{"not_picked":["Fusion Hammer","Velvet Choker"],"picked":"Coffee Dripper"}],"items_purged_floors":[5,27],"is_endless":false,"potions_floor_spawned":[8,10,14,19,25],"killed_by":"Automaton","ascension_level":17}}