{"host":"o42wl4m5pnzrnqrg","time":1609048774,"event":{"mods":["2.2 Compatiblity","Act Like it!","Arknights The Spire","BaseMod","Best Route Mod","Better Match","Better Note","Better Skull","Better Third Choice","Better Vampires","CapriCore","Colored Map","Curses Come First","Dota2Spire","Ekko","Friendly Minions","GifTheSpireLib","Gold Saver","Hallownest","Hubris","Jess\u0027s Bottle","Kratos Character Expansion","Luminous","Mari Mod (Legacy)","Mari\u0027s V1 Patch","Marisa????????","Minty Spire (QoL Compilation)","Permanent Neow","Rare Cards Sparkle","Relic Stats","Replay The Spire","Robot Space Explorer","SOS???????","Shade Mod","Shop Mod","Small Relic Pack","Spicy Shops","StSLib","The Bladedancer","The Blue Laboratory","The Bug Knight","The Dragon Tamer","The Marked","TheSwordswoman","TheWitcher","Transform Curses","???mod?????","??????REMEMod"],"gold_per_floor":[211,224,243,243,255,282,301,301,301],"floor_reached":8,"playtime":906,"items_purged":[],"score":60,"play_id":"d7472b0b-4078-45bd-828a-62346b623716","local_time":"20201227015934","is_ascension_mode":false,"campfire_choices":[],"circlet_count":0,"master_deck":["ats:Strike C","ats:Strike G","ats:Strike S","ats:Strike V","ats:Armor Crushing Shot","ats:Defend","ats:Defend","ats:Defend","ats:Defend","ats:Emotion Absorption","MariMod:Mari_Glimmer","ats:Cat Scratch","ats:Overload","ats:Poison Spread","Pain","ats:Powerful Strike","ats:Consecutive Shot Auto","ats:Explosion Area Strengthen"],"relics":["ats:Sanity","REME_ComplimentaryCards","WarpedTongs","ats:Originium","hubris:TinFlute"],"acts_visited":["Exordium"],"potions_floor_usage":[5],"damage_taken":[{"damage":12,"enemies":"Cultist","floor":1,"turns":5},{"damage":5,"enemies":"Small Slimes","floor":2,"turns":4},{"damage":7,"enemies":"2 Louse","floor":3,"turns":3},{"damage":13,"enemies":"Red Slaver","floor":5,"turns":2},{"damage":14,"enemies":"HollowMod:MossKnight","floor":6,"turns":8},{"damage":3,"enemies":"Large Slime","floor":7,"turns":4},{"damage":25,"enemies":"Lagavulin","floor":8,"turns":3}],"seed_played":"-8614841746816737287","potions_obtained":[{"floor":1,"key":"Toxic Potion"},{"floor":3,"key":"blueLaboratory:AbyssPotion"}],"is_trial":false,"path_per_floor":["M","M","M","?","M","E","M","E"],"character_chosen":"DOCTOR_CLASS","items_purchased":[],"campfire_rested":0,"item_purchase_floors":[],"current_hp_per_floor":[60,55,48,48,35,21,18,0,0],"gold":301,"neow_bonus":"HUNDRED_GOLD","is_daily":false,"chose_seed":false,"campfire_upgraded":0,"win_rate":0.0,"timestamp":1609048774,"path_taken":["M","M","?","?","?","E","M","E"],"items_purchased_type":[],"build_version":"2020-12-22","purchased_purges":0,"victory":false,"max_hp_per_floor":[72,72,72,72,72,72,72,72,72],"relic_stats":{"counters":[7,29],"obtain_stats":[{"ats:Originium":6,"ats:Sanity":0,"hubris:TinFlute":6,"REME_ComplimentaryCards":0,"WarpedTongs":4},{"ats:Originium":5,"ats:Sanity":0,"hubris:TinFlute":5,"REME_ComplimentaryCards":0,"WarpedTongs":3},{"ats:Originium":22,"ats:Sanity":0,"hubris:TinFlute":22,"REME_ComplimentaryCards":0,"WarpedTongs":12}],"WarpedTongs":[17]},"card_choices":[{"not_picked":["ats:Childhood Dance","ats:Hammer On"],"picked":"ats:Cat Scratch","floor":1},{"not_picked":["ats:Powerful Strike","ats:Apocalypse"],"picked":"ats:Overload","floor":2},{"not_picked":["ats:Childhood Dance","ats:Collapsing Strike"],"picked":"ats:Poison Spread","floor":3},{"not_picked":["ats:Composite Medical Shells","ats:Childhood Dance"],"picked":"ats:Powerful Strike","floor":5},{"not_picked":["ats:Poison Spread","ats:Hook Shot"],"picked":"ats:Consecutive Shot Auto","floor":6},{"not_picked":["ats:Powerful Strike","ats:Support Order"],"picked":"ats:Explosion Area Strengthen","floor":7}],"player_experience":444383,"relics_obtained":[{"floor":6,"key":"ats:Originium"},{"floor":6,"key":"hubris:TinFlute"}],"event_choices":[{"damage_healed":0,"gold_gain":0,"player_choice":"Rummage","damage_taken":0,"relics_obtained":["WarpedTongs"],"max_hp_gain":0,"max_hp_loss":0,"event_name":"Accursed Blacksmith","floor":4,"gold_loss":0,"cards_obtained":["Pain"]}],"is_beta":false,"boss_relics":[],"items_purged_floors":[],"is_endless":false,"potions_floor_spawned":[1,3],"killed_by":"Lagavulin","ascension_level":0}}