{"host":"w2kjv12xyhtt0cv2","time":1609046239,"event":{"mods":["10 clothes from DAL","Act Like it!","BaseMod","Colored Map","Conspire","Friendly Minions","Gensokyo","Highlight Path","Hubris","Marisa（F雨　魔理沙）","Minty Spire (QoL Compilation)","Quick Restart","Reimu（博丽灵梦）","Relic Stats","Replay The Spire","RumiaBox-露米娅的神秘盒子","Spicy Shops","StSLib","The Servant 0.9.4","UnlockEverythingMod","Waifu the Spire","[功能]功能增强和修复MOD","vexMod","【功能Mod】Neow奖励","【功能Mod】混沌之环修复补丁","【遗物卡牌】REMEMod","没有小屋子和绿帽子啦"],"gold_per_floor":[119,32,107,158,158,175,202,202,202,237,32,60,60,4,4,99,99,119,131,71,71,5,31,47,77,77,77,27,56,82,97,97,195,195,212,223,283,283,119,148,166,196,251,300,346,398,439,439,439,501],"floor_reached":51,"playtime":4276,"items_purged":["Writhe","Pain","Replay:Hysterical Blindness"],"score":1136,"play_id":"ff783b74-4d57-4e78-bb47-31f7d21dffb6","local_time":"20201227131719","is_ascension_mode":true,"campfire_choices":[{"floor":8.0,"key":"REST"},{"data":"DoubleEdge","floor":15.0,"key":"SMITH"},{"data":"SilverBlades","floor":27.0,"key":"SMITH"},{"floor":32.0,"key":"DIG"},{"floor":49,"key":"REST"}],"circlet_count":0,"master_deck":["Strike_S","Strike_S","Strike_S+1","KidneyShot","Exchange","Blasphemy","BestPractice","Moonlight+1","DoubleEdge+1","Spin+1","Embodiment","MoonPhase","Sabotage","SilverBlades+1","BottledTime+1","FloweringNight","conspire:SpireCoStock+1","MoonPhase","SoulSculpture","hubris:Despair","Sickly","Advance+1","Moonlight+1","Madness","Madness","SilverBlades+1","LightFlow","SurpressingFire","PendulumOfEternity","TrueSight","Unruled+1","Sunlight","Alleviate+1","Starlight+1","Advance+1","MurderousAura","ReturningBlade+1","Duplication"],"relics":["Uniform","REME_ComplimentaryCards","ReplayTheSpireMod:Ninjato","Happy Flower","Gremlin Food","vexMod:RedPlottingStone","Replay:Rubber Ducky","Whetstone","Orichalcum","Ice Cream","RedLine:ReiMu","WarpedTongs","TentaclePot:ReiMu","Bronze Scales","Dream Catcher","Lantern","ChaoDraw","conspire:TopHat","vexMod:HeadHunter","Kintsugi","ReplayTheSpireMod:CursedCoin","Art of War","hubris:TinFlute","Replay:Bandana","Vajra"],"acts_visited":["Exordium","TheCity","TheBeyond"],"potions_floor_usage":[46,50,50,50,50,50],"damage_taken":[{"damage":1.0,"enemies":"conspire:RoseBush","floor":1.0,"turns":2.0},{"damage":6.0,"enemies":"Jaw Worm","floor":6.0,"turns":3.0},{"damage":8.0,"enemies":"Lagavulin","floor":7.0,"turns":6.0},{"damage":7.0,"enemies":"Replay:BlueRogue","floor":10.0,"turns":3.0},{"damage":3.0,"enemies":"Gremlin Nob","floor":12.0,"turns":3.0},{"damage":21.0,"enemies":"Fading Forest","floor":16.0,"turns":11.0},{"damage":0.0,"enemies":"Chosen","floor":18.0,"turns":3.0},{"damage":0.0,"enemies":"conspire:FuzzyDice","floor":19.0,"turns":5.0},{"damage":2.0,"enemies":"conspire:Head Lice","floor":23.0,"turns":4.0},{"damage":0.0,"enemies":"Snecko","floor":24.0,"turns":4.0},{"damage":8.0,"enemies":"Book of Stabbing","floor":25.0,"turns":5.0},{"damage":4.0,"enemies":"Replay:Snechameleon","floor":29.0,"turns":4.0},{"damage":7.0,"enemies":"conspire:HollyBat","floor":31.0,"turns":3.0},{"damage":28.0,"enemies":"hubris:MusketHawk","floor":33.0,"turns":6.0},{"damage":8.0,"enemies":"Orb Walker","floor":35.0,"turns":3.0},{"damage":8.0,"enemies":"3 Darklings","floor":36.0,"turns":3.0},{"damage":0.0,"enemies":"R_Hoarder","floor":40.0,"turns":5.0},{"damage":6.0,"enemies":"Jaw Worm Horde","floor":41.0,"turns":3.0},{"damage":0.0,"enemies":"Giant Head","floor":42.0,"turns":1.0},{"damage":12,"enemies":"Nemesis","floor":44,"turns":3},{"damage":0,"enemies":"Transient","floor":45,"turns":5},{"damage":0,"enemies":"3 Darklings","floor":46,"turns":2},{"damage":0,"enemies":"R_Hoarder","floor":47,"turns":5},{"damage":32,"enemies":"Awakened One","floor":50,"turns":5}],"seed_played":"-1826192671555548926","potions_obtained":[{"floor":5.0,"key":"ColorlessPotion"},{"floor":6.0,"key":"Weak Potion"},{"floor":10.0,"key":"Block Potion"},{"floor":12.0,"key":"LiquidMemories"},{"floor":16.0,"key":"BlessingOfTheForge"},{"floor":24.0,"key":"AttackPotion"},{"floor":25.0,"key":"Strength Potion"},{"floor":35.0,"key":"Reflective Coating"},{"floor":45,"key":"EntropicBrew"},{"floor":46,"key":"Strength Potion"},{"floor":47,"key":"Adrenaline Potion"}],"is_trial":false,"path_per_floor":["M","$","?","T","?","M","E","R","T","E","$","E","?","?","R","B",null,"M","M","$","?","$","E","M","E","T","R","?","E","T","M","R_BF","B",null,"M","M","$","?","$","E","M","E","T","E","M","M","E","?","R","B",null],"character_chosen":"THE_SERVANT","items_purchased":["ReplayTheSpireMod:Ninjato","Whetstone","SilverBlades","TentaclePot:ReiMu","ReplayTheSpireMod:CursedCoin","SilverBlades+1"],"campfire_rested":2,"item_purchase_floors":[2,11,20,22,37,39],"current_hp_per_floor":[64,64,53,53,53,47,39,58,58,51,51,48,41,41,41,38,65,65,65,65,65,65,63,63,55,55,55,55,51,51,44,44,16,65,57,49,49,41,41,41,35,35,35,23,23,23,23,17,36,4],"gold":501,"neow_bonus":"THREE_CARDS","is_daily":false,"chose_seed":false,"campfire_upgraded":2,"win_rate":0.0,"timestamp":1609046239,"path_taken":["M","$","?","?","?","M","E","R","T","E","$","E","?","?","R","BOSS","M","?","$","?","$","E","?","E","T","R","?","E","?","M","R_BF","BOSS","M","M","$","?","$","E","M","E","T","E","M","M","E","?","R","BOSS"],"items_purchased_type":["Relic","Relic","Card","Relic","Relic","Card"],"build_version":"2020-12-22","purchased_purges":3,"victory":true,"max_hp_per_floor":[65,65,65,65,65,65,65,65,65,65,65,65,65,65,65,65,65,65,65,65,65,65,65,65,65,65,65,65,65,65,65,65,65,65,65,65,65,65,65,65,65,65,65,65,65,65,65,65,65,65],"relic_stats":{"Dream Catcher":1,"Happy Flower":[31],"counters":[24,97],"Bronze Scales":[157],"Art of War":[2],"Whetstone":["Spin","Strike_S"],"Orichalcum":[240],"obtain_stats":[{"Ice Cream":14,"Lantern":26,"Vajra":47,"Uniform":0,"Whetstone":11,"conspire:TopHat":30,"Replay:Rubber Ducky":10,"RedLine:ReiMu":17,"Dream Catcher":25,"Replay:Bandana":44,"vexMod:RedPlottingStone":9,"hubris:TinFlute":42,"Gremlin Food":7,"ReplayTheSpireMod:Ninjato":2,"Happy Flower":4,"ReplayTheSpireMod:CursedCoin":37,"TentaclePot:ReiMu":22,"Orichalcum":12,"ChaoDraw":29,"WarpedTongs":21,"Bronze Scales":23,"vexMod:HeadHunter":32,"Art of War":40,"Kintsugi":34,"REME_ComplimentaryCards":0},{"Ice Cream":5,"Lantern":11,"Vajra":23,"Uniform":0,"Whetstone":4,"conspire:TopHat":12,"Replay:Rubber Ducky":4,"RedLine:ReiMu":6,"Dream Catcher":11,"Replay:Bandana":20,"vexMod:RedPlottingStone":3,"hubris:TinFlute":19,"Gremlin Food":3,"ReplayTheSpireMod:Ninjato":1,"Happy Flower":1,"ReplayTheSpireMod:CursedCoin":16,"TentaclePot:ReiMu":8,"Orichalcum":5,"ChaoDraw":12,"WarpedTongs":8,"Bronze Scales":9,"vexMod:HeadHunter":13,"Art of War":17,"Kintsugi":14,"REME_ComplimentaryCards":0},{"Ice Cream":17,"Lantern":49,"Vajra":92,"Uniform":0,"Whetstone":14,"conspire:TopHat":53,"Replay:Rubber Ducky":14,"RedLine:ReiMu":28,"Dream Catcher":49,"Replay:Bandana":80,"vexMod:RedPlottingStone":11,"hubris:TinFlute":77,"Gremlin Food":11,"ReplayTheSpireMod:Ninjato":2,"Happy Flower":2,"ReplayTheSpireMod:CursedCoin":68,"TentaclePot:ReiMu":36,"Orichalcum":17,"ChaoDraw":53,"WarpedTongs":36,"Bronze Scales":40,"vexMod:HeadHunter":56,"Art of War":73,"Kintsugi":62,"REME_ComplimentaryCards":0}],"WarpedTongs":[61]},"card_choices":[{"not_picked":["Desolation","FastForward"],"picked":"BestPractice","floor":0.0},{"not_picked":["Unruled","Defy"],"picked":"Moonlight","floor":1.0},{"not_picked":["Rearm","TimeWarp"],"picked":"DoubleEdge","floor":6.0},{"not_picked":["ShiftingGears","DoubleEdge"],"picked":"Spin","floor":7.0},{"not_picked":["Ricochet","Barrier","Rewind"],"picked":"SKIP","floor":10.0},{"not_picked":["WasteNot","Alleviate","Starlight"],"picked":"SKIP","floor":12.0},{"not_picked":["TheWorld","ForgedInTime"],"picked":"Embodiment","floor":16.0},{"not_picked":["Alleviate","Replace"],"picked":"MoonPhase","floor":18.0},{"not_picked":["Foresight","Starlight"],"picked":"Sabotage","floor":19.0},{"not_picked":["Snipe","ShatteredReality+1"],"picked":"BottledTime+1","floor":23.0},{"not_picked":["Defy","Alleviate","FastForward"],"picked":"SKIP","floor":24.0},{"not_picked":["StarChef+1","Alleviate"],"picked":"FloweringNight","floor":25.0},{"not_picked":["Potential","Ricochet","FastForward"],"picked":"SKIP","floor":29.0},{"not_picked":["FastForward+1","Ricochet"],"picked":"MoonPhase","floor":31.0},{"not_picked":["MurderousAura","ForgedInTime"],"picked":"SoulSculpture","floor":33.0},{"not_picked":["Rewind","ShatteredReality"],"picked":"Advance+1","floor":35.0},{"not_picked":["Snipe+1","Ricochet+1"],"picked":"Moonlight+1","floor":36.0},{"not_picked":["ForgedInTime","KillingDoll"],"picked":"LightFlow","floor":40.0},{"not_picked":["Alleviate","Ricochet+1"],"picked":"SurpressingFire","floor":40.0},{"not_picked":["BottledTime","Defy"],"picked":"PendulumOfEternity","floor":41.0},{"not_picked":["MurderousAura","Solidify"],"picked":"TrueSight","floor":42.0},{"not_picked":["InstantArmor","FastForward+1"],"picked":"Unruled+1","floor":42.0},{"not_picked":["FloweringNight","Solidify"],"picked":"Sunlight","floor":44},{"not_picked":["Barrier+1","Starlight"],"picked":"Alleviate+1","floor":44},{"not_picked":["Defy+1","RealityMarble"],"picked":"Starlight+1","floor":45},{"not_picked":["SurpressingFire","Revamp"],"picked":"Advance+1","floor":46},{"not_picked":["ForgedInTime","TheWorld"],"picked":"MurderousAura","floor":47},{"not_picked":["RealityMarble","Alleviate+1"],"picked":"ReturningBlade+1","floor":47},{"not_picked":["Reset","ShatteredReality+1"],"picked":"Duplication","floor":49}],"player_experience":15267,"relics_obtained":[{"floor":4.0,"key":"Happy Flower"},{"floor":7.0,"key":"Gremlin Food"},{"floor":9.0,"key":"vexMod:RedPlottingStone"},{"floor":10.0,"key":"Replay:Rubber Ducky"},{"floor":12.0,"key":"Orichalcum"},{"floor":23.0,"key":"Bronze Scales"},{"floor":25.0,"key":"Dream Catcher"},{"floor":26.0,"key":"Lantern"},{"floor":29.0,"key":"ChaoDraw"},{"floor":30.0,"key":"conspire:TopHat"},{"floor":32.0,"key":"vexMod:HeadHunter"},{"floor":40.0,"key":"Art of War"},{"floor":42.0,"key":"hubris:TinFlute"},{"floor":44,"key":"Replay:Bandana"},{"floor":47,"key":"Vajra"}],"event_choices":[{"damage_healed":0.0,"max_hp_gain":0.0,"max_hp_loss":0.0,"gold_gain":75.0,"event_name":"World of Goop","player_choice":"Gather Gold","floor":3.0,"gold_loss":0.0,"damage_taken":11.0},{"cards_removed":["Strike_S"],"damage_healed":0.0,"max_hp_gain":0.0,"max_hp_loss":0.0,"gold_gain":0.0,"event_name":"Golden Wing","player_choice":"Card Removal","floor":13.0,"gold_loss":0.0,"damage_taken":7.0},{"damage_healed":0.0,"max_hp_gain":0.0,"max_hp_loss":0.0,"gold_gain":0.0,"event_name":"WeMeetAgain","player_choice":"Paid Gold","floor":14.0,"gold_loss":56.0,"damage_taken":0.0,"relics_obtained":["Ice Cream"]},{"damage_healed":0.0,"max_hp_gain":0.0,"max_hp_loss":0.0,"gold_gain":0.0,"event_name":"Accursed Blacksmith","player_choice":"Rummage","floor":21.0,"gold_loss":0.0,"damage_taken":0.0,"relics_obtained":["WarpedTongs"],"cards_obtained":["Pain"]},{"damage_healed":0.0,"max_hp_gain":0.0,"max_hp_loss":0.0,"gold_gain":0.0,"event_name":"conspire:Investor","player_choice":"Invest 1","floor":28.0,"gold_loss":0.0,"damage_taken":0.0},{"damage_healed":0.0,"max_hp_gain":0.0,"max_hp_loss":0.0,"gold_gain":0.0,"event_name":"Winding Halls","player_choice":"Embrace Madness","floor":38.0,"gold_loss":0.0,"damage_taken":8.0,"cards_obtained":["Madness","Madness"]},{"damage_healed":0,"gold_gain":0,"player_choice":"Damaged","damage_taken":6,"max_hp_gain":0,"max_hp_loss":0,"event_name":"Wheel of Change","floor":48,"gold_loss":0}],"is_beta":false,"boss_relics":[{"not_picked":["Coffee Dripper","ChewingGum"],"picked":"RedLine:ReiMu"},{"not_picked":["vexMod:MysteryBossChallenge","StoneMask"],"picked":"Kintsugi"}],"items_purged_floors":[11,37,39],"is_endless":false,"potions_floor_spawned":[6,10,12,16,24,25,31,35,44,45,46,47],"ascension_level":1}}