{"host":"ds1yr10zonoc6w4a","time":1609099307,"event":{"mods":["2.2 Compatiblity","AchievementEnabler","Act Like it!","BaseMod","Downfall","Elementarium","Gensokyo","Infinite Spire","Jorbs\u0027s Wanderer Trilogy","Koishi","Menagerie","Minty Spire (QoL Compilation)","Pale of the Ancients","StSLib","The Animator","Wandering Minibosses","vexMod","??????REMEMod"],"gold_per_floor":[116,35,50,61,61,61,86,98,144,175,195,195,20,20,20,122,122,139,139,139,150,150,150,150,150],"floor_reached":24,"playtime":2643,"items_purged":["animator:Strike","animator:Defend"],"score":341,"play_id":"eed8a04e-7504-4013-87f9-dfadbb76a307","local_time":"20201227130147","is_ascension_mode":true,"campfire_choices":[{"floor":6,"key":"RECALL"},{"floor":12,"key":"REST"},{"data":"animator:Sloth","floor":15,"key":"SMITH"},{"data":"animator:Arpeggio","floor":23,"key":"SMITH"}],"circlet_count":0,"master_deck":["AscendersBane","animator:Strike_FullmetalAlchemist","animator:Defend_FullmetalAlchemist","animator:Defend","animator:Defend","animator:ElricEdward","animator:ElricAlphonse+1","stsjorbsmod:Toil","animator:Aisha+1","animator:Ain","animator:DolaCouronne","animator:Benimaru+1","animator:Chung","animator:Sloth+1","animator:Pride","animator:RoryMercury","animator:YachiyoNanami","animator:Ain","animator:Arpeggio+1","animator:Chung","animator:Ain","animator:TukaLunaMarceau","animator:GoblinSlayer","animator:Elsword","infinitespire:Starlight","infinitespire:NeuralNetwork","animator:DwarfShaman","infinitespire:UltimateForm"],"relics":["animator:LivingPicture","animator:TheMissingPiece","REME_ComplimentaryCards","animator:PurgingStone","The Courier","REME_IWantAll","Boot","Tiny Chest","vexMod:CursedCompass","infinitespire:Lucky Rock","animator:HolyGrailRelic","animator:Hoodie"],"acts_visited":["Exordium","Elementarium:Elementarium"],"potions_floor_usage":[3,7,10,10],"damage_taken":[{"damage":3,"enemies":"Small Slimes","floor":1,"turns":4},{"damage":0,"enemies":"Cultist","floor":3,"turns":3},{"damage":12,"enemies":"Jaw Worm","floor":4,"turns":6},{"damage":15,"enemies":"Gremlin Nob","floor":7,"turns":4},{"damage":6,"enemies":"Blue Slaver","floor":8,"turns":4},{"damage":18,"enemies":"Lagavulin","floor":10,"turns":7},{"damage":5,"enemies":"Red Slaver","floor":11,"turns":4},{"damage":21,"enemies":"Slime Boss","floor":16,"turns":10},{"damage":0,"enemies":"Elementarium:2_ELEMENTALS","floor":18,"turns":4},{"damage":1,"enemies":"Elementarium:Cyclone","floor":21,"turns":4},{"damage":64,"enemies":"Elementarium:FIRE_NOBILITY","floor":24,"turns":5}],"seed_played":"6681627458502343642","potions_obtained":[{"floor":1,"key":"DistilledChaos"},{"floor":4,"key":"GamblersBrew"},{"floor":7,"key":"Ancient Potion"},{"floor":8,"key":"CultistPotion"},{"floor":16,"key":"Ancient Potion"}],"is_trial":false,"path_per_floor":["M","?","M","M","?","R","E","M","T","E","M","R","$","?","R","B",null,"M","?","AVR","M","?","R","E"],"character_chosen":"THE_ANIMATOR","items_purchased":["animator:GoblinSlayer"],"campfire_rested":1,"item_purchase_floors":[13],"current_hp_per_floor":[56,56,56,44,44,44,29,26,26,11,9,31,31,38,38,20,64,64,49,57,68,46,46,0,0],"gold":150,"neow_bonus":"REMOVE_CARD","is_daily":false,"chose_seed":false,"campfire_upgraded":2,"win_rate":0.0,"timestamp":1609099307,"path_taken":["M","?","?","M","?","R","E","?","T","E","M","R","$","?","R","BOSS","M","?","AVR","M","?","R","E"],"items_purchased_type":["Card"],"build_version":"2020-12-22","purchased_purges":2,"victory":false,"max_hp_per_floor":[66,66,66,66,66,66,66,69,69,72,75,75,75,75,75,78,78,78,78,86,88,88,88,85,85],"card_choices":[{"not_picked":["animator:Priestess","animator:Mikaela"],"picked":"animator:Aisha","floor":1},{"not_picked":["animator:DolaSchwi","animator:Laby"],"picked":"animator:Ain","floor":3},{"not_picked":["animator:Shinoa","animator:ElricEdward"],"picked":"animator:DolaCouronne","floor":4},{"not_picked":["animator:Raven","animator:Ara"],"picked":"animator:Chung","floor":7},{"not_picked":["animator:Sloth","animator:Pride","animator:RoryMercury"],"picked":"Singing Bowl","floor":8},{"not_picked":["animator:YachiyoNanami","animator:Ain","animator:Arpeggio"],"picked":"Singing Bowl","floor":10},{"not_picked":["animator:Chung","animator:Ain","animator:TukaLunaMarceau"],"picked":"Singing Bowl","floor":11},{"not_picked":["animator:Father","animator:Shizu","animator:FeridBathory"],"picked":"Singing Bowl","floor":16},{"not_picked":["animator:Ciel","animator:Chung"],"picked":"animator:Elsword","floor":18},{"not_picked":["animator:SayakaMiki","animator:Witch"],"picked":"animator:DwarfShaman","floor":21},{"not_picked":["infinitespire:DeathsTouch","infinitespire:Starlight"],"picked":"infinitespire:UltimateForm","floor":22}],"player_experience":573654,"relics_obtained":[{"floor":7,"key":"REME_IWantAll"},{"floor":9,"key":"Boot"},{"floor":10,"key":"Tiny Chest"}],"event_choices":[{"damage_healed":0,"gold_gain":0,"player_choice":"Paid Gold","damage_taken":0,"relics_obtained":["The Courier"],"max_hp_gain":0,"max_hp_loss":0,"event_name":"WeMeetAgain","floor":2,"gold_loss":81},{"damage_healed":0,"gold_gain":0,"cards_transformed":["animator:Strike"],"player_choice":"Transformed","damage_taken":0,"max_hp_gain":0,"max_hp_loss":0,"event_name":"Transmorgrifier","floor":5,"gold_loss":0,"cards_obtained":["animator:Benimaru"]},{"damage_healed":0,"gold_gain":0,"player_choice":"Blood","damage_taken":15,"relics_obtained":["infinitespire:Lucky Rock"],"max_hp_gain":0,"max_hp_loss":0,"event_name":"Elementarium:ShatteredPortal","floor":19,"gold_loss":0}],"is_beta":false,"boss_relics":[{"not_picked":["vexMod:NewClearReactor","Black Star"],"picked":"vexMod:CursedCompass"}],"items_purged_floors":[13,20],"is_endless":false,"potions_floor_spawned":[1,4,7,8,16],"killed_by":"Elementarium:FIRE_NOBILITY","ascension_level":11}}