{"host":"f366y6jz7r79vafe","time":1609053156,"event":{"mods":["A Magickal Journey","Act Like it!","Aspiration","BaseMod","BetterRewards","Colored Map","Colored Powertips","Downfall","Friendly Minions","GungeonMod","Highlight Path","Hubris","Infinite Spire","Marisa????????","Minty Spire (QoL Compilation)","Relic Sorter","Replay The Spire","StSLib","SuperFastMode","The Cursed","The Jungle","The Necromancer","UnlockEverythingMod","Waifu the Spire"],"gold_per_floor":[113,32,32,46,46,77,77,77,77,91,104,123,123,49,49,147,147,159,159,174,194,214,214,232,250,250,261,281,281,298,317,317,420,420,430,443,184,184,184,184,201,217,267,281,298,309,309,321,321,321],"floor_reached":51,"playtime":1603,"items_purged":[],"score":686,"play_id":"ad4069b0-2e03-427c-b296-1408708cd6e6","local_time":"20201227021236","is_ascension_mode":false,"campfire_choices":[{"data":"TheCursedMod:CleanUpWorkshop","floor":7,"key":"SMITH"},{"data":"TheCursedMod:Grudge","floor":13,"key":"SMITH"},{"data":"TheCursedMod:HellfireBreathing","floor":15,"key":"SMITH"},{"data":"TheCursedMod:CircleOfFlame","floor":23,"key":"SMITH"},{"data":"TheCursedMod:ManaBullet","floor":32,"key":"SMITH"},{"data":"TheCursedMod:CircleOfAbyss","floor":40,"key":"SMITH"},{"data":"TheCursedMod:CursedShiv","floor":47,"key":"SMITH"},{"data":"TheCursedMod:CircleOfCorruption","floor":49,"key":"SMITH"}],"circlet_count":0,"master_deck":["TheCursedMod:CursedWand","TheCursedMod:CleanUpWorkshop+1","TheCursedMod:CursedShiv","TheCursedMod:Wield","TheCursedMod:ManaBullet+1","TheCursedMod:CircleOfFlame+1","TheCursedMod:CircleOfWindfury+1","TheCursedMod:CircleOfCorruption+1","TheCursedMod:CircleOfAbyss+1","Finesse","TheCursedMod:CircleOfCorruption","TheCursedMod:ReleasedKnowledge","TheCursedMod:CircleOfAmplification+1","TheCursedMod:WearCloak","TheCursedMod:Grudge+1","TheCursedMod:SpitefulPlan","TheCursedMod:HellfireBreathing+1","TheCursedMod:CursedStaff+1","TheCursedMod:Grudge+1","TheCursedMod:CircleOfAmplification","TheCursedMod:CursedSpellbook+1","TheCursedMod:ManaBullet+1","TheCursedMod:TroublousMinions+1","TheCursedMod:CursedShiv+1"],"relics":["TheCursedMod:MagicCandle","aspiration:StickyExplosives_weak","Mercury Hourglass","hubris:DisguiseKit","infinitespire:Broken Mirror","DemoMod:GlassGuonStoneRelic","Ring of Fury","Strawberry"],"acts_visited":["Exordium","TheCity","TheBeyond"],"potions_floor_usage":[],"damage_taken":[{"damage":0,"enemies":"Small Slimes","floor":1,"turns":1},{"damage":0,"enemies":"Jaw Worm","floor":4,"turns":2},{"damage":0,"enemies":"Gremlin Nob","floor":6,"turns":1},{"damage":0,"enemies":"2 Louse","floor":10,"turns":1},{"damage":0,"enemies":"Red Slaver","floor":11,"turns":2},{"damage":0,"enemies":"3 Louse","floor":12,"turns":1},{"damage":3,"enemies":"The Guardian","floor":16,"turns":5},{"damage":0,"enemies":"Shell Parasite","floor":18,"turns":2},{"damage":0,"enemies":"Chosen","floor":20,"turns":2},{"damage":0,"enemies":"Snake Plant","floor":21,"turns":1},{"damage":0,"enemies":"Centurion and Healer","floor":22,"turns":1},{"damage":0,"enemies":"Chosen and Byrds","floor":24,"turns":1},{"damage":0,"enemies":"3 Cultists","floor":25,"turns":2},{"damage":0,"enemies":"Sentry and Sphere","floor":27,"turns":1},{"damage":0,"enemies":"Snake Plant","floor":28,"turns":1},{"damage":0,"enemies":"Shelled Parasite and Fungi","floor":30,"turns":1},{"damage":0,"enemies":"Sentry and Sphere","floor":31,"turns":1},{"damage":25,"enemies":"hubris:MusketHawk","floor":33,"turns":5},{"damage":0,"enemies":"3 Darklings","floor":35,"turns":1},{"damage":0,"enemies":"Orb Walker","floor":36,"turns":1},{"damage":0,"enemies":"Sphere and 2 Shapes","floor":41,"turns":2},{"damage":0,"enemies":"Writhing Mass","floor":42,"turns":1},{"damage":0,"enemies":"Jaw Worm Horde","floor":44,"turns":2},{"damage":0,"enemies":"4 Shapes","floor":45,"turns":1},{"damage":0,"enemies":"Maw","floor":46,"turns":2},{"damage":0,"enemies":"Spire Growth","floor":48,"turns":1},{"damage":3,"enemies":"infinitespire:MassOfShapes","floor":50,"turns":4}],"seed_played":"8308487343732859085","potions_obtained":[{"floor":6,"key":"Weak Potion"},{"floor":10,"key":"DemoMod:LeadSkinPotion"},{"floor":20,"key":"BlessingOfTheForge"},{"floor":42,"key":"TheCursedMod:DregsPotion"}],"is_trial":false,"path_per_floor":["M","$","?","M","?","E","R","?","T","M","M","M","R","$","R","B",null,"M","?","M","M","M","R","M","M","T","M","M","$","M","M","R","B",null,"M","M","$","?","?","R","M","M","T","M","M","M","R","M","R","B",null],"character_chosen":"THE_CURSED","items_purchased":["TheCursedMod:ReleasedKnowledge","TheCursedMod:HellfireBreathing","aspiration:StickyExplosives_weak"],"campfire_rested":0,"item_purchase_floors":[2,14,37],"current_hp_per_floor":[75,75,75,75,75,75,75,75,75,75,75,75,75,75,75,72,75,75,75,75,75,75,75,75,75,75,75,75,75,75,75,75,50,75,75,75,75,75,75,75,75,75,82,82,82,82,82,82,82,79],"gold":321,"neow_bonus":"UPGRADE_CARD","is_daily":false,"chose_seed":false,"campfire_upgraded":8,"win_rate":0.0,"timestamp":1609053156,"path_taken":["M","$","?","M","?","E","R","?","T","?","M","M","R","$","R","BOSS","M","?","M","M","M","R","?","M","T","M","M","?","M","M","R","BOSS","M","M","$","?","?","R","M","M","T","M","M","M","R","M","R","BOSS"],"items_purchased_type":["Card","Card","Relic"],"build_version":"2020-12-22","purchased_purges":0,"victory":true,"max_hp_per_floor":[75,75,75,75,75,75,75,75,75,75,75,75,75,75,75,75,75,75,75,75,75,75,75,75,75,75,75,75,75,75,75,75,75,75,75,75,75,75,75,75,75,75,82,82,82,82,82,82,82,82],"card_choices":[{"not_picked":["TheCursedMod:CircleOfFlame","TheCursedMod:VitalStrike"],"picked":"TheCursedMod:CircleOfCorruption","floor":1},{"not_picked":["TheCursedMod:CursedBoomerang","TheCursedMod:Hemoplague"],"picked":"TheCursedMod:CircleOfAmplification","floor":4},{"not_picked":["TheCursedMod:StingEye","TheCursedMod:CursedRelics"],"picked":"TheCursedMod:WearCloak","floor":6},{"not_picked":["TheCursedMod:TroublousMinions","TheCursedMod:CursedMace","TheCursedMod:Stretching","Slimebound:Gluttony"],"picked":"SKIP","floor":10},{"not_picked":["TheCursedMod:SpitefulStrike","TheCursedMod:StingEye","Slimebound:PressTheAttack"],"picked":"TheCursedMod:Grudge","floor":11},{"not_picked":["TheCursedMod:Stretching","TheCursedMod:VitalStrike","Slimebound:GoopSpray"],"picked":"TheCursedMod:SpitefulPlan","floor":12},{"not_picked":["TheCursedMod:SaltUponWound","TheCursedMod:CircleOfAmplification","Slimebound:FinishingTackle"],"picked":"TheCursedMod:CursedStaff+1","floor":18},{"not_picked":["TheCursedMod:SurpriseAttack","TheCursedMod:HellsGateOpen+1","TheCursedMod:WearCloak+1","Slimebound:LeechingTouch"],"picked":"SKIP","floor":20},{"not_picked":["TheCursedMod:WearCloak","TheCursedMod:Wield","Slimebound:ComboTackle"],"picked":"TheCursedMod:Grudge+1","floor":21},{"not_picked":["TheCursedMod:UltimatePain","TheCursedMod:FleshFromBone","TheCursedMod:WearCloak+1","Slimebound:FlameTackle"],"picked":"SKIP","floor":22},{"not_picked":["TheCursedMod:LuckyCharm","TheCursedMod:Hemoplague+1","Slimebound:RollThrough"],"picked":"TheCursedMod:CircleOfAmplification","floor":24},{"not_picked":["TheCursedMod:PrepareRite","TheCursedMod:SpitefulStrike+1","TheCursedMod:CircleOfFlame","Slimebound:Schlurp"],"picked":"SKIP","floor":25},{"not_picked":["TheCursedMod:SaltUponWound+1","TheCursedMod:Wield","Slimebound:FinishingTackle"],"picked":"TheCursedMod:CursedSpellbook+1","floor":27},{"not_picked":["TheCursedMod:CircleOfAmplification+1","TheCursedMod:Wield+1","TheCursedMod:CircleOfFlame","Slimebound:RollThrough"],"picked":"SKIP","floor":28},{"not_picked":["TheCursedMod:Hemoplague","TheCursedMod:Wield","Slimebound:ComboTackle"],"picked":"TheCursedMod:ManaBullet","floor":30},{"not_picked":["TheCursedMod:SpreadPlague+1","TheCursedMod:RapidMovement","TheCursedMod:VitalStrike","Slimebound:SplitAcid"],"picked":"SKIP","floor":31},{"not_picked":["TheCursedMod:Obscuration+1","TheCursedMod:CursedBlade","TheCursedMod:FleshFromBone","Slimebound:FinishingTackle"],"picked":"SKIP","floor":35},{"not_picked":["TheCursedMod:CircleOfFlame+1","TheCursedMod:Obscuration","TheCursedMod:FleshFromBone","Slimebound:SlimeBarrage"],"picked":"SKIP","floor":36},{"not_picked":["TheCursedMod:CircleOfCorruption+1","TheCursedMod:UltimatePain","TheCursedMod:Stretching","Slimebound:ViciousTackle"],"picked":"SKIP","floor":41},{"not_picked":["TheCursedMod:CursedBlade","TheCursedMod:Evocation+1","TheCursedMod:Stretching","Slimebound:MegaLick"],"picked":"SKIP","floor":42},{"not_picked":["TheCursedMod:Torture","TheCursedMod:LuckyCharm+1","Slimebound:RallyTheTroops"],"picked":"TheCursedMod:TroublousMinions+1","floor":44},{"not_picked":["TheCursedMod:SoulReap","TheCursedMod:SurpriseAttack+1","TheCursedMod:LuckyCharm","Slimebound:BestDefense"],"picked":"SKIP","floor":45},{"not_picked":["TheCursedMod:NeowsMight","TheCursedMod:DoubleShield+1","Slimebound:AcidTongue"],"picked":"TheCursedMod:CursedShiv","floor":46},{"not_picked":["TheCursedMod:VitalStrike","TheCursedMod:HellfireBreathing+1","TheCursedMod:Obscuration","Slimebound:BestDefense"],"picked":"SKIP","floor":48}],"player_experience":56737,"relics_obtained":[{"floor":6,"key":"Mercury Hourglass"},{"floor":9,"key":"hubris:DisguiseKit"},{"floor":26,"key":"infinitespire:Broken Mirror"},{"floor":38,"key":"Ring of Fury"},{"floor":43,"key":"Strawberry"}],"event_choices":[{"damage_healed":0,"gold_gain":0,"player_choice":"Grow","damage_taken":0,"max_hp_gain":0,"max_hp_loss":0,"event_name":"Living Wall","floor":5,"gold_loss":0,"cards_upgraded":["TheCursedMod:CircleOfAmplification"]},{"damage_healed":0,"gold_gain":0,"player_choice":"Leave","damage_taken":0,"max_hp_gain":0,"max_hp_loss":0,"event_name":"FaceTrader","floor":8,"gold_loss":0},{"damage_healed":0,"gold_gain":0,"player_choice":"Ignored","damage_taken":0,"max_hp_gain":0,"max_hp_loss":0,"event_name":"Purifier","floor":19,"gold_loss":0},{"damage_healed":0,"gold_gain":0,"player_choice":"Forge","damage_taken":0,"max_hp_gain":0,"max_hp_loss":0,"event_name":"Accursed Blacksmith","floor":39,"gold_loss":0,"cards_upgraded":["TheCursedMod:ManaBullet"]}],"is_beta":false,"boss_relics":[{"not_picked":["Replay:Fungal Core","aspiration:RitualDagger","Fusion Hammer"]},{"not_picked":["aspiration:MarisaSkillbook","ChewingGum","Snecko Eye"]}],"items_purged_floors":[],"is_endless":false,"potions_floor_spawned":[6,10,20,22,25,28,36,42,44,45,46],"ascension_level":0}}