{"host":"vydapxfau6612551","time":1609067852,"event":{"mods":["AchievementEnabler","BaseMod","Minty Spire (QoL Compilation)","StSLib","SuperFastMode"],"gold_per_floor":[117,117,129,129,145,180,195,213,213,239,259,270,295,245,245,245,245],"floor_reached":16,"playtime":545,"items_purged":[],"score":174,"play_id":"bcd4e21c-bc5e-4221-a9e5-92e7f9ba2301","local_time":"20201227201732","is_ascension_mode":true,"campfire_choices":[{"data":"Perfected Strike","floor":15,"key":"SMITH"}],"circlet_count":0,"master_deck":["Strike_R","Strike_R","Strike_R","Strike_R","Defend_R","Defend_R","Defend_R","Bash","Flex+1","Twin Strike","Twin Strike","Carnage","Battle Trance","Armaments","Armaments","Perfected Strike+1","Sword Boomerang","Wild Strike","Pommel Strike"],"relics":["Burning Blood","NeowsBlessing","Bag of Marbles","Blood Vial","Sundial"],"acts_visited":["Exordium"],"potions_floor_usage":[6,10,13],"damage_taken":[{"damage":0,"enemies":"Cultist","floor":1,"turns":1},{"damage":0,"enemies":"2 Louse","floor":3,"turns":1},{"damage":0,"enemies":"Small Slimes","floor":5,"turns":1},{"damage":10,"enemies":"Gremlin Nob","floor":6,"turns":3},{"damage":6,"enemies":"Looter","floor":7,"turns":2},{"damage":15,"enemies":"Exordium Thugs","floor":8,"turns":3},{"damage":15,"enemies":"3 Sentries","floor":10,"turns":9},{"damage":5,"enemies":"Exordium Wildlife","floor":11,"turns":4},{"damage":15,"enemies":"2 Fungi Beasts","floor":12,"turns":3},{"damage":6,"enemies":"Gremlin Nob","floor":13,"turns":4},{"damage":60,"enemies":"Hexaghost","floor":16,"turns":8}],"seed_played":"2321006743994921251","potions_obtained":[{"floor":1,"key":"SpeedPotion"},{"floor":3,"key":"AttackPotion"},{"floor":7,"key":"SkillPotion"},{"floor":12,"key":"Block Potion"}],"is_trial":false,"path_per_floor":["M","?","M","?","M","E","M","M","T","E","M","M","E","?","R","B"],"character_chosen":"IRONCLAD","items_purchased":[],"campfire_rested":0,"item_purchase_floors":[],"current_hp_per_floor":[78,78,80,80,80,76,76,67,67,58,61,54,56,56,56,0,0],"gold":245,"neow_bonus":"THREE_ENEMY_KILL","is_daily":false,"chose_seed":false,"campfire_upgraded":1,"win_rate":0.0,"timestamp":1609067852,"path_taken":["M","?","?","?","?","E","M","M","T","E","M","M","E","?","R","BOSS"],"items_purchased_type":[],"build_version":"2020-12-22","purchased_purges":0,"victory":false,"max_hp_per_floor":[80,80,80,80,80,80,80,80,80,80,80,80,80,80,80,80,80],"card_choices":[{"not_picked":["Bloodletting","Body Slam"],"picked":"Flex","floor":1},{"not_picked":["Hemokinesis","Shockwave"],"picked":"Twin Strike","floor":3},{"not_picked":["Twin Strike","Body Slam"],"picked":"Carnage","floor":5},{"not_picked":["Searing Blow","Sword Boomerang"],"picked":"Battle Trance","floor":6},{"not_picked":["Entrench","Feel No Pain"],"picked":"Armaments","floor":7},{"not_picked":["Flame Barrier","True Grit"],"picked":"Armaments","floor":8},{"not_picked":["Searing Blow","Sentinel"],"picked":"Perfected Strike","floor":10},{"not_picked":["Body Slam","Havoc"],"picked":"Sword Boomerang","floor":11},{"not_picked":["Ghostly Armor","Havoc"],"picked":"Wild Strike","floor":12},{"not_picked":["Anger","Havoc"],"picked":"Pommel Strike","floor":13}],"player_experience":395475,"relics_obtained":[{"floor":6,"key":"Bag of Marbles"},{"floor":10,"key":"Blood Vial"},{"floor":13,"key":"Sundial"}],"event_choices":[{"damage_healed":0,"gold_gain":0,"cards_transformed":["Strike_R"],"player_choice":"Transformed","damage_taken":0,"max_hp_gain":0,"max_hp_loss":0,"event_name":"Transmorgrifier","floor":2,"gold_loss":0,"cards_obtained":["Twin Strike"]},{"damage_healed":0,"gold_gain":0,"player_choice":"Forge","damage_taken":0,"max_hp_gain":0,"max_hp_loss":0,"event_name":"Accursed Blacksmith","floor":4,"gold_loss":0,"cards_upgraded":["Flex"]},{"cards_removed":["Defend_R"],"damage_healed":0,"gold_gain":0,"player_choice":"Card Removal","damage_taken":0,"max_hp_gain":0,"max_hp_loss":0,"event_name":"The Cleric","floor":14,"gold_loss":50}],"is_beta":false,"boss_relics":[],"items_purged_floors":[],"is_endless":false,"potions_floor_spawned":[1,3,7,12],"killed_by":"Hexaghost","ascension_level":8}}