{"host":"yer03dsd277nstsn","time":1609099833,"event":{"mods":["BaseMod","Minty Spire (QoL Compilation)"],"gold_per_floor":[113,113,123,46,46,89,89,132,132,132,176,190,190,203,203,334,334,359,42,42,58,5,5,5,19,19,19,19,19,0,40,52,64,64],"floor_reached":33,"playtime":1798,"items_purged":["Strike_B"],"score":414,"play_id":"0bd13107-8d9a-4698-ae22-76dbbe18c9eb","local_time":"20201227141033","is_ascension_mode":true,"campfire_choices":[{"floor":7,"key":"REST"},{"floor":10,"key":"REST"},{"floor":15,"key":"REST"},{"floor":24,"key":"REST"},{"data":"Defragment","floor":28,"key":"SMITH"},{"floor":32,"key":"REST"}],"circlet_count":0,"master_deck":["Defend_B","Defend_B+1","Defend_B","Defend_B","Zap","Dualcast+1","Streamline","Barrage","Defragment+1","Injury","Doom and Gloom","Auto Shields","Turbo","Seek","CurseOfTheBell","Sweeping Beam+1","Writhe","Rebound+1","Conserve Battery","Chill","Bite","Bite","Bite","Bite","Bite","Capacitor"],"relics":["Cracked Core","TungstenRod","Golden Idol","Pocketwatch","Boot","Bottled Tornado","Blue Candle","Mercury Hourglass","Calling Bell","Juzu Bracelet","White Beast Statue","Thread and Needle","Darkstone Periapt","Sundial","Strawberry","Nilry\u0027s Codex","MawBank"],"acts_visited":["Exordium","TheCity"],"potions_floor_usage":[6,16,16,23,31,33,33,33],"damage_taken":[{"damage":0,"enemies":"Small Slimes","floor":1,"turns":2},{"damage":10,"enemies":"Jaw Worm","floor":3,"turns":4},{"damage":27,"enemies":"3 Sentries","floor":6,"turns":7},{"damage":17,"enemies":"Lagavulin","floor":8,"turns":6},{"damage":17,"enemies":"Gremlin Nob","floor":11,"turns":3},{"damage":7,"enemies":"2 Louse","floor":12,"turns":2},{"damage":0,"enemies":"Large Slime","floor":14,"turns":3},{"damage":25,"enemies":"Hexaghost","floor":16,"turns":8},{"damage":7,"enemies":"Shell Parasite","floor":18,"turns":5},{"damage":15,"enemies":"Chosen","floor":21,"turns":5},{"damage":5,"enemies":"Gremlin Leader","floor":23,"turns":3},{"damage":14,"enemies":"Centurion and Healer","floor":25,"turns":7},{"damage":29,"enemies":"Slavers","floor":31,"turns":6},{"damage":54,"enemies":"Automaton","floor":33,"turns":6}],"seed_played":"-1404193455506347331","potions_obtained":[{"floor":1,"key":"Fire Potion"},{"floor":8,"key":"SmokeBomb"},{"floor":14,"key":"EntropicBrew"},{"floor":16,"key":"DistilledChaos"},{"floor":25,"key":"CultistPotion"},{"floor":31,"key":"SkillPotion"}],"is_trial":false,"path_per_floor":["M","?","M","$","?","E","R","E","T","R","E","M","T","M","R","B",null,"M","$","?","M","$","E","R","M","T","?","R","?","?","E","R","B"],"character_chosen":"DEFECT","items_purchased":["Defragment","Darkstone Periapt","Conserve Battery"],"campfire_rested":5,"item_purchase_floors":[4,19,22],"current_hp_per_floor":[68,55,45,45,45,18,38,21,21,41,24,17,17,17,37,12,54,47,47,53,38,38,33,55,41,48,48,48,36,36,13,29,0,0],"gold":64,"neow_bonus":"ONE_RARE_RELIC","is_daily":false,"chose_seed":false,"campfire_upgraded":1,"win_rate":0.0,"timestamp":1609099833,"path_taken":["M","?","M","$","?","E","R","E","T","R","E","M","?","M","R","BOSS","M","$","?","M","$","E","R","M","T","?","R","?","?","E","R","BOSS"],"items_purchased_type":["Card","Relic","Card"],"build_version":"2020-12-22","purchased_purges":1,"victory":false,"max_hp_per_floor":[68,68,68,68,68,68,68,68,68,68,68,68,68,68,68,68,68,68,68,74,74,74,74,74,74,81,56,56,56,56,56,56,56,56],"card_choices":[{"not_picked":["Blizzard","Steam Power"],"picked":"Streamline","floor":1},{"not_picked":["Streamline","Go for the Eyes"],"picked":"Barrage","floor":3},{"not_picked":["Static Discharge","Recycle","Amplify"],"picked":"SKIP","floor":6},{"not_picked":["Streamline","Compile Driver","Stack"],"picked":"SKIP","floor":8},{"not_picked":["Leap","Chaos"],"picked":"Doom and Gloom","floor":11},{"not_picked":["Hologram","Lockon"],"picked":"Auto Shields","floor":12},{"not_picked":["Skim","Leap"],"picked":"Turbo","floor":14},{"not_picked":["Fission","All For One"],"picked":"Seek","floor":16},{"not_picked":["Steam","Barrage+1"],"picked":"Sweeping Beam+1","floor":18},{"not_picked":["FTL","Redo"],"picked":"Rebound+1","floor":21},{"not_picked":["Barrage","Coolheaded"],"picked":"Chill","floor":25},{"not_picked":["Hyperbeam","Consume"],"picked":"Capacitor","floor":31}],"player_experience":371970,"relics_obtained":[{"floor":6,"key":"Pocketwatch"},{"floor":8,"key":"Boot"},{"floor":9,"key":"Bottled Tornado"},{"floor":11,"key":"Blue Candle"},{"floor":13,"key":"Mercury Hourglass"},{"floor":17,"key":"Juzu Bracelet"},{"floor":17,"key":"White Beast Statue"},{"floor":17,"key":"Thread and Needle"},{"floor":26,"key":"Strawberry"},{"floor":29,"key":"Nilry\u0027s Codex"},{"floor":31,"key":"MawBank"}],"event_choices":[{"damage_healed":0,"gold_gain":0,"player_choice":"Entered Light","damage_taken":14,"max_hp_gain":0,"max_hp_loss":0,"event_name":"Shining Light","floor":2,"gold_loss":0,"cards_upgraded":["Defend_B","Dualcast"]},{"damage_healed":0,"gold_gain":0,"player_choice":"Take Wound","damage_taken":0,"relics_obtained":["Golden Idol"],"max_hp_gain":0,"max_hp_loss":0,"event_name":"Golden Idol","floor":5,"gold_loss":0,"cards_obtained":["Injury"]},{"damage_healed":0,"gold_gain":0,"player_choice":"Opened","damage_taken":0,"relics_obtained":["Sundial"],"max_hp_gain":0,"max_hp_loss":0,"event_name":"The Mausoleum","floor":20,"gold_loss":0,"cards_obtained":["Writhe"]},{"damage_healed":0,"gold_gain":0,"player_choice":"Became a vampire","damage_taken":0,"max_hp_gain":0,"max_hp_loss":25,"event_name":"Vampires","floor":27,"gold_loss":0,"cards_obtained":["Bite","Bite","Bite","Bite","Bite"]},{"damage_healed":0,"gold_gain":0,"player_choice":"Obtained Book","damage_taken":16,"max_hp_gain":0,"max_hp_loss":0,"event_name":"Cursed Tome","floor":29,"gold_loss":0},{"damage_healed":0,"gold_gain":0,"player_choice":"Paid Fearfully","damage_taken":0,"max_hp_gain":0,"max_hp_loss":0,"event_name":"Masked Bandits","floor":30,"gold_loss":19}],"is_beta":false,"boss_relics":[{"not_picked":["Sozu","Inserter"],"picked":"Calling Bell"}],"items_purged_floors":[19],"is_endless":false,"potions_floor_spawned":[1,8,14,16,18,21,23,25,31],"killed_by":"Automaton","ascension_level":6}}