{"host":"pr6x8hyknev46vut","time":1609094577,"event":{"mods":["Aspiration","BaseMod","CCEM","Colored Map","Downfall","Googly Eyes","Hermit","Highlight Path","Minty Spire (QoL Compilation)","Permanent Neow","Replay The Spire","Shop Mod","StSLib","The Bug Knight","The Construct","The Cursed","The Disciple","The Necromancer","The Runesmith","The Servant 0.9.4"],"gold_per_floor":[111,111,128,128,140,169,169,169,192,192,157,157,167,178,251,349,349,367,146,146,157,175,175,205,205,205,205,218,247,260,272,272,369,369,379,392,392,89,89,89,89,89,89,89,102,127,147,165,165,165],"floor_reached":51,"playtime":3231,"items_purged":[],"score":792,"play_id":"8f1d189c-ef5e-4f64-855a-47877f44e9a3","local_time":"20201227194257","is_ascension_mode":false,"campfire_choices":[{"data":"Headbutt","floor":12,"key":"SMITH"},{"data":"Bludgeon","floor":23,"key":"SMITH"},{"data":"Double Tap","floor":25,"key":"SMITH"},{"floor":27,"key":"REST"},{"floor":32,"key":"REST"},{"data":"Feed","floor":40,"key":"SMITH"},{"data":"Feed","floor":42,"key":"SMITH"},{"data":"Flex","floor":44,"key":"SMITH"},{"floor":49,"key":"REST"}],"circlet_count":0,"master_deck":["Strike_R","Strike_R","Strike_R","Strike_R","Strike_R","Defend_R","Defend_R","Defend_R","Defend_R","Body Slam","Survivor","Neutralize","Headbutt+1","Pommel Strike","Power Through","Bludgeon+1","Metallicize","Double Tap+1","Disarm","Rupture","Flex+1","Armaments","Ghostly Armor+1","Shrug It Off","Feed+1","Feed+1","Run Through+1","TimeTheft","Madness","Madness","TimeWarp+1","Demon Form","Flame Barrier","Sabotage+1"],"relics":["construct:ClawGrip","Replay:Bottled Snecko","Bag of Preparation","Replay:Wax Seal","Replay:Grab Bag","ChewingGum","Replay:Bronze Core","Runic Pyramid","aspiration:MobileForge","Oddly Smooth Stone","CultistMask","Ornamental Fan","Pen Nib","Ice Cream","aspiration:ServantSkillbook","CCEMRelics:SpiritsEdge","Lee\u0027s Waffle","Happy Flower","PreservedInsect"],"acts_visited":["Exordium","TheCity","TheBeyond"],"potions_floor_usage":[50],"damage_taken":[{"damage":2,"enemies":"Small Slimes","floor":1,"turns":4},{"damage":1,"enemies":"2 Louse","floor":3,"turns":3},{"damage":0,"enemies":"Cultist","floor":5,"turns":3},{"damage":15,"enemies":"Replay:BlueRogue","floor":6,"turns":6},{"damage":1,"enemies":"Red Slaver","floor":13,"turns":3},{"damage":1,"enemies":"2 Fungi Beasts","floor":14,"turns":4},{"damage":11,"enemies":"Slime Boss","floor":16,"turns":11},{"damage":0,"enemies":"Chosen","floor":18,"turns":3},{"damage":6,"enemies":"2 Thieves","floor":21,"turns":4},{"damage":6,"enemies":"Centurion and Healer","floor":22,"turns":5},{"damage":0,"enemies":"HollowMod:Nosk","floor":24,"turns":7},{"damage":0,"enemies":"Sentry and Sphere","floor":28,"turns":3},{"damage":15,"enemies":"Slavers","floor":29,"turns":4},{"damage":0,"enemies":"Snake Plant","floor":30,"turns":4},{"damage":0,"enemies":"Shelled Parasite and Fungi","floor":31,"turns":5},{"damage":27,"enemies":"Automaton","floor":33,"turns":7},{"damage":0,"enemies":"3 Darklings","floor":35,"turns":3},{"damage":0,"enemies":"Orb Walker","floor":36,"turns":3},{"damage":0,"enemies":"Transient","floor":45,"turns":5},{"damage":0,"enemies":"Nemesis","floor":46,"turns":7},{"damage":18,"enemies":"4 Shapes","floor":47,"turns":5},{"damage":0,"enemies":"3 Darklings","floor":48,"turns":5},{"damage":11,"enemies":"Donu and Deca","floor":50,"turns":8}],"seed_played":"3603467289117406800","potions_obtained":[{"floor":13,"key":"construct:ShiftPotion"},{"floor":14,"key":"SpeedPotion"},{"floor":16,"key":"PowerPotion"},{"floor":21,"key":"FairyPotion"},{"floor":28,"key":"Energy Potion"},{"floor":46,"key":"Elixir"}],"is_trial":false,"path_per_floor":["M","?","M","$","M","E","?","?","T","?","?","R","M","M","R_BF","B",null,"M","$","?","M","M","R","E","R","T","R","M","E","M","M","R","B",null,"M","M","?","$","?","R","?","R","T","R","M","E","M","M","R","B",null],"character_chosen":"IRONCLAD","items_purchased":["Oddly Smooth Stone","Rupture","CCEMRelics:SpiritsEdge","Lee\u0027s Waffle"],"campfire_rested":3,"item_purchase_floors":[19,19,38,38],"current_hp_per_floor":[78,78,77,77,77,62,62,62,62,59,79,79,78,77,77,66,80,80,80,80,74,68,68,68,68,68,80,80,65,65,65,80,53,80,84,88,77,95,95,95,95,95,95,95,95,95,85,85,103,92],"gold":165,"neow_bonus":"BOSS_RELIC","is_daily":false,"chose_seed":false,"campfire_upgraded":6,"win_rate":0.0,"timestamp":1609094577,"path_taken":["M","?","M","$","M","E","?","?","T","?","?","R","?","M","R_BF","BOSS","M","$","?","M","M","R","E","R","T","R","M","E","M","?","R","BOSS","M","M","?","$","?","R","?","R","T","R","M","E","M","M","R","BOSS"],"items_purchased_type":["Relic","Card","Relic","Relic"],"build_version":"2020-12-22","purchased_purges":0,"victory":true,"max_hp_per_floor":[80,80,80,80,80,80,80,80,80,80,80,80,80,80,80,80,80,80,80,80,80,80,80,80,80,80,80,80,80,80,80,80,80,80,84,88,88,95,95,95,95,95,95,95,95,95,103,103,103,103],"card_choices":[{"not_picked":["ReplayTheSpireMod:Muscle Training","Whirlwind"],"picked":"Body Slam","floor":1},{"not_picked":["Sword Boomerang","Warcry"],"picked":"Headbutt","floor":3},{"not_picked":["ReplayTheSpireMod:Strike From Hell","Feel No Pain"],"picked":"Pommel Strike","floor":5},{"not_picked":["Twin Strike","Feel No Pain"],"picked":"Power Through","floor":6},{"not_picked":["Clash","ReplayTheSpireMod:Muscle Training"],"picked":"Bludgeon","floor":13},{"not_picked":["Carnage","Perfected Strike"],"picked":"Metallicize","floor":14},{"not_picked":["Bludgeon","Impervious"],"picked":"Double Tap","floor":16},{"not_picked":["Run Through","Twin Strike"],"picked":"Disarm","floor":18},{"not_picked":["Clothesline+1","Rage"],"picked":"Flex","floor":21},{"not_picked":["Run Through","Iron Wave"],"picked":"Armaments","floor":22},{"not_picked":["ReplayTheSpireMod:Stacked","Armaments+1"],"picked":"Ghostly Armor+1","floor":24},{"not_picked":["Thunderclap+1","Sword Boomerang","Clash"],"picked":"SKIP","floor":28},{"not_picked":["Rupture","Replay:Undeath\u0027s Touch","Iron Wave"],"picked":"SKIP","floor":29},{"not_picked":["Anger","Headbutt"],"picked":"Shrug It Off","floor":30},{"not_picked":["Dark Embrace+1","Pommel Strike"],"picked":"Feed","floor":31},{"not_picked":["Berserk","Juggernaut"],"picked":"Feed","floor":33},{"not_picked":["Shrug It Off+1","ShatteredReality","Spin+1"],"picked":"Run Through+1","floor":35},{"not_picked":["Replay:Undeath\u0027s Touch","FastForward","Revamp+1"],"picked":"TimeTheft","floor":36},{"not_picked":["Infernal Blade","Spin","ReplayTheSpireMod:LeadingStrike+1"],"picked":"TimeWarp+1","floor":45},{"not_picked":["Replay:Undeath\u0027s Touch+1","Cleave","Rearm"],"picked":"Demon Form","floor":46},{"not_picked":["MoonPhase+1","Flex","Iron Wave"],"picked":"Flame Barrier","floor":47},{"not_picked":["Revamp+1","Perfected Strike","Hightail"],"picked":"Sabotage+1","floor":48}],"player_experience":33258,"relics_obtained":[{"floor":6,"key":"Replay:Bottled Snecko"},{"floor":9,"key":"Bag of Preparation"},{"floor":24,"key":"Ornamental Fan"},{"floor":26,"key":"Pen Nib"},{"floor":29,"key":"Ice Cream"},{"floor":43,"key":"Happy Flower"},{"floor":46,"key":"PreservedInsect"}],"event_choices":[{"damage_healed":0,"gold_gain":0,"player_choice":"Searched \u00270\u0027 times","damage_taken":0,"max_hp_gain":0,"max_hp_loss":0,"event_name":"Dead Adventurer","floor":7,"gold_loss":0},{"damage_healed":0,"gold_gain":0,"player_choice":"Ignored","damage_taken":0,"max_hp_gain":0,"max_hp_loss":0,"event_name":"Golden Wing","floor":8,"gold_loss":0},{"damage_healed":0,"gold_gain":0,"player_choice":"Success","damage_taken":3,"relics_obtained":["Replay:Wax Seal"],"max_hp_gain":0,"max_hp_loss":0,"event_name":"Scrap Ooze","floor":10,"gold_loss":0},{"damage_healed":20,"gold_gain":0,"player_choice":"Healed","damage_taken":0,"max_hp_gain":0,"max_hp_loss":0,"event_name":"The Cleric","floor":11,"gold_loss":35},{"damage_healed":0,"gold_gain":0,"player_choice":"Trade","damage_taken":0,"relics_obtained":["CultistMask"],"max_hp_gain":0,"max_hp_loss":0,"event_name":"FaceTrader","floor":20,"gold_loss":0},{"damage_healed":0,"gold_gain":0,"player_choice":"Embrace Madness","damage_taken":11,"max_hp_gain":0,"max_hp_loss":0,"event_name":"Winding Halls","floor":37,"gold_loss":0,"cards_obtained":["Madness","Madness"]},{"damage_healed":0,"gold_gain":0,"player_choice":"Ignored","damage_taken":0,"max_hp_gain":0,"max_hp_loss":0,"event_name":"Purifier","floor":41,"gold_loss":0}],"is_beta":false,"boss_relics":[{"not_picked":["Fusion Hammer","Ectoplasm"],"picked":"Replay:Grab Bag"},{"not_picked":["ReplayTheSpireMod:Onyx Gauntlets","Electric Blood"],"picked":"ChewingGum"},{"not_picked":["ReplayTheSpireMod:DimensionalGlitch","Runic Dome"],"picked":"Replay:Bronze Core"},{"not_picked":["Empty Cage","Ring of Chaos"],"picked":"Runic Pyramid"},{"not_picked":["Runic Cube","construct:WeddingRing"],"picked":"aspiration:MobileForge"},{"not_picked":["Astrolabe","Philosopher\u0027s Stone"],"picked":"aspiration:ServantSkillbook"}],"items_purged_floors":[],"is_endless":false,"potions_floor_spawned":[13,14,16,21,28,30,35,46,47],"ascension_level":0}}