{"host":"iy58fyt9wsbv4cf1","time":1609093027,"event":{"mods":["BaseMod","Better Altar","Better Match","Better Skull","Better Third Choice","BetterRewards","Conspire","Custom Start","Defuse TimeMaze Blight","Hubris","Infinite Spire","Minty Spire (QoL Compilation)","Permanent Neow","Quick Restart","Spicy Shops","StSLib"],"gold_per_floor":[110,110,125,136,154,188,188,188,211,243,243,243,243,91,91,192,192,207,67,77,77,97,97,109,328,328,328,338,338,338,366,366,467,467,483,483,483,483,510,536,552,370,370,583,522,522,535,554,554,554],"floor_reached":51,"playtime":1368,"items_purged":["Defend_B"],"score":828,"play_id":"7d6a25de-7c25-4862-8a04-bb8fcacea6d4","local_time":"20201227131707","is_ascension_mode":false,"campfire_choices":[{"floor":7.0,"key":"REST"},{"data":"Zap","floor":13.0,"key":"SMITH"},{"floor":15.0,"key":"REST"},{"data":"Storm","floor":23.0,"key":"SMITH"},{"floor":29.0,"key":"REST"},{"floor":32.0,"key":"REST"},{"floor":49,"key":"REST"}],"circlet_count":0,"master_deck":["Defend_B","Defend_B","Zap+1","Dualcast","Storm+1","Capacitor","Genetic Algorithm","Steam","Electrodynamics","White Noise","Thunder Strike","Conserve Battery+1","Auto Shields+1","Loop+1","Heatsinks","Skim","hubris:DuctTapeCard","Force Field+1"],"relics":["Cracked Core","Strange Spoon","DollysMirror","Membership Card","betterAltar:BloodRelic","conspire:Flyswatter","Lantern","Medical Kit","hubris:CrackedHourglass","Chemical X","Omamori","Juzu Bracelet","Bottled Tornado","MutagenicStrength","Torii","Empty Cage","hubris:Towel","hubris:Icosahedron","DataDisk","Smiling Mask","hubris:DuctTape","hubris:MobiusCoin","FossilizedHelix"],"acts_visited":["Exordium","TheCity","TheBeyond"],"potions_floor_usage":[],"damage_taken":[{"damage":9.0,"enemies":"Small Slimes","floor":1.0,"turns":4.0},{"damage":2.0,"enemies":"Cultist","floor":3.0,"turns":4.0},{"damage":11.0,"enemies":"Jaw Worm","floor":4.0,"turns":4.0},{"damage":4.0,"enemies":"Large Slime","floor":5.0,"turns":4.0},{"damage":0.0,"enemies":"3 Sentries","floor":6.0,"turns":3.0},{"damage":27.0,"enemies":"Gremlin Nob","floor":10.0,"turns":4.0},{"damage":41.0,"enemies":"Slime Boss","floor":16.0,"turns":11.0},{"damage":13.0,"enemies":"conspire:FuzzyDice","floor":18.0,"turns":3.0},{"damage":0.0,"enemies":"Spheric Guardian","floor":20.0,"turns":2.0},{"damage":0.0,"enemies":"Cultist and Chosen","floor":22.0,"turns":4.0},{"damage":16.0,"enemies":"Shelled Parasite and Fungi","floor":24.0,"turns":5.0},{"damage":20.0,"enemies":"Centurion and Healer","floor":28.0,"turns":3.0},{"damage":28.0,"enemies":"conspire:SneckoGhost","floor":31.0,"turns":5.0},{"damage":51.0,"enemies":"hubris:MusketHawk","floor":33.0,"turns":8.0},{"damage":0.0,"enemies":"3 Darklings","floor":35.0,"turns":1.0},{"damage":37.0,"enemies":"conspire:MimicChest","floor":39.0,"turns":6.0},{"damage":27.0,"enemies":"Nemesis","floor":40.0,"turns":7.0},{"damage":1.0,"enemies":"Orb Walker","floor":41.0,"turns":3.0},{"damage":0.0,"enemies":"Sphere and 2 Shapes","floor":44.0,"turns":2.0},{"damage":23.0,"enemies":"Spire Growth","floor":47.0,"turns":4.0},{"damage":0,"enemies":"Transient","floor":48,"turns":5},{"damage":13,"enemies":"Donu and Deca","floor":50,"turns":4}],"seed_played":"-101088378893547569","potions_obtained":[{"floor":1.0,"key":"SteroidPotion"},{"floor":2.0,"key":"Swift Potion"},{"floor":2.0,"key":"ColorlessPotion"},{"floor":2.0,"key":"DistilledChaos"},{"floor":3.0,"key":"FocusPotion"},{"floor":6.0,"key":"LiquidMemories"},{"floor":18.0,"key":"LiquidMemories"},{"floor":22.0,"key":"FearPotion"},{"floor":31.0,"key":"Regen Potion"},{"floor":33.0,"key":"AttackPotion"},{"floor":35.0,"key":"SneckoOil"},{"floor":40.0,"key":"Weak Potion"},{"floor":41.0,"key":"Strength Potion"}],"is_trial":false,"path_per_floor":["M","?","M","M","M","E","R","?","T","E","?","?","R","$","R","B",null,"M","$","M","?","M","R","M","?","T","?","M","R","?","E","R","B",null,"M","?","AVR","?","?","E","M","$","T","M","$","?","M","M","R","B",null],"character_chosen":"DEFECT","items_purchased":["Storm","Strange Spoon","DollysMirror","Membership Card","Capacitor","Genetic Algorithm","Lantern","Medical Kit","Chemical X","Omamori","Juzu Bracelet","hubris:DuctTape","Heatsinks","Skim","FossilizedHelix"],"campfire_rested":5,"item_purchase_floors":[0,0,0,0,0,0,14,14,19,19,19,42,42,42,45],"current_hp_per_floor":[31,31,29,18,14,14,36,58,58,33,26,26,26,26,48,9,75,62,62,64,64,66,66,52,36,36,36,18,40,36,12,34,2,75,75,75,75,75,38,16,20,20,20,25,25,25,7,10,31,23],"gold":554,"neow_bonus":"","is_daily":false,"chose_seed":false,"campfire_upgraded":2,"win_rate":0.0,"timestamp":1609093027,"path_taken":["M","?","?","M","M","E","R","?","T","E","?","?","R","$","R","BOSS","M","$","M","?","M","R","M","?","T","?","M","R","?","E","R","BOSS","M","?","AVR","?","?","E","M","$","T","M","$","?","M","M","R","BOSS"],"items_purchased_type":["Card","Relic","Relic","Relic","Card","Card","Relic","Relic","Relic","Relic","Relic","Relic","Card","Card","Relic"],"build_version":"2020-12-22","purchased_purges":1,"victory":true,"max_hp_per_floor":[75,75,75,75,75,75,75,75,75,75,75,75,75,75,75,75,75,75,75,75,75,75,75,75,75,75,75,75,75,75,75,75,75,75,75,75,75,75,75,75,75,75,75,75,75,71,71,71,71,71],"card_choices":[{"not_picked":["Aggregate","Barrage","Redo"],"picked":"SKIP","floor":1.0},{"not_picked":["Cold Snap","Chill","Capacitor"],"picked":"SKIP","floor":3.0},{"not_picked":["Barrage","Cold Snap"],"picked":"Storm","floor":4.0},{"not_picked":["Fusion","Streamline"],"picked":"Steam","floor":5.0},{"not_picked":["Recycle","Rebound","Echo Form"],"picked":"SKIP","floor":6.0},{"not_picked":["FTL","Ball Lightning","Consume"],"picked":"SKIP","floor":10.0},{"not_picked":["Echo Form","Fission"],"picked":"Electrodynamics","floor":16.0},{"not_picked":["Steam","Rebound","Melter"],"picked":"SKIP","floor":18.0},{"not_picked":["Leap","Redo","Rebound"],"picked":"SKIP","floor":20.0},{"not_picked":["Sweeping Beam","hubris:Prefetch"],"picked":"White Noise","floor":22.0},{"not_picked":["Steam+1","Redo+1","Hologram"],"picked":"SKIP","floor":24.0},{"not_picked":["Turbo","Streamline","Gash+1"],"picked":"SKIP","floor":28.0},{"not_picked":["Cold Snap+1","Recycle","Rebound"],"picked":"SKIP","floor":31.0},{"not_picked":["Electrodynamics","Amplify"],"picked":"Thunder Strike","floor":33.0},{"not_picked":["Sunder","Hologram"],"picked":"Conserve Battery+1","floor":35.0},{"not_picked":["Scrape","Compile Driver"],"picked":"Auto Shields+1","floor":40.0},{"not_picked":["Turbo","Skim"],"picked":"Loop+1","floor":41.0},{"not_picked":["Steam","Rebound+1","Sweeping Beam+1"],"picked":"SKIP","floor":44.0},{"not_picked":["Steam","Rebound+1","Sweeping Beam+1"],"picked":"SKIP","floor":44.0},{"not_picked":["Steam","Cold Snap+1","conspire:Rain"],"picked":"SKIP","floor":47.0},{"not_picked":["Hello World+1","Steam+1"],"picked":"Force Field+1","floor":48}],"player_experience":32054,"relics_obtained":[{"floor":6.0,"key":"Blood Vial"},{"floor":10.0,"key":"conspire:Flyswatter"},{"floor":26.0,"key":"Bottled Tornado"},{"floor":31.0,"key":"Torii"},{"floor":39.0,"key":"DataDisk"},{"floor":40.0,"key":"Smiling Mask"},{"floor":43.0,"key":"hubris:MobiusCoin"}],"event_choices":[{"damage_healed":0.0,"max_hp_gain":0.0,"max_hp_loss":0.0,"gold_gain":0.0,"event_name":"Lab","player_choice":"Got Potions","floor":2.0,"gold_loss":0.0,"damage_taken":0.0},{"cards_removed":["Strike_B"],"damage_healed":0.0,"max_hp_gain":0.0,"max_hp_loss":0.0,"gold_gain":0.0,"event_name":"Golden Wing","player_choice":"Card Removal","floor":11.0,"gold_loss":0.0,"damage_taken":7.0},{"cards_removed":["Strike_B"],"damage_healed":0.0,"max_hp_gain":0.0,"max_hp_loss":0.0,"gold_gain":0.0,"event_name":"Living Wall","player_choice":"Forget","floor":12.0,"gold_loss":0.0,"damage_taken":0.0},{"cards_removed":["Strike_B"],"damage_healed":0.0,"max_hp_gain":0.0,"max_hp_loss":0.0,"gold_gain":0.0,"event_name":"betterThird:BetterWriting","player_choice":"Elegance","floor":21.0,"gold_loss":0.0,"damage_taken":0.0},{"damage_healed":0.0,"max_hp_gain":0.0,"max_hp_loss":0.0,"gold_gain":219.0,"event_name":"betterSkull:BetterSkull","player_choice":"GO GO ","floor":25.0,"gold_loss":0.0,"damage_taken":18.0,"cards_upgraded":[],"relics_obtained":[]},{"damage_healed":0.0,"max_hp_gain":0.0,"max_hp_loss":0.0,"gold_gain":0.0,"event_name":"Drug Dealer","player_choice":"Inject Mutagens","floor":27.0,"gold_loss":0.0,"damage_taken":0.0,"relics_obtained":["MutagenicStrength"]},{"damage_healed":0.0,"max_hp_gain":40.0,"max_hp_loss":36.0,"gold_gain":0.0,"event_name":"betterAltar:BetterAltar","player_choice":" RottenVial ","floor":30.0,"potions_obtained":[],"relics_lost":["Blood Vial"],"gold_loss":0.0,"damage_taken":4.0,"relics_obtained":["betterAltar:BloodRelic"]},{"damage_healed":0.0,"max_hp_gain":0.0,"max_hp_loss":4.0,"gold_gain":0.0,"event_name":"Winding Halls","player_choice":"Max HP","floor":46.0,"gold_loss":0.0,"damage_taken":0.0}],"is_beta":false,"boss_relics":[{"not_picked":["Cursed Key","hubris:BlackHole"],"picked":"hubris:CrackedHourglass"},{"not_picked":["hubris:HollowSoul","Snecko Eye"],"picked":"Empty Cage"}],"items_purged_floors":[0],"is_endless":false,"potions_floor_spawned":[1,3,6,18,22,31,33,35,40,41,48],"ascension_level":0}}