{"host":"6qo42zgaknezulyg","time":1609068262,"event":{"mods":["2.2 Compatiblity","BaseMod","Colored Map","Downfall","Highlight Path","Keyboard Shortcuts","Minty Spire (QoL Compilation)","Permanent Neow","Quick Restart","StSLib","SuperFastMode"],"gold_per_floor":[99,112,126,137,157,192,274,302,322,322,247,347,347,359,377,453,453,453,453,453,453,553,553,553,478,504,516,516,545,557,315,325,399,399,399,414,132,7,20,37,37,52,52,80,80,80,5,40,55,55,55,85,85,85,85],"floor_reached":56,"playtime":2926,"items_purged":["champ:Strike","champ:Strike","champ:Strike"],"score":2355,"play_id":"dbccf8f0-10a8-4f5a-bb15-32858ff43bf1","local_time":"20201227202422","is_ascension_mode":true,"campfire_choices":[{"data":"expansioncontent:Corrupt","floor":1.0,"key":"SMITH"},{"floor":11.0,"key":"REST"},{"data":"champ:VampiricStrike","floor":13.0,"key":"SMITH"},{"data":"champ:CheapShot","floor":18.0,"key":"SMITH"},{"data":"champ:ViciousMockery","floor":25.0,"key":"SMITH"},{"data":"champ:Taunt","floor":28.0,"key":"SMITH"},{"data":"champ:StrikeOfGenius","floor":35,"key":"SMITH"},{"floor":43,"key":"RECALL"},{"data":"champ:Aggression","floor":47,"key":"SMITH"},{"data":"champ:FaceSlap","floor":54,"key":"SMITH"}],"circlet_count":0,"master_deck":["AscendersBane","champ:Strike","champ:Defend","champ:Defend","champ:Defend","champ:Execute","champ:Taunt+1","expansioncontent:Corrupt+1","champ:DeathBlow","champ:Encircle","champ:AdrenalArmor","champ:ViciousMockery+1","champ:VampiricStrike+1","champ:CheapShot+1","champ:ArenaPreparation+1","Necronomicurse","Ghostly","Ghostly","Ghostly","Ghostly","Ghostly","champ:ArenaPreparation+1","champ:FaceSlap+1","champ:StrikeOfGenius+1","champ:Aggression+1","champ:GladiatorsShout+1","champ:AdrenalArmor"],"relics":["champ:ChampionCrown","Guardian:GemstoneGun","White Beast Statue","Toy Ornithopter","downfall:HeartBlessingGreen","expansioncontent:StudyCardRelic","Necronomicon","Du-Vu Doll","Gremlin Horn","downfall:HeartBlessingBlue","Mercury Hourglass","Meat on the Bone","War Paint","Runic Dome","Matryoshka","Sundial","Bottled Flame","Bottled Lightning","Singing Bowl","downfall:HeartBlessingRed","Happy Flower","Calipers"],"acts_visited":["Exordium","TheCity","TheBeyond","TheEnding"],"potions_floor_usage":[55,55],"damage_taken":[{"damage":2.0,"enemies":"2 Louse","floor":2.0,"turns":3.0},{"damage":5.0,"enemies":"Cultist","floor":3.0,"turns":3.0},{"damage":5.0,"enemies":"Small Slimes","floor":4.0,"turns":4.0},{"damage":21.0,"enemies":"Blue Slaver","floor":5.0,"turns":3.0},{"damage":44.0,"enemies":"3 Sentries","floor":6.0,"turns":7.0},{"damage":49.0,"enemies":"Gremlin Nob","floor":8.0,"turns":5.0},{"damage":12.0,"enemies":"2 Fungi Beasts","floor":9.0,"turns":2.0},{"damage":26.0,"enemies":"Exordium Wildlife","floor":14.0,"turns":5.0},{"damage":0.0,"enemies":"3 Louse","floor":15.0,"turns":1.0},{"damage":74.0,"enemies":"downfall:Watcher","floor":16.0,"turns":7.0},{"damage":25.0,"enemies":"downfall:CharBossIronclad","floor":22.0,"turns":8.0},{"damage":36.0,"enemies":"Book of Stabbing","floor":26.0,"turns":7.0},{"damage":20.0,"enemies":"Chosen","floor":27.0,"turns":3.0},{"damage":16.0,"enemies":"Slavers","floor":29.0,"turns":3.0},{"damage":31.0,"enemies":"Shell Parasite","floor":30.0,"turns":2.0},{"damage":53,"enemies":"downfall:FleeingMerchant","floor":31,"turns":4},{"damage":6,"enemies":"Snake Plant","floor":32,"turns":5},{"damage":61,"enemies":"downfall:Defect","floor":33,"turns":7},{"damage":6,"enemies":"3 Shapes","floor":36,"turns":3},{"damage":53,"enemies":"downfall:FleeingMerchant","floor":37,"turns":4},{"damage":6,"enemies":"3 Darklings","floor":39,"turns":3},{"damage":3,"enemies":"Spire Growth","floor":40,"turns":4},{"damage":45,"enemies":"Transient","floor":42,"turns":5},{"damage":15,"enemies":"Nemesis","floor":44,"turns":4},{"damage":79,"enemies":"Giant Head","floor":48,"turns":7},{"damage":4,"enemies":"Sphere and 2 Shapes","floor":49,"turns":2},{"damage":18,"enemies":"downfall:Silent","floor":50,"turns":4},{"damage":48,"enemies":"downfall:CharBossMerchant","floor":52,"turns":6},{"damage":63,"enemies":"downfall:NeowBoss","floor":55,"turns":24}],"seed_played":"7480067541808089074","potions_obtained":[{"floor":3.0,"key":"Strength Potion"},{"floor":5.0,"key":"Weak Potion"},{"floor":8.0,"key":"champ:UltimateStancePotion"},{"floor":9.0,"key":"champ:CounterPotion"},{"floor":14.0,"key":"AttackPotion"},{"floor":15.0,"key":"FearPotion"},{"floor":16.0,"key":"PowerPotion"},{"floor":29.0,"key":"FearPotion"},{"floor":30.0,"key":"Energy Potion"},{"floor":52,"key":"Dexterity Potion"}],"is_trial":false,"path_per_floor":["R","M","M","M","M","E","T","E","M","?","R","?","R","M","M","B",null,"R","?","?","?","?","?","T","R","E","M","R","E","M","$","M","B",null,"R","M","$","?","M","M","T","M","R","E","?","$","R","E","M","B",null,"E","$","R","B",null],"character_chosen":"THE_CHAMP","items_purchased":["War Paint","Matryoshka","Sundial"],"campfire_rested":1,"item_purchase_floors":[31,37,37],"current_hp_per_floor":[81,79,79,79,72,50,50,20,20,20,44,44,44,40,40,25,67,67,67,51,40,40,40,40,50,50,50,50,50,50,50,50,46,49,49,50,50,50,50,50,50,50,50,52,52,52,52,54,56,56,56,54,54,54,56],"gold":85,"neow_bonus":"RANDOM_COLORLESS_2","is_daily":false,"chose_seed":false,"campfire_upgraded":8,"win_rate":0.0,"timestamp":1609068262,"path_taken":["R","M","M","M","M","E","T","E","M","?","R","?","R","?","M","BOSS","R","?","?","?","?","?","T","R","E","?","R","E","M","$","M","BOSS","R","M","$","?","M","M","T","M","R","E","?","$","R","E","M","BOSS","E","$","R","BOSS"],"items_purchased_type":["Relic","Relic","Relic"],"build_version":"2020-12-22","purchased_purges":3,"victory":true,"max_hp_per_floor":[81,81,81,81,81,81,81,81,81,81,81,81,81,81,81,81,81,81,81,81,40,40,40,40,50,50,50,50,50,50,50,50,50,50,50,50,50,50,50,50,50,50,50,52,52,52,52,54,56,56,56,56,56,56,56],"card_choices":[{"not_picked":["Mayhem","Secret Weapon"],"picked":"expansioncontent:Corrupt","floor":0.0},{"not_picked":["champ:GladiatorsShout","champ:PreciseThrust","champ:GutPunch"],"picked":"SKIP","floor":2.0},{"not_picked":["champ:FlashCut","champ:GutPunch"],"picked":"champ:DeathBlow","floor":3.0},{"not_picked":["champ:BerserkerStyle","champ:Haymaker"],"picked":"champ:Encircle","floor":4.0},{"not_picked":["champ:Haymaker","champ:GutPunch"],"picked":"champ:AdrenalArmor","floor":5.0},{"not_picked":["champ:ShieldSigil","champ:RapidStrikes"],"picked":"champ:ViciousMockery","floor":6.0},{"not_picked":["champ:PreciseThrust","champ:FightOn","champ:TornadoPunch"],"picked":"SKIP","floor":8.0},{"not_picked":["champ:TornadoPunch","champ:Circumvent"],"picked":"champ:VampiricStrike","floor":9.0},{"not_picked":["champ:Duel","champ:FanOfKnives","champ:TornadoPunch"],"picked":"SKIP","floor":14.0},{"not_picked":["champ:RisingSlash","champ:BerserkersShout","champ:FocusedDefense"],"picked":"SKIP","floor":15.0},{"not_picked":["champ:ShieldThrow","champ:EnchantShield"],"picked":"champ:CheapShot","floor":16.0},{"not_picked":["champ:FightOn","champ:GladiatorsShout","champ:Lariat"],"picked":"SKIP","floor":26.0},{"not_picked":["champ:FalseCounter","champ:ShieldWall","champ:PerfectedStrike"],"picked":"SKIP","floor":27.0},{"not_picked":["champ:FalseCounter","champ:ShieldWall","champ:PerfectedStrike"],"picked":"SKIP","floor":27.0},{"not_picked":["champ:GladiatorsShout","champ:DancingMaster","champ:BringItOn"],"picked":"SKIP","floor":29.0},{"not_picked":["champ:GutPunch","champ:ShieldSigil"],"picked":"champ:ArenaPreparation","floor":30.0},{"not_picked":["champ:ShieldThrow","champ:GladiatorsShout"],"picked":"champ:FaceSlap","floor":31},{"not_picked":["champ:FlashCut","champ:Duel","champ:RageSigil+1"],"picked":"SKIP","floor":32},{"not_picked":["champ:HeavySlash","champ:DancingMaster"],"picked":"champ:StrikeOfGenius","floor":33},{"not_picked":["champ:AdrenalArmor","champ:FalseCounter+1"],"picked":"champ:Aggression","floor":36},{"not_picked":["champ:TornadoPunch+1","champ:ArenaPreparation+1","champ:Lariat"],"picked":"SKIP","floor":37},{"not_picked":["champ:Circumvent","champ:FlashCut+1","champ:BringItOn+1"],"picked":"SKIP","floor":39},{"not_picked":["champ:GladiatorsShout","champ:FanOfKnives","champ:BringItOn"],"picked":"SKIP","floor":40},{"not_picked":["champ:RageSigil","champ:RapidStrikes"],"picked":"champ:GladiatorsShout+1","floor":42},{"not_picked":["champ:DefensiveShout","champ:EndlessRage+1","champ:BringItOn"],"picked":"Singing Bowl","floor":44},{"not_picked":["champ:FlashCut","champ:BringItOn+1","champ:ShieldSigil+1"],"picked":"Singing Bowl","floor":48},{"not_picked":["champ:ShieldSigil","champ:PreciseThrust+1","champ:RageSigil"],"picked":"Singing Bowl","floor":49},{"not_picked":["champ:BringItOn","champ:Duel"],"picked":"champ:AdrenalArmor","floor":52}],"player_experience":1070213,"relics_obtained":[{"floor":6.0,"key":"Guardian:GemstoneGun"},{"floor":7.0,"key":"White Beast Statue"},{"floor":8.0,"key":"Toy Ornithopter"},{"floor":20.0,"key":"Necronomicon"},{"floor":22.0,"key":"Du-Vu Doll"},{"floor":22.0,"key":"Gremlin Horn"},{"floor":26.0,"key":"Mercury Hourglass"},{"floor":29.0,"key":"Meat on the Bone"},{"floor":41,"key":"Bottled Flame"},{"floor":41,"key":"Bottled Lightning"},{"floor":44,"key":"Singing Bowl"},{"floor":48,"key":"Happy Flower"},{"floor":52,"key":"Calipers"}],"event_choices":[{"damage_healed":0.0,"max_hp_gain":0.0,"max_hp_loss":0.0,"gold_gain":0.0,"event_name":"The Library","player_choice":"Read","floor":19.0,"gold_loss":0.0,"damage_taken":0.0,"cards_obtained":["champ:ArenaPreparation"]},{"damage_healed":0.0,"max_hp_gain":0.0,"max_hp_loss":41.0,"gold_gain":0.0,"event_name":"Ghosts","player_choice":"Became a Ghost","floor":21.0,"gold_loss":0.0,"damage_taken":0.0,"cards_obtained":["Ghostly","Ghostly","Ghostly","Ghostly","Ghostly"]},{"damage_healed":0.0,"max_hp_gain":0.0,"max_hp_loss":0.0,"gold_gain":0.0,"event_name":"Vampires","player_choice":"Ignored","floor":23.0,"gold_loss":0.0,"damage_taken":0.0},{"cards_removed":["champ:Defend"],"damage_healed":0,"gold_gain":0,"player_choice":"Removed Skill","damage_taken":0,"max_hp_gain":0,"max_hp_loss":0,"event_name":"Falling","floor":45,"gold_loss":0}],"is_beta":false,"boss_relics":[{"not_picked":["SacredBark","champ:PowerArmor"],"picked":"expansioncontent:StudyCardRelic"},{"not_picked":["SlaversCollar","Coffee Dripper"],"picked":"Runic Dome"}],"items_purged_floors":[31,37,38],"is_endless":false,"potions_floor_spawned":[3,5,8,9,14,15,16,22,26,27,29,30,31,32,33,36,37,39,40,42,44,48,49,52],"ascension_level":13}}