{"host":"u2grshebrc5rdzdn","time":1609073123,"event":{"mods":["AchievementEnabler","BaseMod","Minty Spire (QoL Compilation)","StSLib"],"gold_per_floor":[118,135,147,162,162,162,191,217,217,292,292,319,336,350,350,457,457,437,537,560,575,591,591,627,627,627,261,283,8,8,24,24,24,24],"floor_reached":33,"playtime":2327,"items_purged":["Strike_R","Strike_R"],"score":477,"play_id":"6c5f1d7b-c07b-41c7-80fb-1096df93a0ad","local_time":"20201227134523","is_ascension_mode":true,"campfire_choices":[{"data":"Bash","floor":6.0,"key":"SMITH"},{"data":"Spot Weakness","floor":11.0,"key":"SMITH"},{"floor":15,"key":"REST"},{"floor":23,"key":"REST"},{"floor":25,"key":"REST"},{"data":"Mayhem","floor":30,"key":"SMITH"},{"floor":32,"key":"REST"}],"circlet_count":0,"master_deck":["Strike_R+1","Strike_R","Strike_R+1","Defend_R+1","Defend_R","Defend_R","Defend_R","Bash+1","Fiend Fire+1","Metallicize","Armaments","Disarm","Spot Weakness+1","Heavy Blade","Limit Break","Flex+1","Double Tap","Feed","Hemokinesis+1","Mayhem+1"],"relics":["Burning Blood","MealTicket","Happy Flower","StrikeDummy","CeramicFish","Black Star","Toy Ornithopter","Mercury Hourglass","Whetstone","HandDrill"],"acts_visited":["Exordium","TheCity"],"potions_floor_usage":[24,33],"damage_taken":[{"damage":5.0,"enemies":"2 Louse","floor":1.0,"turns":2.0},{"damage":4.0,"enemies":"Jaw Worm","floor":2.0,"turns":4.0},{"damage":0.0,"enemies":"Cultist","floor":3.0,"turns":3.0},{"damage":5.0,"enemies":"Large Slime","floor":4.0,"turns":11.0},{"damage":16.0,"enemies":"3 Sentries","floor":7.0,"turns":13.0},{"damage":30.0,"enemies":"Lagavulin","floor":12.0,"turns":5.0},{"damage":5.0,"enemies":"2 Fungi Beasts","floor":13.0,"turns":3.0},{"damage":4,"enemies":"3 Louse","floor":14,"turns":5},{"damage":0,"enemies":"Hexaghost","floor":16,"turns":9},{"damage":17,"enemies":"2 Thieves","floor":18,"turns":4},{"damage":12,"enemies":"Chosen","floor":20,"turns":4},{"damage":29,"enemies":"Snake Plant","floor":21,"turns":5},{"damage":20,"enemies":"Chosen and Byrds","floor":22,"turns":7},{"damage":40,"enemies":"Gremlin Leader","floor":24,"turns":7},{"damage":30,"enemies":"Cultist and Chosen","floor":28,"turns":8},{"damage":28,"enemies":"Sentry and Sphere","floor":31,"turns":6},{"damage":80,"enemies":"Automaton","floor":33,"turns":6}],"seed_played":"892416630338233883","potions_obtained":[{"floor":1.0,"key":"ColorlessPotion"},{"floor":2.0,"key":"Energy Potion"},{"floor":14,"key":"SpeedPotion"},{"floor":18,"key":"PowerPotion"},{"floor":28,"key":"SmokeBomb"}],"is_trial":false,"path_per_floor":["M","M","M","M","?","R","E","T","T","?","R","E","M","M","R","B",null,"M","?","M","M","M","R","E","R","T","$","M","$","R","M","R","B"],"character_chosen":"IRONCLAD","items_purchased":["HandDrill","Feed","Mayhem"],"campfire_rested":4,"item_purchase_floors":[27,27,29],"current_hp_per_floor":[73,75,80,80,64,64,54,54,54,43,43,19,20,22,46,52,73,62,62,56,33,19,43,9,33,33,48,24,39,39,20,44,0,0],"gold":24,"neow_bonus":"ONE_RANDOM_RARE_CARD","is_daily":false,"chose_seed":false,"campfire_upgraded":3,"win_rate":0.0,"timestamp":1609073123,"path_taken":["M","M","M","M","?","R","E","?","T","?","R","E","M","M","R","BOSS","M","?","M","M","M","R","E","R","T","$","M","$","R","M","R","BOSS"],"items_purchased_type":["Relic","Card","Card"],"build_version":"2020-12-22","purchased_purges":2,"victory":false,"max_hp_per_floor":[80,80,80,80,80,80,80,80,80,80,80,80,80,80,80,80,80,80,80,80,80,80,80,80,80,80,80,80,80,80,83,83,83,83],"card_choices":[{"not_picked":["True Grit","Clothesline"],"picked":"Metallicize","floor":1.0},{"not_picked":["Pommel Strike","Dropkick"],"picked":"Armaments","floor":2.0},{"not_picked":["Thunderclap","Anger"],"picked":"Disarm","floor":3.0},{"not_picked":["Shrug It Off","Seeing Red"],"picked":"Spot Weakness","floor":4.0},{"not_picked":["Flex","Dropkick"],"picked":"Heavy Blade","floor":7.0},{"not_picked":["Seeing Red","Sword Boomerang","Berserk"],"picked":"SKIP","floor":12.0},{"not_picked":["Blood for Blood","Seeing Red","Pommel Strike"],"picked":"SKIP","floor":13.0},{"not_picked":["Iron Wave","Anger","Flex"],"picked":"SKIP","floor":14},{"not_picked":["Bludgeon","Exhume"],"picked":"Limit Break","floor":16},{"not_picked":["Clothesline","Rampage+1","Body Slam"],"picked":"SKIP","floor":18},{"not_picked":["Sword Boomerang","Perfected Strike"],"picked":"Flex+1","floor":20},{"not_picked":["Headbutt+1","Sword Boomerang","Spot Weakness"],"picked":"SKIP","floor":21},{"not_picked":["Clash","Sever Soul","Flex"],"picked":"SKIP","floor":22},{"not_picked":["Flex","Dropkick"],"picked":"Double Tap","floor":24},{"not_picked":["Spot Weakness+1","Heavy Blade"],"picked":"Hemokinesis+1","floor":28},{"not_picked":["Bloodletting+1","Havoc","Evolve+1"],"picked":"SKIP","floor":31}],"player_experience":384471,"relics_obtained":[{"floor":7.0,"key":"MealTicket"},{"floor":8.0,"key":"Happy Flower"},{"floor":9.0,"key":"StrikeDummy"},{"floor":12.0,"key":"CeramicFish"},{"floor":24,"key":"Toy Ornithopter"},{"floor":24,"key":"Mercury Hourglass"},{"floor":26,"key":"Whetstone"}],"event_choices":[{"damage_healed":0.0,"max_hp_gain":0.0,"max_hp_loss":0.0,"gold_gain":0.0,"event_name":"Shining Light","player_choice":"Entered Light","floor":5.0,"gold_loss":0.0,"damage_taken":16.0,"cards_upgraded":["Fiend Fire","Defend_R"]},{"damage_healed":0.0,"max_hp_gain":0.0,"max_hp_loss":0.0,"gold_gain":75.0,"event_name":"World of Goop","player_choice":"Gather Gold","floor":10.0,"gold_loss":0.0,"damage_taken":11.0},{"damage_healed":0,"gold_gain":100,"player_choice":"Pray","damage_taken":0,"max_hp_gain":0,"max_hp_loss":0,"event_name":"Golden Shrine","floor":19,"gold_loss":0}],"is_beta":false,"boss_relics":[{"not_picked":["Fusion Hammer","SlaversCollar"],"picked":"Black Star"}],"items_purged_floors":[27,29],"is_endless":false,"potions_floor_spawned":[1,2,14,18,22,28,31],"killed_by":"Automaton","ascension_level":9}}