{"host":"lpcxcvdszk9zyesf","time":1609060807,"event":{"mods":["BaseMod","Better Third Choice","BetterRewards","Minty Spire (QoL Compilation)","Rare Cards Sparkle","Relic Stats","Say the Spire","Spicy Shops","StSLib"],"gold_per_floor":[115,130,130,151,151,186,186,23,23,23,23,49,69,85,85,214,214,232,232,147,160,60,60,100,100,100,100,114,139,139,155,155,285,285,306,306,306,331,347,347,347,347,422,332,347,347,347,347],"floor_reached":47,"playtime":4308,"items_purged":["Strike_G","Strike_G"],"score":797,"play_id":"6c2e06dc-ee11-4bbc-b202-cf13a19a55cc","local_time":"20201227172007","is_ascension_mode":true,"campfire_choices":[{"floor":7,"key":"REST"},{"data":"Flechettes","floor":10,"key":"SMITH"},{"data":"Neutralize","floor":15,"key":"SMITH"},{"data":"Footwork","floor":23,"key":"SMITH"},{"data":"After Image","floor":25,"key":"SMITH"},{"floor":30,"key":"REST"},{"floor":32,"key":"REST"},{"floor":40,"key":"REST"},{"floor":46,"key":"REST"}],"circlet_count":0,"master_deck":["Defend_G","Defend_G+1","Defend_G","Defend_G+1","Survivor","Neutralize+1","Blade Dance+1","Blade Dance+1","Setup+1","Distraction+1","Leg Sweep+1","Flechettes+1","Cloak And Dagger+1","Bullet Time+1","Dodge and Roll+1","After Image+1","CurseOfTheBell","Expertise+1","Footwork+1","Infinite Blades","Die Die Die","Well Laid Plans+1","Tools of the Trade","All Out Attack+1","Eviscerate+1","Unload+1","Footwork+1","Outmaneuver+1","Terror+1","Madness+1","Madness+1","Enlightenment+1","Chrysalis+1"],"relics":["Ring of the Snake","Toxic Egg 2","Golden Idol","Sundial","Paper Crane","HornCleat","Odd Mushroom","Calling Bell","Omamori","Pear","Du-Vu Doll","Torii","War Paint","Ninja Scroll","Astrolabe","Molten Egg 2"],"acts_visited":["Exordium","TheCity","TheBeyond"],"potions_floor_usage":[6,16,16,29,33,39,47],"damage_taken":[{"damage":0,"enemies":"Cultist","floor":1,"turns":3},{"damage":0,"enemies":"Small Slimes","floor":2,"turns":2},{"damage":0,"enemies":"Jaw Worm","floor":4,"turns":2},{"damage":19,"enemies":"Lagavulin","floor":6,"turns":8},{"damage":7,"enemies":"The Mushroom Lair","floor":12,"turns":5},{"damage":2,"enemies":"2 Fungi Beasts","floor":13,"turns":3},{"damage":0,"enemies":"Blue Slaver","floor":14,"turns":3},{"damage":0,"enemies":"Hexaghost","floor":16,"turns":6},{"damage":6,"enemies":"3 Byrds","floor":18,"turns":9},{"damage":1,"enemies":"Shell Parasite","floor":21,"turns":5},{"damage":1,"enemies":"Book of Stabbing","floor":24,"turns":8},{"damage":32,"enemies":"Centurion and Healer","floor":28,"turns":13},{"damage":16,"enemies":"Snake Plant","floor":29,"turns":6},{"damage":0,"enemies":"3 Cultists","floor":31,"turns":3},{"damage":15,"enemies":"Champ","floor":33,"turns":15},{"damage":50,"enemies":"3 Shapes","floor":35,"turns":4},{"damage":18,"enemies":"3 Darklings","floor":38,"turns":6},{"damage":23,"enemies":"Maw","floor":39,"turns":10},{"damage":24,"enemies":"Sphere and 2 Shapes","floor":45,"turns":6},{"damage":50,"enemies":"Transient","floor":47,"turns":3}],"seed_played":"1138281005875896270","potions_obtained":[{"floor":4,"key":"Weak Potion"},{"floor":6,"key":"CultistPotion"},{"floor":13,"key":"CultistPotion"},{"floor":14,"key":"BlessingOfTheForge"},{"floor":21,"key":"Swift Potion"},{"floor":28,"key":"Swift Potion"},{"floor":33,"key":"SkillPotion"},{"floor":35,"key":"Dexterity Potion"}],"is_trial":false,"path_per_floor":["M","M","?","M","?","E","R","$","T","R","?","?","M","M","R","B",null,"M","?","?","M","$","R","E","R","T","?","M","M","R","M","R","B",null,"M","?","?","M","M","R","?","?","T","?","M","R","M"],"character_chosen":"THE_SILENT","items_purchased":["Toxic Egg 2","Blade Dance+1","Flechettes","Cloak And Dagger+1"],"campfire_rested":5,"item_purchase_floors":[0,0,8,8],"current_hp_per_floor":[70,70,53,53,58,39,61,61,61,61,61,54,52,52,52,52,85,79,79,79,78,78,78,77,77,77,77,45,29,54,54,79,64,85,35,35,74,56,33,55,46,41,41,41,17,39,0,0],"gold":347,"neow_bonus":"","is_daily":false,"chose_seed":false,"campfire_upgraded":4,"win_rate":0.0,"timestamp":1609060807,"path_taken":["M","?","?","M","?","E","R","$","T","R","?","?","?","M","R","BOSS","M","?","?","M","$","R","E","R","T","?","M","?","R","M","R","BOSS","M","?","?","M","M","R","?","?","T","?","M","R","M"],"items_purchased_type":["Relic","Card","Card","Card"],"build_version":"2020-12-22","purchased_purges":2,"victory":false,"max_hp_per_floor":[70,70,70,70,75,75,75,75,75,75,75,75,75,75,75,75,85,85,85,85,85,85,85,85,85,85,85,85,85,85,85,85,85,85,85,85,74,74,74,74,74,74,74,74,74,74,74,74],"relic_stats":{"Torii":6,"counters":[55,284],"Golden Idol":116,"Sundial":[10],"Astrolabe":["All Out Attack","Eviscerate","Unload"],"War Paint":["Defend_G","Defend_G"],"obtain_stats":[{"Singing Bowl":7,"Torii":39,"Nilry\u0027s Codex":20,"Juzu Bracelet":22,"Ginger":41,"Boot":9,"Empty Cage":17,"Ancient Tea Set":13,"Burning Blood":0,"Lizard Tail":0,"Dream Catcher":10,"Matryoshka":6,"HornCleat":11,"Sundial":6,"Ninja Scroll":26,"Strawberry":43,"Chemical X":22,"Toxic Egg 2":22,"Ring of the Snake":0,"Runic Pyramid":17,"Pear":17,"Golden Idol":3,"Astrolabe":34,"Velvet Choker":34,"Pen Nib":0,"Omamori":17,"Odd Mushroom":13,"Paper Crane":12,"War Paint":24,"Akabeko":9,"Mercury Hourglass":46,"Calling Bell":17,"Du-Vu Doll":17,"Bronze Scales":3,"Molten Egg 2":26,"FossilizedHelix":44},{"Singing Bowl":4,"Torii":20,"Nilry\u0027s Codex":33,"Juzu Bracelet":12,"Ginger":21,"Boot":4,"Empty Cage":8,"Ancient Tea Set":30,"Burning Blood":0,"Lizard Tail":25,"Dream Catcher":29,"Matryoshka":28,"HornCleat":39,"Sundial":39,"Ninja Scroll":46,"Strawberry":21,"Chemical X":12,"Toxic Egg 2":34,"Ring of the Snake":0,"Runic Pyramid":32,"Pear":43,"Golden Idol":37,"Astrolabe":50,"Velvet Choker":17,"Pen Nib":0,"Omamori":43,"Odd Mushroom":6,"Paper Crane":29,"War Paint":46,"Akabeko":28,"Mercury Hourglass":23,"Calling Bell":43,"Du-Vu Doll":43,"Bronze Scales":2,"Molten Egg 2":13,"FossilizedHelix":21},{"Singing Bowl":15,"Torii":87,"Nilry\u0027s Codex":158,"Juzu Bracelet":49,"Ginger":94,"Boot":15,"Empty Cage":33,"Ancient Tea Set":146,"Burning Blood":0,"Lizard Tail":120,"Dream Catcher":139,"Matryoshka":135,"HornCleat":179,"Sundial":179,"Ninja Scroll":218,"Strawberry":94,"Chemical X":49,"Toxic Egg 2":162,"Ring of the Snake":0,"Runic Pyramid":156,"Pear":196,"Golden Idol":169,"Astrolabe":255,"Velvet Choker":75,"Pen Nib":0,"Omamori":196,"Odd Mushroom":23,"Paper Crane":139,"War Paint":218,"Akabeko":135,"Mercury Hourglass":107,"Calling Bell":196,"Du-Vu Doll":196,"Bronze Scales":7,"Molten Egg 2":53,"FossilizedHelix":94}],"Ring of the Snake":[60]},"card_choices":[{"not_picked":["Poisoned Stab","Underhanded Strike"],"picked":"Blade Dance+1","floor":1},{"not_picked":["Backflip+1","Blade Dance+1"],"picked":"Setup+1","floor":2},{"not_picked":["Noxious Fumes","Acrobatics+1"],"picked":"Distraction+1","floor":4},{"not_picked":["Flying Knee","Poisoned Stab"],"picked":"Leg Sweep+1","floor":6},{"not_picked":["Dodge and Roll+1","Outmaneuver+1"],"picked":"Bullet Time+1","floor":12},{"not_picked":["Poisoned Stab","Bouncing Flask+1","Flechettes"],"picked":"SKIP","floor":13},{"not_picked":["Eviscerate","Underhanded Strike"],"picked":"Dodge and Roll+1","floor":14},{"not_picked":["Night Terror+1","Glass Knife"],"picked":"After Image","floor":16},{"not_picked":["Acrobatics+1","Crippling Poison+1"],"picked":"Expertise+1","floor":18},{"not_picked":["Dash","Noxious Fumes+1"],"picked":"Footwork","floor":21},{"not_picked":["Crippling Poison+1","Well Laid Plans+1"],"picked":"Infinite Blades","floor":24},{"not_picked":["Cloak And Dagger+1","Prepared+1"],"picked":"Infinite Blades","floor":28},{"not_picked":["Backflip+1","Dagger Throw"],"picked":"Die Die Die","floor":29},{"not_picked":["PiercingWail+1","Blade Dance+1"],"picked":"Well Laid Plans","floor":31},{"not_picked":["Bullet Time+1","Unload"],"picked":"Tools of the Trade","floor":33},{"not_picked":["Backflip+1","Acrobatics+1"],"picked":"Footwork+1","floor":35},{"not_picked":["Well Laid Plans","Slice"],"picked":"Outmaneuver+1","floor":38},{"not_picked":["Crippling Poison+1","Cloak And Dagger+1"],"picked":"Terror+1","floor":39},{"not_picked":["Trip+1","Flash of Steel"],"picked":"Enlightenment+1","floor":42},{"not_picked":["Impatience+1","PanicButton+1"],"picked":"Chrysalis+1","floor":42},{"not_picked":["Dodge and Roll+1","Terror+1","Backflip+1"],"picked":"SKIP","floor":45}],"player_experience":251291,"relics_obtained":[{"floor":6,"key":"Sundial"},{"floor":9,"key":"Paper Crane"},{"floor":12,"key":"Odd Mushroom"},{"floor":17,"key":"Omamori"},{"floor":17,"key":"Pear"},{"floor":17,"key":"Du-Vu Doll"},{"floor":24,"key":"War Paint"},{"floor":26,"key":"Ninja Scroll"},{"floor":43,"key":"Molten Egg 2"}],"event_choices":[{"damage_healed":0,"gold_gain":0,"player_choice":"Take Damage","damage_taken":17,"relics_obtained":["Golden Idol"],"max_hp_gain":0,"max_hp_loss":0,"event_name":"Golden Idol","floor":3,"gold_loss":0},{"damage_healed":0,"gold_gain":0,"player_choice":"Donut","damage_taken":0,"max_hp_gain":5,"max_hp_loss":0,"event_name":"Big Fish","floor":5,"gold_loss":0},{"damage_healed":0,"gold_gain":0,"player_choice":"Searched \u00271\u0027 times","damage_taken":0,"relics_obtained":["HornCleat"],"max_hp_gain":0,"max_hp_loss":0,"event_name":"Dead Adventurer","floor":11,"gold_loss":0},{"damage_healed":0,"gold_gain":0,"player_choice":"Fought Mushrooms","damage_taken":0,"max_hp_gain":0,"max_hp_loss":0,"event_name":"Mushrooms","floor":12,"gold_loss":0},{"damage_healed":0,"gold_gain":0,"player_choice":"Ignored","damage_taken":0,"max_hp_gain":0,"max_hp_loss":0,"event_name":"Ghosts","floor":19,"gold_loss":0},{"damage_healed":0,"gold_gain":0,"player_choice":"Obtained Relic","damage_taken":0,"relics_obtained":["Torii"],"max_hp_gain":0,"max_hp_loss":0,"event_name":"Addict","floor":20,"gold_loss":85},{"damage_healed":0,"gold_gain":0,"player_choice":"Cursed","damage_taken":0,"max_hp_gain":0,"max_hp_loss":0,"event_name":"Wheel of Change","floor":27,"gold_loss":0,"cards_obtained":["Decay"]},{"cards_removed":["Infinite Blades"],"damage_healed":0,"gold_gain":0,"player_choice":"Removed Power","damage_taken":0,"max_hp_gain":0,"max_hp_loss":0,"event_name":"Falling","floor":36,"gold_loss":0},{"damage_healed":74,"gold_gain":0,"player_choice":"Heal","damage_taken":0,"max_hp_gain":0,"max_hp_loss":11,"event_name":"The Moai Head","floor":37,"gold_loss":0},{"damage_healed":0,"gold_gain":0,"player_choice":"Embrace Madness","damage_taken":9,"max_hp_gain":0,"max_hp_loss":0,"event_name":"Winding Halls","floor":41,"gold_loss":0,"cards_obtained":["Madness","Madness"]},{"damage_healed":0,"gold_gain":0,"player_choice":"Memory 2","damage_taken":5,"max_hp_gain":0,"max_hp_loss":0,"event_name":"SensoryStone","floor":42,"gold_loss":0},{"cards_removed":["Defend_G"],"damage_healed":0,"gold_gain":0,"player_choice":"Upgrade and Remove","damage_taken":0,"max_hp_gain":0,"max_hp_loss":0,"event_name":"Designer","floor":44,"gold_loss":90,"cards_upgraded":["Well Laid Plans"]}],"is_beta":false,"boss_relics":[{"not_picked":["Runic Dome","Coffee Dripper"],"picked":"Calling Bell"},{"not_picked":["Sozu","Ring of the Serpent"],"picked":"Astrolabe"}],"items_purged_floors":[8,22],"is_endless":false,"potions_floor_spawned":[4,6,13,14,21,28,33,35,38],"killed_by":"Transient","ascension_level":4}}