{"host":"p084pgp93u1tv48k","time":1609031681,"event":{"mods":["A Magickal Journey","AchievementEnabler","BaseMod","Bestiary","CatGirl Mod","Colored Map","Ekko","Hermit","Marisa????????","Minty Spire (QoL Compilation)","Quick Restart","StSLib","The Senshi","The Servant 0.9.4","TheWitcher"],"gold_per_floor":[117,131,144,144,162,162,195,195,274,274,289,214,214,245,245,342,342,361,380,393,393,393,393],"floor_reached":22,"playtime":982,"items_purged":["hermit:Strike_Hermit"],"score":196,"play_id":"6ee0a74d-1f27-45ee-9c31-db4bb43682c5","local_time":"20201226204441","is_ascension_mode":false,"campfire_choices":[{"data":"hermit:Deadeye","floor":6,"key":"SMITH"},{"floor":8,"key":"REST"},{"data":"hermit:Enervate","floor":10,"key":"SMITH"},{"data":"hermit:GhostlyPresence","floor":15,"key":"SMITH"}],"circlet_count":0,"master_deck":["hermit:Strike_Hermit","hermit:Strike_Hermit","hermit:Strike_Hermit","hermit:Defend_Hermit","hermit:Defend_Hermit","hermit:Defend_Hermit","hermit:Defend_Hermit","hermit:Snapshot+1","hermit:Covet","hermit:Deadeye+1","hermit:Snipe","hermit:BigShot+1","hermit:Snipe","hermit:Enervate+1","hermit:GhostlyPresence+1","hermit:Coalescence+1","hermit:CalledShot+1","hermit:Glare+1"],"relics":["hermit:Momento","NeowsBlessing","Ice Cream","Gremlin Horn","Molten Egg 2","Art of War","Black Star"],"acts_visited":["Exordium","TheCity"],"potions_floor_usage":[7,14],"damage_taken":[{"damage":0.0,"enemies":"Jaw Worm","floor":1.0,"turns":1.0},{"damage":0,"enemies":"2 Louse","floor":2,"turns":1},{"damage":0,"enemies":"Cultist","floor":3,"turns":1},{"damage":4,"enemies":"2 Fungi Beasts","floor":5,"turns":3},{"damage":42,"enemies":"3 Sentries","floor":7,"turns":10},{"damage":0,"enemies":"3 Louse","floor":11,"turns":2},{"damage":8,"enemies":"Lagavulin","floor":14,"turns":5},{"damage":32,"enemies":"Hexaghost","floor":16,"turns":11},{"damage":24,"enemies":"3 Byrds","floor":18,"turns":8},{"damage":8,"enemies":"Spheric Guardian","floor":19,"turns":5},{"damage":12,"enemies":"Snecko","floor":20,"turns":6},{"damage":38,"enemies":"Centurion and Healer","floor":22,"turns":4}],"seed_played":"7966102328027171510","potions_obtained":[{"floor":3,"key":"ColorlessPotion"},{"floor":5,"key":"SkillPotion"},{"floor":14,"key":"FairyPotion"},{"floor":18,"key":"DuplicationPotion"}],"is_trial":false,"path_per_floor":["M","M","M","?","M","R","E","R","T","R","M","$","T","E","R","B",null,"M","M","M","?","M"],"character_chosen":"HERMIT","items_purchased":[],"campfire_rested":1,"item_purchase_floors":[],"current_hp_per_floor":[75,75,75,60,56,56,14,36,36,36,36,36,36,28,28,18,75,51,43,31,31,0,0],"gold":393,"neow_bonus":"THREE_ENEMY_KILL","is_daily":false,"chose_seed":false,"campfire_upgraded":3,"win_rate":0.0,"timestamp":1609031681,"path_taken":["M","M","M","?","M","R","E","R","T","R","M","?","?","E","R","BOSS","M","M","M","?","M"],"items_purchased_type":[],"build_version":"2020-12-22","purchased_purges":1,"victory":false,"max_hp_per_floor":[75,75,75,75,75,75,75,75,75,75,75,75,75,75,75,75,75,75,75,75,75,75,75],"card_choices":[{"not_picked":["hermit:ItchyTrigger","hermit:CursedWeapon"],"picked":"hermit:Deadeye","floor":1},{"not_picked":["hermit:HighCaliber","hermit:Scavenge"],"picked":"hermit:Snipe","floor":2},{"not_picked":["hermit:CursedWeapon","hermit:Roulette"],"picked":"hermit:BigShot","floor":3},{"not_picked":["hermit:Desperado","hermit:WideOpen"],"picked":"hermit:Snipe","floor":5},{"not_picked":["hermit:Glare","hermit:Dissolve"],"picked":"hermit:Enervate","floor":7},{"not_picked":["hermit:Ricochet","hermit:EyeOfTheStorm"],"picked":"hermit:GhostlyPresence","floor":11},{"not_picked":["hermit:PistolWhip+1","hermit:ShadowCloak","hermit:LuckOfTheDraw"],"picked":"SKIP","floor":14},{"not_picked":["hermit:Roulette+1","hermit:Malice+1"],"picked":"hermit:Coalescence+1","floor":18},{"not_picked":["hermit:Maintenance","hermit:LowProfile"],"picked":"hermit:CalledShot+1","floor":19},{"not_picked":["hermit:HighCaliber+1","hermit:Misfire+1"],"picked":"hermit:Glare+1","floor":20}],"player_experience":166496,"relics_obtained":[{"floor":7,"key":"Ice Cream"},{"floor":9,"key":"Gremlin Horn"},{"floor":13,"key":"Molten Egg 2"},{"floor":14,"key":"Art of War"}],"event_choices":[{"damage_healed":0,"gold_gain":0,"player_choice":"Entered Light","damage_taken":15,"max_hp_gain":0,"max_hp_loss":0,"event_name":"Shining Light","floor":4,"gold_loss":0,"cards_upgraded":["hermit:Snapshot","hermit:BigShot"]},{"damage_healed":0,"gold_gain":0,"player_choice":"Ignored","damage_taken":0,"max_hp_gain":0,"max_hp_loss":0,"event_name":"Vampires","floor":21,"gold_loss":0}],"is_beta":false,"boss_relics":[{"not_picked":["Coffee Dripper","Calling Bell"],"picked":"Black Star"}],"items_purged_floors":[12],"is_endless":false,"potions_floor_spawned":[3,5,14,18],"killed_by":"Centurion and Healer","ascension_level":0}}