{"host":"toh0bbw446wnuexf","time":1609036803,"event":{"mods":["BaseMod","Downfall","Hermit","Minty Spire (QoL Compilation)","Random Character Button","StSLib"],"gold_per_floor":[113,113,63,63,63,63,81,96,120,120,134,150,150,75,75,75,75],"floor_reached":16,"playtime":1032,"items_purged":["hermit:Strike_Hermit"],"score":95,"play_id":"b37941e1-c8bf-4acf-a789-d21aca0b011d","local_time":"20201227154003","is_ascension_mode":true,"campfire_choices":[{"data":"hermit:HeroicBravado","floor":6,"key":"SMITH"},{"data":"hermit:HighCaliber","floor":10,"key":"SMITH"},{"data":"hermit:Strike_Hermit","floor":13,"key":"SMITH"},{"data":"hermit:Strike_Hermit","floor":15,"key":"SMITH"}],"circlet_count":0,"master_deck":["hermit:Strike_Hermit+1","hermit:Strike_Hermit+1","hermit:Strike_Hermit+1","hermit:Defend_Hermit","hermit:Defend_Hermit+1","hermit:Defend_Hermit","hermit:Snapshot","hermit:HeroicBravado+1","hermit:Feint","hermit:LowProfile","hermit:HighCaliber+1"],"relics":["hermit:Momento","Bag of Preparation"],"acts_visited":["Exordium"],"potions_floor_usage":[],"damage_taken":[{"damage":1,"enemies":"Jaw Worm","floor":1,"turns":4},{"damage":0,"enemies":"2 Louse","floor":7,"turns":2},{"damage":0,"enemies":"Small Slimes","floor":8,"turns":2},{"damage":3,"enemies":"Exordium Thugs","floor":11,"turns":5},{"damage":2,"enemies":"Lots of Slimes","floor":12,"turns":7},{"damage":83,"enemies":"The Guardian","floor":16,"turns":13}],"seed_played":"-7092093659281925631","potions_obtained":[{"floor":1,"key":"FairyPotion"},{"floor":12,"key":"FearPotion"}],"is_trial":false,"path_per_floor":["M","?","?","?","$","R","M","M","T","R","M","M","R","$","R","B"],"character_chosen":"HERMIT","items_purchased":[],"campfire_rested":0,"item_purchase_floors":[],"current_hp_per_floor":[74,59,59,59,59,59,59,59,59,59,56,54,54,54,54,0,0],"gold":75,"neow_bonus":"ONE_RANDOM_RARE_CARD","is_daily":false,"chose_seed":false,"campfire_upgraded":4,"win_rate":0.0,"timestamp":1609036803,"path_taken":["M","?","?","?","$","R","M","M","T","R","M","?","R","?","R","BOSS"],"items_purchased_type":[],"build_version":"2020-12-22","purchased_purges":1,"victory":false,"max_hp_per_floor":[75,75,75,75,75,75,75,75,75,75,75,75,75,75,75,75,75],"card_choices":[{"not_picked":["hermit:Brawl","hermit:CursedWeapon"],"picked":"hermit:Feint","floor":1},{"not_picked":["hermit:BodyArmor","hermit:Vantage"],"picked":"hermit:HighCaliber","floor":7},{"not_picked":["hermit:CursedWeapon","hermit:Dive","hermit:Glare"],"picked":"SKIP","floor":8},{"not_picked":["hermit:Roulette","hermit:Magnum","hermit:GoldenBullet"],"picked":"SKIP","floor":11},{"not_picked":["hermit:FlashPowder","hermit:WideOpen","hermit:Virtue"],"picked":"SKIP","floor":12}],"player_experience":536072,"relics_obtained":[{"floor":9,"key":"Bag of Preparation"}],"event_choices":[{"damage_healed":0,"gold_gain":0,"player_choice":"Entered Light","damage_taken":15,"max_hp_gain":0,"max_hp_loss":0,"event_name":"Shining Light","floor":2,"gold_loss":0,"cards_upgraded":["hermit:Strike_Hermit","hermit:Defend_Hermit"]},{"cards_removed":["hermit:Defend_Hermit"],"damage_healed":0,"gold_gain":0,"player_choice":"Card Removal","damage_taken":0,"max_hp_gain":0,"max_hp_loss":0,"event_name":"The Cleric","floor":3,"gold_loss":50},{"damage_healed":0,"gold_gain":0,"cards_transformed":["hermit:Covet"],"player_choice":"Transformed","damage_taken":0,"max_hp_gain":0,"max_hp_loss":0,"event_name":"Transmorgrifier","floor":4,"gold_loss":0,"cards_obtained":["hermit:LowProfile"]}],"is_beta":false,"boss_relics":[],"items_purged_floors":[14],"is_endless":false,"potions_floor_spawned":[1,12],"killed_by":"The Guardian","ascension_level":1}}