{"host":"y76clbnovzmw9ubx","time":1609078229,"event":{"mods":["AchievementEnabler","BaseMod","Minty Spire (QoL Compilation)","Permanent Neow","Relic Stats"],"gold_per_floor":[114,129,148,148,163,194,194,222,222,222,242,271,271,282,282,282,282],"floor_reached":16,"playtime":1310,"items_purged":[],"score":244,"play_id":"42b49ea6-fbb3-4030-bd51-c544bd2c4582","local_time":"20201227091029","is_ascension_mode":true,"campfire_choices":[{"floor":7,"key":"REST"},{"floor":10,"key":"REST"},{"floor":13,"key":"REST"},{"data":"Poisoned Stab","floor":15,"key":"SMITH"}],"circlet_count":0,"master_deck":["AscendersBane","Strike_G","Strike_G","Strike_G","Strike_G","Defend_G","Defend_G","Defend_G","Defend_G","Defend_G","Survivor","Neutralize","Slice","Backstab","Sucker Punch","Poisoned Stab+1","Dagger Spray","Wraith Form v2","Catalyst"],"relics":["Ring of the Snake","Happy Flower","Art of War","Sundial","Mercury Hourglass","White Beast Statue"],"acts_visited":["Exordium"],"potions_floor_usage":[8,12,16],"damage_taken":[{"damage":0,"enemies":"2 Louse","floor":1,"turns":4},{"damage":3,"enemies":"Cultist","floor":2,"turns":4},{"damage":4,"enemies":"Small Slimes","floor":3,"turns":3},{"damage":4,"enemies":"Blue Slaver","floor":5,"turns":3},{"damage":35,"enemies":"3 Sentries","floor":6,"turns":14},{"damage":25,"enemies":"Gremlin Nob","floor":8,"turns":5},{"damage":7,"enemies":"Exordium Thugs","floor":11,"turns":3},{"damage":11,"enemies":"3 Sentries","floor":12,"turns":6},{"damage":1,"enemies":"2 Fungi Beasts","floor":14,"turns":3},{"damage":30,"enemies":"The Guardian","floor":16,"turns":4}],"seed_played":"347446979230799881","potions_obtained":[{"floor":5,"key":"EssenceOfSteel"},{"floor":6,"key":"GhostInAJar"},{"floor":14,"key":"FearPotion"}],"is_trial":false,"path_per_floor":["M","M","M","?","M","E","R","E","T","R","M","E","R","M","R","B"],"character_chosen":"THE_SILENT","items_purchased":[],"campfire_rested":3,"item_purchase_floors":[],"current_hp_per_floor":[59,56,52,52,48,13,32,7,7,26,19,8,27,26,26,0,0],"gold":282,"neow_bonus":"RANDOM_COMMON_RELIC","is_daily":false,"chose_seed":false,"campfire_upgraded":1,"win_rate":0.0,"timestamp":1609078229,"path_taken":["M","M","M","?","M","E","R","E","T","R","M","E","R","?","R","BOSS"],"items_purchased_type":[],"build_version":"2020-12-22","purchased_purges":0,"victory":false,"max_hp_per_floor":[66,66,66,66,66,66,66,66,66,66,66,66,66,66,66,66,66],"relic_stats":{"Happy Flower":[16],"counters":[10,49],"Sundial":[0],"Art of War":[1],"obtain_stats":[{"Happy Flower":0,"Sundial":8,"Art of War":6,"White Beast Statue":12,"Ring of the Snake":0,"Mercury Hourglass":9},{"Happy Flower":0,"Sundial":6,"Art of War":5,"White Beast Statue":8,"Ring of the Snake":0,"Mercury Hourglass":6},{"Happy Flower":0,"Sundial":33,"Art of War":28,"White Beast Statue":42,"Ring of the Snake":0,"Mercury Hourglass":33}],"Ring of the Snake":[20],"Mercury Hourglass":[78]},"card_choices":[{"not_picked":["Acrobatics","Cloak And Dagger"],"picked":"Slice","floor":1},{"not_picked":["Concentrate","Crippling Poison"],"picked":"Backstab","floor":2},{"not_picked":["Outmaneuver","Phantasmal Killer"],"picked":"Sucker Punch","floor":3},{"not_picked":["Deflect","Slice","Underhanded Strike"],"picked":"SKIP","floor":5},{"not_picked":["Slice","Riddle With Holes"],"picked":"Poisoned Stab","floor":6},{"not_picked":["Eviscerate","Calculated Gamble"],"picked":"Dagger Spray","floor":8},{"not_picked":["Acrobatics","Slice","Outmaneuver"],"picked":"SKIP","floor":11},{"not_picked":["Unload","Backflip"],"picked":"Wraith Form v2","floor":12},{"not_picked":["Acrobatics","Quick Slash"],"picked":"Catalyst","floor":14}],"player_experience":3004582,"relics_obtained":[{"floor":6,"key":"Art of War"},{"floor":8,"key":"Sundial"},{"floor":9,"key":"Mercury Hourglass"},{"floor":12,"key":"White Beast Statue"}],"event_choices":[{"cards_removed":["Strike_G"],"damage_healed":0,"gold_gain":0,"player_choice":"Purged","damage_taken":0,"max_hp_gain":0,"max_hp_loss":0,"event_name":"Purifier","floor":4,"gold_loss":0}],"is_beta":false,"boss_relics":[],"items_purged_floors":[],"is_endless":false,"potions_floor_spawned":[5,6,14],"killed_by":"The Guardian","ascension_level":20}}