{"host":"7pe9xwx78c6nlay8","time":1609079177,"event":{"mods":["BaseMod","Minty Spire (QoL Compilation)"],"gold_per_floor":[118,138,138,157,176,202,202,212,239,268,288,288,305,340,340,411,411,429,429,448,363,363,363],"floor_reached":22,"playtime":1049,"items_purged":[],"score":439,"play_id":"31457768-e6b5-4820-b050-9cb61244accb","local_time":"20201227222617","is_ascension_mode":true,"campfire_choices":[{"data":"Eruption","floor":7.0,"key":"SMITH"},{"data":"Wallop","floor":12.0,"key":"SMITH"},{"data":"PathToVictory","floor":15.0,"key":"SMITH"}],"circlet_count":0,"master_deck":["AscendersBane","Strike_P","Strike_P","Strike_P","Strike_P","Defend_P","Defend_P","Defend_P","Eruption+1","Vigilance+1","Consecrate","CutThroughFate","Prostrate+1","PathToVictory+1","MentalFortress","WindmillStrike","Wallop+1","Evaluate","Weave","DevaForm","CutThroughFate","ThirdEye"],"relics":["PureWater","NeowsBlessing","Centennial Puzzle","Anchor","War Paint","Toy Ornithopter","Cursed Key","Blue Candle"],"acts_visited":["Exordium","TheCity"],"potions_floor_usage":[],"damage_taken":[{"damage":0.0,"enemies":"Cultist","floor":1.0,"turns":1.0},{"damage":0.0,"enemies":"Small Slimes","floor":2.0,"turns":1.0},{"damage":0.0,"enemies":"2 Louse","floor":4.0,"turns":1.0},{"damage":9.0,"enemies":"Lots of Slimes","floor":5.0,"turns":3.0},{"damage":5.0,"enemies":"3 Sentries","floor":6.0,"turns":5.0},{"damage":0.0,"enemies":"2 Fungi Beasts","floor":8.0,"turns":3.0},{"damage":10.0,"enemies":"Gremlin Nob","floor":10.0,"turns":3.0},{"damage":0.0,"enemies":"Blue Slaver","floor":11.0,"turns":4.0},{"damage":0.0,"enemies":"3 Louse","floor":13.0,"turns":3.0},{"damage":16.0,"enemies":"3 Sentries","floor":14.0,"turns":8.0},{"damage":0.0,"enemies":"Hexaghost","floor":16.0,"turns":7.0},{"damage":13.0,"enemies":"3 Byrds","floor":18.0,"turns":5.0},{"damage":10,"enemies":"2 Thieves","floor":20,"turns":4},{"damage":46,"enemies":"Snake Plant","floor":22,"turns":3}],"seed_played":"6006142831348726122","potions_obtained":[{"floor":4.0,"key":"EntropicBrew"},{"floor":5.0,"key":"Swift Potion"},{"floor":8.0,"key":"Weak Potion"},{"floor":14.0,"key":"Strength Potion"},{"floor":16.0,"key":"EssenceOfSteel"}],"is_trial":false,"path_per_floor":["M","M","?","M","M","E","R","M","T","E","M","R","M","E","R","B",null,"M","?","M","?","M"],"character_chosen":"WATCHER","items_purchased":[],"campfire_rested":0,"item_purchase_floors":[],"current_hp_per_floor":[61,61,61,61,52,47,47,47,47,37,37,37,37,21,21,31,59,51,51,41,41,0,0],"gold":363,"neow_bonus":"THREE_ENEMY_KILL","is_daily":false,"chose_seed":false,"campfire_upgraded":3,"win_rate":0.0,"timestamp":1609079177,"path_taken":["M","?","?","M","?","E","R","M","T","E","?","R","M","E","R","BOSS","M","?","?","?","M"],"items_purchased_type":[],"build_version":"2020-12-22","purchased_purges":0,"victory":false,"max_hp_per_floor":[68,68,68,68,68,68,68,68,68,68,68,68,68,68,68,68,68,68,68,68,68,68,68],"card_choices":[{"not_picked":["ThirdEye","ClearTheMind"],"picked":"Consecrate","floor":1.0},{"not_picked":["Tantrum","Vengeance"],"picked":"CutThroughFate","floor":2.0},{"not_picked":["Protect","ClearTheMind"],"picked":"Prostrate","floor":4.0},{"not_picked":["BattleHymn","Consecrate"],"picked":"PathToVictory","floor":5.0},{"not_picked":["Fasting2","FollowUp"],"picked":"MentalFortress","floor":6.0},{"not_picked":["SashWhip","ClearTheMind"],"picked":"WindmillStrike","floor":8.0},{"not_picked":["Consecrate","Vault"],"picked":"Wallop","floor":10.0},{"not_picked":["EmptyFist","Crescendo"],"picked":"Evaluate","floor":11.0},{"not_picked":["WindmillStrike","Perseverance"],"picked":"Weave","floor":13.0},{"not_picked":["Protect","Consecrate","Swivel"],"picked":"SKIP","floor":14.0},{"not_picked":["Wish","SpiritShield"],"picked":"DevaForm","floor":16.0},{"not_picked":["CrushJoints","Fasting2"],"picked":"CutThroughFate","floor":18.0},{"not_picked":["Indignation","EmptyBody"],"picked":"ThirdEye","floor":20}],"player_experience":1569183,"relics_obtained":[{"floor":6.0,"key":"Centennial Puzzle"},{"floor":9.0,"key":"Anchor"},{"floor":10.0,"key":"War Paint"},{"floor":14.0,"key":"Toy Ornithopter"}],"event_choices":[{"cards_removed":["Defend_P"],"damage_healed":0.0,"max_hp_gain":0.0,"max_hp_loss":0.0,"gold_gain":0.0,"event_name":"Bonfire Elementals","player_choice":"Offered Basic","floor":3.0,"gold_loss":0.0,"damage_taken":0.0},{"damage_healed":0,"gold_gain":0,"player_choice":"0 cards matched","damage_taken":0,"max_hp_gain":0,"max_hp_loss":0,"event_name":"Match and Keep!","floor":19,"gold_loss":0,"cards_obtained":[]},{"damage_healed":0,"gold_gain":0,"player_choice":"Obtained Relic","damage_taken":0,"relics_obtained":["Blue Candle"],"max_hp_gain":0,"max_hp_loss":0,"event_name":"Addict","floor":21,"gold_loss":85}],"is_beta":false,"boss_relics":[{"not_picked":["Astrolabe","Velvet Choker"],"picked":"Cursed Key"}],"items_purged_floors":[],"is_endless":false,"potions_floor_spawned":[4,5,8,14,16],"killed_by":"Snake Plant","ascension_level":14}}