{"host":"m77rrhbqzv44va4v","time":1609093631,"event":{"mods":["AchievementEnabler","BaseMod","Colored Map","DeckTracker","Keyboard Shortcuts","Minty Spire (QoL Compilation)","StSLib","SuperFastMode","everything is the same but u backflip on backflip"],"gold_per_floor":[115,190,209,209,209,239,239,270,270,289,54,68,87,102,102,206,206,226,226,243,9,26,59,59,22,45,45,64,93,93,111,111,212,212,232,0,19,19,36,61,61,61,109,122,142,159,179,5,5,5],"floor_reached":51,"playtime":1656,"items_purged":["Defend_B","Defend_B"],"score":1028,"play_id":"83e3b3b4-fc58-4a11-a328-69d846363acf","local_time":"20201228032711","is_ascension_mode":true,"campfire_choices":[{"data":"Dualcast","floor":7.0,"key":"SMITH"},{"data":"Consume","floor":15.0,"key":"SMITH"},{"data":"Buffer","floor":24.0,"key":"SMITH"},{"data":"Loop","floor":27.0,"key":"SMITH"},{"data":"Secret Technique","floor":30,"key":"SMITH"},{"data":"Rainbow","floor":32,"key":"SMITH"},{"data":"Creative AI","floor":42,"key":"SMITH"},{"data":"Defragment","floor":49,"key":"SMITH"}],"circlet_count":0,"master_deck":["Strike_B","Strike_B","Defend_B","Defend_B","Zap","Dualcast+1","Reinforced Body","Compile Driver","Undo","Buffer+1","Self Repair","Ball Lightning+1","Chill","Barrage+1","Consume+1","Conserve Battery","Streamline+1","Core Surge+1","Compile Driver+1","Steam Power","Loop+1","Secret Technique+1","FTL+1","Self Repair","Chill+1","Rainbow+1","Creative AI+1","Double Energy+1","Glacier","Hologram+1","Coolheaded","FTL+1","Redo+1","Defragment+1","Ball Lightning+1"],"relics":["Cracked Core","NeowsBlessing","Lizard Tail","Molten Egg 2","Mummified Hand","Inserter","Du-Vu Doll","Smiling Mask","Blue Candle","Snecko Eye","Red Mask","Symbiotic Virus","Potion Belt","Dream Catcher"],"acts_visited":["Exordium","TheCity","TheBeyond"],"potions_floor_usage":[29,29,33,45,45,45,46],"damage_taken":[{"damage":0.0,"enemies":"Small Slimes","floor":1.0,"turns":1.0},{"damage":0.0,"enemies":"2 Louse","floor":3.0,"turns":1.0},{"damage":0.0,"enemies":"Gremlin Nob","floor":6.0,"turns":1.0},{"damage":13.0,"enemies":"Lagavulin","floor":8.0,"turns":9.0},{"damage":0.0,"enemies":"Cultist","floor":10.0,"turns":4.0},{"damage":0.0,"enemies":"Looter","floor":12.0,"turns":4.0},{"damage":0.0,"enemies":"Exordium Thugs","floor":13.0,"turns":3.0},{"damage":3.0,"enemies":"Exordium Wildlife","floor":14.0,"turns":2.0},{"damage":5.0,"enemies":"Slime Boss","floor":16.0,"turns":8.0},{"damage":5.0,"enemies":"Chosen","floor":18.0,"turns":5.0},{"damage":8.0,"enemies":"Shell Parasite","floor":20.0,"turns":7.0},{"damage":10.0,"enemies":"Shelled Parasite and Fungi","floor":22.0,"turns":6.0},{"damage":11.0,"enemies":"Gremlin Leader","floor":23.0,"turns":11.0},{"damage":6.0,"enemies":"Cultist and Chosen","floor":28.0,"turns":6.0},{"damage":36,"enemies":"Book of Stabbing","floor":29,"turns":5},{"damage":0,"enemies":"Centurion and Healer","floor":31,"turns":6},{"damage":31,"enemies":"Automaton","floor":33,"turns":10},{"damage":9,"enemies":"Orb Walker","floor":35,"turns":4},{"damage":21,"enemies":"3 Shapes","floor":37,"turns":5},{"damage":12,"enemies":"Transient","floor":39,"turns":5},{"damage":10,"enemies":"Giant Head","floor":40,"turns":11},{"damage":8,"enemies":"Maw","floor":44,"turns":8},{"damage":0,"enemies":"Jaw Worm Horde","floor":45,"turns":9},{"damage":1,"enemies":"4 Shapes","floor":46,"turns":10},{"damage":6,"enemies":"3 Darklings","floor":47,"turns":5},{"damage":19,"enemies":"Donu and Deca","floor":50,"turns":10}],"seed_played":"-4812256947216590420","potions_obtained":[{"floor":3.0,"key":"SpeedPotion"},{"floor":5.0,"key":"BlessingOfTheForge"},{"floor":5.0,"key":"Weak Potion"},{"floor":5.0,"key":"SmokeBomb"},{"floor":12.0,"key":"Fire Potion"},{"floor":14.0,"key":"PotionOfCapacity"},{"floor":16.0,"key":"Fire Potion"},{"floor":22.0,"key":"Swift Potion"},{"floor":31,"key":"Explosive Potion"},{"floor":33,"key":"GamblersBrew"},{"floor":37,"key":"FocusPotion"},{"floor":44,"key":"EntropicBrew"}],"is_trial":false,"path_per_floor":["M","?","M","?","?","E","R","E","T","M","$","M","M","M","R","B",null,"M","?","M","$","M","E","R","$","T","R","M","E","R","M","R","B",null,"M","?","M","$","M","E","T","R","T","M","M","M","M","$","R","B",null],"character_chosen":"DEFECT","items_purchased":["Ball Lightning+1","Chill","Barrage+1","Loop","Secret Technique","Self Repair","Defragment","Ball Lightning+1"],"campfire_rested":0,"item_purchase_floors":[11,11,11,21,21,25,48,48],"current_hp_per_floor":[68,57,57,50,50,50,50,37,37,37,37,44,44,48,48,50,69,71,71,70,70,67,63,63,63,63,63,71,49,49,63,63,46,68,66,66,59,59,54,58,58,58,58,64,75,75,75,75,75,70],"gold":5,"neow_bonus":"THREE_ENEMY_KILL","is_daily":false,"chose_seed":false,"campfire_upgraded":8,"win_rate":0.0,"timestamp":1609093631,"path_taken":["M","?","M","?","?","E","R","E","T","M","$","M","M","?","R","BOSS","M","?","M","$","M","E","R","?","T","R","M","E","R","M","R","BOSS","M","?","M","$","M","E","?","R","T","?","M","M","M","?","R","BOSS"],"items_purchased_type":["Card","Card","Card","Card","Card","Card","Card","Card"],"build_version":"2020-12-22","purchased_purges":2,"victory":true,"max_hp_per_floor":[75,75,75,75,75,75,75,75,75,75,75,75,75,75,75,75,75,75,75,75,75,75,75,75,75,75,75,75,75,75,75,75,75,75,75,75,75,75,75,75,75,75,75,75,75,75,75,75,75,75],"card_choices":[{"not_picked":["Turbo","Steam"],"picked":"Reinforced Body","floor":1.0},{"not_picked":["Cold Snap","Redo"],"picked":"Compile Driver","floor":3.0},{"not_picked":["Storm","Heatsinks"],"picked":"Undo","floor":6.0},{"not_picked":["Hello World","Darkness"],"picked":"Buffer","floor":8.0},{"not_picked":["Glacier","Sweeping Beam+1"],"picked":"Self Repair","floor":10.0},{"not_picked":["Force Field","Stack"],"picked":"Consume","floor":12.0},{"not_picked":["Barrage+1","Steam"],"picked":"Conserve Battery","floor":13.0},{"not_picked":["Turbo","Blizzard+1"],"picked":"Streamline+1","floor":14.0},{"not_picked":["Seek","Hyperbeam+1"],"picked":"Core Surge+1","floor":16.0},{"not_picked":["Turbo","Rebound+1"],"picked":"Compile Driver+1","floor":18.0},{"not_picked":["Barrage+1","Beam Cell+1","Compile Driver+1"],"picked":"SKIP","floor":20.0},{"not_picked":["Static Discharge","Hello World","Compile Driver+1"],"picked":"SKIP","floor":22.0},{"not_picked":["Storm","Hologram"],"picked":"FTL+1","floor":23.0},{"not_picked":["Turbo","Beam Cell+1"],"picked":"Chill+1","floor":28},{"not_picked":["Beam Cell+1","Conserve Battery+1","Self Repair"],"picked":"SKIP","floor":29},{"not_picked":["Compile Driver+1","Cold Snap+1"],"picked":"Rainbow","floor":31},{"not_picked":["Core Surge+1","Multi-Cast"],"picked":"Creative AI","floor":33},{"not_picked":["Stack","Steam Power+1"],"picked":"Double Energy+1","floor":35},{"not_picked":["Hologram","Reprogram+1","Hello World+1"],"picked":"SKIP","floor":37},{"not_picked":["Static Discharge","Heatsinks"],"picked":"Glacier","floor":39},{"not_picked":["Melter+1","Scrape+1"],"picked":"Hologram+1","floor":40},{"not_picked":["Streamline+1","Reboot"],"picked":"Coolheaded","floor":44},{"not_picked":["Stack+1","Heatsinks"],"picked":"FTL+1","floor":45},{"not_picked":["Chill","Conserve Battery+1"],"picked":"Redo+1","floor":46},{"not_picked":["Leap","Coolheaded","Hologram+1"],"picked":"SKIP","floor":47}],"player_experience":812338,"relics_obtained":[{"floor":6.0,"key":"Lizard Tail"},{"floor":8.0,"key":"Molten Egg 2"},{"floor":9.0,"key":"Mummified Hand"},{"floor":23.0,"key":"Du-Vu Doll"},{"floor":26.0,"key":"Smiling Mask"},{"floor":29,"key":"Blue Candle"},{"floor":40,"key":"Symbiotic Virus"},{"floor":41,"key":"Potion Belt"},{"floor":43,"key":"Dream Catcher"}],"event_choices":[{"damage_healed":0.0,"max_hp_gain":0.0,"max_hp_loss":0.0,"gold_gain":75.0,"event_name":"World of Goop","player_choice":"Gather Gold","floor":2.0,"gold_loss":0.0,"damage_taken":11.0},{"cards_removed":["Strike_B"],"damage_healed":0.0,"max_hp_gain":0.0,"max_hp_loss":0.0,"gold_gain":0.0,"event_name":"Golden Wing","player_choice":"Card Removal","floor":4.0,"gold_loss":0.0,"damage_taken":7.0},{"damage_healed":0.0,"max_hp_gain":0.0,"max_hp_loss":0.0,"gold_gain":0.0,"event_name":"Lab","player_choice":"Got Potions","floor":5.0,"gold_loss":0.0,"damage_taken":0.0},{"damage_healed":0.0,"max_hp_gain":0.0,"max_hp_loss":0.0,"gold_gain":0.0,"cards_transformed":["Strike_B"],"event_name":"Transmorgrifier","player_choice":"Transformed","floor":19.0,"gold_loss":0.0,"damage_taken":0.0,"cards_obtained":["Steam Power"]},{"damage_healed":0,"gold_gain":0,"player_choice":"Paid","damage_taken":0,"relics_obtained":["Red Mask"],"max_hp_gain":0,"max_hp_loss":0,"event_name":"Tomb of Lord Red Mask","floor":36,"gold_loss":232}],"is_beta":false,"boss_relics":[{"not_picked":["Pandora\u0027s Box","Tiny House"],"picked":"Inserter"},{"not_picked":["Cursed Key","Astrolabe"],"picked":"Snecko Eye"}],"items_purged_floors":[11,48],"is_endless":false,"potions_floor_spawned":[3,12,14,16,18,22,31,33,37,39,44],"ascension_level":7}}