{"host":"a5lz0e76zb3fcwkm","time":1609076700,"event":{"mods":["AchievementEnabler","BaseMod","Colored Map","Colored Powertips","Minty Spire (QoL Compilation)","StSLib","SuperFastMode"],"gold_per_floor":[364,204,221,234,234,234,254,280,280,313,313,313,332,332,332,408,408,421,440,167,167,42,42,56,87,141,191,217,231,231,248,248,326,326,336,352,366,378,53,53,53,53,79,79,95,127,139,172,172,172,172],"floor_reached":50,"playtime":1305,"items_purged":["Pain","Strike_R","Strike_R"],"score":1304,"play_id":"107dd9d2-743d-4487-a068-51999681ea30","local_time":"20201227224500","is_ascension_mode":true,"campfire_choices":[{"data":"Fire Breathing","floor":6.0,"key":"SMITH"},{"data":"Fire Breathing","floor":12.0,"key":"SMITH"},{"data":"Wild Strike","floor":15.0,"key":"SMITH"},{"data":"Ghostly","floor":23.0,"key":"SMITH"},{"data":"Ghostly","floor":30.0,"key":"SMITH"},{"data":"Ghostly","floor":32.0,"key":"SMITH"},{"floor":40,"key":"RECALL"},{"floor":49,"key":"REST"}],"circlet_count":0,"master_deck":["AscendersBane","Strike_R+1","Strike_R","Defend_R","Defend_R","Defend_R","Defend_R","Bash+1","Combust","Fire Breathing+1","Fire Breathing+1","Wild Strike+1","Shockwave","Fire Breathing","Ghostly+1","Ghostly+1","Ghostly+1","Power Through+1","Evolve","Shrug It Off+1","Power Through+1","Corruption"],"relics":["Black Blood","Calipers","Lizard Tail","White Beast Statue","Snecko Eye","PreservedInsect","Toxic Egg 2","Matryoshka","Gambling Chip","Akabeko","Whetstone","Singing Bowl","Dream Catcher"],"acts_visited":["Exordium","TheCity","TheBeyond"],"potions_floor_usage":[48],"damage_taken":[{"damage":6.0,"enemies":"Small Slimes","floor":1.0,"turns":4.0},{"damage":7.0,"enemies":"Cultist","floor":3.0,"turns":4.0},{"damage":16.0,"enemies":"2 Louse","floor":4.0,"turns":3.0},{"damage":18.0,"enemies":"2 Fungi Beasts","floor":7.0,"turns":4.0},{"damage":9.0,"enemies":"3 Sentries","floor":8.0,"turns":4.0},{"damage":32.0,"enemies":"Gremlin Nob","floor":10.0,"turns":4.0},{"damage":19.0,"enemies":"Gremlin Gang","floor":13.0,"turns":3.0},{"damage":3.0,"enemies":"Slime Boss","floor":16.0,"turns":4.0},{"damage":23.0,"enemies":"Chosen","floor":18.0,"turns":5.0},{"damage":18.0,"enemies":"3 Byrds","floor":19.0,"turns":4.0},{"damage":0.0,"enemies":"Centurion and Healer","floor":24.0,"turns":6.0},{"damage":12.0,"enemies":"Book of Stabbing","floor":25.0,"turns":5.0},{"damage":37.0,"enemies":"Slavers","floor":28.0,"turns":4.0},{"damage":26.0,"enemies":"Shelled Parasite and Fungi","floor":29.0,"turns":7.0},{"damage":6.0,"enemies":"3 Cultists","floor":31.0,"turns":4.0},{"damage":5.0,"enemies":"Champ","floor":33.0,"turns":8.0},{"damage":12.0,"enemies":"Orb Walker","floor":35.0,"turns":4.0},{"damage":3.0,"enemies":"3 Darklings","floor":36.0,"turns":6.0},{"damage":32,"enemies":"Sphere and 2 Shapes","floor":37,"turns":8},{"damage":15,"enemies":"Spire Growth","floor":38,"turns":7},{"damage":3,"enemies":"Writhing Mass","floor":45,"turns":5},{"damage":5,"enemies":"Giant Head","floor":46,"turns":7},{"damage":0,"enemies":"4 Shapes","floor":47,"turns":2},{"damage":39,"enemies":"Reptomancer","floor":48,"turns":7},{"damage":41,"enemies":"Awakened One","floor":50,"turns":4}],"seed_played":"1458636228657465976","potions_obtained":[{"floor":3.0,"key":"HeartOfIron"},{"floor":4.0,"key":"PowerPotion"},{"floor":7.0,"key":"HeartOfIron"},{"floor":10.0,"key":"GamblersBrew"},{"floor":13.0,"key":"Explosive Potion"},{"floor":16.0,"key":"AttackPotion"},{"floor":18.0,"key":"PowerPotion"},{"floor":19.0,"key":"Regen Potion"},{"floor":28.0,"key":"Fire Potion"},{"floor":29.0,"key":"FearPotion"},{"floor":31.0,"key":"ElixirPotion"},{"floor":33.0,"key":"SpeedPotion"},{"floor":36.0,"key":"FearPotion"},{"floor":37,"key":"LiquidBronze"},{"floor":38,"key":"BloodPotion"},{"floor":48,"key":"SpeedPotion"}],"is_trial":false,"path_per_floor":["M","$","M","M","?","R","M","E","T","E","?","R","M","?","R","B",null,"M","M","$","?","$","R","M","E","T","?","E","M","R","M","R","B",null,"M","M","M","M","$","R","$","?","T","?","M","E","M","E","R","B"],"character_chosen":"IRONCLAD","items_purchased":["Fire Breathing","PreservedInsect","Gambling Chip"],"campfire_rested":1,"item_purchase_floors":[2,20,39],"current_hp_per_floor":[68,68,67,57,62,62,50,47,47,21,21,21,8,8,8,11,63,46,34,34,34,34,34,40,34,34,34,12,15,15,15,15,16,34,34,40,20,17,17,17,17,17,17,17,26,35,44,25,40,0,0],"gold":172,"neow_bonus":"TWO_FIFTY_GOLD","is_daily":false,"chose_seed":false,"campfire_upgraded":6,"win_rate":0.0,"timestamp":1609076700,"path_taken":["M","$","M","M","?","R","M","E","T","E","?","R","M","?","R","BOSS","M","?","$","?","$","R","M","E","T","?","E","M","R","M","R","BOSS","M","?","M","M","$","R","$","?","T","?","?","E","M","E","R","BOSS"],"items_purchased_type":["Card","Relic","Relic"],"build_version":"2020-12-22","purchased_purges":3,"victory":false,"max_hp_per_floor":[75,75,75,75,80,80,80,80,80,80,80,80,80,80,80,80,80,80,80,80,40,40,40,40,40,40,40,40,40,40,40,40,40,40,40,40,40,40,40,40,40,40,40,40,40,42,44,44,46,46,46],"card_choices":[{"not_picked":["Dark Embrace","Warcry"],"picked":"Combust","floor":1.0},{"not_picked":["Sword Boomerang","Sever Soul"],"picked":"Fire Breathing","floor":3.0},{"not_picked":["Flex","Cleave","Havoc"],"picked":"SKIP","floor":4.0},{"not_picked":["Sever Soul","Clothesline"],"picked":"Wild Strike","floor":7.0},{"not_picked":["Thunderclap","Shockwave","Anger"],"picked":"SKIP","floor":8.0},{"not_picked":["Pommel Strike","Flex","Havoc"],"picked":"SKIP","floor":10.0},{"not_picked":["Heavy Blade","Dropkick","Iron Wave"],"picked":"SKIP","floor":13.0},{"not_picked":["Clash","Twin Strike"],"picked":"Shockwave","floor":18.0},{"not_picked":["Dual Wield","Anger+1"],"picked":"Fire Breathing","floor":19.0},{"not_picked":["Infernal Blade+1","Cleave"],"picked":"Power Through+1","floor":24.0},{"not_picked":["Fire Breathing","Uppercut"],"picked":"Evolve","floor":25.0},{"not_picked":["Whirlwind","Dual Wield+1","Seeing Red+1"],"picked":"SKIP","floor":28.0},{"not_picked":["Cleave","Sentinel+1"],"picked":"Shrug It Off+1","floor":29.0},{"not_picked":["Flex+1","Inflame","Thunderclap"],"picked":"SKIP","floor":31.0},{"not_picked":["Reckless Charge","Blood for Blood","Havoc+1"],"picked":"SKIP","floor":35.0},{"not_picked":["Headbutt+1","Clothesline","Anger"],"picked":"SKIP","floor":36.0},{"not_picked":["Armaments+1","Shrug It Off+1","Fiend Fire"],"picked":"SKIP","floor":37},{"not_picked":["Flex+1","Feel No Pain","Wild Strike"],"picked":"SKIP","floor":38},{"not_picked":["Sentinel+1","Shrug It Off+1"],"picked":"Power Through+1","floor":45},{"not_picked":["Body Slam","Thunderclap","Armaments+1"],"picked":"Singing Bowl","floor":46},{"not_picked":["Shrug It Off+1","Infernal Blade+1","Wild Strike"],"picked":"Singing Bowl","floor":47},{"not_picked":["Perfected Strike","Sentinel+1"],"picked":"Corruption","floor":48},{"not_picked":["Metallicize","Pummel","Rage+1"],"picked":"Singing Bowl","floor":49}],"player_experience":1652107,"relics_obtained":[{"floor":8.0,"key":"Calipers"},{"floor":9.0,"key":"Lizard Tail"},{"floor":10.0,"key":"White Beast Statue"},{"floor":25.0,"key":"Toxic Egg 2"},{"floor":28.0,"key":"Matryoshka"},{"floor":43,"key":"Akabeko"},{"floor":43,"key":"Whetstone"},{"floor":46,"key":"Singing Bowl"},{"floor":48,"key":"Dream Catcher"}],"event_choices":[{"damage_healed":0.0,"max_hp_gain":5.0,"max_hp_loss":0.0,"gold_gain":0.0,"event_name":"Big Fish","player_choice":"Donut","floor":5.0,"gold_loss":0.0,"damage_taken":0.0},{"damage_healed":0.0,"max_hp_gain":0.0,"max_hp_loss":0.0,"gold_gain":0.0,"event_name":"Liars Game","player_choice":"Ignored","floor":11.0,"gold_loss":0.0,"damage_taken":0.0},{"cards_removed":["Strike_R"],"damage_healed":0.0,"max_hp_gain":0.0,"max_hp_loss":0.0,"gold_gain":0.0,"event_name":"Wheel of Change","player_choice":"Card Removal","floor":14.0,"gold_loss":0.0,"damage_taken":0.0},{"damage_healed":0.0,"max_hp_gain":0.0,"max_hp_loss":40.0,"gold_gain":0.0,"event_name":"Ghosts","player_choice":"Became a Ghost","floor":21.0,"gold_loss":0.0,"damage_taken":0.0,"cards_obtained":["Ghostly","Ghostly","Ghostly"]},{"damage_healed":0.0,"max_hp_gain":0.0,"max_hp_loss":0.0,"gold_gain":50.0,"event_name":"Golden Shrine","player_choice":"Pray","floor":27.0,"gold_loss":0.0,"damage_taken":0.0},{"damage_healed":0,"gold_gain":0,"player_choice":"Ignored","damage_taken":0,"max_hp_gain":0,"max_hp_loss":0,"event_name":"The Moai Head","floor":42,"gold_loss":0},{"damage_healed":0,"gold_gain":0,"player_choice":"Ignored","damage_taken":0,"max_hp_gain":0,"max_hp_loss":0,"event_name":"SecretPortal","floor":44,"gold_loss":0}],"is_beta":false,"boss_relics":[{"not_picked":["SlaversCollar","Fusion Hammer"],"picked":"Snecko Eye"},{"not_picked":["Cursed Key","Runic Dome"],"picked":"Black Blood"}],"items_purged_floors":[2,20,22],"is_endless":false,"potions_floor_spawned":[3,4,7,10,13,16,18,19,24,25,28,29,31,33,35,36,37,38,45,46,47,48],"killed_by":"Awakened One","ascension_level":20}}