{"host":"m77rrhbqzv44va4v","time":1609090336,"event":{"mods":["AchievementEnabler","BaseMod","Colored Map","DeckTracker","Keyboard Shortcuts","Minty Spire (QoL Compilation)","StSLib","SuperFastMode","everything is the same but u backflip on backflip"],"gold_per_floor":[114,114,32,52,52,77,92,120,120,144,176,126,201,214,214,285,285,300,12,12,22,35,35,61,61,61,61,72,72,83,99,99,99,99],"floor_reached":33,"playtime":713,"items_purged":["Strike_R"],"score":562,"play_id":"c612096e-48ae-4457-ab09-335fb6b634bb","local_time":"20201228023216","is_ascension_mode":true,"campfire_choices":[{"data":"Disarm","floor":15,"key":"SMITH"},{"data":"Metallicize","floor":23,"key":"SMITH"},{"floor":25,"key":"REST"},{"data":"Uppercut","floor":27,"key":"SMITH"},{"data":"Fire Breathing","floor":29,"key":"SMITH"},{"data":"Armaments","floor":32,"key":"SMITH"}],"circlet_count":0,"master_deck":["AscendersBane","Strike_R","Strike_R","Defend_R","Defend_R","Defend_R","Defend_R","Bash","Fire Breathing+1","Feed","Carnage","Feed","Spot Weakness","Pommel Strike","Armaments+1","Disarm+1","Bludgeon","Evolve","Disarm+1","Metallicize+1","Uppercut+1"],"relics":["Burning Blood","NeowsBlessing","Juzu Bracelet","Mummified Hand","Mercury Hourglass","Odd Mushroom","Singing Bowl","Snecko Eye","Happy Flower","Vajra","Bronze Scales"],"acts_visited":["Exordium","TheCity"],"potions_floor_usage":[11,11,16,24,30,33],"damage_taken":[{"damage":0.0,"enemies":"2 Louse","floor":1.0,"turns":1.0},{"damage":0.0,"enemies":"Small Slimes","floor":4.0,"turns":1.0},{"damage":0.0,"enemies":"Lagavulin","floor":6.0,"turns":2.0},{"damage":1.0,"enemies":"Cultist","floor":7.0,"turns":3.0},{"damage":25,"enemies":"3 Sentries","floor":8,"turns":5},{"damage":22,"enemies":"The Mushroom Lair","floor":10,"turns":4},{"damage":36,"enemies":"Lagavulin","floor":11,"turns":6},{"damage":7,"enemies":"2 Fungi Beasts","floor":14,"turns":3},{"damage":45,"enemies":"The Guardian","floor":16,"turns":12},{"damage":27,"enemies":"Spheric Guardian","floor":18,"turns":4},{"damage":7,"enemies":"Chosen","floor":21,"turns":4},{"damage":21,"enemies":"Centurion and Healer","floor":22,"turns":4},{"damage":27,"enemies":"Slavers","floor":24,"turns":5},{"damage":14,"enemies":"Snake Plant","floor":28,"turns":2},{"damage":6,"enemies":"3 Cultists","floor":30,"turns":4},{"damage":0,"enemies":"Cultist and Chosen","floor":31,"turns":4},{"damage":80,"enemies":"Automaton","floor":33,"turns":8}],"seed_played":"-3563820646783368194","potions_obtained":[{"floor":6.0,"key":"BloodPotion"},{"floor":8,"key":"EssenceOfSteel"},{"floor":11,"key":"Explosive Potion"},{"floor":16,"key":"LiquidBronze"},{"floor":21,"key":"LiquidBronze"},{"floor":22,"key":"SneckoOil"},{"floor":24,"key":"DuplicationPotion"}],"is_trial":false,"path_per_floor":["M","?","$","M","$","E","M","E","T","?","E","?","?","M","R","B",null,"M","$","?","M","M","R","E","R","T","R","M","R","M","M","R","B"],"character_chosen":"IRONCLAD","items_purchased":["Feed","Happy Flower","Evolve"],"campfire_rested":1,"item_purchase_floors":[3,19,19],"current_hp_per_floor":[78,78,78,83,83,86,89,73,73,63,58,58,47,46,46,10,83,64,64,64,65,56,56,38,74,74,74,68,68,70,78,78,0,0],"gold":99,"neow_bonus":"THREE_ENEMY_KILL","is_daily":false,"chose_seed":false,"campfire_upgraded":5,"win_rate":0.0,"timestamp":1609090336,"path_taken":["M","?","$","M","$","E","M","E","T","?","E","?","?","M","R","BOSS","M","$","?","M","M","R","E","R","T","R","M","R","M","M","R","BOSS"],"items_purchased_type":["Card","Relic","Card"],"build_version":"2020-12-22","purchased_purges":1,"victory":false,"max_hp_per_floor":[80,80,80,83,83,86,89,92,92,98,104,104,104,104,104,107,107,109,109,109,111,117,117,120,120,120,120,122,122,124,126,126,126,126],"card_choices":[{"not_picked":["Clash","Heavy Blade"],"picked":"Fire Breathing","floor":1.0},{"not_picked":["Warcry","Thunderclap"],"picked":"Carnage","floor":4.0},{"not_picked":["Headbutt","Anger"],"picked":"Feed","floor":6.0},{"not_picked":["Clash","True Grit"],"picked":"Spot Weakness","floor":7.0},{"not_picked":["Clash","Shockwave"],"picked":"Pommel Strike","floor":8},{"not_picked":["Wild Strike","Evolve"],"picked":"Armaments","floor":10},{"not_picked":["Twin Strike","Pommel Strike","Rage"],"picked":"Singing Bowl","floor":11},{"not_picked":["Clash","Ghostly Armor"],"picked":"Disarm","floor":14},{"not_picked":["Feed","Demon Form"],"picked":"Bludgeon","floor":16},{"not_picked":["Warcry","Dual Wield","Entrench"],"picked":"Singing Bowl","floor":18},{"not_picked":["Dark Embrace","Warcry","Headbutt"],"picked":"Singing Bowl","floor":21},{"not_picked":["Whirlwind+1","Clash"],"picked":"Metallicize","floor":22},{"not_picked":["Rampage","Clash"],"picked":"Uppercut","floor":24},{"not_picked":["Berserk","Cleave","Warcry"],"picked":"Singing Bowl","floor":28},{"not_picked":["Armaments","Disarm","Pommel Strike"],"picked":"Singing Bowl","floor":30},{"not_picked":["Feed","Metallicize","Heavy Blade"],"picked":"Singing Bowl","floor":31}],"player_experience":810222,"relics_obtained":[{"floor":6.0,"key":"Juzu Bracelet"},{"floor":8,"key":"Mummified Hand"},{"floor":9,"key":"Mercury Hourglass"},{"floor":10,"key":"Odd Mushroom"},{"floor":11,"key":"Singing Bowl"},{"floor":24,"key":"Vajra"},{"floor":26,"key":"Bronze Scales"}],"event_choices":[{"cards_removed":["Strike_R"],"damage_healed":0.0,"max_hp_gain":0.0,"max_hp_loss":0.0,"gold_gain":0.0,"event_name":"Living Wall","player_choice":"Forget","floor":2.0,"gold_loss":0.0,"damage_taken":0.0},{"damage_healed":0,"gold_gain":0,"player_choice":"Fought Mushrooms","damage_taken":0,"max_hp_gain":0,"max_hp_loss":0,"event_name":"Mushrooms","floor":10,"gold_loss":0},{"cards_removed":["Strike_R"],"damage_healed":0,"gold_gain":0,"player_choice":"Card Removal","damage_taken":0,"max_hp_gain":0,"max_hp_loss":0,"event_name":"The Cleric","floor":12,"gold_loss":50},{"damage_healed":0,"gold_gain":75,"player_choice":"Gather Gold","damage_taken":11,"max_hp_gain":0,"max_hp_loss":0,"event_name":"World of Goop","floor":13,"gold_loss":0},{"damage_healed":0,"gold_gain":0,"player_choice":"Copied","damage_taken":0,"max_hp_gain":0,"max_hp_loss":0,"event_name":"Duplicator","floor":20,"gold_loss":0,"cards_obtained":["Disarm"]}],"is_beta":false,"boss_relics":[{"not_picked":["Calling Bell","Black Blood"],"picked":"Snecko Eye"}],"items_purged_floors":[19],"is_endless":false,"potions_floor_spawned":[6,8,10,11,16,21,22,24],"killed_by":"Automaton","ascension_level":13}}