{"host":"dhyczjm99amxd3qx","time":1609099406,"event":{"mods":["BaseMod","Colored Map","Googly Eyes","Highlight Path","Minty Spire (QoL Compilation)","Quick Restart","StSLib"],"gold_per_floor":[111,127,77,77,92,92,125,139,163,176,176,176,195,228,228,330,330,342,342,356,367,377,406,406,406,406],"floor_reached":25,"playtime":1738,"items_purged":[],"score":235,"play_id":"3260b774-b545-4a72-883f-08105de96cb0","local_time":"20201227150326","is_ascension_mode":false,"campfire_choices":[{"data":"Caltrops","floor":6.0,"key":"SMITH"},{"data":"Die Die Die","floor":12.0,"key":"SMITH"},{"data":"Corpse Explosion","floor":15.0,"key":"SMITH"}],"circlet_count":0,"master_deck":["Strike_G","Strike_G","Strike_G+1","Defend_G","Defend_G","Defend_G","Defend_G","Survivor","Neutralize+1","Corpse Explosion+1","Leg Sweep","Caltrops+1","Noxious Fumes","Die Die Die+1","Deadly Poison","Poisoned Stab","After Image","Writhe"],"relics":["Ring of the Snake","Whetstone","Oddly Smooth Stone","Snake Skull","Black Star","FaceOfCleric","Blue Candle","Dream Catcher","Bronze Scales"],"acts_visited":["Exordium","TheCity"],"potions_floor_usage":[21,22],"damage_taken":[{"damage":0.0,"enemies":"2 Louse","floor":1.0,"turns":5.0},{"damage":0.0,"enemies":"Small Slimes","floor":2.0,"turns":4.0},{"damage":2.0,"enemies":"Jaw Worm","floor":5.0,"turns":4.0},{"damage":3.0,"enemies":"Lagavulin","floor":7.0,"turns":8.0},{"damage":0.0,"enemies":"Exordium Thugs","floor":8.0,"turns":3.0},{"damage":0.0,"enemies":"Lots of Slimes","floor":10.0,"turns":1.0},{"damage":0.0,"enemies":"Exordium Wildlife","floor":13.0,"turns":3.0},{"damage":10.0,"enemies":"Gremlin Nob","floor":14.0,"turns":4.0},{"damage":15.0,"enemies":"The Guardian","floor":16.0,"turns":7.0},{"damage":25,"enemies":"2 Thieves","floor":18,"turns":3},{"damage":7,"enemies":"3 Byrds","floor":20,"turns":4},{"damage":6,"enemies":"Snake Plant","floor":21,"turns":6},{"damage":2,"enemies":"Cultist and Chosen","floor":22,"turns":4},{"damage":20,"enemies":"Book of Stabbing","floor":23,"turns":8},{"damage":10,"enemies":"Gremlin Leader","floor":25,"turns":2}],"seed_played":"6931902363967122891","potions_obtained":[{"floor":1.0,"key":"SteroidPotion"},{"floor":7.0,"key":"SkillPotion"},{"floor":10.0,"key":"ColorlessPotion"},{"floor":20,"key":"Weak Potion"},{"floor":21,"key":"Energy Potion"},{"floor":23,"key":"FearPotion"}],"is_trial":false,"path_per_floor":["M","M","?","?","M","R","E","M","T","M","?","R","M","E","R","B",null,"M","?","M","M","M","E","?","E"],"character_chosen":"THE_SILENT","items_purchased":[],"campfire_rested":0,"item_purchase_floors":[],"current_hp_per_floor":[63,63,63,63,61,61,58,58,58,58,51,51,51,41,41,26,63,38,38,32,27,26,7,7,0,0],"gold":406,"neow_bonus":"THREE_RARE_CARDS","is_daily":false,"chose_seed":false,"campfire_upgraded":3,"win_rate":0.0,"timestamp":1609099406,"path_taken":["M","M","?","?","M","R","E","M","T","M","?","R","?","E","R","BOSS","M","?","M","M","?","E","?","E"],"items_purchased_type":[],"build_version":"2020-12-22","purchased_purges":0,"victory":false,"max_hp_per_floor":[63,63,63,63,63,63,63,63,63,63,63,63,63,63,63,63,63,63,63,64,65,66,67,67,67,67],"card_choices":[{"not_picked":["Unload","Night Terror"],"picked":"Corpse Explosion","floor":0.0},{"not_picked":["Bane","Flying Knee"],"picked":"Leg Sweep","floor":1.0},{"not_picked":["Reflex","Quick Slash"],"picked":"Caltrops","floor":2.0},{"not_picked":["Outmaneuver","Die Die Die"],"picked":"Noxious Fumes","floor":5.0},{"not_picked":["Calculated Gamble","Dagger Spray"],"picked":"Die Die Die","floor":7.0},{"not_picked":["Deflect","Backstab","Bane"],"picked":"SKIP","floor":8.0},{"not_picked":["Prepared","Slice","Calculated Gamble"],"picked":"SKIP","floor":10.0},{"not_picked":["Underhanded Strike","Flechettes"],"picked":"Deadly Poison","floor":13.0},{"not_picked":["Flying Knee","All Out Attack"],"picked":"Poisoned Stab","floor":14.0},{"not_picked":["Tools of the Trade","Wraith Form v2"],"picked":"After Image","floor":16.0},{"not_picked":["Choke","Sucker Punch","All Out Attack"],"picked":"SKIP","floor":18},{"not_picked":["Slice","Quick Slash","Outmaneuver"],"picked":"SKIP","floor":20},{"not_picked":["Skewer","Reflex","Underhanded Strike+1"],"picked":"SKIP","floor":21},{"not_picked":["Expertise+1","Dagger Throw","Dash"],"picked":"SKIP","floor":22},{"not_picked":["Caltrops","Venomology","Riddle With Holes"],"picked":"SKIP","floor":23}],"player_experience":102091,"relics_obtained":[{"floor":7.0,"key":"Whetstone"},{"floor":9.0,"key":"Oddly Smooth Stone"},{"floor":14.0,"key":"Snake Skull"},{"floor":23,"key":"Blue Candle"},{"floor":23,"key":"Dream Catcher"}],"event_choices":[{"cards_removed":["Defend_G"],"damage_healed":0.0,"max_hp_gain":0.0,"max_hp_loss":0.0,"gold_gain":0.0,"event_name":"The Cleric","player_choice":"Card Removal","floor":3.0,"gold_loss":50.0,"damage_taken":0.0},{"cards_removed":["Strike_G"],"damage_healed":0.0,"max_hp_gain":0.0,"max_hp_loss":0.0,"gold_gain":0.0,"event_name":"Living Wall","player_choice":"Forget","floor":4.0,"gold_loss":0.0,"damage_taken":0.0},{"cards_removed":["Strike_G"],"damage_healed":0.0,"max_hp_gain":0.0,"max_hp_loss":0.0,"gold_gain":0.0,"event_name":"Golden Wing","player_choice":"Card Removal","floor":11.0,"gold_loss":0.0,"damage_taken":7.0},{"damage_healed":0,"gold_gain":0,"player_choice":"Trade","damage_taken":0,"relics_obtained":["FaceOfCleric"],"max_hp_gain":0,"max_hp_loss":0,"event_name":"FaceTrader","floor":19,"gold_loss":0},{"damage_healed":0,"gold_gain":0,"player_choice":"Opened","damage_taken":0,"relics_obtained":["Bronze Scales"],"max_hp_gain":0,"max_hp_loss":0,"event_name":"The Mausoleum","floor":24,"gold_loss":0,"cards_obtained":["Writhe"]}],"is_beta":false,"boss_relics":[{"not_picked":["Velvet Choker","Snecko Eye"],"picked":"Black Star"}],"items_purged_floors":[],"is_endless":false,"potions_floor_spawned":[1,7,10,20,21,23],"killed_by":"Gremlin Leader","ascension_level":0}}