{"host":"h5acbxt0wmjo1kpm","time":1609056295,"event":{"mods":["2.2 Compatiblity","Act Like it!","AlwaysNeverKeys","Aspiration","Bartender","BaseMod","Better Third Choice","Colored Map","Elementarium","Gensokyo","GifTheSpireLib","Hallownest","Marisa????????","Minty Spire (QoL Compilation)","Permanent Neow","Potionbrewer","Relic Filter","Replay The Spire","Robot Space Explorer","RumiaBox-????????","Shade Mod","Spicy Shops","StSLib","Strawberry Spire","The Blackbeard","The Dragon Tamer","The Forsaken","The Gatherer","The Problem Sleuth","The Servant 0.9.4","Wandering Minibosses","vexMod"],"gold_per_floor":[109,14,14,14,27,27,43,72,72,72,91,14,29,48,48,48,48],"floor_reached":16,"playtime":1051,"items_purged":[],"score":182,"play_id":"d1741b7a-a56e-4123-930b-17f3aa2443d0","local_time":"20201227000455","is_ascension_mode":true,"campfire_choices":[{"data":"Eruption","floor":6,"key":"SMITH"},{"floor":15,"key":"REST"}],"circlet_count":0,"master_deck":["AscendersBane","Strike_P","Strike_P","Defend_P","Defend_P","Defend_P","Eruption+1","Vigilance","BowlingBash","ThirdEye","Replay:Cycle","Dagger Spray","Grand Finale","Leg Sweep","Wireheading+1","WheelKick","Judgement"],"relics":["potionbrewer:BhaskarasWheel","Baka","Mango","FossilizedHelix","FossilizedHelix","Juzu Bracelet","Strawberry","Happy Flower","Frozen Egg 2"],"acts_visited":["Gensokyo:Gensokyo"],"potions_floor_usage":[8],"damage_taken":[{"damage":10,"enemies":"Gensokyo:3_Fairies","floor":1,"turns":5},{"damage":16,"enemies":"Gensokyo:2_Kodama","floor":5,"turns":6},{"damage":0,"enemies":"Gensokyo:Python","floor":7,"turns":3},{"damage":1,"enemies":"Gensokyo:Aya","floor":8,"turns":4},{"damage":15,"enemies":"Gensokyo:VengefulSpirit","floor":11,"turns":7},{"damage":13,"enemies":"Gensokyo:Kitsune","floor":13,"turns":6},{"damage":6,"enemies":"Gensokyo:5_Fairies","floor":14,"turns":5},{"damage":24,"enemies":"Gensokyo:Yukari","floor":16,"turns":9}],"seed_played":"1852687109433924683","potions_obtained":[{"floor":5,"key":"Swift Potion"},{"floor":8,"key":"FearPotion"}],"is_trial":false,"path_per_floor":["M","COS","?","$","M","R","M","E","T","?","M","$","M","M","R","B"],"character_chosen":"WATCHER","items_purchased":["WheelKick"],"campfire_rested":1,"item_purchase_floors":[12],"current_hp_per_floor":[55,55,48,48,32,32,32,38,38,38,23,23,10,4,31,0,0],"gold":48,"neow_bonus":"BOSS_RELIC","is_daily":false,"chose_seed":false,"campfire_upgraded":1,"win_rate":0.0,"timestamp":1609056295,"path_taken":["M","COS","?","?","M","R","M","E","T","?","M","$","M","M","R","BOSS"],"items_purchased_type":["Card"],"build_version":"2020-12-22","purchased_purges":0,"victory":false,"max_hp_per_floor":[72,72,86,86,86,86,86,93,93,93,93,93,93,93,93,93,93],"card_choices":[{"not_picked":["Evaluate","Replay:ManipulateFuture"],"picked":"BowlingBash","floor":1},{"not_picked":["Halt","WaveOfTheHand","Crescendo"],"picked":"SKIP","floor":5},{"not_picked":["Replay:Vibes","EmptyFist"],"picked":"ThirdEye","floor":7},{"not_picked":["Replay:Hum","EmptyBody"],"picked":"Replay:Cycle","floor":8},{"not_picked":["Perseverance","SignatureMove"],"picked":"Wireheading+1","floor":11},{"not_picked":["Replay:Anticipation","MentalFortress+1","FlurryOfBlows"],"picked":"SKIP","floor":13},{"not_picked":["ClearTheMind","Tantrum"],"picked":"Judgement","floor":14}],"player_experience":1955952,"relics_obtained":[{"floor":1,"key":"Baka"},{"floor":5,"key":"FossilizedHelix"},{"floor":5,"key":"FossilizedHelix"},{"floor":8,"key":"Happy Flower"},{"floor":9,"key":"Frozen Egg 2"}],"event_choices":[],"is_beta":false,"boss_relics":[],"items_purged_floors":[],"is_endless":false,"potions_floor_spawned":[5,8],"killed_by":"Gensokyo:Yukari","ascension_level":12}}