{"host":"c1oza4x7xlyuasvd","time":1609084987,"event":{"mods":["ATMod(阿瑾Mod)","Act Like it!","BaseMod","Better Vampires","Colored Powertips","Gensokyo","Marisa（F雨　魔理沙）","Minty Spire (QoL Compilation)","MostiFishMod","StSLib","TestMod","Waifu the Spire","【遗物卡牌】REMEMod"],"gold_per_floor":[115,515,527,124,124,151,163,193,193,193,205,57,72,84,84,189,189,203,213,232,232,132,132,164,164,164,164,164,194,69,69,69,170,170,189,202,212,62,74,106,106,126,151,162,162,162,0,15,15,15,15,15,15,47,47],"floor_reached":56,"playtime":2091,"items_purged":["Strike_G","Strike_G","Strike_G","REME_ShadowForm+1"],"score":2136,"play_id":"3b30508a-4684-4c21-97f2-3dafdf641664","local_time":"20201228000307","is_ascension_mode":true,"campfire_choices":[{"data":"AT_BodySlamDance","floor":10.0,"key":"SMITH"},{"data":"AT_TwilightShroud","floor":15.0,"key":"SMITH"},{"data":"AT_ArcaneSupremacy","floor":23.0,"key":"SMITH"},{"data":"Cloak And Dagger","floor":25.0,"key":"SMITH"},{"data":"REME_ShadowForm","floor":32.0,"key":"SMITH"},{"floor":41.0,"key":"RECALL"},{"data":"Tools of the Trade","floor":46.0,"key":"SMITH"},{"data":"AT_Desolate","floor":49,"key":"SMITH"},{"data":"AT_KneejerkReflex","floor":52,"key":"SMITH"}],"circlet_count":0,"master_deck":["AscendersBane","Strike_G","Strike_G","Defend_G","Defend_G","Defend_G","Defend_G","Defend_G","Survivor","Neutralize","MostiFishMod:Wind","AT_BodySlamDance+1","AT_ThistleTea","Cloak And Dagger+1","AT_ArcaneSupremacy+1","Grand Finale","Infinite Blades","AT_TwilightShroud+1","MostiFishMod:WinterMarkForm","CurseOfTheBell","Backflip+1","Gensokyo:FourOfAKind+1","Gensokyo:FourOfAKind+1","Gensokyo:FourOfAKind+1","Concentrate+1","MostiFishMod:Dislodge+1","Gensokyo:ShootingStar+1","Tools of the Trade+1","Acrobatics+1","AT_KneejerkReflex+1","Tactician+1","AT_Desolate+1","Noxious Fumes","Gensokyo:Taser","Gensokyo:RustyChest","Prepared+1"],"relics":["Ring of the Snake","AT_ATBox","DaveBox","REME_ComplimentaryCards","RhineSuit","testmod-InjuryResistance","NeowsBlessing","SynthV:TestCard","TheAbacus","AT_GuinsooRageblade","testmod-Fortitude","Medical Kit","Calling Bell","Toxic Egg 2","Tingsha","testmod-AssaultLearning","Gensokyo:RedStar","AT_ArcaneBoots","testmod-BlackFramedGlasses","REME_HourglassOfDeath","Gensokyo:MosesMiracle","PatriotShield","AT_BladeRuinedKing","Vajra","OrangePellets","testmod-OneHitWonder"],"acts_visited":["Gensokyo:Gensokyo","Gensokyo:Gensokyoer","Gensokyo:Gensokyoest","TheEnding"],"potions_floor_usage":[55],"damage_taken":[{"damage":0.0,"enemies":"Gensokyo:Python","floor":1.0,"turns":1.0},{"damage":0.0,"enemies":"Gensokyo:Gryphon","floor":3.0,"turns":1.0},{"damage":0.0,"enemies":"Gensokyo:Mamizou","floor":6.0,"turns":1.0},{"damage":0.0,"enemies":"Gensokyo:2_Kodama","floor":7.0,"turns":3.0},{"damage":0.0,"enemies":"Gensokyo:Cirno","floor":8.0,"turns":4.0},{"damage":0.0,"enemies":"Gensokyo:Kitsune","floor":11.0,"turns":2.0},{"damage":0.0,"enemies":"Gensokyo:2_Rabbits","floor":13.0,"turns":2.0},{"damage":9.0,"enemies":"Gensokyo:CorruptedTreant","floor":14.0,"turns":2.0},{"damage":0.0,"enemies":"Gensokyo:Yukari","floor":16.0,"turns":3.0},{"damage":2.0,"enemies":"Gensokyo:AngelMirror","floor":18.0,"turns":3.0},{"damage":7.0,"enemies":"Gensokyo:3_Dogs","floor":19.0,"turns":5.0},{"damage":10.0,"enemies":"Gensokyo:Wraith","floor":20.0,"turns":4.0},{"damage":0.0,"enemies":"Gensokyo:Reisen","floor":24.0,"turns":5.0},{"damage":0.0,"enemies":"Gensokyo:Koishi","floor":29.0,"turns":3.0},{"damage":3.0,"enemies":"Gensokyo:Kaguya","floor":33.0,"turns":6.0},{"damage":0.0,"enemies":"Gensokyo:3_Boulders","floor":35.0,"turns":4.0},{"damage":0.0,"enemies":"Gensokyo:AncientGuardian","floor":36.0,"turns":1.0},{"damage":0.0,"enemies":"Gensokyo:Rafflesia","floor":37.0,"turns":4.0},{"damage":0.0,"enemies":"Gensokyo:AtlasGolem","floor":39.0,"turns":3.0},{"damage":0.0,"enemies":"Gensokyo:Doremy","floor":40.0,"turns":2.0},{"damage":0.0,"enemies":"Gensokyo:3_Boulders","floor":42.0,"turns":3.0},{"damage":0.0,"enemies":"Gensokyo:Sharpion","floor":44.0,"turns":1.0},{"damage":0,"enemies":"Gensokyo:AtlasGolem","floor":48,"turns":2},{"damage":0,"enemies":"Gensokyo:Scarlet_Devils","floor":50,"turns":5},{"damage":0,"enemies":"Shield and Spear","floor":54,"turns":4},{"damage":17,"enemies":"The Heart","floor":55,"turns":5}],"seed_played":"3002181197351633778","potions_obtained":[{"floor":6.0,"key":"Strength Potion"},{"floor":11.0,"key":"Energy Potion"},{"floor":16.0,"key":"Strength Potion"},{"floor":20.0,"key":"EntropicBrew"},{"floor":24.0,"key":"DistilledChaos"},{"floor":36.0,"key":"PowerPotion"},{"floor":44.0,"key":"GhostInAJar"}],"is_trial":false,"path_per_floor":["M","?","M","$","?","E","M","E","T","R","M","$","M","M","R","B",null,"M","M","M","?","$","R","E","R","T","?","?","E","$","?","R","B",null,"M","M","M","$","M","E","R","M","T","M","?","R","COS","M","R","B",null,"R","$","E","B",null],"character_chosen":"THE_SILENT","items_purchased":["TheAbacus","AT_ArcaneSupremacy","Grand Finale","Medical Kit"],"campfire_rested":0,"item_purchase_floors":[4,4,4,12],"current_hp_per_floor":[63,63,63,63,63,63,63,70,70,70,70,70,70,61,61,61,68,66,59,49,49,49,49,49,49,49,49,49,49,49,49,49,49,49,49,49,49,49,49,49,49,49,49,49,49,49,49,49,49,49,49,49,49,49,36],"gold":47,"neow_bonus":"THREE_ENEMY_KILL","is_daily":false,"chose_seed":false,"campfire_upgraded":8,"win_rate":0.0,"timestamp":1609084987,"path_taken":["M","?","?","$","?","E","M","E","T","R","M","?","M","M","R","BOSS","M","M","M","?","$","R","E","R","T","?","?","E","?","?","R","BOSS","M","M","M","$","M","E","R","M","T","M","?","R","COS","M","R","BOSS","R","$","E","BOSS"],"items_purchased_type":["Relic","Card","Card","Relic"],"build_version":"2020-12-22","purchased_purges":4,"victory":true,"max_hp_per_floor":[70,70,70,70,70,70,70,70,70,70,70,70,70,70,70,70,70,70,70,70,70,70,70,70,70,70,49,49,49,49,49,49,49,49,49,49,49,49,49,49,49,49,49,49,49,49,49,49,49,49,49,49,49,49,49],"card_choices":[{"not_picked":["AT_WindFlip","Slice"],"picked":"AT_ThistleTea","floor":1.0},{"not_picked":["Underhanded Strike","Poisoned Stab","AT_WindFlip","Outmaneuver"],"picked":"Cloak And Dagger","floor":3.0},{"not_picked":["Cloak And Dagger","AT_WindRun","AT_WomanClash","AT_TinkerSharpsword","REME_GreenPollution"],"picked":"SKIP","floor":6.0},{"not_picked":["Cloak And Dagger","Blade Dance","Deflect","Quick Slash"],"picked":"REME_ShadowForm","floor":7.0},{"not_picked":["Bane","MostiFishMod:PerfectParry","All Out Attack","Underhanded Strike","Finisher"],"picked":"SKIP","floor":8.0},{"not_picked":["Slice","Dash","Backstab","Flechettes","Bane"],"picked":"SKIP","floor":11.0},{"not_picked":["Noxious Fumes","Dagger Throw","Backstab","Backflip"],"picked":"Infinite Blades","floor":13.0},{"not_picked":["Underhanded Strike","AT_ArcaneSupremacy","Backflip","Poisoned Stab"],"picked":"AT_TwilightShroud","floor":14.0},{"not_picked":["REME_GrazeFinale","MostiFishMod:AdrenalineArouse","MostiFishMod:Opportunism","Burst"],"picked":"MostiFishMod:WinterMarkForm","floor":16.0},{"not_picked":["Leg Sweep+1","Dodge and Roll+1","Flying Knee+1","Bane+1","Deflect+1"],"picked":"SKIP","floor":18.0},{"not_picked":["PiercingWail+1","Prepared+1","AT_TinkerSharpsword+1","Sucker Punch","All Out Attack"],"picked":"SKIP","floor":19.0},{"not_picked":["AT_TinkerSharpsword+1","AT_WindFlip","Eviscerate+1","Quick Slash"],"picked":"Backflip+1","floor":20.0},{"not_picked":["Slice","Bane","MostiFishMod:ShivMaster","Choke+1","Dagger Spray"],"picked":"SKIP","floor":24.0},{"not_picked":["Underhanded Strike","Outmaneuver+1","Poisoned Stab","MostiFishMod:GrandStart"],"picked":"MostiFishMod:Dislodge+1","floor":29.0},{"not_picked":[],"picked":"Gensokyo:ShootingStar","floor":33.0},{"not_picked":["MostiFishMod:WinterMarkForm","REME_ShadowForm","MostiFishMod:Neurotoxin","MostiFishMod:AdrenalineArouse+1"],"picked":"Tools of the Trade","floor":33.0},{"not_picked":["Dagger Spray+1","Backflip+1","Dagger Throw+1","AT_TinkerSharpsword+1"],"picked":"Acrobatics+1","floor":35.0},{"not_picked":["Bane","MostiFishMod:PerfectParry+1","Outmaneuver+1","Endless Agony+1","Slice+1"],"picked":"SKIP","floor":36.0},{"not_picked":["AT_FocusSwordFire+1","Poisoned Stab+1","Dodge and Roll+1","Slice+1"],"picked":"AT_KneejerkReflex","floor":37.0},{"not_picked":["AT_WindFlip","Quick Slash+1","Backflip+1","AT_WindRun+1"],"picked":"Tactician+1","floor":39.0},{"not_picked":["Sucker Punch+1","AT_TwilightShroud+1","Storm of Steel+1","Backflip+1"],"picked":"AT_Desolate","floor":40.0},{"not_picked":["Underhanded Strike","Poisoned Stab","Deflect+1","Leg Sweep+1","Crippling Poison+1"],"picked":"SKIP","floor":42.0},{"not_picked":["Deadly Poison+1","Backstab","Concentrate+1","Dagger Throw"],"picked":"Noxious Fumes","floor":44.0},{"not_picked":["Quick Slash+1","AT_WindFlip+1","AT_WindRun+1","AT_WomanClash+1"],"picked":"Prepared+1","floor":48},{"not_picked":["Bouncing Flask+1","Predator","Bane+1","Dagger Spray","Dagger Throw+1"],"picked":"SKIP","floor":54}],"player_experience":200700,"relics_obtained":[{"floor":1.0,"key":"SynthV:TestCard"},{"floor":6.0,"key":"AT_GuinsooRageblade"},{"floor":8.0,"key":"testmod-Fortitude"},{"floor":17.0,"key":"Toxic Egg 2"},{"floor":17.0,"key":"Tingsha"},{"floor":17.0,"key":"testmod-AssaultLearning"},{"floor":24.0,"key":"AT_SpeedBoots"},{"floor":26.0,"key":"testmod-BlackFramedGlasses"},{"floor":29.0,"key":"REME_HourglassOfDeath"},{"floor":36.0,"key":"Gensokyo:MosesMiracle"},{"floor":40.0,"key":"AT_BladeRuinedKing"},{"floor":43.0,"key":"Vajra"},{"floor":54,"key":"testmod-OneHitWonder"}],"event_choices":[{"damage_healed":0.0,"max_hp_gain":0.0,"max_hp_loss":0.0,"gold_gain":400.0,"event_name":"恩洛斯的盘子","player_choice":"Sell","floor":2.0,"relics_lost":["testmod-TestBox"],"gold_loss":0.0,"damage_taken":0.0},{"damage_healed":0.0,"max_hp_gain":0.0,"max_hp_loss":0.0,"gold_gain":0.0,"event_name":"给自己的盒子","player_choice":"Ignored","floor":5.0,"gold_loss":0.0,"damage_taken":0.0}],"is_beta":false,"boss_relics":[{"not_picked":["Cursed Key","Runic Pyramid"],"picked":"Calling Bell"},{"not_picked":["Ring of the Serpent","testmod-BatchProcessingSystem"],"picked":"PatriotShield"}],"items_purged_floors":[4,22,30,38],"is_endless":false,"potions_floor_spawned":[6,11,13,16,20,24,36,37,39,42,44],"ascension_level":11}}