{"host":"wjjo3y19ggvj12sc","time":1609040962,"event":{"mods":["AchievementEnabler","Ascension Unlocker","Bard","BaseMod","Beaked The Cultist","BetterRewards","Conspire","Downfall","Duelist Mod","GifTheSpireLib","Googly Eyes","Gremlin Mod","Hermit","Hubris","Infinite Spire","Jorbs\u0027s Wanderer Trilogy","Mad Scientist","Marisa????????","Minty Spire (QoL Compilation)","Random Character Button","Random Character Mod","Relic Sorter","Relic Stats","Remilia??????","Replay The Spire","Spicy Shops","StSLib","Td1madao Mod","The Bladedancer","The Bug Knight","The Construct","The Cursed","The Disciple","The Gatherer","The Hierophant","The Mystic","The Necromancer","The Poker Player","The Runesmith","The Servant 0.9.4"],"gold_per_floor":[116,116,128,128,128,128,154,173,173,173,17,17,17,51,51,151,151,119,119,135,147,162,196,196,50,50,50,70,70,70],"floor_reached":29,"playtime":2371,"items_purged":["Strike_G"],"score":276,"play_id":"9ce39b3a-923e-49e2-b20c-1d6334c9b7f3","local_time":"20201226224922","is_ascension_mode":false,"campfire_choices":[{"data":"Cloak And Dagger","floor":6,"key":"SMITH"},{"floor":13,"key":"REST"},{"data":"Footwork","floor":15,"key":"SMITH"},{"data":"After Image","floor":24,"key":"SMITH"}],"circlet_count":0,"master_deck":["Strike_G","Strike_G","Strike_G","Strike_G+1","Defend_G","Defend_G","Defend_G","Defend_G","Defend_G+1","Survivor","Neutralize+1","Cloak And Dagger+1","Expertise","conspire:DoublingDagger","Footwork+1","After Image+1","conspire:DoublingDagger","Underhanded Strike","Infinite Blades","Dagger Throw","Accuracy+1","Fluid Movement"],"relics":["Ring of the Snake","hubris:Potato","Replay:Accelerometer","hubris:Icosahedron","ReplayFunnel","HollowMod:StagPassRelic","SacredBark","hubris:Towel","Basket Of Snakes","Replay:Bottled Snecko"],"acts_visited":["Exordium","TheCity"],"potions_floor_usage":[7,16,18,23,28,29],"damage_taken":[{"damage":0,"enemies":"Jaw Worm","floor":1,"turns":4},{"damage":0,"enemies":"conspire:RoseBush","floor":3,"turns":4},{"damage":24,"enemies":"HollowMod:MossKnight","floor":7,"turns":28},{"damage":0,"enemies":"Small Slimes","floor":8,"turns":3},{"damage":2,"enemies":"3 Sentries","floor":14,"turns":14},{"damage":28,"enemies":"The Guardian","floor":16,"turns":21},{"damage":5,"enemies":"2 Thieves","floor":18,"turns":5},{"damage":12,"enemies":"Chosen","floor":20,"turns":9},{"damage":10,"enemies":"Centurion and Healer","floor":21,"turns":13},{"damage":19,"enemies":"Snecko","floor":22,"turns":10},{"damage":8,"enemies":"conspire:Head Lice","floor":23,"turns":7},{"damage":12,"enemies":"Colosseum Slavers","floor":27,"turns":6},{"damage":4,"enemies":"Snake Plant","floor":28,"turns":4},{"damage":16,"enemies":"3 Cultists","floor":29,"turns":4}],"seed_played":"-7902773466415320883","potions_obtained":[{"floor":1,"key":"Block Potion"},{"floor":7,"key":"GhostInAJar"},{"floor":14,"key":"infinitespire:BlackPotion"},{"floor":16,"key":"Energy Potion"},{"floor":21,"key":"Strength Potion"},{"floor":28,"key":"Languid Potion"}],"is_trial":false,"path_per_floor":["M","?","M","?","?","R","E","M","T","?","$","T","R","E","R","B",null,"M","?","M","M","M","E","R","$","T","?","M","M"],"character_chosen":"THE_SILENT","items_purchased":["ReplayFunnel","Accuracy"],"campfire_rested":1,"item_purchase_floors":[11,25],"current_hp_per_floor":[77,77,77,62,62,62,38,38,38,38,38,38,61,59,59,31,77,72,72,60,50,31,23,23,23,23,11,7,0,0],"gold":70,"neow_bonus":"TEN_PERCENT_HP_BONUS","is_daily":false,"chose_seed":false,"campfire_upgraded":3,"win_rate":0.0,"timestamp":1609040962,"path_taken":["M","?","M","?","?","R","E","M","T","?","$","?","R","E","R","BOSS","M","?","M","M","M","E","R","$","T","?","M","?"],"items_purchased_type":["Relic","Card"],"build_version":"2020-12-22","purchased_purges":1,"victory":false,"max_hp_per_floor":[77,77,77,77,77,77,77,77,77,77,77,77,77,77,77,77,77,77,77,77,77,77,77,77,77,77,77,77,77,77],"relic_stats":{"counters":[14,132],"obtain_stats":[{"ReplayFunnel":11,"Replay:Accelerometer":9,"hubris:Icosahedron":10,"SacredBark":17,"Basket Of Snakes":23,"Replay:Bottled Snecko":26,"hubris:Towel":19,"HollowMod:StagPassRelic":12,"hubris:Potato":7,"Ring of the Snake":0},{"ReplayFunnel":4,"Replay:Accelerometer":4,"hubris:Icosahedron":4,"SacredBark":6,"Basket Of Snakes":11,"Replay:Bottled Snecko":11,"hubris:Towel":7,"HollowMod:StagPassRelic":4,"hubris:Potato":3,"Ring of the Snake":0},{"ReplayFunnel":39,"Replay:Accelerometer":39,"hubris:Icosahedron":39,"SacredBark":74,"Basket Of Snakes":118,"Replay:Bottled Snecko":118,"hubris:Towel":79,"HollowMod:StagPassRelic":39,"hubris:Potato":36,"Ring of the Snake":0}],"Ring of the Snake":[28]},"card_choices":[{"not_picked":["Hidden Blade","Dagger Throw"],"picked":"Cloak And Dagger","floor":1},{"not_picked":["hubris:SlightOfHand","hubris:TrickCloak","Dagger Spray"],"picked":"SKIP","floor":3},{"not_picked":["Well Laid Plans","conspire:PoisonWeapons"],"picked":"Expertise","floor":7},{"not_picked":["Poisoned Stab","Underhanded Strike"],"picked":"conspire:DoublingDagger","floor":8},{"not_picked":["Sucker Punch","Poisoned Stab"],"picked":"Footwork","floor":14},{"not_picked":["Adrenaline","Replay:Bag of Tricks"],"picked":"After Image","floor":16},{"not_picked":["Slice","Setup"],"picked":"conspire:DoublingDagger","floor":18},{"not_picked":["PiercingWail","Flying Knee","ReplayTheSpireMod:Exploit Weakness"],"picked":"SKIP","floor":20},{"not_picked":["hubris:Counter","Skewer"],"picked":"Underhanded Strike","floor":21},{"not_picked":["Terror","Skewer"],"picked":"Infinite Blades","floor":22},{"not_picked":["Unload","Leg Sweep"],"picked":"Dagger Throw","floor":23},{"not_picked":["Bane","Hidden Blade+1"],"picked":"Fluid Movement","floor":28}],"player_experience":379888,"relics_obtained":[{"floor":7,"key":"hubris:Potato"},{"floor":9,"key":"Replay:Accelerometer"},{"floor":12,"key":"HollowMod:StagPassRelic"},{"floor":23,"key":"Basket Of Snakes"},{"floor":26,"key":"Replay:Bottled Snecko"}],"event_choices":[{"damage_healed":0,"gold_gain":0,"player_choice":"Leave","damage_taken":0,"max_hp_gain":0,"max_hp_loss":0,"event_name":"The Cleric","floor":2,"gold_loss":0},{"damage_healed":0,"gold_gain":0,"player_choice":"Entered Light","damage_taken":15,"max_hp_gain":0,"max_hp_loss":0,"event_name":"Shining Light","floor":4,"gold_loss":0,"cards_upgraded":["Strike_G","Defend_G"]},{"damage_healed":0,"gold_gain":0,"player_choice":"Fight","damage_taken":0,"max_hp_gain":0,"max_hp_loss":0,"event_name":"Colosseum","floor":27,"gold_loss":0},{"damage_healed":0,"gold_gain":0,"player_choice":"Fled From Nobs","damage_taken":0,"max_hp_gain":0,"max_hp_loss":0,"event_name":"Colosseum","floor":27,"gold_loss":0}],"is_beta":false,"boss_relics":[{"not_picked":["Cursed Key","Astrolabe"],"picked":"SacredBark"}],"items_purged_floors":[25],"is_endless":false,"potions_floor_spawned":[1,7,14,16,21,27,28],"killed_by":"3 Cultists","ascension_level":0}}