{"host":"phniwng9zo19jwdb","time":1609054103,"event":{"mods":["AchievementEnabler","BaseMod","Colored Powertips","Faster Ascension Climbing","GifTheSpireLib","Minty Spire (QoL Compilation)","Permanent Neow","Rare Cards Sparkle","Somnambulant","StSLib"],"gold_per_floor":[109,89,104,8,22,22,22],"floor_reached":6,"playtime":254,"items_purged":[],"score":54,"play_id":"19976b67-f81e-4bf5-b563-2c7ec579a434","local_time":"20201227082823","is_ascension_mode":true,"campfire_choices":[],"circlet_count":0,"master_deck":["AscendersBane","somnambulantmod: SomnambulantStrike","somnambulantmod: SomnambulantStrike","somnambulantmod: SomnambulantStrike","somnambulantmod: Defend_Somnambulant","somnambulantmod: Defend_Somnambulant","somnambulantmod: Defend_Somnambulant","somnambulantmod: Defend_Somnambulant","somnambulantmod: Defend_Somnambulant","somnambulantmod: QuickNap","somnambulantmod: PrimingPunch","somnambulantmod: Remember","somnambulantmod: HorrificThought","Flash of Steel","somnambulantmod: Reject"],"relics":["somnambulantmod: DreamJournal"],"acts_visited":["Exordium"],"potions_floor_usage":[],"damage_taken":[{"damage":5,"enemies":"2 Louse","floor":1,"turns":4},{"damage":6,"enemies":"Cultist","floor":3,"turns":5},{"damage":1,"enemies":"Small Slimes","floor":5,"turns":4},{"damage":18,"enemies":"Gremlin Nob","floor":6,"turns":4}],"seed_played":"-2328449222580835378","potions_obtained":[{"floor":1,"key":"LiquidMemories"},{"floor":2,"key":"SpeedPotion"}],"is_trial":false,"path_per_floor":["M","?","M","$","M","E"],"character_chosen":"THE_SOMNAMBULANT","items_purchased":["Flash of Steel"],"campfire_rested":0,"item_purchase_floors":[4],"current_hp_per_floor":[40,40,34,34,33,15,15],"gold":22,"neow_bonus":"REMOVE_TWO","is_daily":false,"chose_seed":false,"campfire_upgraded":0,"win_rate":0.0,"timestamp":1609054103,"path_taken":["M","?","M","$","M","E"],"items_purchased_type":["Card"],"build_version":"2020-12-22","purchased_purges":0,"victory":false,"max_hp_per_floor":[70,70,70,70,70,70,70],"card_choices":[{"not_picked":["somnambulantmod: HeavyLids","somnambulantmod: DarkeningMind"],"picked":"somnambulantmod: Remember","floor":1},{"not_picked":["somnambulantmod: SleepingBody","somnambulantmod: MindWave"],"picked":"somnambulantmod: HorrificThought","floor":3},{"not_picked":["somnambulantmod: Sleepyhead","somnambulantmod: Blink"],"picked":"somnambulantmod: Reject","floor":5}],"player_experience":21317,"relics_obtained":[],"event_choices":[{"damage_healed":0,"gold_gain":0,"player_choice":"Bought 1 Potion","damage_taken":0,"max_hp_gain":0,"max_hp_loss":0,"event_name":"The Woman in Blue","floor":2,"gold_loss":0}],"is_beta":false,"boss_relics":[],"items_purged_floors":[],"is_endless":false,"potions_floor_spawned":[1],"killed_by":"Gremlin Nob","ascension_level":10}}