{"host":"w3q5ijqu8eoknil3","time":1609096243,"event":{"mods":["AchievementEnabler","BaseMod","Block Reminder","Colored Powertips","Minty Spire (QoL Compilation)","Quick Restart","Relic Stats","ojb\u0027s Better Paths Mod","ojb\u0027s Info Mod","slay the spire mod where everything is the same but ironclad has a cowboy hat"],"gold_per_floor":[115,133,133,133,152,180,141,167,167,184,202,202,228,228,228,228,228],"floor_reached":16,"playtime":489,"items_purged":[],"score":240,"play_id":"2b519e82-94a8-44e8-ac0c-2f8063024785","local_time":"20201227191043","is_ascension_mode":true,"campfire_choices":[{"data":"Armaments","floor":12,"key":"SMITH"},{"floor":15,"key":"REST"}],"circlet_count":0,"master_deck":["AscendersBane","Strike_R","Strike_R","Strike_R","Strike_R","Defend_R","Defend_R","Defend_R","Defend_R","Bash","Thunderclap","Flex","Second Wind","Armaments+1","Carnage","Metallicize","Pommel Strike","Shrug It Off","Corruption+1"],"relics":["Burning Blood","NeowsBlessing","Anchor","Gambling Chip","Frozen Egg 2","CaptainsWheel","GremlinMask"],"acts_visited":["Exordium"],"potions_floor_usage":[6,8,10,16],"damage_taken":[{"damage":0,"enemies":"Cultist","floor":1,"turns":1},{"damage":0,"enemies":"Small Slimes","floor":2,"turns":1},{"damage":0,"enemies":"2 Louse","floor":5,"turns":1},{"damage":50,"enemies":"Gremlin Nob","floor":6,"turns":5},{"damage":20,"enemies":"3 Sentries","floor":8,"turns":9},{"damage":0,"enemies":"Lots of Slimes","floor":10,"turns":2},{"damage":12,"enemies":"Exordium Wildlife","floor":11,"turns":4},{"damage":22,"enemies":"Lagavulin","floor":13,"turns":6},{"damage":39,"enemies":"The Guardian","floor":16,"turns":14}],"seed_played":"595150745675477116","potions_obtained":[{"floor":2,"key":"SteroidPotion"},{"floor":5,"key":"Regen Potion"},{"floor":8,"key":"Explosive Potion"},{"floor":11,"key":"SmokeBomb"},{"floor":13,"key":"LiquidBronze"}],"is_trial":false,"path_per_floor":["M","M","?","$","M","E","$","E","T","M","M","R","E","?","R","B"],"character_chosen":"IRONCLAD","items_purchased":["Carnage"],"campfire_rested":1,"item_purchase_floors":[7],"current_hp_per_floor":[74,75,75,75,75,31,31,32,32,38,32,32,16,16,38,0,0],"gold":228,"neow_bonus":"THREE_ENEMY_KILL","is_daily":false,"chose_seed":false,"campfire_upgraded":1,"win_rate":0.0,"timestamp":1609096243,"path_taken":["M","?","?","$","?","E","?","E","T","M","?","R","E","?","R","BOSS"],"items_purchased_type":["Card"],"build_version":"2020-12-22","purchased_purges":0,"victory":false,"max_hp_per_floor":[75,75,75,75,75,75,75,75,75,75,75,75,75,75,75,75,75],"relic_stats":{"counters":[9,43],"Gambling Chip":[7],"obtain_stats":[{"Anchor":6,"CaptainsWheel":13,"NeowsBlessing":0,"Gambling Chip":8,"GremlinMask":14,"Frozen Egg 2":9,"Burning Blood":0},{"Anchor":4,"CaptainsWheel":8,"NeowsBlessing":0,"Gambling Chip":5,"GremlinMask":8,"Frozen Egg 2":5,"Burning Blood":0},{"Anchor":8,"CaptainsWheel":29,"NeowsBlessing":0,"Gambling Chip":17,"GremlinMask":29,"Frozen Egg 2":17,"Burning Blood":0}],"Burning Blood":37},"card_choices":[{"not_picked":["Wild Strike","Seeing Red"],"picked":"Thunderclap","floor":1},{"not_picked":["Rage","Twin Strike"],"picked":"Flex","floor":2},{"not_picked":["Flex","Burning Pact"],"picked":"Second Wind","floor":5},{"not_picked":["Thunderclap","Sword Boomerang"],"picked":"Armaments","floor":6},{"not_picked":["Rampage","Shrug It Off"],"picked":"Metallicize","floor":8},{"not_picked":["Thunderclap","Body Slam"],"picked":"Pommel Strike","floor":10},{"not_picked":["True Grit","Havoc"],"picked":"Shrug It Off","floor":11},{"not_picked":["Flex","Dropkick"],"picked":"Corruption+1","floor":13}],"player_experience":944031,"relics_obtained":[{"floor":6,"key":"Anchor"},{"floor":8,"key":"Gambling Chip"},{"floor":9,"key":"Frozen Egg 2"},{"floor":13,"key":"CaptainsWheel"}],"event_choices":[{"cards_removed":["Strike_R"],"damage_healed":0,"gold_gain":0,"player_choice":"Offered Basic","damage_taken":0,"max_hp_gain":0,"max_hp_loss":0,"event_name":"Bonfire Elementals","floor":3,"gold_loss":0},{"damage_healed":0,"gold_gain":0,"player_choice":"Trade","damage_taken":0,"relics_obtained":["GremlinMask"],"max_hp_gain":0,"max_hp_loss":0,"event_name":"FaceTrader","floor":14,"gold_loss":0}],"is_beta":false,"boss_relics":[],"items_purged_floors":[],"is_endless":false,"potions_floor_spawned":[2,5,8,11,13],"killed_by":"The Guardian","ascension_level":20}}