{"host":"dcj2yvrgcvh5dl2s","time":1609071437,"event":{"mods":["BaseMod","Better Note","Block Reminder","Colored Powertips","DeckTracker","Minty Spire (QoL Compilation)","Quick Restart","Rare Cards Sparkle","Relic Stats","StSLib"],"gold_per_floor":[112,187,53,66,66,66,92,92,119,145,163,163,163],"floor_reached":12,"playtime":356,"items_purged":["Strike_R"],"score":205,"play_id":"4e9d94c3-ba12-4ae1-bbc0-c20cd2de64db","local_time":"20201227221717","is_ascension_mode":true,"campfire_choices":[{"data":"Shrug It Off","floor":6,"key":"SMITH"},{"data":"Shrug It Off","floor":8,"key":"SMITH"}],"circlet_count":0,"master_deck":["AscendersBane","Strike_R","Strike_R","Strike_R+1","Strike_R","Defend_R","Defend_R","Defend_R+1","Defend_R","Bash","Shrug It Off+1","Shrug It Off+1","Flex","Feel No Pain"],"relics":["Burning Blood","NeowsBlessing","Tiny Chest","Orichalcum","Oddly Smooth Stone"],"acts_visited":["Exordium"],"potions_floor_usage":[12,12],"damage_taken":[{"damage":0,"enemies":"Jaw Worm","floor":1,"turns":1},{"damage":0,"enemies":"2 Louse","floor":4,"turns":1},{"damage":0,"enemies":"Gremlin Nob","floor":7,"turns":1},{"damage":47,"enemies":"Lagavulin","floor":10,"turns":11},{"damage":5,"enemies":"Small Slimes","floor":11,"turns":4},{"damage":41,"enemies":"Gremlin Nob","floor":12,"turns":4}],"seed_played":"-1959144393897482607","potions_obtained":[{"floor":10,"key":"Regen Potion"},{"floor":11,"key":"AttackPotion"}],"is_trial":false,"path_per_floor":["M","?","$","M","?","R","E","R","T","E","M","E"],"character_chosen":"IRONCLAD","items_purchased":["Shrug It Off"],"campfire_rested":0,"item_purchase_floors":[3],"current_hp_per_floor":[74,63,63,69,46,46,52,52,52,11,12,0,0],"gold":163,"neow_bonus":"THREE_ENEMY_KILL","is_daily":false,"chose_seed":false,"campfire_upgraded":2,"win_rate":0.0,"timestamp":1609071437,"path_taken":["M","?","$","M","?","R","E","R","T","E","M","E"],"items_purchased_type":["Card"],"build_version":"2020-12-22","purchased_purges":1,"victory":false,"max_hp_per_floor":[75,75,75,75,75,75,75,75,75,75,75,75,75],"relic_stats":{"counters":[6,22],"Tiny Chest":0,"Orichalcum":[42],"obtain_stats":[{"NeowsBlessing":0,"Oddly Smooth Stone":10,"Tiny Chest":7,"Orichalcum":9,"Burning Blood":0},{"NeowsBlessing":0,"Oddly Smooth Stone":4,"Tiny Chest":3,"Orichalcum":3,"Burning Blood":0},{"NeowsBlessing":0,"Oddly Smooth Stone":14,"Tiny Chest":3,"Orichalcum":3,"Burning Blood":0}],"Burning Blood":30},"card_choices":[{"not_picked":["Clothesline","Entrench","Havoc"],"picked":"SKIP","floor":1},{"not_picked":["Sever Soul","True Grit","Iron Wave"],"picked":"SKIP","floor":4},{"not_picked":["Wild Strike","Havoc"],"picked":"Shrug It Off","floor":7},{"not_picked":["Cleave","Inflame"],"picked":"Flex","floor":10},{"not_picked":["Anger","Fire Breathing"],"picked":"Feel No Pain","floor":11}],"player_experience":2071082,"relics_obtained":[{"floor":7,"key":"Tiny Chest"},{"floor":9,"key":"Orichalcum"},{"floor":10,"key":"Oddly Smooth Stone"}],"event_choices":[{"damage_healed":0,"gold_gain":75,"player_choice":"Gather Gold","damage_taken":11,"max_hp_gain":0,"max_hp_loss":0,"event_name":"World of Goop","floor":2,"gold_loss":0},{"damage_healed":0,"gold_gain":0,"player_choice":"Entered Light","damage_taken":23,"max_hp_gain":0,"max_hp_loss":0,"event_name":"Shining Light","floor":5,"gold_loss":0,"cards_upgraded":["Defend_R","Strike_R"]}],"is_beta":false,"boss_relics":[],"items_purged_floors":[3],"is_endless":false,"potions_floor_spawned":[10,11],"killed_by":"Gremlin Nob","ascension_level":17}}