{"host":"1c52r9kaxdyo25eq","time":1609088701,"event":{"mods":["AchievementEnabler","BaseMod","Minty Spire (QoL Compilation)","Rare Cards Sparkle","SuperFastMode","everything is the same but u backflip on backflip"],"gold_per_floor":[213,59,71,84,100,100,127,127,127,127,147,173,173,189,189,286,286,304,122,122,47,122,122,141,158,158,173,48,48,48,60,60,60,60],"floor_reached":33,"playtime":886,"items_purged":["Strike_R","Strike_R","Strike_R"],"score":371,"play_id":"422d646b-828d-4669-8901-183b244a914e","local_time":"20201228020501","is_ascension_mode":true,"campfire_choices":[{"floor":6.0,"key":"REST"},{"data":"Shockwave","floor":8.0,"key":"SMITH"},{"data":"Reckless Charge","floor":10.0,"key":"SMITH"},{"data":"Shrug It Off","floor":13.0,"key":"SMITH"},{"data":"True Grit","floor":15.0,"key":"SMITH"},{"data":"Burning Pact","floor":23,"key":"SMITH"},{"data":"Wild Strike","floor":32,"key":"SMITH"}],"circlet_count":0,"master_deck":["Strike_R","Defend_R","Defend_R","Defend_R","Defend_R","Bash","Evolve","Shockwave+1","Reckless Charge+1","Shrug It Off+1","True Grit+1","Offering","Wild Strike+1","Burning Pact+1","Shrug It Off+1"],"relics":["Burning Blood","Eternal Feather","Mango","Lantern","Runic Pyramid","Singing Bowl"],"acts_visited":["Exordium","TheCity"],"potions_floor_usage":[24,27,33],"damage_taken":[{"damage":10.0,"enemies":"Cultist","floor":1.0,"turns":5.0},{"damage":7.0,"enemies":"Jaw Worm","floor":3.0,"turns":6.0},{"damage":15.0,"enemies":"Small Slimes","floor":4.0,"turns":4.0},{"damage":57.0,"enemies":"Exordium Thugs","floor":5.0,"turns":11.0},{"damage":24.0,"enemies":"Gremlin Nob","floor":7.0,"turns":4.0},{"damage":16.0,"enemies":"2 Fungi Beasts","floor":11.0,"turns":4.0},{"damage":4.0,"enemies":"3 Louse","floor":14.0,"turns":3.0},{"damage":36.0,"enemies":"The Guardian","floor":16.0,"turns":15.0},{"damage":25.0,"enemies":"Spheric Guardian","floor":18.0,"turns":5.0},{"damage":11,"enemies":"2 Thieves","floor":24,"turns":4},{"damage":7,"enemies":"Centurion and Healer","floor":25,"turns":6},{"damage":21,"enemies":"Snake Plant","floor":27,"turns":6},{"damage":8,"enemies":"Shelled Parasite and Fungi","floor":31,"turns":6},{"damage":42,"enemies":"Champ","floor":33,"turns":12}],"seed_played":"-4747728982699349035","potions_obtained":[{"floor":1.0,"key":"Explosive Potion"},{"floor":3.0,"key":"PowerPotion"},{"floor":7.0,"key":"LiquidBronze"},{"floor":16.0,"key":"DistilledChaos"},{"floor":25,"key":"Weak Potion"},{"floor":31,"key":"Dexterity Potion"}],"is_trial":false,"path_per_floor":["M","$","M","M","M","R","E","R","T","R","M","T","R","M","R","B",null,"M","$","?","?","?","R","M","M","T","M","$","?","?","M","R","B"],"character_chosen":"IRONCLAD","items_purchased":["Shockwave","Burning Pact"],"campfire_rested":1,"item_purchase_floors":[2,19],"current_hp_per_floor":[68,68,67,58,7,31,13,19,33,39,29,29,35,37,43,13,74,55,55,55,55,46,55,50,49,49,36,36,36,36,36,45,3,3],"gold":60,"neow_bonus":"HUNDRED_GOLD","is_daily":false,"chose_seed":false,"campfire_upgraded":6,"win_rate":0.0,"timestamp":1609088701,"path_taken":["M","$","M","M","M","R","E","R","T","R","M","?","R","M","R","BOSS","M","$","?","?","?","R","M","?","T","M","$","?","?","M","R","BOSS"],"items_purchased_type":["Card","Card"],"build_version":"2020-12-22","purchased_purges":3,"victory":false,"max_hp_per_floor":[80,80,80,80,80,80,80,80,94,94,94,94,94,94,94,94,94,94,94,94,94,94,94,94,94,94,96,96,96,96,98,98,98,98],"card_choices":[{"not_picked":["Rampage","Dual Wield"],"picked":"Evolve","floor":1.0},{"not_picked":["Perfected Strike","Headbutt","Warcry"],"picked":"SKIP","floor":3.0},{"not_picked":["Havoc","Sword Boomerang","Anger"],"picked":"SKIP","floor":4.0},{"not_picked":["Cleave","True Grit"],"picked":"Reckless Charge","floor":5.0},{"not_picked":["Clothesline","Demon Form","Disarm"],"picked":"SKIP","floor":7.0},{"not_picked":["Body Slam","Sword Boomerang"],"picked":"Shrug It Off","floor":11.0},{"not_picked":["Uppercut","Pommel Strike"],"picked":"True Grit","floor":14.0},{"not_picked":["Exhume","Juggernaut"],"picked":"Offering","floor":16.0},{"not_picked":["Bloodletting","Hemokinesis+1"],"picked":"Wild Strike","floor":18.0},{"not_picked":["Havoc+1","Thunderclap","Spot Weakness+1"],"picked":"SKIP","floor":24},{"not_picked":["Dual Wield","Pommel Strike","Iron Wave"],"picked":"SKIP","floor":25},{"not_picked":["True Grit+1","Flex","Iron Wave"],"picked":"Singing Bowl","floor":27},{"not_picked":["Metallicize","Seeing Red+1","Clothesline"],"picked":"Singing Bowl","floor":31}],"player_experience":522914,"relics_obtained":[{"floor":7.0,"key":"Eternal Feather"},{"floor":9.0,"key":"Mango"},{"floor":12.0,"key":"Lantern"},{"floor":26,"key":"Singing Bowl"}],"event_choices":[{"damage_healed":0,"gold_gain":0,"player_choice":"Ignored","damage_taken":0,"max_hp_gain":0,"max_hp_loss":0,"event_name":"Cursed Tome","floor":20,"gold_loss":0},{"cards_removed":["Strike_R"],"damage_healed":0,"gold_gain":0,"player_choice":"Gave Gold","damage_taken":0,"max_hp_gain":0,"max_hp_loss":0,"event_name":"Beggar","floor":21,"gold_loss":75},{"damage_healed":0,"gold_gain":75,"player_choice":"Touch","damage_taken":9,"max_hp_gain":0,"max_hp_loss":0,"event_name":"FaceTrader","floor":22,"gold_loss":0},{"damage_healed":0,"gold_gain":0,"player_choice":"Ignored","damage_taken":0,"max_hp_gain":0,"max_hp_loss":0,"event_name":"Vampires","floor":29,"gold_loss":0},{"damage_healed":0,"gold_gain":0,"player_choice":"Copied","damage_taken":0,"max_hp_gain":0,"max_hp_loss":0,"event_name":"Duplicator","floor":30,"gold_loss":0,"cards_obtained":["Shrug It Off"]}],"is_beta":false,"boss_relics":[{"not_picked":["Runic Dome","Runic Cube"],"picked":"Runic Pyramid"}],"items_purged_floors":[2,19,28],"is_endless":false,"potions_floor_spawned":[1,3,7,16,25,31],"killed_by":"Champ","ascension_level":8}}