{"host":"6pgtslebjnyv5xmi","time":1609086406,"event":{"mods":["AchievementEnabler","BaseMod","Colored Map","Minty Spire (QoL Compilation)","Rare Cards Sparkle","StSLib","SuperFastMode","everything is the same but u backflip on backflip"],"gold_per_floor":[113,113,38,53,53,53,91,366,392,392,412,412,231,247,247,373,373,342,342,342],"floor_reached":19,"playtime":662,"items_purged":["Regret","Strike_G"],"score":190,"play_id":"b090d7cc-b5d7-4890-a5c8-d488081aeba9","local_time":"20201228012646","is_ascension_mode":false,"campfire_choices":[{"data":"Neutralize","floor":10,"key":"SMITH"},{"floor":15,"key":"REST"}],"circlet_count":0,"master_deck":["Strike_G","Defend_G","Defend_G","Defend_G","Defend_G","Defend_G","Survivor","Neutralize+1","PiercingWail","Acrobatics","Calculated Gamble","Well Laid Plans","After Image","Setup+1","Concentrate+1","Noxious Fumes+1"],"relics":["Ring of the Snake","NeowsBlessing","Bronze Scales","Golden Idol","Bag of Preparation","Pen Nib","Tiny Chest","Astrolabe"],"acts_visited":["Exordium","TheCity"],"potions_floor_usage":[16],"damage_taken":[{"damage":0,"enemies":"Jaw Worm","floor":1,"turns":1},{"damage":0,"enemies":"2 Louse","floor":4,"turns":1},{"damage":0,"enemies":"3 Sentries","floor":7,"turns":1},{"damage":12,"enemies":"Cultist","floor":11,"turns":4},{"damage":0,"enemies":"3 Louse","floor":14,"turns":3},{"damage":38,"enemies":"Hexaghost","floor":16,"turns":16},{"damage":19,"enemies":"2 Thieves","floor":18,"turns":5}],"seed_played":"-44524635639709382","potions_obtained":[{"floor":1,"key":"BlessingOfTheForge"},{"floor":16,"key":"SpeedPotion"}],"is_trial":false,"path_per_floor":["M","?","$","M","?","T","E","?","T","R","M","?","$","M","R","B",null,"M","$"],"character_chosen":"THE_SILENT","items_purchased":["Calculated Gamble"],"campfire_rested":1,"item_purchase_floors":[13],"current_hp_per_floor":[70,70,70,70,53,53,53,53,53,53,41,34,34,34,55,17,70,51,51,51],"gold":342,"neow_bonus":"THREE_ENEMY_KILL","is_daily":false,"chose_seed":false,"campfire_upgraded":1,"win_rate":0.0,"timestamp":1609086406,"path_taken":["M","?","$","M","?","?","E","?","T","R","?","?","$","M","R","BOSS","M","$"],"items_purchased_type":["Card"],"build_version":"2020-12-22","purchased_purges":2,"victory":false,"max_hp_per_floor":[70,70,70,70,70,70,70,70,70,70,70,70,70,70,70,70,70,70,70,70],"card_choices":[{"not_picked":["Terror","Poisoned Stab"],"picked":"PiercingWail","floor":1},{"not_picked":["Bane","Dagger Spray"],"picked":"Acrobatics","floor":4},{"not_picked":["Malaise","Outmaneuver","Tactician"],"picked":"SKIP","floor":7},{"not_picked":["PiercingWail","Dash","Slice"],"picked":"SKIP","floor":11},{"not_picked":["Slice","Underhanded Strike"],"picked":"Well Laid Plans","floor":14},{"not_picked":["Unload","Doppelganger"],"picked":"After Image","floor":16},{"not_picked":["Outmaneuver","Flying Knee","Dodge and Roll"],"picked":"SKIP","floor":18}],"player_experience":532406,"relics_obtained":[{"floor":6,"key":"Bag of Preparation"},{"floor":7,"key":"Pen Nib"},{"floor":9,"key":"Tiny Chest"}],"event_choices":[{"damage_healed":0,"gold_gain":0,"player_choice":"Box","damage_taken":0,"relics_obtained":["Bronze Scales"],"max_hp_gain":0,"max_hp_loss":0,"event_name":"Big Fish","floor":2,"gold_loss":0,"cards_obtained":["Regret"]},{"damage_healed":0,"gold_gain":0,"player_choice":"Take Damage","damage_taken":17,"relics_obtained":["Golden Idol"],"max_hp_gain":0,"max_hp_loss":0,"event_name":"Golden Idol","floor":5,"gold_loss":0},{"damage_healed":0,"gold_gain":275,"player_choice":"Desecrate","damage_taken":0,"max_hp_gain":0,"max_hp_loss":0,"event_name":"Golden Shrine","floor":8,"gold_loss":0,"cards_obtained":["Regret"]},{"cards_removed":["Regret"],"damage_healed":0,"gold_gain":0,"player_choice":"Card Removal","damage_taken":7,"max_hp_gain":0,"max_hp_loss":0,"event_name":"Golden Wing","floor":12,"gold_loss":0}],"is_beta":false,"boss_relics":[{"not_picked":["SlaversCollar","WristBlade"],"picked":"Astrolabe"}],"items_purged_floors":[3,13],"is_endless":false,"potions_floor_spawned":[1,16],"ascension_level":0}}