{"host":"5bdt6s51dmpd4l3v","time":1609085237,"event":{"mods":["AchievementEnabler","BaseMod","Colored Map","Colored Powertips","Highlight Path","Minty Spire (QoL Compilation)","Quick Restart","Rare Cards Sparkle","StSLib"],"gold_per_floor":[114,114,134,59,134,134,160,160,186,206,231,231,250,14,14,89,89,103,103,20,34,46,46,56,56,105,105,155,255,14,45,45,123,123,141,1,0,0,25,25,52,64,64,36,36,48,48,66,66,66],"floor_reached":51,"playtime":1383,"items_purged":[],"score":1414,"play_id":"e8c90b91-3077-4815-8647-dca7ef2b779f","local_time":"20201228000717","is_ascension_mode":true,"campfire_choices":[{"data":"Flex","floor":6.0,"key":"SMITH"},{"data":"Inflame","floor":8.0,"key":"SMITH"},{"data":"Pummel","floor":12.0,"key":"SMITH"},{"data":"Twin Strike","floor":15.0,"key":"SMITH"},{"data":"Dual Wield","floor":23.0,"key":"SMITH"},{"data":"Warcry","floor":25.0,"key":"SMITH"},{"data":"Feed","floor":27.0,"key":"SMITH"},{"data":"Heavy Blade","floor":32.0,"key":"SMITH"},{"data":"Iron Wave","floor":40.0,"key":"SMITH"},{"floor":47,"key":"REST"},{"data":"Bash","floor":49,"key":"SMITH"}],"circlet_count":0,"master_deck":["AscendersBane","Strike_R","Strike_R","Strike_R","Strike_R","Defend_R","Defend_R","Defend_R","Defend_R","Bash+1","Iron Wave+1","Flex+1","Inflame+1","Pummel+1","Cleave","Twin Strike+1","Feed+1","Flex+1","Warcry+1","Dual Wield+1","Thunderclap+1","Infernal Blade+1","Heavy Blade+1","Headbutt","Pommel Strike+1","Flex+1"],"relics":["Burning Blood","NeowsBlessing","Gambling Chip","Toy Ornithopter","Centennial Puzzle","Smiling Mask","Membership Card","Juzu Bracelet","Cursed Key","Omamori","PreservedInsect","Bird Faced Urn","HornCleat","Shuriken","Chemical X","Regal Pillow","Philosopher\u0027s Stone","Toolbox","Red Mask","Unceasing Top","Sundial","Meat on the Bone"],"acts_visited":["Exordium","TheCity","TheBeyond"],"potions_floor_usage":[],"damage_taken":[{"damage":0.0,"enemies":"2 Louse","floor":1.0,"turns":1.0},{"damage":0.0,"enemies":"Small Slimes","floor":3.0,"turns":1.0},{"damage":0.0,"enemies":"Lagavulin","floor":7.0,"turns":1.0},{"damage":7.0,"enemies":"Jaw Worm","floor":10.0,"turns":2.0},{"damage":20.0,"enemies":"3 Sentries","floor":11.0,"turns":5.0},{"damage":13.0,"enemies":"Blue Slaver","floor":13.0,"turns":2.0},{"damage":61.0,"enemies":"Hexaghost","floor":16.0,"turns":8.0},{"damage":2.0,"enemies":"3 Byrds","floor":18.0,"turns":3.0},{"damage":11.0,"enemies":"2 Thieves","floor":21.0,"turns":2.0},{"damage":1.0,"enemies":"3 Cultists","floor":22.0,"turns":3.0},{"damage":6.0,"enemies":"Cultist and Chosen","floor":24.0,"turns":3.0},{"damage":20.0,"enemies":"Colosseum Slavers","floor":29.0,"turns":3.0},{"damage":7.0,"enemies":"Colosseum Nobs","floor":29.0,"turns":2.0},{"damage":0.0,"enemies":"Slavers","floor":31.0,"turns":1.0},{"damage":42.0,"enemies":"Collector","floor":33.0,"turns":6.0},{"damage":12.0,"enemies":"Orb Walker","floor":35.0,"turns":3.0},{"damage":4.0,"enemies":"Mind Bloom Boss Battle","floor":39.0,"turns":3.0},{"damage":90.0,"enemies":"Nemesis","floor":41.0,"turns":5.0},{"damage":9.0,"enemies":"3 Shapes","floor":42.0,"turns":2.0},{"damage":0,"enemies":"Spire Growth","floor":46,"turns":2},{"damage":0,"enemies":"Jaw Worm Horde","floor":48,"turns":2},{"damage":60,"enemies":"Time Eater","floor":50,"turns":4}],"seed_played":"-1669946962700601083","potions_obtained":[{"floor":3.0,"key":"ElixirPotion"},{"floor":10.0,"key":"Regen Potion"},{"floor":11.0,"key":"Energy Potion"},{"floor":16.0,"key":"AttackPotion"},{"floor":18.0,"key":"Ancient Potion"},{"floor":22.0,"key":"Fire Potion"},{"floor":33.0,"key":"LiquidBronze"},{"floor":39.0,"key":"ColorlessPotion"},{"floor":41.0,"key":"AttackPotion"},{"floor":42.0,"key":"Fire Potion"}],"is_trial":false,"path_per_floor":["M","?","M","$","?","R","E","R","T","M","E","R","M","$","R","B",null,"M","?","$","M","M","R","M","R","T","R","?","?","$","E","R","B",null,"M","$","?","?","?","R","E","M","T","$","?","M","R","M","R","B",null],"character_chosen":"IRONCLAD","items_purchased":["Inflame","Membership Card","Juzu Bracelet","Omamori","Shuriken","Chemical X","ColorlessPotion","Toolbox","FairyPotion","Energy Potion"],"campfire_rested":1,"item_purchase_floors":[4,14,14,20,30,30,30,36,36,44],"current_hp_per_floor":[74,69,75,75,64,64,70,70,70,69,72,72,65,65,65,15,60,72,72,72,70,78,78,86,86,86,86,86,84,84,95,95,61,87,83,83,83,83,94,94,15,21,21,21,21,39,83,91,91,55],"gold":66,"neow_bonus":"THREE_ENEMY_KILL","is_daily":false,"chose_seed":false,"campfire_upgraded":10,"win_rate":0.0,"timestamp":1609085237,"path_taken":["M","?","M","$","?","R","E","R","T","M","E","R","?","$","R","BOSS","M","?","$","M","M","R","M","R","T","R","?","?","?","E","R","BOSS","M","$","?","?","?","R","E","M","T","$","?","M","R","M","R","BOSS"],"items_purchased_type":["Card","Relic","Relic","Relic","Relic","Relic","Potion","Relic","Potion","Potion"],"build_version":"2020-12-22","purchased_purges":0,"victory":true,"max_hp_per_floor":[75,75,75,75,75,75,75,75,75,75,75,75,75,75,75,75,75,78,78,78,81,84,84,87,87,87,87,87,95,95,95,95,95,95,95,95,95,95,99,99,99,103,103,103,98,98,98,98,98,98],"card_choices":[{"not_picked":["Shrug It Off","Entrench"],"picked":"Iron Wave","floor":1.0},{"not_picked":["Anger","Twin Strike"],"picked":"Flex","floor":3.0},{"not_picked":["Cleave","Power Through"],"picked":"Pummel","floor":7.0},{"not_picked":["Anger","Evolve","Shrug It Off"],"picked":"SKIP","floor":10.0},{"not_picked":["Thunderclap","Fiend Fire"],"picked":"Cleave","floor":11.0},{"not_picked":["Clash","Thunderclap"],"picked":"Twin Strike","floor":13.0},{"not_picked":["Immolate","Barricade"],"picked":"Feed","floor":16.0},{"not_picked":["Iron Wave","Power Through","Thunderclap"],"picked":"SKIP","floor":18.0},{"not_picked":["Thunderclap","Blood for Blood+1"],"picked":"Warcry","floor":21.0},{"not_picked":["True Grit","Blood for Blood"],"picked":"Dual Wield","floor":22.0},{"not_picked":["Clash","Warcry"],"picked":"Thunderclap+1","floor":24.0},{"not_picked":["Intimidate+1","Headbutt"],"picked":"Infernal Blade+1","floor":29.0},{"not_picked":["Flex","Burning Pact"],"picked":"Heavy Blade","floor":31.0},{"not_picked":["Rupture","Heavy Blade+1","True Grit"],"picked":"SKIP","floor":35.0},{"not_picked":["True Grit","Heavy Blade"],"picked":"Headbutt","floor":39.0},{"not_picked":["Flex+1","Wild Strike"],"picked":"Pommel Strike+1","floor":41.0},{"not_picked":["Heavy Blade","Clothesline","Inflame"],"picked":"SKIP","floor":42.0},{"not_picked":["Barricade","Shrug It Off","Dark Embrace"],"picked":"SKIP","floor":46},{"not_picked":["Burning Pact","Second Wind"],"picked":"Flex+1","floor":48}],"player_experience":259912,"relics_obtained":[{"floor":7.0,"key":"Toy Ornithopter"},{"floor":9.0,"key":"Centennial Puzzle"},{"floor":11.0,"key":"Smiling Mask"},{"floor":26.0,"key":"PreservedInsect"},{"floor":29.0,"key":"Bird Faced Urn"},{"floor":29.0,"key":"HornCleat"},{"floor":31.0,"key":"Regal Pillow"},{"floor":39.0,"key":"Unceasing Top"},{"floor":41.0,"key":"Sundial"},{"floor":43.0,"key":"Meat on the Bone"}],"event_choices":[{"damage_healed":0.0,"max_hp_gain":0.0,"max_hp_loss":0.0,"gold_gain":0.0,"event_name":"Scrap Ooze","player_choice":"Success","floor":2.0,"gold_loss":0.0,"damage_taken":5.0,"relics_obtained":["Gambling Chip"]},{"damage_healed":0.0,"max_hp_gain":0.0,"max_hp_loss":0.0,"gold_gain":75.0,"event_name":"World of Goop","player_choice":"Gather Gold","floor":5.0,"gold_loss":0.0,"damage_taken":11.0},{"damage_healed":0.0,"max_hp_gain":0.0,"max_hp_loss":0.0,"gold_gain":0.0,"event_name":"Duplicator","player_choice":"Copied","floor":19.0,"gold_loss":0.0,"damage_taken":0.0,"cards_obtained":["Flex"]},{"damage_healed":0.0,"max_hp_gain":0.0,"max_hp_loss":0.0,"gold_gain":50.0,"event_name":"Nest","player_choice":"Stole From Cult","floor":28.0,"gold_loss":0.0,"damage_taken":0.0},{"damage_healed":0.0,"max_hp_gain":0.0,"max_hp_loss":0.0,"gold_gain":0.0,"event_name":"Colosseum","player_choice":"Fight","floor":29.0,"gold_loss":0.0,"damage_taken":0.0},{"damage_healed":0.0,"max_hp_gain":0.0,"max_hp_loss":0.0,"gold_gain":0.0,"event_name":"Colosseum","player_choice":"Fought Nobs","floor":29.0,"gold_loss":0.0,"damage_taken":0.0},{"damage_healed":0.0,"max_hp_gain":0.0,"max_hp_loss":0.0,"gold_gain":0.0,"event_name":"Tomb of Lord Red Mask","player_choice":"Paid","floor":37.0,"gold_loss":1.0,"damage_taken":0.0,"relics_obtained":["Red Mask"]},{"cards_removed":["Strike_R"],"damage_healed":0.0,"max_hp_gain":0.0,"max_hp_loss":0.0,"gold_gain":0.0,"event_name":"Falling","player_choice":"Removed Attack","floor":38.0,"gold_loss":0.0,"damage_taken":0.0},{"damage_healed":0.0,"max_hp_gain":0.0,"max_hp_loss":0.0,"gold_gain":0.0,"event_name":"MindBloom","player_choice":"Fight","floor":39.0,"gold_loss":0.0,"damage_taken":0.0},{"damage_healed":0,"gold_gain":0,"player_choice":"Max HP","damage_taken":0,"max_hp_gain":0,"max_hp_loss":5,"event_name":"Winding Halls","floor":45,"gold_loss":0}],"is_beta":false,"boss_relics":[{"not_picked":["Pandora\u0027s Box","Tiny House"],"picked":"Cursed Key"},{"not_picked":["Runic Dome","Runic Cube"],"picked":"Philosopher\u0027s Stone"}],"items_purged_floors":[],"is_endless":false,"potions_floor_spawned":[3,10,11,16,18,22,29,33,39,41,42],"ascension_level":17}}