{"host":"9ndbo4kgsfoemf7y","time":1609080311,"event":{"mods":["AchievementEnabler","BaseMod","Colored Map","DeckTracker","Keyboard Shortcuts","Minty Spire (QoL Compilation)","Permanent Neow","Quick Restart","Relic Stats","StSLib","SuperFastMode"],"gold_per_floor":[12,12,31,46,56,90,90,118,118,118,18,29,29,59,59,163,163,183,183,202,34,53,53,81,81,128,140,162,174,186,186],"floor_reached":30,"playtime":930,"items_purged":["Defend_B","Defend_B"],"score":310,"play_id":"09fb1b01-4f4c-4dfa-962e-e7406204d42e","local_time":"20201227234511","is_ascension_mode":true,"campfire_choices":[{"data":"Hyperbeam","floor":10.0,"key":"SMITH"},{"data":"Beam Cell","floor":13.0,"key":"SMITH"},{"data":"Conserve Battery","floor":15.0,"key":"SMITH"},{"data":"Sunder","floor":23.0,"key":"SMITH"},{"data":"Zap","floor":25.0,"key":"SMITH"},{"data":"Sweeping Beam","floor":29.0,"key":"SMITH"}],"circlet_count":0,"master_deck":["Strike_B","Strike_B","Strike_B","Defend_B","Defend_B","Zap+1","Dualcast","Hyperbeam+1","Coolheaded","Gash","Conserve Battery+1","Sweeping Beam+1","Core Surge","Scrape","Hologram+1","Beam Cell+1","Fission+1","Darkness+1","Sunder+1","Double Energy+1","Sweeping Beam","Chill+1","Rebound+1"],"relics":["FrozenCore","Ornamental Fan","Shuriken","Toxic Egg 2","Bottled Lightning","Ginger","Omamori","MawBank"],"acts_visited":["Exordium","TheCity"],"potions_floor_usage":[30],"damage_taken":[{"damage":11.0,"enemies":"Cultist","floor":1.0,"turns":4.0},{"damage":0.0,"enemies":"2 Louse","floor":3.0,"turns":1.0},{"damage":2.0,"enemies":"Jaw Worm","floor":4.0,"turns":2.0},{"damage":0.0,"enemies":"2 Fungi Beasts","floor":5.0,"turns":1.0},{"damage":8.0,"enemies":"Gremlin Nob","floor":6.0,"turns":3.0},{"damage":14.0,"enemies":"3 Sentries","floor":8.0,"turns":4.0},{"damage":0.0,"enemies":"Gremlin Gang","floor":12.0,"turns":1.0},{"damage":9.0,"enemies":"Hexaghost","floor":16.0,"turns":6.0},{"damage":3.0,"enemies":"Spheric Guardian","floor":18.0,"turns":3.0},{"damage":0.0,"enemies":"Chosen","floor":20.0,"turns":3.0},{"damage":0.0,"enemies":"3 Cultists","floor":22.0,"turns":2.0},{"damage":26.0,"enemies":"Book of Stabbing","floor":24.0,"turns":5.0},{"damage":0.0,"enemies":"Centurion and Healer","floor":28.0,"turns":2.0},{"damage":49,"enemies":"Slavers","floor":30,"turns":5}],"seed_played":"-1894042195620405909","potions_obtained":[{"floor":1.0,"key":"FocusPotion"},{"floor":3.0,"key":"SteroidPotion"},{"floor":5.0,"key":"GamblersBrew"},{"floor":22.0,"key":"EssenceOfSteel"},{"floor":24.0,"key":"LiquidMemories"}],"is_trial":false,"path_per_floor":["M","?","M","M","M","E","?","E","T","R","$","M","R","?","R","B",null,"M","?","M","$","M","R","E","R","T","?","M","R","E"],"character_chosen":"DEFECT","items_purchased":["Hologram+1","Double Energy+1"],"campfire_rested":0,"item_purchase_floors":[11,21],"current_hp_per_floor":[64,64,64,62,62,54,47,33,33,33,33,33,33,33,33,24,75,72,72,72,72,72,72,46,46,46,46,46,46,0,0],"gold":186,"neow_bonus":"THREE_RARE_CARDS","is_daily":false,"chose_seed":false,"campfire_upgraded":6,"win_rate":0.0,"timestamp":1609080311,"path_taken":["M","?","M","?","M","E","?","E","T","R","$","M","R","?","R","BOSS","M","?","M","$","M","R","E","R","T","?","M","R","E"],"items_purchased_type":["Card","Card"],"build_version":"2020-12-22","purchased_purges":2,"victory":false,"max_hp_per_floor":[75,75,75,75,75,75,75,75,75,75,75,75,75,75,75,75,75,75,75,75,75,75,75,75,75,75,75,75,75,75,75],"relic_stats":{"counters":[14,42],"Ornamental Fan":[60],"Shuriken":[15],"Ginger":[2],"MawBank":48,"obtain_stats":[{"Ornamental Fan":6,"Shuriken":7,"Omamori":24,"Bottled Lightning":9,"Ginger":14,"Toxic Egg 2":8,"Cracked Core":0,"MawBank":26,"FrozenCore":17},{"Ornamental Fan":5,"Shuriken":5,"Omamori":12,"Bottled Lightning":6,"Ginger":7,"Toxic Egg 2":6,"Cracked Core":0,"MawBank":12,"FrozenCore":8},{"Ornamental Fan":11,"Shuriken":11,"Omamori":35,"Bottled Lightning":15,"Ginger":16,"Toxic Egg 2":15,"Cracked Core":0,"MawBank":35,"FrozenCore":22}],"FrozenCore":[8]},"card_choices":[{"not_picked":["Echo Form","Creative AI"],"picked":"Hyperbeam","floor":0.0},{"not_picked":["Lockon","Recycle"],"picked":"Coolheaded","floor":1.0},{"not_picked":["Ball Lightning","Lockon"],"picked":"Gash","floor":3.0},{"not_picked":["BootSequence","Coolheaded"],"picked":"Conserve Battery","floor":4.0},{"not_picked":["Barrage","Reinforced Body"],"picked":"Sweeping Beam","floor":5.0},{"not_picked":["Reinforced Body","Sweeping Beam"],"picked":"Core Surge","floor":6.0},{"not_picked":["Leap+1","Hologram+1"],"picked":"Scrape","floor":8.0},{"not_picked":["Rebound","Undo+1"],"picked":"Beam Cell","floor":12.0},{"not_picked":["Electrodynamics","Amplify+1"],"picked":"Fission+1","floor":16.0},{"not_picked":["Sweeping Beam","Consume+1"],"picked":"Darkness+1","floor":18.0},{"not_picked":["Tempest+1","Ball Lightning"],"picked":"Sunder","floor":20.0},{"not_picked":["Scrape","Defragment"],"picked":"Sweeping Beam","floor":22.0},{"not_picked":["Sunder+1","Hologram+1"],"picked":"Chill+1","floor":24.0},{"not_picked":["Sweeping Beam","Leap+1"],"picked":"Rebound+1","floor":28.0}],"player_experience":757364,"relics_obtained":[{"floor":6.0,"key":"Ornamental Fan"},{"floor":8.0,"key":"Toxic Egg 2"},{"floor":9.0,"key":"Bottled Lightning"},{"floor":24.0,"key":"Omamori"},{"floor":26.0,"key":"MawBank"}],"event_choices":[{"cards_removed":["Strike_B"],"damage_healed":0.0,"max_hp_gain":0.0,"max_hp_loss":0.0,"gold_gain":0.0,"event_name":"Wheel of Change","player_choice":"Card Removal","floor":2.0,"gold_loss":0.0,"damage_taken":0.0},{"damage_healed":0.0,"max_hp_gain":0.0,"max_hp_loss":0.0,"gold_gain":0.0,"event_name":"Scrap Ooze","player_choice":"Success","floor":7.0,"gold_loss":0.0,"damage_taken":7.0,"relics_obtained":["Shuriken"]},{"damage_healed":0.0,"max_hp_gain":0.0,"max_hp_loss":0.0,"gold_gain":30.0,"event_name":"Dead Adventurer","player_choice":"Searched \u00273\u0027 times","floor":14.0,"gold_loss":0.0,"damage_taken":0.0,"relics_obtained":["Ginger"]},{"damage_healed":0.0,"max_hp_gain":0.0,"max_hp_loss":0.0,"gold_gain":0.0,"event_name":"Ghosts","player_choice":"Ignored","floor":19.0,"gold_loss":0.0,"damage_taken":0.0},{"damage_healed":0.0,"max_hp_gain":0.0,"max_hp_loss":0.0,"gold_gain":0.0,"event_name":"Match and Keep!","player_choice":"0 cards matched","floor":27.0,"gold_loss":0.0,"damage_taken":0.0,"cards_obtained":[]}],"is_beta":false,"boss_relics":[{"not_picked":["Fusion Hammer","Runic Dome"],"picked":"FrozenCore"}],"items_purged_floors":[11,21],"is_endless":false,"potions_floor_spawned":[1,3,5,22,24,28],"killed_by":"Slavers","ascension_level":4}}