{"host":"b4asi0laiv85suj9","time":1609039085,"event":{"mods":["ATMod(阿瑾Mod)","BaseMod","Minty Spire (QoL Compilation)","MostiFishMod","Relic Stats","StSLib","TestMod","noobMod"],"gold_per_floor":[115,64,75,91,101,135,135,163,186,186,37,72,92,109,109,190,190,213,226,246,264,332,368,368,398,398,460,563,563,594,612,612,690,690,709,728,750,800,890,950,950,1007,1033,1033,603,698,262,372,372,424,424,424,26,103,135],"floor_reached":56,"playtime":2301,"items_purged":["Flex"],"score":3162,"play_id":"acd32b51-5774-4f73-ad7a-405e7d36b286","local_time":"20201227111805","is_ascension_mode":true,"campfire_choices":[{"data":"AT_FamilyPortrait","floor":7.0,"key":"SMITH"},{"data":"Burning Pact","floor":10.0,"key":"SMITH"},{"data":"Corruption","floor":15.0,"key":"SMITH"},{"data":"MostiFishMod:FlyOverUtopia","floor":24.0,"key":"SMITH"},{"floor":29.0,"key":"RECALL"},{"data":"MostiFishMod:FireWorks","floor":32.0,"key":"SMITH"},{"data":"Dark Embrace","floor":44,"key":"SMITH"},{"floor":49,"key":"REST"},{"data":"MostiFishMod:RacingGame","floor":52,"key":"SMITH"}],"circlet_count":0,"master_deck":["AscendersBane","Strike_R","Strike_R","Strike_R","Strike_R+1","Strike_R","Defend_R","Defend_R","Defend_R","Defend_R","Bash","AT_FamilyPortrait+1","Burning Pact+1","Pommel Strike","Infernal Blade","MostiFishMod:OrdinaryWorld","MostiFishMod:BrandingRite","Shrug It Off","MostiFishMod:FireWorks+1","Corruption+1","Feel No Pain","MostiFishMod:Chiaki","Body Slam+1","MostiFishMod:RainCloud","MostiFishMod:FlyOverUtopia+1","MostiFishMod:CullingBlade+1","Entrench","MostiFishMod:ChineseTea","AT_CaressingTears+1","AT_IchimonjiDouble+1","AT_DiedThrough+1","Second Wind","Dark Embrace+1","MostiFishMod:ButterFly+1","MostiFishMod:RacingGame+1","Reaper+1"],"relics":["testmod-TestBox","DaveBox","ice","AT_ATBox","SacredBark","testmod-ArcanaOfDestiny","ChiXiaoBlade","SynthV:TestCard","testmod-IntensifyImprint","testmod-Acrobat","AT_BellDemon","Nunchaku","testmod-ObsoleteBoomerang","Bottled Lightning","Juzu Bracelet","RhineFirstAidKit","testmod-Antiphasic","Potion Belt","Matryoshka","Pen Nib","Oddly Smooth Stone","AT_BladeRuinedKing","AT_ChloranthyRing","Omamori","Paper Frog","AT_EbonyIvory","Molten Egg 2","AT_GoldPhoenixTree","testmod-Nyarlathotep","testmod-Hope","Pear","PreservedInsect","Lizard Tail","testmod-Maize","Tiny Chest","ExusiaiGun","Calipers","testmod-Justice","AT_MibuBalloonWealth","testmod-AssaultLearning","SynthV:C4","Whetstone","Regal Pillow","Blood Vial","Champion Belt","AT_SunfireAegis","AT_RedNoBalance","Pantograph","Shuriken","The Courier","Toy Ornithopter","Akabeko","BrkXgEgg","StrikeDummy","testmod-HeartOfStrike"],"acts_visited":["Exordium","TheCity","TheBeyond","TheEnding"],"potions_floor_usage":[],"damage_taken":[{"damage":1.0,"enemies":"Cultist","floor":1.0,"turns":3.0},{"damage":0.0,"enemies":"Small Slimes","floor":3.0,"turns":3.0},{"damage":7.0,"enemies":"Jaw Worm","floor":4.0,"turns":2.0},{"damage":10.0,"enemies":"Blue Slaver","floor":5.0,"turns":3.0},{"damage":11.0,"enemies":"3 Sentries","floor":6.0,"turns":4.0},{"damage":40.0,"enemies":"Lagavulin","floor":8.0,"turns":5.0},{"damage":20.0,"enemies":"Gremlin Nob","floor":12.0,"turns":4.0},{"damage":0.0,"enemies":"3 Louse","floor":13.0,"turns":1.0},{"damage":0.0,"enemies":"Looter","floor":14.0,"turns":1.0},{"damage":5.0,"enemies":"The Guardian","floor":16.0,"turns":2.0},{"damage":0.0,"enemies":"Chosen","floor":18.0,"turns":2.0},{"damage":0.0,"enemies":"Spheric Guardian","floor":19.0,"turns":1.0},{"damage":5.0,"enemies":"Cultist and Chosen","floor":20.0,"turns":1.0},{"damage":5.0,"enemies":"3 Cultists","floor":21.0,"turns":2.0},{"damage":0.0,"enemies":"Slavers","floor":23.0,"turns":1.0},{"damage":4.0,"enemies":"Book of Stabbing","floor":25.0,"turns":2.0},{"damage":4.0,"enemies":"Slavers","floor":27.0,"turns":1.0},{"damage":22.0,"enemies":"Colosseum Slavers","floor":28.0,"turns":2.0},{"damage":6.0,"enemies":"Colosseum Nobs","floor":28.0,"turns":2.0},{"damage":13.0,"enemies":"Book of Stabbing","floor":30.0,"turns":1.0},{"damage":11.0,"enemies":"Centurion and Healer","floor":31.0,"turns":2.0},{"damage":6.0,"enemies":"Automaton","floor":33.0,"turns":2.0},{"damage":12.0,"enemies":"3 Shapes","floor":35.0,"turns":1.0},{"damage":6.0,"enemies":"Orb Walker","floor":36.0,"turns":1.0},{"damage":6.0,"enemies":"Spire Growth","floor":37.0,"turns":2.0},{"damage":12.0,"enemies":"Transient","floor":38.0,"turns":3.0},{"damage":6,"enemies":"Jaw Worm Horde","floor":39,"turns":1},{"damage":6,"enemies":"Nemesis","floor":40,"turns":1},{"damage":6,"enemies":"Giant Head","floor":42,"turns":1},{"damage":6,"enemies":"Sphere and 2 Shapes","floor":46,"turns":1},{"damage":6,"enemies":"Reptomancer","floor":48,"turns":1},{"damage":6,"enemies":"Donu and Deca","floor":50,"turns":1},{"damage":6,"enemies":"Shield and Spear","floor":54,"turns":1},{"damage":63,"enemies":"The Heart","floor":55,"turns":3}],"seed_played":"1871297504252400866","potions_obtained":[{"floor":1.0,"key":"Ancient Potion"},{"floor":3.0,"key":"SpeedPotion"},{"floor":5.0,"key":"DuplicationPotion"},{"floor":6.0,"key":"AttackPotion"},{"floor":20.0,"key":"LiquidBronze"},{"floor":23.0,"key":"SteroidPotion"},{"floor":25.0,"key":"Block Potion"},{"floor":27.0,"key":"HeartOfIron"},{"floor":36.0,"key":"SteroidPotion"}],"is_trial":false,"path_per_floor":["M","$","M","M","M","E","R","E","T","R","$","E","M","M","R","B",null,"M","M","M","M","T","E","R","E","T","E","?","R","E","M","R","B",null,"M","M","M","M","M","E","?","E","T","R","$","M","$","E","R","B",null,"R","$","E","B",null],"character_chosen":"IRONCLAD","items_purchased":["Pommel Strike","MostiFishMod:FireWorks","AT_SilverBalance","MostiFishMod:ButterFly+1","MostiFishMod:RacingGame","Shuriken","Akabeko","BrkXgEgg","DistilledChaos","GamblersBrew"],"campfire_rested":1,"item_purchase_floors":[2,11,45,45,47,47,53,53,53,53],"current_hp_per_floor":[67,67,67,60,50,39,39,29,29,29,29,75,75,75,75,70,75,75,75,70,65,65,65,65,61,61,57,82,82,73,62,62,56,80,68,62,56,52,46,88,88,82,82,82,82,40,40,40,81,65,82,82,82,78,70],"gold":135,"neow_bonus":"BOSS_RELIC","is_daily":false,"chose_seed":false,"campfire_upgraded":7,"win_rate":0.0,"timestamp":1609039085,"path_taken":["M","$","M","M","M","E","R","E","T","R","?","E","M","M","R","BOSS","M","M","M","M","?","E","R","E","T","E","?","R","E","M","R","BOSS","M","M","M","M","M","E","?","E","T","R","$","M","$","E","R","BOSS","R","$","E","BOSS"],"items_purchased_type":["Card","Card","Relic","Card","Card","Relic","Relic","Relic","Potion","Potion"],"build_version":"2020-12-22","purchased_purges":1,"victory":true,"max_hp_per_floor":[75,75,75,75,75,75,75,75,75,75,75,75,75,75,75,76,76,76,76,76,76,76,76,76,78,78,78,88,88,88,88,88,88,88,88,88,88,88,88,88,88,88,88,88,88,88,88,88,88,88,88,88,88,88,88],"relic_stats":{"Regal Pillow":15,"counters":[34,64],"Pen Nib":[6],"PreservedInsect":317,"Juzu Bracelet":0,"Whetstone":["Body Slam","Strike_R"],"Blood Vial":8,"Nunchaku":[8],"Lizard Tail":0,"Shuriken":[3],"Pantograph":35,"Tiny Chest":0,"Champion Belt":[2],"obtain_stats":[{"testmod-HeartOfStrike":54,"AT_ATBox":0,"Calipers":35,"AT_MibuBalloonWealth":37,"ice":0,"Whetstone":40,"Blood Vial":42,"Lizard Tail":30,"RhineFirstAidKit":17,"AT_RedNoBalance":50,"testmod-IntensifyImprint":6,"testmod-Maize":31,"testmod-TestBox":0,"Pear":28,"Oddly Smooth Stone":22,"Pen Nib":21,"AT_EbonyIvory":26,"AT_SilverBalance":45,"Akabeko":53,"Shuriken":47,"testmod-Acrobat":8,"ChiXiaoBlade":0,"Molten Egg 2":27,"StrikeDummy":54,"AT_BellDemon":9,"Regal Pillow":40,"DaveBox":0,"SacredBark":0,"Juzu Bracelet":14,"ExusiaiGun":34,"testmod-Nyarlathotep":28,"Burning Blood":0,"SynthV:C4":39,"Nunchaku":12,"Matryoshka":20,"Pantograph":46,"testmod-ObsoleteBoomerang":12,"Tiny Chest":33,"testmod-ArcanaOfDestiny":0,"Paper Frog":26,"Potion Belt":19,"AT_ChloranthyRing":23,"AT_GoldPhoenixTree":27,"AT_BladeRuinedKing":23,"PreservedInsect":30,"The Courier":48,"BrkXgEgg":53,"Omamori":25,"testmod-Justice":36,"testmod-Antiphasic":18,"SynthV:TestCard":1,"testmod-AssaultLearning":38,"testmod-Hope":28,"Bottled Lightning":13,"Champion Belt":42,"AT_SunfireAegis":43,"Toy Ornithopter":48},{"testmod-HeartOfStrike":33,"AT_ATBox":0,"Calipers":23,"AT_MibuBalloonWealth":25,"ice":0,"Whetstone":28,"Blood Vial":29,"Lizard Tail":20,"RhineFirstAidKit":10,"AT_RedNoBalance":32,"testmod-IntensifyImprint":5,"testmod-Maize":21,"testmod-TestBox":0,"Pear":19,"Oddly Smooth Stone":14,"Pen Nib":14,"AT_EbonyIvory":16,"AT_SilverBalance":29,"Akabeko":32,"Shuriken":30,"testmod-Acrobat":6,"ChiXiaoBlade":0,"Molten Egg 2":17,"StrikeDummy":33,"AT_BellDemon":6,"Regal Pillow":28,"DaveBox":0,"SacredBark":0,"Juzu Bracelet":9,"ExusiaiGun":22,"testmod-Nyarlathotep":19,"Burning Blood":0,"SynthV:C4":27,"Nunchaku":7,"Matryoshka":13,"Pantograph":30,"testmod-ObsoleteBoomerang":7,"Tiny Chest":22,"testmod-ArcanaOfDestiny":0,"Paper Frog":16,"Potion Belt":12,"AT_ChloranthyRing":15,"AT_GoldPhoenixTree":17,"AT_BladeRuinedKing":15,"PreservedInsect":20,"The Courier":31,"BrkXgEgg":32,"Omamori":16,"testmod-Justice":24,"testmod-Antiphasic":11,"SynthV:TestCard":1,"testmod-AssaultLearning":26,"testmod-Hope":19,"Bottled Lightning":8,"Champion Belt":29,"AT_SunfireAegis":29,"Toy Ornithopter":31},{"testmod-HeartOfStrike":61,"AT_ATBox":0,"Calipers":48,"AT_MibuBalloonWealth":51,"ice":0,"Whetstone":56,"Blood Vial":57,"Lizard Tail":43,"RhineFirstAidKit":28,"AT_RedNoBalance":59,"testmod-IntensifyImprint":15,"testmod-Maize":45,"testmod-TestBox":0,"Pear":42,"Oddly Smooth Stone":34,"Pen Nib":34,"AT_EbonyIvory":37,"AT_SilverBalance":57,"Akabeko":60,"Shuriken":58,"testmod-Acrobat":20,"ChiXiaoBlade":0,"Molten Egg 2":38,"StrikeDummy":61,"AT_BellDemon":20,"Regal Pillow":56,"DaveBox":0,"SacredBark":0,"Juzu Bracelet":26,"ExusiaiGun":47,"testmod-Nyarlathotep":42,"Burning Blood":0,"SynthV:C4":55,"Nunchaku":24,"Matryoshka":32,"Pantograph":58,"testmod-ObsoleteBoomerang":24,"Tiny Chest":47,"testmod-ArcanaOfDestiny":0,"Paper Frog":37,"Potion Belt":31,"AT_ChloranthyRing":35,"AT_GoldPhoenixTree":38,"AT_BladeRuinedKing":35,"PreservedInsect":43,"The Courier":59,"BrkXgEgg":60,"Omamori":37,"testmod-Justice":49,"testmod-Antiphasic":30,"SynthV:TestCard":3,"testmod-AssaultLearning":54,"testmod-Hope":42,"Bottled Lightning":25,"Champion Belt":57,"AT_SunfireAegis":57,"Toy Ornithopter":59}],"Toy Ornithopter":0},"card_choices":[{"not_picked":["Ghostly Armor","Iron Wave"],"picked":"Burning Pact","floor":1.0},{"not_picked":["Blood for Blood","Clothesline","Metallicize","Clash"],"picked":"Infernal Blade","floor":3.0},{"not_picked":["AT_BodySlamDance","Headbutt","Thunderclap","Wild Strike"],"picked":"Flex","floor":4.0},{"not_picked":["Pommel Strike","Perfected Strike","Combust","Rupture"],"picked":"MostiFishMod:OrdinaryWorld","floor":5.0},{"not_picked":["Uppercut","Disarm","Cleave","Clash"],"picked":"MostiFishMod:BrandingRite","floor":6.0},{"not_picked":["Combust","Battle Trance","Sword Boomerang","AT_GerminateFire"],"picked":"Shrug It Off","floor":8.0},{"not_picked":["Body Slam","Pommel Strike","Anger","Impervious"],"picked":"Corruption","floor":12.0},{"not_picked":["Anger","Clash","Seeing Red","Cleave","Clothesline"],"picked":"SKIP","floor":13.0},{"not_picked":["Clash","Headbutt","Pommel Strike","Burning Pact"],"picked":"Feel No Pain","floor":14.0},{"not_picked":["Corruption","MostiFishMod:HellRitual","Impervious","MostiFishMod:UltimateDefense"],"picked":"MostiFishMod:Chiaki","floor":16.0},{"not_picked":["Pommel Strike","Thunderclap","Warcry","Blood for Blood","AT_ManFootWork"],"picked":"SKIP","floor":18.0},{"not_picked":["AT_GerminateFire","Fire Breathing","Intimidate","Flex"],"picked":"Body Slam","floor":19.0},{"not_picked":["Flex+1","Havoc","Wild Strike+1","AT_GerminateFire+1","Sword Boomerang"],"picked":"SKIP","floor":20.0},{"not_picked":["Reckless Charge","Pummel+1","Warcry","Armaments+1"],"picked":"MostiFishMod:RainCloud","floor":21.0},{"not_picked":["AT_IchimonjiDouble","True Grit+1","Iron Wave","MostiFishMod:CullingBlade"],"picked":"MostiFishMod:FlyOverUtopia","floor":23.0},{"not_picked":["Clothesline","Iron Wave","Heavy Blade","Pommel Strike","Pummel"],"picked":"SKIP","floor":25.0},{"not_picked":["MostiFishMod:FlyOverUtopia","Combust","AT_BodySlamDance","Iron Wave+1"],"picked":"MostiFishMod:CullingBlade+1","floor":27.0},{"not_picked":["Feed+1","Twin Strike+1","Clothesline+1","Hemokinesis+1"],"picked":"Entrench","floor":30.0},{"not_picked":["Body Slam+1","Thunderclap+1","Warcry","Whirlwind+1","Intimidate"],"picked":"SKIP","floor":31.0},{"not_picked":["MostiFishMod:TemporaryOutbreak","MostiFishMod:PerfectStrikeMKII+1","MostiFishMod:FireWorks","MostiFishMod:Chiaki"],"picked":"MostiFishMod:ChineseTea","floor":33.0},{"not_picked":["Wild Strike+1","Clothesline+1","Rupture+1","Anger+1"],"picked":"AT_CaressingTears+1","floor":35.0},{"not_picked":["Wild Strike+1","MostiFishMod:#F4004","True Grit+1","Armaments","Shrug It Off"],"picked":"SKIP","floor":36.0},{"not_picked":["Shockwave","Havoc","Combust","Headbutt+1"],"picked":"AT_IchimonjiDouble+1","floor":37.0},{"not_picked":["Cleave+1","Searing Blow+1","Headbutt+1","AT_DrawKnifeCut+1"],"picked":"AT_DiedThrough+1","floor":38},{"not_picked":["Shockwave","Heavy Blade+1","Anger+1","Thunderclap+1"],"picked":"Second Wind","floor":39},{"not_picked":["Hemokinesis+1","Flame Barrier","Wild Strike+1","Bludgeon+1"],"picked":"Dark Embrace","floor":40},{"not_picked":["Armaments","AT_ManFootWork+1","Heavy Blade+1","True Grit","Reckless Charge+1"],"picked":"SKIP","floor":42},{"not_picked":["Havoc","Bloodletting","Shrug It Off","Heavy Blade+1","AT_IchimonjiDouble+1"],"picked":"SKIP","floor":46},{"not_picked":["Thunderclap+1","AT_DrawKnifeCut+1","Armaments+1","Feel No Pain"],"picked":"Reaper+1","floor":48},{"not_picked":["AT_BodySlamDance","Flex","Headbutt+1","Clothesline+1","Thunderclap+1"],"picked":"SKIP","floor":54},{"not_picked":["AT_BodySlamDance","Flex","Headbutt+1","Clothesline+1","Thunderclap+1"],"picked":"SKIP","floor":54}],"player_experience":242845,"relics_obtained":[{"floor":1.0,"key":"SynthV:TestCard"},{"floor":6.0,"key":"testmod-IntensifyImprint"},{"floor":8.0,"key":"testmod-Acrobat"},{"floor":9.0,"key":"AT_BellDemon"},{"floor":12.0,"key":"Nunchaku"},{"floor":12.0,"key":"testmod-ObsoleteBoomerang"},{"floor":13.0,"key":"Bottled Lightning"},{"floor":14.0,"key":"Juzu Bracelet"},{"floor":18.0,"key":"testmod-Antiphasic"},{"floor":19.0,"key":"Potion Belt"},{"floor":20.0,"key":"Matryoshka"},{"floor":21.0,"key":"Pen Nib"},{"floor":22.0,"key":"Oddly Smooth Stone"},{"floor":23.0,"key":"AT_BladeRuinedKing"},{"floor":23.0,"key":"AT_ChloranthyRing"},{"floor":25.0,"key":"Omamori"},{"floor":26.0,"key":"Paper Frog"},{"floor":26.0,"key":"AT_EbonyIvory"},{"floor":27.0,"key":"Molten Egg 2"},{"floor":27.0,"key":"AT_GoldPhoenixTree"},{"floor":28.0,"key":"testmod-Nyarlathotep"},{"floor":28.0,"key":"testmod-Hope"},{"floor":28.0,"key":"Pear"},{"floor":30.0,"key":"PreservedInsect"},{"floor":30.0,"key":"Lizard Tail"},{"floor":31.0,"key":"testmod-Maize"},{"floor":33.0,"key":"Tiny Chest"},{"floor":35.0,"key":"Calipers"},{"floor":36.0,"key":"testmod-Justice"},{"floor":37.0,"key":"AT_MibuBalloonWealth"},{"floor":38,"key":"testmod-AssaultLearning"},{"floor":39,"key":"SynthV:C4"},{"floor":40,"key":"Whetstone"},{"floor":40,"key":"Regal Pillow"},{"floor":42,"key":"Blood Vial"},{"floor":42,"key":"Champion Belt"},{"floor":43,"key":"AT_SunfireAegis"},{"floor":46,"key":"Pantograph"},{"floor":48,"key":"The Courier"},{"floor":48,"key":"Toy Ornithopter"},{"floor":54,"key":"StrikeDummy"},{"floor":54,"key":"testmod-HeartOfStrike"}],"event_choices":[{"damage_healed":0.0,"max_hp_gain":0.0,"max_hp_loss":0.0,"gold_gain":0.0,"event_name":"Colosseum","player_choice":"Fight","floor":28.0,"gold_loss":0.0,"damage_taken":0.0},{"damage_healed":0.0,"max_hp_gain":0.0,"max_hp_loss":0.0,"gold_gain":0.0,"event_name":"Colosseum","player_choice":"Fought Nobs","floor":28.0,"gold_loss":0.0,"damage_taken":0.0},{"damage_healed":0,"gold_gain":0,"player_choice":"Ignored","damage_taken":0,"max_hp_gain":0,"max_hp_loss":0,"event_name":"给自己的盒子","floor":41,"gold_loss":0}],"is_beta":false,"boss_relics":[{"not_picked":["BloodWine","Busted Crown"],"picked":"RhineFirstAidKit"},{"not_picked":["testmod-SaigiyounoYou","GuanYuAspect"],"picked":"ExusiaiGun"}],"items_purged_floors":[45],"is_endless":false,"potions_floor_spawned":[1,3,5,6,14,20,23,25,27,36,40,42,54],"ascension_level":17}}