{"host":"qxeepl7ydvsgmfdb","time":1609081080,"event":{"mods":["AchievementEnabler","BaseMod","Colored Powertips","Minty Spire (QoL Compilation)","Quick Restart","slay the spire mod where everything is the same but ironclad has a cowboy hat"],"gold_per_floor":[113,113,128,128,203,233,198,198,198,210,210,225,27,20,20,122,172,152,152,3,13,75,75,110,110,133,133,183,183,183,200,200,299,299,317,367,385,395,445,445,445],"floor_reached":40,"playtime":2431,"items_purged":[],"score":454,"play_id":"6eb3f304-233c-49c9-b2c4-cb8647a1b788","local_time":"20201227095800","is_ascension_mode":false,"campfire_choices":[{"floor":8,"key":"RECALL"},{"data":"Backflip","floor":11,"key":"SMITH"},{"data":"Poisoned Stab","floor":15,"key":"SMITH"},{"data":"Noxious Fumes","floor":23,"key":"SMITH"},{"floor":25,"key":"REST"},{"data":"Die Die Die","floor":27,"key":"SMITH"},{"data":"1","floor":30,"key":"LIFT"},{"data":"2","floor":32,"key":"LIFT"}],"circlet_count":0,"master_deck":["Strike_G","Strike_G","Strike_G","Strike_G","Defend_G","Defend_G","Defend_G","Defend_G","Defend_G","Survivor","Neutralize","Poisoned Stab+1","Quick Slash+1","Backflip+1","PiercingWail","Blade Dance","Poisoned Stab+1","Die Die Die+1","Noxious Fumes+1","Poisoned Stab","After Image","Dagger Throw+1","Writhe","Poisoned Stab"],"relics":["Ring of the Snake","NeowsBlessing","Eternal Feather","Toy Ornithopter","Tiny House","SsserpentHead","MealTicket","Ancient Tea Set","Anchor","Girya"],"acts_visited":["Exordium","TheCity","TheBeyond"],"potions_floor_usage":[24,24,24,24,31,33,33,38],"damage_taken":[{"damage":0,"enemies":"Small Slimes","floor":1,"turns":1},{"damage":0,"enemies":"2 Louse","floor":3,"turns":1},{"damage":0,"enemies":"3 Sentries","floor":6,"turns":2},{"damage":0,"enemies":"Jaw Worm","floor":10,"turns":3},{"damage":0,"enemies":"Lots of Slimes","floor":12,"turns":5},{"damage":0,"enemies":"Exordium Thugs","floor":14,"turns":4},{"damage":51,"enemies":"The Guardian","floor":16,"turns":10},{"damage":7,"enemies":"2 Thieves","floor":18,"turns":4},{"damage":25,"enemies":"Spheric Guardian","floor":21,"turns":4},{"damage":8,"enemies":"Centurion and Healer","floor":22,"turns":9},{"damage":38,"enemies":"Gremlin Leader","floor":24,"turns":5},{"damage":10,"enemies":"Snecko","floor":31,"turns":4},{"damage":69,"enemies":"Automaton","floor":33,"turns":8},{"damage":40,"enemies":"3 Darklings","floor":35,"turns":7},{"damage":12,"enemies":"Orb Walker","floor":37,"turns":4},{"damage":39,"enemies":"4 Shapes","floor":38,"turns":6},{"damage":13,"enemies":"Giant Head","floor":40,"turns":2}],"seed_played":"-270759824657619225","potions_obtained":[{"floor":1,"key":"SteroidPotion"},{"floor":6,"key":"LiquidBronze"},{"floor":12,"key":"Regen Potion"},{"floor":16,"key":"PowerPotion"},{"floor":21,"key":"EntropicBrew"},{"floor":24,"key":"Weak Potion"},{"floor":35,"key":"SteroidPotion"},{"floor":37,"key":"ColorlessPotion"}],"is_trial":false,"path_per_floor":["M","?","M","?","?","E","?","R","T","M","R","M","$","M","R","B",null,"M","?","$","M","M","R","E","R","T","R","T","$","R","M","R","B",null,"M","?","M","M","?","E"],"character_chosen":"THE_SILENT","items_purchased":["Toy Ornithopter","Blade Dance","MealTicket"],"campfire_rested":1,"item_purchase_floors":[13,13,20],"current_hp_per_floor":[70,63,63,63,52,52,69,70,70,70,70,70,70,70,70,19,75,68,68,68,43,35,44,38,69,69,75,75,75,75,70,75,11,75,35,54,42,8,8,0,0],"gold":445,"neow_bonus":"THREE_ENEMY_KILL","is_daily":false,"chose_seed":false,"campfire_upgraded":4,"win_rate":0.0,"timestamp":1609081080,"path_taken":["M","?","M","?","?","E","?","R","T","M","R","M","$","M","R","BOSS","M","?","$","M","?","R","E","R","T","R","?","$","R","M","R","BOSS","M","?","M","M","?","E"],"items_purchased_type":["Relic","Card","Relic"],"build_version":"2020-12-22","purchased_purges":0,"victory":false,"max_hp_per_floor":[70,70,70,70,70,70,70,70,70,70,70,70,70,70,70,70,75,75,75,75,75,75,75,75,75,75,75,75,75,75,75,75,75,75,75,75,75,75,75,75,75],"card_choices":[{"not_picked":["Dagger Spray","Prepared"],"picked":"Poisoned Stab","floor":1},{"not_picked":["PiercingWail","Bouncing Flask"],"picked":"Quick Slash","floor":3},{"not_picked":["Slice","Prepared"],"picked":"Backflip","floor":6},{"not_picked":["Backflip","Dash"],"picked":"PiercingWail","floor":10},{"not_picked":["Backflip","Masterful Stab","Dash"],"picked":"SKIP","floor":12},{"not_picked":["Sucker Punch","Venomology"],"picked":"Poisoned Stab","floor":14},{"not_picked":["Phantasmal Killer","Burst"],"picked":"Die Die Die","floor":16},{"not_picked":["Riddle With Holes","Deflect"],"picked":"Noxious Fumes","floor":17},{"not_picked":["Dodge and Roll","Prepared","Glass Knife"],"picked":"SKIP","floor":18},{"not_picked":["Prepared","Bane","Underhanded Strike+1"],"picked":"SKIP","floor":21},{"not_picked":["Crippling Poison","Underhanded Strike","Doppelganger"],"picked":"SKIP","floor":22},{"not_picked":["Deflect","Dagger Throw","Bane+1"],"picked":"SKIP","floor":24},{"not_picked":["Flying Knee","Quick Slash"],"picked":"Poisoned Stab","floor":31},{"not_picked":["A Thousand Cuts","Wraith Form v2"],"picked":"After Image","floor":33},{"not_picked":["Predator","Calculated Gamble+1"],"picked":"Dagger Throw+1","floor":35},{"not_picked":["Setup","Choke","Flying Knee"],"picked":"SKIP","floor":37},{"not_picked":["Bane","Flying Knee+1"],"picked":"Poisoned Stab","floor":38}],"player_experience":403589,"relics_obtained":[{"floor":6,"key":"Eternal Feather"},{"floor":24,"key":"Ancient Tea Set"},{"floor":26,"key":"Anchor"},{"floor":28,"key":"Girya"}],"event_choices":[{"cards_removed":["Strike_G"],"damage_healed":0,"gold_gain":0,"player_choice":"Card Removal","damage_taken":7,"max_hp_gain":0,"max_hp_loss":0,"event_name":"Golden Wing","floor":2,"gold_loss":0},{"damage_healed":0,"gold_gain":0,"player_choice":"Grow","damage_taken":0,"max_hp_gain":0,"max_hp_loss":0,"event_name":"Living Wall","floor":4,"gold_loss":0,"cards_upgraded":["Poisoned Stab"]},{"damage_healed":0,"gold_gain":75,"player_choice":"Gather Gold","damage_taken":11,"max_hp_gain":0,"max_hp_loss":0,"event_name":"World of Goop","floor":5,"gold_loss":0},{"damage_healed":17,"gold_gain":0,"player_choice":"Healed","damage_taken":0,"max_hp_gain":0,"max_hp_loss":0,"event_name":"The Cleric","floor":7,"gold_loss":35},{"damage_healed":0,"gold_gain":0,"player_choice":"Trade","damage_taken":0,"relics_obtained":["SsserpentHead"],"max_hp_gain":0,"max_hp_loss":0,"event_name":"FaceTrader","floor":19,"gold_loss":0},{"damage_healed":19,"gold_gain":0,"player_choice":"Writhe","damage_taken":0,"max_hp_gain":0,"max_hp_loss":0,"event_name":"Winding Halls","floor":36,"gold_loss":0,"cards_obtained":["Writhe"]},{"damage_healed":0,"gold_gain":0,"player_choice":"Ignored","damage_taken":0,"max_hp_gain":0,"max_hp_loss":0,"event_name":"Tomb of Lord Red Mask","floor":39,"gold_loss":0}],"is_beta":false,"boss_relics":[{"not_picked":["Snecko Eye","Busted Crown"],"picked":"Tiny House"},{"not_picked":["Runic Dome","Fusion Hammer","Coffee Dripper"]}],"items_purged_floors":[],"is_endless":false,"potions_floor_spawned":[1,6,12,14,16,21,22,24,35,37],"killed_by":"Giant Head","ascension_level":0}}