{"host":"dwyzfvnzfcqffr30","time":1609072819,"event":{"mods":["2.2 Compatiblity","Act Like it!","BaseMod","Beaked The Cultist","Better Altar","Better Match","Better Note","Better Sensory Stone","Better Skull","Better Third Choice","Clockwork Mod","Colored Map","Colored Powertips","Conspire","Downfall","Elementarium","GifTheSpireLib","Halation","Hermit","Hubris","Infinite Spire","Ironclad Rager","Jedi Mod","Menagerie","Mimic Mod","Minty Spire (QoL Compilation)","Permanent Neow","Random Character Button","Replay The Spire","Spicy Shops","StSLib","Stuff the Spire","The Construct","The Disciple","The Druid","The Marked","TheFirefly","Trackpad","vexMod"],"gold_per_floor":[435,475,520,571,71,71,110,110,136,164,194,240,240,240,240,360,360,386,386,424,424,424,424,491,542,582,26,26,55,81,125,125,234,284,320,320,356,400,452,499,499,499,499,499,578,634,634,710,710,728,728],"floor_reached":50,"playtime":4061,"items_purged":["Regret"],"score":839,"play_id":"c6701496-5887-40c1-9feb-c092dab997fc","local_time":"20201227044019","is_ascension_mode":true,"campfire_choices":[{"floor":6,"key":"RECALL"},{"floor":13,"key":"REST"},{"floor":15,"key":"REST"},{"floor":23,"key":"REST"},{"floor":28,"key":"REST"},{"floor":32,"key":"REST"},{"floor":44,"key":"REST"},{"floor":47,"key":"REST"},{"floor":49,"key":"DIG"}],"circlet_count":0,"master_deck":["hermit:Strike_Hermit+1","hermit:Strike_Hermit+1","hermit:Strike_Hermit+1","hermit:Strike_Hermit+1","hermit:Defend_Hermit+1","hermit:Defend_Hermit+1","hermit:Defend_Hermit+1","hermit:Defend_Hermit+1","hermit:Snapshot+1","MasterReality+1","hermit:Snipe+1","hermit:HoleUp+1","hermit:Enervate+1","hermit:Snipe+1","hermit:Gestalt+1","hermit:Desperado+1","hermit:Glare+1","hermit:Snipe+1","StuffTheSpire:FreeRealEstate+1","hermit:Coalescence+1","hermit:Deadeye+1","hermit:Determination+1","hermit:HeroicBravado+1"],"relics":["hermit:Momento","StuffTheSpire:Wildfire","hubris:EvacipatedBox","Juzu Bracelet","Molten Egg 2","Toxic Egg 2","Frozen Egg 2","Quantum Egg","infinitespire:EvilPickle","Bottled Tornado","trackpad:CultistFigurine","Bottled Tornado","halation:AfternoonTea","Pear","trackpad:Mousetrap","Ancient Tea Set","trackpad:Compendium","vexMod:DeviousBotling","Nunchaku","infinitespire:WardingShard","Replay:Wax Seal","Singing Bowl","HandDrill","Strawberry","Elementarium:ElementariumTrophy","Tiny House","hubris:Towel","hubris:Potato","jedi:matchstick","halation:EternalFortune","trackpad:PetRock","trackpad:WritersBlock","Eternal Feather","vexMod:MemoryStick"],"acts_visited":["Menagerie:Menagerie","Elementarium:Elementarium","TheBeyond"],"potions_floor_usage":[12,12,12,20,24,25,29,31,34,35,35,37,38,48],"damage_taken":[{"damage":0,"enemies":"Menagerie:WhisperingWraith","floor":1,"turns":4},{"damage":2,"enemies":"Menagerie:MonstrousExperiment","floor":2,"turns":3},{"damage":0,"enemies":"Menagerie:2_RABBITS","floor":3,"turns":3},{"damage":2,"enemies":"Menagerie:EntropyWarlock","floor":4,"turns":4},{"damage":0,"enemies":"Menagerie:Hydra","floor":7,"turns":3},{"damage":0,"enemies":"Menagerie:RedMage","floor":10,"turns":2},{"damage":1,"enemies":"Menagerie:MeltingSalamander","floor":11,"turns":3},{"damage":3,"enemies":"Menagerie:VoidReaper","floor":12,"turns":4},{"damage":49,"enemies":"Menagerie:Suneater","floor":16,"turns":8},{"damage":10,"enemies":"Elementarium:VoidCorruption","floor":18,"turns":4},{"damage":6,"enemies":"Elementarium:2_ELEMENTALS","floor":20,"turns":3},{"damage":46,"enemies":"Elementarium:ElementalPortal","floor":24,"turns":6},{"damage":20,"enemies":"Elementarium:Hydrostalker","floor":25,"turns":5},{"damage":5,"enemies":"Elementarium:RubyGolem","floor":26,"turns":5},{"damage":11,"enemies":"Elementarium:RubyGolem","floor":29,"turns":3},{"damage":2,"enemies":"Elementarium:VOID_CORRUPTION_AND_ORB_OF_FIRE","floor":30,"turns":5},{"damage":14,"enemies":"Elementarium:FIRE_NOBILITY","floor":31,"turns":6},{"damage":49,"enemies":"Elementarium:GoldenDragon","floor":33,"turns":7},{"damage":20,"enemies":"3 Shapes","floor":35,"turns":4},{"damage":34,"enemies":"3 Darklings","floor":37,"turns":7},{"damage":11,"enemies":"Spire Growth","floor":38,"turns":4},{"damage":7,"enemies":"Mind Bloom Boss Battle","floor":39,"turns":6},{"damage":38,"enemies":"Reptomancer","floor":40,"turns":9},{"damage":64,"enemies":"Nemesis","floor":45,"turns":9},{"damage":42,"enemies":"Jaw Worm Horde","floor":46,"turns":5},{"damage":1,"enemies":"R_Hoarder","floor":48,"turns":8},{"damage":80,"enemies":"Donu and Deca","floor":50,"turns":8}],"seed_played":"3725751128050859927","potions_obtained":[{"floor":1,"key":"Weak Potion"},{"floor":3,"key":"Block Potion"},{"floor":7,"key":"LiquidBronze"},{"floor":12,"key":"jedi:holywater"},{"floor":16,"key":"Fire Potion"},{"floor":18,"key":"jedi:hoardpotion"},{"floor":20,"key":"Languid Potion"},{"floor":25,"key":"EssenceOfSteel"},{"floor":29,"key":"ColorlessPotion"},{"floor":34,"key":"EntropicBrew"},{"floor":37,"key":"PowerPotion"},{"floor":46,"key":"Ancient Potion"}],"is_trial":false,"path_per_floor":["M","M","M","M","$","R","E","?","T","M","M","E","R","?","R","B",null,"M","?","M","?","?","R","E","M","MIM","$","R","M","M","E","R","B",null,"M","?","M","M","?","E","?","?","T","R","E","M","R","E","R_BF","B"],"character_chosen":"HERMIT","items_purchased":["trackpad:CultistFigurine","Bottled Tornado","halation:AfternoonTea","hermit:Coalescence+1","Replay:Wax Seal","hermit:Deadeye+1","Singing Bowl","HandDrill"],"campfire_rested":7,"item_purchase_floors":[5,5,5,27,27,27,27,27],"current_hp_per_floor":[75,73,73,71,71,71,81,81,81,81,80,77,85,46,71,37,85,75,72,66,66,74,93,57,37,32,32,59,59,57,52,83,51,113,95,95,63,54,47,11,14,108,108,108,52,12,45,64,76,0,0],"gold":728,"neow_bonus":"ONE_RARE_RELIC","is_daily":false,"chose_seed":false,"campfire_upgraded":0,"win_rate":0.0,"timestamp":1609072819,"path_taken":["M","M","M","M","$","R","E","?","T","M","M","E","R","?","R","BOSS","M","?","M","?","?","R","E","M","MIM","$","R","M","M","E","R","BOSS","M","?","M","M","?","E","?","?","T","R","E","M","R","E","R_BF","BOSS"],"items_purchased_type":["Relic","Relic","Relic","Card","Relic","Card","Relic","Relic"],"build_version":"2020-12-22","purchased_purges":1,"victory":false,"max_hp_per_floor":[75,75,75,75,75,75,85,85,85,85,85,85,85,85,85,85,85,85,85,85,85,93,93,93,93,93,93,93,95,95,104,104,106,113,115,115,117,119,119,121,124,108,108,108,110,112,112,117,117,117,117],"card_choices":[{"not_picked":["hermit:Glare+1","hermit:Midnight+1"],"picked":"hermit:Snipe+1","floor":1},{"not_picked":["hermit:CalledShot+1","hermit:TakeAim+1"],"picked":"hermit:HoleUp+1","floor":2},{"not_picked":["hermit:Midnight+1","hermit:HighCaliber+1"],"picked":"hermit:Enervate+1","floor":3},{"not_picked":["hermit:Feint+1","hermit:Purgatory+1"],"picked":"hermit:Snipe+1","floor":4},{"not_picked":["hermit:BodyArmor+1","hermit:BlackWind+1","hermit:RoundhouseKick+1"],"picked":"SKIP","floor":7},{"not_picked":["hermit:Ricochet+1","hermit:Headshot+1"],"picked":"hermit:Gestalt+1","floor":10},{"not_picked":["hermit:HighCaliber+1","hermit:Misfire+1","hermit:EyeOfTheStorm+1"],"picked":"SKIP","floor":11},{"not_picked":["hermit:Horror+1","hermit:Purgatory+1"],"picked":"hermit:Desperado+1","floor":12},{"not_picked":["hermit:HighCaliber+1","hermit:WideOpen+1","hermit:Glare+1"],"picked":"SKIP","floor":18},{"not_picked":["hermit:HighCaliber+1","hermit:WideOpen+1"],"picked":"hermit:Glare+1","floor":18},{"not_picked":["hermit:CalledShot+1","hermit:Scavenge+1"],"picked":"hermit:Snipe+1","floor":20},{"not_picked":["expansioncontent:SlimeTackle+1","expansioncontent:LastStand+1"],"picked":"StuffTheSpire:FreeRealEstate+1","floor":21},{"not_picked":["hermit:Glare+1","hermit:ShadowCloak+1","hermit:Magnum+1"],"picked":"SKIP","floor":24},{"not_picked":["hermit:Desperado+1","hermit:TrackingShot+1","hermit:Snipe+1"],"picked":"SKIP","floor":25},{"not_picked":["hermit:ShadowCloak+1","hermit:RoundhouseKick+1","hermit:LowProfile+1"],"picked":"Singing Bowl","floor":29},{"not_picked":["hermit:Coalescence+1","hermit:Manifest+1"],"picked":"hermit:Determination+1","floor":30},{"not_picked":["hermit:ItchyTrigger+1","hermit:Deadeye+1","hermit:WideOpen+1"],"picked":"Singing Bowl","floor":31},{"not_picked":["hermit:RoundhouseKick+1","hermit:BlackWind+1","hermit:Magnum+1"],"picked":"Singing Bowl","floor":33},{"not_picked":["hermit:Desperado+1","hermit:Spite+1","hermit:NoHoldsBarred+1"],"picked":"Singing Bowl","floor":34},{"not_picked":["hermit:Misfire+1","hermit:Vantage+1","hermit:Showdown+1"],"picked":"Singing Bowl","floor":35},{"not_picked":["hermit:Grudge+1","hermit:Spite+1","hermit:Ricochet+1"],"picked":"Singing Bowl","floor":37},{"not_picked":["hermit:Glare+1","hermit:DeadMansHand+1","hermit:Manifest+1"],"picked":"Singing Bowl","floor":38},{"not_picked":["hermit:Feint+1","hermit:HighCaliber+1"],"picked":"hermit:HeroicBravado+1","floor":39},{"not_picked":["hermit:Feint+1","hermit:Roulette+1","hermit:LowProfile+1"],"picked":"Singing Bowl","floor":40},{"not_picked":["hermit:Ricochet+1","hermit:TakeAim+1","hermit:Headshot+1"],"picked":"Singing Bowl","floor":45},{"not_picked":["hermit:EyeOfTheStorm+1","hermit:Coalescence+1","hermit:Snipe+1"],"picked":"Singing Bowl","floor":46},{"not_picked":["hermit:Quickdraw+1","hermit:EyeOfTheStorm+1","hermit:Spite+1"],"picked":"Singing Bowl","floor":48}],"player_experience":2455150,"relics_obtained":[{"floor":7,"key":"Pear"},{"floor":12,"key":"trackpad:Mousetrap"},{"floor":24,"key":"Nunchaku"},{"floor":26,"key":"infinitespire:WardingShard"},{"floor":31,"key":"Strawberry"},{"floor":39,"key":"hubris:Potato"},{"floor":40,"key":"jedi:matchstick"},{"floor":43,"key":"trackpad:PetRock"},{"floor":45,"key":"trackpad:WritersBlock"},{"floor":48,"key":"halation:EternalFortune"},{"floor":48,"key":"Eternal Feather"},{"floor":49,"key":"vexMod:MemoryStick"}],"event_choices":[{"damage_healed":0,"gold_gain":0,"player_choice":"Simplicity","damage_taken":0,"max_hp_gain":0,"max_hp_loss":8,"event_name":"betterThird:BetterWriting","floor":0,"gold_loss":0},{"damage_healed":0,"gold_gain":0,"player_choice":"RE RE ","damage_taken":43,"relics_obtained":["Ancient Tea Set","trackpad:Compendium"],"max_hp_gain":0,"max_hp_loss":0,"event_name":"betterSkull:BetterSkull","floor":14,"gold_loss":0,"cards_upgraded":[]},{"damage_healed":0,"gold_gain":0,"player_choice":"Poke through","damage_taken":3,"max_hp_gain":0,"max_hp_loss":0,"event_name":"Elementarium:GreatTreasure","floor":19,"gold_loss":0},{"damage_healed":0,"gold_gain":0,"player_choice":"Machinery","damage_taken":0,"max_hp_gain":0,"max_hp_loss":0,"event_name":"Elementarium:IncubationChamber","floor":21,"gold_loss":0},{"damage_healed":0,"gold_gain":0,"player_choice":"Graft","damage_taken":0,"max_hp_gain":8,"max_hp_loss":0,"event_name":"Elementarium:SculptureGarden","floor":22,"gold_loss":0},{"damage_healed":0,"gold_gain":0,"player_choice":"Fight","damage_taken":0,"max_hp_gain":0,"max_hp_loss":0,"event_name":"MindBloom","floor":39,"gold_loss":0},{"damage_healed":108,"gold_gain":0,"player_choice":"Heal","damage_taken":0,"max_hp_gain":0,"max_hp_loss":16,"event_name":"The Moai Head","floor":42,"gold_loss":0}],"is_beta":false,"boss_relics":[{"not_picked":["Runic Dome","Fusion Hammer","trackpad:StolenKidneys"],"picked":"vexMod:DeviousBotling"},{"not_picked":["halation:ForbiddenBikini","Pandora\u0027s Box","Replay:Wanted Poster"],"picked":"Tiny House"}],"items_purged_floors":[5],"is_endless":false,"potions_floor_spawned":[1,3,7,12,16,18,20,25,29,37,46],"killed_by":"Donu and Deca","ascension_level":4}}