{"host":"86c6vgocyjlprmyx","time":1609032338,"event":{"mods":["BaseMod","Downfall","Hermit","Minty Spire (QoL Compilation)","Quick Restart","Replay The Spire","Shade Mod","StSLib","The Cursed","The Hierophant"],"gold_per_floor":[15,35,35,115,128,128,128,147,147,147,154,154,173,194,194,194,194],"floor_reached":16,"playtime":1775,"items_purged":[],"score":119,"play_id":"e5a2703b-e4a9-449a-a075-b2496b536fd2","local_time":"20201227022538","is_ascension_mode":false,"campfire_choices":[{"data":"hierophant:ConvertCurrency","floor":6,"key":"SMITH"},{"data":"hierophant:ChurchCoffers","floor":10,"key":"SMITH"},{"data":"hierophant:TollTheBells","floor":12,"key":"SMITH"}],"circlet_count":0,"master_deck":["hierophant:Strike_Hierophant","hierophant:Strike_Hierophant","hierophant:Strike_Hierophant","hierophant:Strike_Hierophant","hierophant:Punish","hierophant:Defend_Hierophant","hierophant:Defend_Hierophant","hierophant:Defend_Hierophant","hierophant:Defend_Hierophant","hierophant:ChurchCoffers+1","hierophant:RepressedViolence","hierophant:HolyVerse","Delirium","hierophant:Doubloon","hierophant:ConvertCurrency+1","hierophant:TollTheBells+1","hierophant:OrnateBuckler","hierophant:Shelter+1","hierophant:Flagellation"],"relics":["hierophant:PropheticMaskRelic","Calipers","Golden Egg"],"acts_visited":["Exordium"],"potions_floor_usage":[16,16],"damage_taken":[{"damage":6,"enemies":"Jaw Worm","floor":1,"turns":4},{"damage":0,"enemies":"2 Louse","floor":2,"turns":3},{"damage":10,"enemies":"Small Slimes","floor":5,"turns":2},{"damage":6,"enemies":"Blue Slaver","floor":8,"turns":4},{"damage":36,"enemies":"Exordium Wildlife","floor":11,"turns":7},{"damage":8,"enemies":"3 Louse","floor":13,"turns":4},{"damage":4,"enemies":"2 Fungi Beasts","floor":14,"turns":3},{"damage":58,"enemies":"Slime Boss","floor":16,"turns":12}],"seed_played":"-5371140631839769809","potions_obtained":[{"floor":1,"key":"Elixir"},{"floor":2,"key":"LifebloodPotion"},{"floor":13,"key":"Swift Potion"}],"is_trial":false,"path_per_floor":["M","M","?","?","M","R","?","M","T","R","M","R","M","M","R","B"],"character_chosen":"HIEROPHANT","items_purchased":[],"campfire_rested":0,"item_purchase_floors":[],"current_hp_per_floor":[83,83,88,88,78,78,78,72,72,72,36,36,28,24,52,0,0],"gold":194,"neow_bonus":"TWENTY_PERCENT_HP_BONUS","is_daily":false,"chose_seed":false,"campfire_upgraded":3,"win_rate":0.0,"timestamp":1609032338,"path_taken":["M","M","?","?","M","R","?","M","T","R","M","R","M","?","R","BOSS"],"items_purchased_type":[],"build_version":"2020-12-22","purchased_purges":0,"victory":false,"max_hp_per_floor":[89,89,94,94,94,94,94,94,94,94,94,94,94,94,94,94,94],"card_choices":[{"not_picked":["hierophant:Refuge","hierophant:Smite"],"picked":"hierophant:RepressedViolence","floor":1},{"not_picked":["hierophant:FieryStrike","hierophant:SealAway"],"picked":"hierophant:HolyVerse","floor":2},{"not_picked":["hierophant:Sermon","hierophant:Racketeering"],"picked":"hierophant:ConvertCurrency","floor":5},{"not_picked":["hierophant:AuricForm","hierophant:Rebuild"],"picked":"hierophant:TollTheBells","floor":8},{"not_picked":["hierophant:RustyCrate","hierophant:Mercenaries"],"picked":"hierophant:OrnateBuckler","floor":11},{"not_picked":["hierophant:MirrorShield","hierophant:RepressedViolence"],"picked":"hierophant:Shelter","floor":13},{"not_picked":["hierophant:FaithHealing","hierophant:MirrorShield"],"picked":"hierophant:Flagellation","floor":14}],"player_experience":190993,"relics_obtained":[{"floor":9,"key":"Golden Egg"}],"event_choices":[{"damage_healed":0,"gold_gain":0,"player_choice":"Donut","damage_taken":0,"max_hp_gain":5,"max_hp_loss":0,"event_name":"Big Fish","floor":3,"gold_loss":0},{"damage_healed":0,"gold_gain":0,"player_choice":"Gave Potion","damage_taken":0,"relics_obtained":["Calipers"],"max_hp_gain":0,"max_hp_loss":0,"event_name":"WeMeetAgain","floor":7,"gold_loss":0}],"is_beta":false,"boss_relics":[],"items_purged_floors":[],"is_endless":false,"potions_floor_spawned":[1,2,13],"killed_by":"Slime Boss","ascension_level":0}}