{"host":"ec2wu4mdnvke243f","time":1609077558,"event":{"mods":["2.2 Compatiblity","AchievementEnabler","BaseMod","Defuse TimeMaze Blight","Downfall","Hermit","Infinite Spire","Minty Spire (QoL Compilation)","StSLib","The Cursed","The Disciple","The Jungle","The Servant 0.9.4"],"gold_per_floor":[99,119,139,155,255,284,284,284,303,303,218,518,536,159,172,268,268,118,130,141,159,159,259,286,302,402,418,343,355,355,379,400,532,532,532,563,230,230,258,288,311,311,311,323,323],"floor_reached":44,"playtime":6608,"items_purged":[],"score":635,"play_id":"eca280de-6ac5-4337-919a-0b9d946629c3","local_time":"20201227145918","is_ascension_mode":true,"campfire_choices":[{"floor":1.0,"key":"RECALL"},{"floor":10.0,"key":"DIG"},{"data":"hermit:Showdown","floor":18.0,"key":"SMITH"},{"floor":28.0,"key":"REST"},{"floor":30.0,"key":"DIG"},{"data":"hermit:Magnum","floor":35.0,"key":"SMITH"},{"floor":42,"key":"REST"}],"circlet_count":0,"master_deck":["hermit:Strike_Hermit","hermit:Strike_Hermit","hermit:Strike_Hermit","hermit:Strike_Hermit","hermit:Defend_Hermit","hermit:Defend_Hermit","hermit:Defend_Hermit","hermit:Snapshot+1","hermit:Covet","hermit:Enervate","hermit:Dive","hermit:Deadeye","hermit:LowProfile","Parasite","hermit:Quickdraw","hermit:GoldenBullet","Slimebound:Icky","Slimebound:Icky","hermit:HighCaliber","hermit:GhostlyPresence","hermit:Showdown+1","hermit:Magnum+1","hermit:EyeOfTheStorm+1","hermit:Deadeye","hermit:Malice+1","infinitespire:Starlight","hermit:Purgatory","J.A.X.","hermit:Glare","hermit:HighCaliber+1","hermit:Roughhouse","hermit:CalledShot","hermit:Shortfuse+1","Injury","Guardian:Aged","infinitespire:Starlight","hermit:SprayPray","Parasite","hermit:Quickdraw"],"relics":["hermit:Momento","Shovel","Peace Pipe","Pantograph","Lee\u0027s Waffle","Vajra","hermit:BartenderGlass","downfall:HeartBlessingRed","downfall:HeartBlessingGreen","hermit:ClaspedLocket","MutagenicStrength","Toy Ornithopter","downfall:HeartBlessingBlue","infinitespire:Midas Blood","Orichalcum"],"acts_visited":["Exordium","TheCity","TheBeyond"],"potions_floor_usage":[40,40,40,40],"damage_taken":[{"damage":6.0,"enemies":"Cultist","floor":2.0,"turns":4.0},{"damage":2.0,"enemies":"2 Louse","floor":3.0,"turns":3.0},{"damage":1.0,"enemies":"Jaw Worm","floor":4.0,"turns":3.0},{"damage":36.0,"enemies":"Lagavulin","floor":6.0,"turns":8.0},{"damage":0.0,"enemies":"2 Fungi Beasts","floor":9.0,"turns":2.0},{"damage":0.0,"enemies":"downfall:FleeingMerchant","floor":11.0,"turns":4.0},{"damage":2.0,"enemies":"Blue Slaver","floor":13.0,"turns":3.0},{"damage":5.0,"enemies":"downfall:FleeingMerchant","floor":14.0,"turns":4.0},{"damage":7.0,"enemies":"Large Slime","floor":15.0,"turns":6.0},{"damage":54.0,"enemies":"downfall:Watcher","floor":16.0,"turns":13.0},{"damage":9.0,"enemies":"3 Byrds","floor":19.0,"turns":7.0},{"damage":18.0,"enemies":"Shelled Parasite and Fungi","floor":20.0,"turns":9.0},{"damage":16.0,"enemies":"Centurion and Healer","floor":21.0,"turns":10.0},{"damage":41.0,"enemies":"downfall:Augmenter","floor":23.0,"turns":6.0},{"damage":6.0,"enemies":"Chosen and Byrds","floor":25.0,"turns":3.0},{"damage":1.0,"enemies":"downfall:LadyInBlue","floor":26.0,"turns":4.0},{"damage":1.0,"enemies":"Cultist and Chosen","floor":27.0,"turns":5.0},{"damage":5.0,"enemies":"Snecko","floor":29.0,"turns":5.0},{"damage":14.0,"enemies":"Shelled Parasite and Fungi","floor":31.0,"turns":3.0},{"damage":2.0,"enemies":"Sentry and Sphere","floor":32.0,"turns":3.0},{"damage":79.0,"enemies":"downfall:Ironclad","floor":33.0,"turns":10.0},{"damage":62.0,"enemies":"3 Darklings","floor":36.0,"turns":8.0},{"damage":52.0,"enemies":"3 Shapes","floor":39.0,"turns":3.0},{"damage":69,"enemies":"Writhing Mass","floor":40,"turns":7},{"damage":83,"enemies":"Reptomancer","floor":44,"turns":4}],"seed_played":"-5403589815359991575","potions_obtained":[{"floor":2.0,"key":"Explosive Potion"},{"floor":13.0,"key":"Fruit Juice"},{"floor":15.0,"key":"Regen Potion"},{"floor":16.0,"key":"DuplicationPotion"},{"floor":21.0,"key":"Swift Potion"},{"floor":26.0,"key":"EntropicBrew"},{"floor":26.0,"key":"hermit:Tonic"},{"floor":27.0,"key":"hexamod:EctoCoolerPotion"},{"floor":29.0,"key":"GamblersBrew"},{"floor":33.0,"key":"BlessingOfTheForge"}],"is_trial":false,"path_per_floor":["R","M","M","M","?","E","T","?","M","R","$","?","M","$","M","B",null,"R","M","M","M","AVR","?","T","M","?","M","R","M","R","M","M","B",null,"R","M","?","?","M","M","T","R","?","E"],"character_chosen":"HERMIT","items_purchased":["hermit:GoldenBullet","Lee\u0027s Waffle","Vajra","hermit:GhostlyPresence"],"campfire_rested":2,"item_purchase_floors":[11,14,14,14],"current_hp_per_floor":[75,69,67,66,66,30,30,48,48,48,48,48,51,87,80,48,87,87,78,60,44,44,13,13,7,6,25,64,79,79,65,73,58,97,97,60,109,109,70,31,31,63,63,0,0],"gold":323,"neow_bonus":"UPGRADE_CARD","is_daily":false,"chose_seed":false,"campfire_upgraded":2,"win_rate":0.0,"timestamp":1609077558,"path_taken":["R","M","M","?","?","E","T","?","M","R","$","?","M","?","M","BOSS","R","M","M","M","AVR","?","T","M","?","M","R","M","R","M","M","BOSS","R","M","?","?","?","M","T","R","?","E"],"items_purchased_type":["Card","Relic","Relic","Card"],"build_version":"2020-12-22","purchased_purges":0,"victory":false,"max_hp_per_floor":[75,75,75,75,75,75,75,75,75,75,75,75,80,87,87,87,87,87,87,87,87,87,87,87,87,87,87,97,97,97,97,97,97,97,97,97,109,109,109,109,109,109,109,109,109],"card_choices":[{"not_picked":["hermit:ItchyTrigger","hermit:Combo"],"picked":"hermit:Enervate","floor":2.0},{"not_picked":["hermit:HighCaliber","hermit:LowProfile"],"picked":"hermit:Dive","floor":3.0},{"not_picked":["hermit:NoHoldsBarred","hermit:Brawl"],"picked":"hermit:Deadeye","floor":4.0},{"not_picked":["hermit:HoleUp","hermit:NoHoldsBarred"],"picked":"hermit:LowProfile","floor":6.0},{"not_picked":["hermit:Maintenance","hermit:Feint"],"picked":"hermit:Quickdraw","floor":9.0},{"not_picked":["hermit:ItchyTrigger","hermit:Midnight","hermit:Desperado"],"picked":"SKIP","floor":11.0},{"not_picked":["hermit:Dive","hermit:Desperado"],"picked":"hermit:HighCaliber","floor":13.0},{"not_picked":["hermit:Manifest","hermit:ItchyTrigger","hermit:FullyLoaded"],"picked":"SKIP","floor":14.0},{"not_picked":["hermit:ShadowCloak","hermit:Dive"],"picked":"hermit:Showdown","floor":15.0},{"not_picked":["hermit:Gambit","hermit:EternalForm"],"picked":"hermit:Magnum","floor":16.0},{"not_picked":["hermit:BodyArmor+1","hermit:HighCaliber"],"picked":"hermit:EyeOfTheStorm+1","floor":19.0},{"not_picked":["hermit:Manifest","hermit:Coalescence"],"picked":"hermit:Deadeye","floor":20.0},{"not_picked":["hermit:Coalescence","hermit:WideOpen"],"picked":"hermit:Malice+1","floor":21.0},{"not_picked":[],"picked":"J.A.X.","floor":23.0},{"not_picked":["hermit:Purgatory","hermit:LuckOfTheDraw"],"picked":"hermit:Glare","floor":23.0},{"not_picked":["hermit:Headshot","hermit:GoldenBullet"],"picked":"hermit:HighCaliber+1","floor":25.0},{"not_picked":["hermit:LowProfile+1","hermit:Roulette+1"],"picked":"hermit:TrackingShot+1","floor":26.0},{"not_picked":["hermit:TakeCover+1","hermit:Gestalt","hermit:BigShot"],"picked":"SKIP","floor":27.0},{"not_picked":["hermit:Determination","hermit:HighCaliber","hermit:LuckOfTheDraw"],"picked":"SKIP","floor":29.0},{"not_picked":["hermit:Quickdraw","hermit:Cheat"],"picked":"hermit:Roughhouse","floor":31.0},{"not_picked":["hermit:Ricochet","hermit:ItchyTrigger"],"picked":"hermit:CalledShot","floor":32.0},{"not_picked":["hermit:Midnight+1","hermit:Glare+1"],"picked":"hermit:Shortfuse+1","floor":36.0},{"not_picked":["infinitespire:Punishment","infinitespire:Gouge"],"picked":"infinitespire:Starlight","floor":38.0},{"not_picked":["hermit:LowProfile+1","hermit:Dive"],"picked":"hermit:SprayPray","floor":39},{"not_picked":["hermit:ItchyTrigger+1","hermit:Cheat"],"picked":"hermit:Quickdraw","floor":40}],"player_experience":521725,"relics_obtained":[{"floor":6.0,"key":"Shovel"},{"floor":7.0,"key":"Peace Pipe"},{"floor":10.0,"key":"Pantograph"},{"floor":23.0,"key":"MutagenicStrength"},{"floor":26.0,"key":"Toy Ornithopter"},{"floor":30.0,"key":"infinitespire:Midas Blood"},{"floor":41,"key":"Orichalcum"}],"event_choices":[{"damage_healed":18.0,"max_hp_gain":0.0,"max_hp_loss":0.0,"gold_gain":0.0,"event_name":"Mushrooms","player_choice":"Healed and dodged fight","floor":8.0,"gold_loss":0.0,"damage_taken":0.0,"cards_obtained":["Parasite"]},{"cards_removed":["hermit:TrackingShot"],"damage_healed":0,"gold_gain":0,"player_choice":"Removed Attack","damage_taken":0,"max_hp_gain":0,"max_hp_loss":0,"event_name":"Falling","floor":43,"gold_loss":0}],"is_beta":false,"boss_relics":[{"not_picked":["Empty Cage","Busted Crown"],"picked":"hermit:BartenderGlass"},{"not_picked":["Runic Dome","Philosopher\u0027s Stone","infinitespire:Cupcake"]}],"items_purged_floors":[],"is_endless":false,"potions_floor_spawned":[2,13,15,16,21,27,29,31,33],"killed_by":"Reptomancer","ascension_level":1}}