{"host":"og6lam4kt3nibbw0","time":1609093457,"event":{"mods":["AchievementEnabler","BaseMod","Colored Map","DeckTracker","Highlight Path","Keyboard Shortcuts","Minty Spire (QoL Compilation)","Permanent Neow","Quick Restart","StSLib","SuperFastMode"],"gold_per_floor":[10,25,25,25,25,25,25,25,50,67,67,113,132,146,146,146,146],"floor_reached":16,"playtime":707,"items_purged":[],"score":180,"play_id":"55791bc7-225b-426a-b4a1-2274a00c3bed","local_time":"20201228032417","is_ascension_mode":true,"campfire_choices":[{"floor":6,"key":"DIG"},{"floor":8,"key":"DIG"},{"floor":11,"key":"DIG"},{"floor":15,"key":"DIG"}],"circlet_count":0,"master_deck":["AscendersBane","Strike_B","Strike_B","Strike_B","Strike_B","Defend_B","Defend_B","Defend_B","Defend_B","Zap+1","Dualcast","Heatsinks","Capacitor+1","Glacier","Coolheaded"],"relics":["Cracked Core","Shovel","CaptainsWheel","The Courier","Omamori","Art of War","Toy Ornithopter","PreservedInsect"],"acts_visited":["Exordium"],"potions_floor_usage":[14,16],"damage_taken":[{"damage":1,"enemies":"Cultist","floor":1,"turns":3},{"damage":7,"enemies":"Jaw Worm","floor":2,"turns":3},{"damage":0,"enemies":"2 Louse","floor":10,"turns":2},{"damage":7,"enemies":"Looter","floor":13,"turns":4},{"damage":15,"enemies":"Lots of Slimes","floor":14,"turns":5},{"damage":26,"enemies":"Slime Boss","floor":16,"turns":11}],"seed_played":"-8039522761188035207","potions_obtained":[{"floor":1,"key":"Block Potion"},{"floor":2,"key":"SneckoOil"},{"floor":10,"key":"Block Potion"},{"floor":14,"key":"SmokeBomb"}],"is_trial":false,"path_per_floor":["M","M","$","?","?","R","?","R","T","M","R","T","M","M","R","B"],"character_chosen":"DEFECT","items_purchased":[],"campfire_rested":0,"item_purchase_floors":[],"current_hp_per_floor":[63,56,56,61,61,61,38,38,38,38,38,38,31,21,21,0,0],"gold":146,"neow_bonus":"ONE_RARE_RELIC","is_daily":false,"chose_seed":false,"campfire_upgraded":0,"win_rate":0.0,"timestamp":1609093457,"path_taken":["M","?","$","?","?","R","?","R","T","M","R","?","?","M","R","BOSS"],"items_purchased_type":[],"build_version":"2020-12-22","purchased_purges":0,"victory":false,"max_hp_per_floor":[71,71,71,76,76,76,76,76,76,76,76,76,76,76,76,76,76],"card_choices":[{"not_picked":["Aggregate","Steam"],"picked":"Heatsinks","floor":1},{"not_picked":["Redo","Barrage"],"picked":"Capacitor","floor":2},{"not_picked":["Fusion","Beam Cell"],"picked":"Glacier","floor":10},{"not_picked":["Barrage","Hello World","Hologram"],"picked":"SKIP","floor":13},{"not_picked":["Glacier","Barrage"],"picked":"Coolheaded","floor":14}],"player_experience":846643,"relics_obtained":[{"floor":6,"key":"CaptainsWheel"},{"floor":8,"key":"The Courier"},{"floor":9,"key":"Omamori"},{"floor":11,"key":"Art of War"},{"floor":12,"key":"Toy Ornithopter"},{"floor":15,"key":"PreservedInsect"}],"event_choices":[{"damage_healed":0,"gold_gain":0,"player_choice":"Donut","damage_taken":0,"max_hp_gain":5,"max_hp_loss":0,"event_name":"Big Fish","floor":4,"gold_loss":0},{"damage_healed":0,"gold_gain":0,"player_choice":"Ignored","damage_taken":0,"max_hp_gain":0,"max_hp_loss":0,"event_name":"Liars Game","floor":5,"gold_loss":0},{"damage_healed":0,"gold_gain":0,"player_choice":"Entered Light","damage_taken":23,"max_hp_gain":0,"max_hp_loss":0,"event_name":"Shining Light","floor":7,"gold_loss":0,"cards_upgraded":["Zap","Capacitor"]}],"is_beta":false,"boss_relics":[],"items_purged_floors":[],"is_endless":false,"potions_floor_spawned":[1,2,10,14],"killed_by":"Slime Boss","ascension_level":20}}