{"host":"u0f5uy314yz7olfc","time":1609088650,"event":{"mods":["AchievementEnabler","Aspiration","BaseMod","Better Altar","Better Match","Better Note","Better Sensory Stone","Better Skull","Better Third Choice","BetterRewards","Block Reminder","Colored Map","Colored Powertips","DeckTracker","Dota2Spire","Emptier Cage","Gold Saver","Highlight Path","Hubris","Infinite Spire","Marked Mod","Mimic Mod","Minty Spire (QoL Compilation)","Permanent Neow","Quick Restart","Rare Cards Sparkle","Relic Sorter","Replay The Spire","Shop Mod","StSLib","The Bladedancer","The Blue Laboratory","Watcher Patcher"],"gold_per_floor":[169,220,22,38,313,313,328,9,61,34,34,50,68,68,68,165,215,225,225,239,239,239,239],"floor_reached":22,"playtime":1318,"items_purged":[],"score":274,"play_id":"c40b55a2-1fe1-4c53-9813-5f35b503283d","local_time":"20201228000410","is_ascension_mode":false,"campfire_choices":[{"floor":6.0,"key":"REST"},{"floor":15.0,"key":"REST"}],"circlet_count":0,"master_deck":["blademaster:Strike","blademaster:Strike","blademaster:Strike+1","blademaster:Strike","blademaster:Defend","blademaster:Defend","blademaster:Defend","blademaster:Defend","blademaster:RagingBlow","blademaster:HighVoltage","blademaster:Flurry","blademaster:EyeOfTheStorm","blademaster:Momentum","blademaster:Frontflip","blademaster:Quickstep","blademaster:Overcharge","blademaster:Quickstep","blademaster:Sharpen","blademaster:Thrust","blademaster:AirSlash","blademaster:Vortex","blademaster:DragonStrike","blademaster:EnchantedCuirass+1","blademaster:LeechingStrike","blademaster:ThunderingOpener","blademaster:Vortex+1","ReplayTheSpireMod:Chaos Vortex"],"relics":["blademaster:DancersAmulet","MerchantsRug","Pantograph","Toy Ornithopter","Potion Belt","betterThird:SlimedRelic","Tiny House"],"acts_visited":["Exordium","TheCity"],"potions_floor_usage":[20],"damage_taken":[{"damage":0.0,"enemies":"2 Louse","floor":1.0,"turns":3.0},{"damage":11.0,"enemies":"Jaw Worm","floor":4.0,"turns":4.0},{"damage":6.0,"enemies":"Cultist","floor":7.0,"turns":4.0},{"damage":19.0,"enemies":"Large Slime","floor":12.0,"turns":7.0},{"damage":19.0,"enemies":"Red Slaver","floor":13.0,"turns":4.0},{"damage":54,"enemies":"Slime Boss","floor":16,"turns":9},{"damage":26,"enemies":"3 Byrds","floor":18,"turns":6},{"damage":41,"enemies":"Spheric Guardian","floor":20,"turns":7},{"damage":34,"enemies":"Centurion and Healer","floor":22,"turns":4}],"seed_played":"-7298551426682479175","potions_obtained":[{"floor":1.0,"key":"FearPotion"},{"floor":7.0,"key":"blueLaboratory:HorrorPotion"},{"floor":17,"key":"Cursed Concoction"},{"floor":18,"key":"Regen Potion"},{"floor":20,"key":"Dexterity Potion"}],"is_trial":false,"path_per_floor":["M","?","$","M","?","R","M","$","T","?","?","M","M","?","R","B",null,"M","?","M","?","M"],"character_chosen":"THE_BLADEMASTER","items_purchased":["MerchantsRug","Toy Ornithopter","blademaster:Frontflip","blademaster:Quickstep","blademaster:Sharpen","blademaster:Thrust","blademaster:AirSlash","Potion Belt"],"campfire_rested":2,"item_purchase_floors":[0,3,3,8,8,8,8,8],"current_hp_per_floor":[75,45,45,34,34,56,50,50,50,39,39,20,11,11,33,4,80,54,54,33,33,0,0],"gold":239,"neow_bonus":"","is_daily":false,"chose_seed":false,"campfire_upgraded":0,"win_rate":0.0,"timestamp":1609088650,"path_taken":["M","?","$","M","?","R","?","$","T","?","?","M","?","?","R","BOSS","M","?","?","?","M"],"items_purchased_type":["Relic","Relic","Card","Card","Card","Card","Card","Relic"],"build_version":"2020-12-22","purchased_purges":0,"victory":false,"max_hp_per_floor":[75,75,75,75,75,75,75,75,75,75,75,75,75,75,75,75,80,80,80,80,80,80,80],"card_choices":[{"not_picked":["blademaster:Reversal","blademaster:ParryingStrike"],"picked":"blademaster:Flurry","floor":1.0},{"not_picked":["blademaster:ThunderSlash","blademaster:Bloodbath"],"picked":"blademaster:EyeOfTheStorm","floor":2.0},{"not_picked":["blademaster:LeechingStrike","blademaster:Sharpen"],"picked":"blademaster:Momentum","floor":2.0},{"not_picked":["blademaster:EyeOfTheTornado","blademaster:AirSlash"],"picked":"blademaster:Quickstep","floor":4.0},{"not_picked":["blademaster:FuriousStrike","blademaster:Hailwind"],"picked":"blademaster:Overcharge","floor":7.0},{"not_picked":["blademaster:DaggerAndCloak","blademaster:FuriousStrike"],"picked":"blademaster:Vortex","floor":12.0},{"not_picked":["blademaster:Slice","blademaster:Flash"],"picked":"blademaster:DragonStrike","floor":13.0},{"not_picked":["blademaster:ThreePointStrike","blademaster:RollingTyphoon"],"picked":"blademaster:EnchantedCuirass","floor":16},{"not_picked":["blademaster:ThunderSlash","blademaster:Sunder"],"picked":"blademaster:LeechingStrike","floor":17},{"not_picked":["blademaster:SlyStabs","blademaster:EyeOfTheStorm+1"],"picked":"blademaster:ThunderingOpener","floor":18},{"not_picked":["blademaster:AspectOfWind","blademaster:Sunder+1"],"picked":"blademaster:Vortex+1","floor":20}],"player_experience":341720,"relics_obtained":[{"floor":2.0,"key":"Pantograph"}],"event_choices":[{"damage_healed":0.0,"max_hp_gain":0.0,"max_hp_loss":0.0,"gold_gain":275.0,"event_name":"Golden Shrine","player_choice":"Desecrate","floor":5.0,"gold_loss":0.0,"damage_taken":0.0,"cards_obtained":["Regret"]},{"damage_healed":0.0,"max_hp_gain":0.0,"max_hp_loss":0.0,"gold_gain":0.0,"event_name":"betterThird:BetterGoop","player_choice":"Slimed","floor":10.0,"gold_loss":27.0,"damage_taken":11.0},{"cards_removed":["Regret"],"damage_healed":0.0,"max_hp_gain":0.0,"max_hp_loss":0.0,"gold_gain":0.0,"event_name":"Fountain of Cleansing","player_choice":"Removed Curses","floor":11.0,"gold_loss":0.0,"damage_taken":0.0},{"damage_healed":0.0,"max_hp_gain":0.0,"max_hp_loss":0.0,"gold_gain":0.0,"event_name":"Golden Wing","player_choice":"Ignored","floor":14.0,"gold_loss":0.0,"damage_taken":0.0},{"damage_healed":0,"gold_gain":0,"player_choice":"Upgraded","damage_taken":0,"max_hp_gain":0,"max_hp_loss":0,"event_name":"Upgrade Shrine","floor":19,"gold_loss":0,"cards_upgraded":["blademaster:EnchantedCuirass"]},{"cards_removed":["blademaster:EyeOfTheStorm"],"damage_healed":0,"gold_gain":0,"player_choice":"Take \u0026 Give","damage_taken":0,"max_hp_gain":0,"max_hp_loss":0,"event_name":"betterNote:BetterNote","floor":21,"gold_loss":0,"cards_obtained":["ReplayTheSpireMod:Chaos Vortex"]}],"is_beta":false,"boss_relics":[{"not_picked":["Replay:Bronze Core","Kintsugi"],"picked":"Tiny House"}],"items_purged_floors":[],"is_endless":false,"potions_floor_spawned":[1,7,18,20],"killed_by":"Centurion and Healer","ascension_level":0}}