{"host":"c812qoujjugqqx2v","time":1609094832,"event":{"mods":["BaseMod","Better Altar","Better Match","Better Note","Better Skull","Better Third Choice","Curses Come First","Custom Start","Highlight Path","Minty Spire (QoL Compilation)","Permanent Neow","StSLib"],"gold_per_floor":[211,211,4,4,16,28,40,65,146,171,183,209,252,281,293,400,412,444,3,3,3,14,42,42,56,80,98,109,36,49,49,49],"floor_reached":31,"playtime":2851,"items_purged":[],"score":257,"play_id":"750e8d70-8dfc-4096-bbd4-09308720c29a","local_time":"20201227134712","is_ascension_mode":false,"campfire_choices":[{"floor":6,"key":"REST"},{"data":"Eruption","floor":11,"key":"SMITH"},{"floor":15,"key":"REST"},{"floor":24,"key":"REST"}],"circlet_count":0,"master_deck":["Strike_P+1","Strike_P","Strike_P","Strike_P","Defend_P","Defend_P+1","Defend_P","Defend_P","Eruption+1","Vigilance","Swivel","MentalFortress","FlurryOfBlows","EmptyBody","FollowUp","Wallop","SashWhip+1","Crescendo","DeusExMachina","BattleHymn+1","FearNoEvil","Swivel","JustLucky","Finesse","Thunderclap+1","Nirvana","WheelKick","Wireheading+1","ClearTheMind","Weave","CutThroughFate"],"relics":["HolyWater","Juzu Bracelet","Membership Card","MawBank","Gremlin Horn","Vajra","Matryoshka","Bottled Tornado","Melange","Whetstone","Art of War","Sling"],"acts_visited":["Exordium","TheCity"],"potions_floor_usage":[16,23,23,31],"damage_taken":[{"damage":4,"enemies":"Jaw Worm","floor":1,"turns":4},{"damage":0,"enemies":"2 Louse","floor":8,"turns":2},{"damage":8,"enemies":"Cultist","floor":10,"turns":3},{"damage":0,"enemies":"Large Slime","floor":12,"turns":5},{"damage":13,"enemies":"3 Sentries","floor":13,"turns":10},{"damage":0,"enemies":"Exordium Wildlife","floor":14,"turns":2},{"damage":51,"enemies":"Hexaghost","floor":16,"turns":12},{"damage":20,"enemies":"Chosen","floor":18,"turns":6},{"damage":0,"enemies":"Shell Parasite","floor":22,"turns":4},{"damage":30,"enemies":"Gremlin Leader","floor":23,"turns":5},{"damage":25,"enemies":"Snake Plant","floor":25,"turns":4},{"damage":0,"enemies":"3 Cultists","floor":27,"turns":4},{"damage":10,"enemies":"Shelled Parasite and Fungi","floor":28,"turns":4},{"damage":18,"enemies":"Snecko","floor":30,"turns":5},{"damage":28,"enemies":"Snake Plant","floor":31,"turns":3}],"seed_played":"-3088298022328811741","potions_obtained":[{"floor":10,"key":"Weak Potion"},{"floor":12,"key":"FairyPotion"},{"floor":18,"key":"Dexterity Potion"},{"floor":21,"key":"Strength Potion"},{"floor":23,"key":"BottledMiracle"},{"floor":27,"key":"LiquidBronze"},{"floor":30,"key":"SkillPotion"}],"is_trial":false,"path_per_floor":["M","?","$","?","?","R","?","M","T","M","R","M","E","M","R","B",null,"M","$","?","?","M","E","R","M","T","M","M","$","M","M"],"character_chosen":"WATCHER","items_purchased":["Membership Card","MentalFortress","FlurryOfBlows","FearNoEvil","Swivel","Matryoshka","Bottled Tornado","Melange","JustLucky","Finesse","Sling"],"campfire_rested":3,"item_purchase_floors":[3,3,3,19,19,19,19,19,19,19,29],"current_hp_per_floor":[68,61,61,61,47,68,68,68,68,60,60,60,47,47,68,17,72,52,52,52,52,52,22,43,18,18,18,8,8,21,0,0],"gold":49,"neow_bonus":"HUNDRED_GOLD","is_daily":false,"chose_seed":false,"campfire_upgraded":1,"win_rate":0.0,"timestamp":1609094832,"path_taken":["M","?","$","?","?","R","?","M","T","M","R","M","E","M","R","BOSS","M","?","?","?","M","E","R","M","T","M","M","?","M","M"],"items_purchased_type":["Relic","Card","Card","Card","Card","Relic","Relic","Relic","Card","Card","Relic"],"build_version":"2020-12-22","purchased_purges":0,"victory":false,"max_hp_per_floor":[72,72,72,72,72,72,72,72,72,72,72,72,72,72,72,72,72,72,72,72,72,72,72,72,72,72,72,72,72,72,72,72],"card_choices":[{"not_picked":["PathToVictory","Prostrate"],"picked":"Swivel","floor":1},{"not_picked":["CutThroughFate","Tantrum"],"picked":"EmptyBody","floor":8},{"not_picked":["ForeignInfluence","BowlingBash"],"picked":"FollowUp","floor":10},{"not_picked":["ClearTheMind","Halt"],"picked":"Wallop","floor":12},{"not_picked":["LikeWater","CrushJoints"],"picked":"SashWhip","floor":13},{"not_picked":["Fasting2","BowlingBash"],"picked":"Crescendo","floor":14},{"not_picked":["ConjureBlade","Wish"],"picked":"DeusExMachina","floor":16},{"not_picked":["EmptyMind","CrushJoints"],"picked":"BattleHymn+1","floor":18},{"not_picked":["InnerPeace","EmptyFist"],"picked":"Nirvana","floor":22},{"not_picked":["CrushJoints+1","Perseverance+1"],"picked":"WheelKick","floor":23},{"not_picked":["BowlingBash+1","WaveOfTheHand+1"],"picked":"Wireheading+1","floor":25},{"not_picked":["Consecrate+1","BattleHymn"],"picked":"ClearTheMind","floor":27},{"not_picked":["Pray","BowlingBash"],"picked":"Weave","floor":28},{"not_picked":["ClearTheMind","Study"],"picked":"CutThroughFate","floor":30}],"player_experience":203183,"relics_obtained":[{"floor":9,"key":"Gremlin Horn"},{"floor":13,"key":"Vajra"},{"floor":23,"key":"Whetstone"},{"floor":26,"key":"Art of War"}],"event_choices":[{"damage_healed":0,"gold_gain":0,"player_choice":"Relic ","damage_taken":7,"max_hp_gain":0,"max_hp_loss":0,"event_name":"betterThird:BetterScrap","floor":2,"gold_loss":0,"cards_obtained":["Doom and Gloom"]},{"damage_healed":0,"gold_gain":0,"player_choice":"Box","damage_taken":0,"relics_obtained":["MawBank"],"max_hp_gain":0,"max_hp_loss":0,"event_name":"Big Fish","floor":4,"gold_loss":0,"cards_obtained":["Regret"]},{"damage_healed":61,"gold_gain":0,"player_choice":"Upgrade","damage_taken":14,"max_hp_gain":0,"max_hp_loss":72,"event_name":"betterThird:BetterShining","floor":5,"gold_loss":0,"cards_upgraded":["Strike_P","Defend_P"]},{"cards_removed":["Regret"],"damage_healed":0,"gold_gain":0,"player_choice":"Removed Curses","damage_taken":0,"max_hp_gain":0,"max_hp_loss":0,"event_name":"Fountain of Cleansing","floor":7,"gold_loss":0},{"cards_removed":["JustLucky"],"damage_healed":0,"gold_gain":0,"player_choice":"Take \u0026 Give","damage_taken":0,"max_hp_gain":0,"max_hp_loss":0,"event_name":"betterNote:BetterNote","floor":20,"gold_loss":0,"cards_obtained":["Thunderclap"]},{"damage_healed":0,"gold_gain":0,"player_choice":"Got Potions","damage_taken":0,"max_hp_gain":0,"max_hp_loss":0,"event_name":"Lab","floor":21,"gold_loss":0}],"is_beta":false,"boss_relics":[{"not_picked":["SlaversCollar","Cursed Key"],"picked":"HolyWater"}],"items_purged_floors":[],"is_endless":false,"potions_floor_spawned":[10,12,18,23,27,30],"killed_by":"Snake Plant","ascension_level":0}}