{"host":"hdafziggwnbzqpcb","time":1609111343,"event":{"mods":["BaseMod","Better Vampires","Colored Map","Colored Powertips","Curses Come First","Duelist Mod","GifTheSpireLib","Hero for Fun","Minty Spire (QoL Compilation)","Quick Restart","Rare Cards Sparkle","Relic Stats","Spicy Shops","StSLib","The Bug Knight","The Cursed","The Marked","The Senshi","The Wild Card","TheHero"],"gold_per_floor":[213,227,240,260,185,185,204,104,157,157,157,157,173,193,193,288,288,275,275,290,20,32,32,9,9,9,28,39,49,49,49],"floor_reached":30,"playtime":1819,"items_purged":["theSenshi:SailorKick","theSenshi:SailorBlock","theSenshi:SailorBlock"],"score":226,"play_id":"639ed9a8-3082-4051-ac12-dd6a6bff48dd","local_time":"20201227152223","is_ascension_mode":false,"campfire_choices":[{"data":"theSenshi:MoonCosmicPowerMakeUp","floor":6.0,"key":"SMITH"},{"data":"theSenshi:MoonCrisisMakeUp","floor":11.0,"key":"SMITH"},{"data":"theSenshi:SailorChibiMoonAssists","floor":15.0,"key":"SMITH"},{"floor":23,"key":"REST"},{"data":"theSenshi:SailorMercuryAssists","floor":25,"key":"SMITH"}],"circlet_count":0,"master_deck":["theSenshi:SailorKick","theSenshi:SailorKick","theSenshi:SailorBlock","theSenshi:SailorBlock","theSenshi:RoseThrow","theSenshi:MoonPrismPowerMakeUp","theSenshi:SailorChibiMoonAssists+1","theSenshi:MoonPunch","theSenshi:MoonCosmicPowerMakeUp+1","theSenshi:MoonCrisisMakeUp+1","theSenshi:SailorVenusAssists","theSenshi:MoonGorgeousMeditation","theSenshi:MoonPunch","theSenshi:TallSilhouette+1","theSenshi:YouCanTalk","theSenshi:TallSilhouette","theSenshi:SailorMercuryAssists+1","theSenshi:KlutzyLuck+1"],"relics":["theSenshi:TransformationBroochRelic","Black Star","Membership Card","Darkstone Periapt"],"acts_visited":["Exordium","TheCity"],"potions_floor_usage":[22,29],"damage_taken":[{"damage":11.0,"enemies":"Small Slimes","floor":1.0,"turns":4.0},{"damage":2.0,"enemies":"2 Louse","floor":2.0,"turns":4.0},{"damage":0.0,"enemies":"Cultist","floor":3.0,"turns":3.0},{"damage":0.0,"enemies":"2 Fungi Beasts","floor":4.0,"turns":3.0},{"damage":21.0,"enemies":"Gremlin Gang","floor":7.0,"turns":7.0},{"damage":1.0,"enemies":"Blue Slaver","floor":13.0,"turns":4.0},{"damage":3.0,"enemies":"Looter","floor":14.0,"turns":3.0},{"damage":56.0,"enemies":"Slime Boss","floor":16.0,"turns":19.0},{"damage":24.0,"enemies":"2 Thieves","floor":18.0,"turns":4.0},{"damage":17,"enemies":"3 Byrds","floor":20,"turns":7},{"damage":22,"enemies":"Snake Plant","floor":22,"turns":4},{"damage":18,"enemies":"Shelled Parasite and Fungi","floor":27,"turns":6},{"damage":24,"enemies":"3 Cultists","floor":28,"turns":8},{"damage":12,"enemies":"Snecko","floor":29,"turns":6},{"damage":3,"enemies":"Snake Plant","floor":30,"turns":1}],"seed_played":"-4057951398071494899","potions_obtained":[{"floor":2.0,"key":"FairyPotion"},{"floor":14.0,"key":"Energy Potion"},{"floor":16.0,"key":"LiquidMemories"},{"floor":20,"key":"PowerPotion"},{"floor":28,"key":"AttackPotion"}],"is_trial":false,"path_per_floor":["M","M","M","M","$","R","M","$","T","?","R","?","M","M","R","B",null,"M","?","M","$","M","R","$","R","T","M","M","M","M"],"character_chosen":"THE_SENSHI","items_purchased":["Membership Card","theSenshi:YouCanTalk","theSenshi:SailorMercuryAssists"],"campfire_rested":1,"item_purchase_floors":[21,21,24],"current_hp_per_floor":[64,62,62,62,62,62,41,41,41,34,34,75,74,71,71,15,75,51,51,34,34,12,34,34,34,34,16,14,2,0,0],"gold":49,"neow_bonus":"HUNDRED_GOLD","is_daily":false,"chose_seed":false,"campfire_upgraded":4,"win_rate":0.0,"timestamp":1609111343,"path_taken":["M","M","M","M","$","R","M","$","T","?","R","?","M","M","R","BOSS","M","?","M","$","M","R","$","R","T","M","M","M","M"],"items_purchased_type":["Relic","Card","Card"],"build_version":"2020-12-22","purchased_purges":3,"victory":false,"max_hp_per_floor":[75,75,75,75,75,75,75,75,75,75,75,75,75,75,75,75,75,75,75,75,75,75,75,75,75,75,75,75,75,75,75],"relic_stats":{"Darkstone Periapt":0,"counters":[15,83],"Black Star":0,"obtain_stats":[{"Darkstone Periapt":26,"theSenshi:TransformationBroochRelic":0,"Black Star":17,"Membership Card":21},{"Darkstone Periapt":11,"theSenshi:TransformationBroochRelic":0,"Black Star":8,"Membership Card":10},{"Darkstone Periapt":62,"theSenshi:TransformationBroochRelic":0,"Black Star":47,"Membership Card":58}]},"card_choices":[{"not_picked":["theSenshi:TallSilhouette","theSenshi:SchoolBag"],"picked":"theSenshi:SailorChibiMoonAssists","floor":1.0},{"not_picked":["theSenshi:MoonsReflection","theSenshi:IWillPunishYou"],"picked":"theSenshi:MoonPunch","floor":2.0},{"not_picked":["theSenshi:SailorMarsAssists","theSenshi:MoonPower","theSenshi:MoonKick"],"picked":"SKIP","floor":3.0},{"not_picked":["theSenshi:GatheringStrength","theSenshi:SailorMarsAssists"],"picked":"theSenshi:MoonCosmicPowerMakeUp","floor":4.0},{"not_picked":["theSenshi:GatheringStrength","theSenshi:SailorVenusAssists"],"picked":"theSenshi:MoonCrisisMakeUp","floor":7.0},{"not_picked":["theSenshi:TallSilhouette","theSenshi:Overload"],"picked":"theSenshi:SailorVenusAssists","floor":13.0},{"not_picked":["theSenshi:LunasBite","theSenshi:MoonKick","theSenshi:HesSoDreamy"],"picked":"SKIP","floor":14.0},{"not_picked":["theSenshi:GlimpseOfThePast","theSenshi:IWillPunishYou"],"picked":"theSenshi:MoonGorgeousMeditation","floor":16.0},{"not_picked":["theSenshi:KlutzyLuck","theSenshi:SchoolBag"],"picked":"theSenshi:MoonPunch","floor":18.0},{"not_picked":["theSenshi:MoonsReflection","theSenshi:LateForSchool"],"picked":"theSenshi:TallSilhouette+1","floor":20},{"not_picked":["theSenshi:MoonCrystalPowerMakeUp","theSenshi:Sidestep"],"picked":"theSenshi:TallSilhouette","floor":22},{"not_picked":["theSenshi:EncouragingSpeech","theSenshi:MoonsReflection","theSenshi:HesSoDreamy"],"picked":"SKIP","floor":27},{"not_picked":["theSenshi:TuxedoSmokingBomber+1","theSenshi:SailorVenusAssists"],"picked":"theSenshi:KlutzyLuck+1","floor":28},{"not_picked":["theSenshi:TallSilhouette","theSenshi:LunasBite+1","theSenshi:SailorVenusAssists+1"],"picked":"SKIP","floor":29}],"player_experience":654389,"relics_obtained":[{"floor":26,"key":"Darkstone Periapt"}],"event_choices":[{"cards_removed":["theSenshi:SailorKick"],"damage_healed":0.0,"max_hp_gain":0.0,"max_hp_loss":0.0,"gold_gain":0.0,"event_name":"Golden Wing","player_choice":"Card Removal","floor":10.0,"gold_loss":0.0,"damage_taken":7.0},{"damage_healed":41.0,"max_hp_gain":0.0,"max_hp_loss":0.0,"gold_gain":0.0,"event_name":"Wheel of Change","player_choice":"Full Heal","floor":12.0,"gold_loss":0.0,"damage_taken":0.0}],"is_beta":false,"boss_relics":[{"not_picked":["Sozu","Philosopher\u0027s Stone"],"picked":"Black Star"}],"items_purged_floors":[5,8,21],"is_endless":false,"potions_floor_spawned":[2,14,16,20,28],"killed_by":"Snake Plant","ascension_level":0}}