{"host":"d50bw6kybq14xu1u","time":1609077928,"event":{"mods":["BaseMod","Colored Map","Colored Powertips","Minty Spire (QoL Compilation)","Quick Restart"],"gold_per_floor":[118,193,211,311,329,362,372,372,372,397,397,410,410,424,424,520,520,538,156,171,271,283,283,283],"floor_reached":23,"playtime":615,"items_purged":[],"score":203,"play_id":"6170129f-a41c-4445-878d-116fc235379a","local_time":"20201227220528","is_ascension_mode":false,"campfire_choices":[{"data":"Electrodynamics","floor":8,"key":"SMITH"},{"floor":11,"key":"REST"},{"data":"Zap","floor":13,"key":"SMITH"},{"floor":15,"key":"REST"}],"circlet_count":0,"master_deck":["Strike_B","Strike_B","Strike_B","Strike_B","Defend_B","Defend_B","Defend_B","Defend_B","Zap+1","Dualcast","Sweeping Beam","Cold Snap","Defragment","Redo+1","Electrodynamics+1","Consume+1","Chill+1","Rainbow+1","Doom and Gloom","Storm","Panache"],"relics":["Cracked Core","Strawberry","Toxic Egg 2","Ice Cream","StoneCalendar","Nuclear Battery","Membership Card","Molten Egg 2"],"acts_visited":["Exordium","TheCity"],"potions_floor_usage":[],"damage_taken":[{"damage":0,"enemies":"Small Slimes","floor":1,"turns":3},{"damage":6,"enemies":"Jaw Worm","floor":3,"turns":3},{"damage":0,"enemies":"Cultist","floor":5,"turns":3},{"damage":35,"enemies":"Lagavulin","floor":6,"turns":8},{"damage":4,"enemies":"Blue Slaver","floor":7,"turns":3},{"damage":13,"enemies":"Gremlin Nob","floor":10,"turns":3},{"damage":13,"enemies":"Lots of Slimes","floor":12,"turns":2},{"damage":0,"enemies":"2 Fungi Beasts","floor":14,"turns":2},{"damage":35,"enemies":"Slime Boss","floor":16,"turns":5},{"damage":10,"enemies":"Spheric Guardian","floor":18,"turns":3},{"damage":19,"enemies":"3 Byrds","floor":20,"turns":3},{"damage":15,"enemies":"Snake Plant","floor":22,"turns":4},{"damage":45,"enemies":"Book of Stabbing","floor":23,"turns":4}],"seed_played":"-6575583576661865491","potions_obtained":[{"floor":7,"key":"DuplicationPotion"},{"floor":10,"key":"FearPotion"},{"floor":12,"key":"EssenceOfSteel"},{"floor":14,"key":"AttackPotion"},{"floor":16,"key":"EssenceOfDarkness"}],"is_trial":false,"path_per_floor":["M","?","M","?","M","E","M","R","T","E","R","M","R","M","R","B",null,"M","$","M","?","M","E"],"character_chosen":"DEFECT","items_purchased":["Membership Card","Molten Egg 2","Storm","Panache"],"campfire_rested":2,"item_purchase_floors":[19,19,19,19],"current_hp_per_floor":[82,71,65,65,65,30,26,26,26,13,37,24,24,24,48,13,82,72,72,53,53,38,0,0],"gold":283,"neow_bonus":"RANDOM_COMMON_RELIC","is_daily":false,"chose_seed":false,"campfire_upgraded":2,"win_rate":0.0,"timestamp":1609077928,"path_taken":["M","?","M","?","M","E","M","R","T","E","R","M","R","?","R","BOSS","M","$","M","?","?","E"],"items_purchased_type":["Relic","Relic","Card","Card"],"build_version":"2020-12-22","purchased_purges":0,"victory":false,"max_hp_per_floor":[82,82,82,82,82,82,82,82,82,82,82,82,82,82,82,82,82,82,82,82,82,82,82,82],"card_choices":[{"not_picked":["Steam","Leap"],"picked":"Sweeping Beam","floor":1},{"not_picked":["Compile Driver","FTL"],"picked":"Cold Snap","floor":3},{"not_picked":["Gash","Sweeping Beam"],"picked":"Defragment","floor":5},{"not_picked":["Sweeping Beam","Steam+1"],"picked":"Redo+1","floor":6},{"not_picked":["Reinforced Body+1","Streamline"],"picked":"Electrodynamics","floor":7},{"not_picked":["Rebound","Hologram+1","Go for the Eyes"],"picked":"SKIP","floor":10},{"not_picked":["Cold Snap","Leap+1"],"picked":"Consume+1","floor":12},{"not_picked":["Rebound","Go for the Eyes"],"picked":"Chill+1","floor":14},{"not_picked":["Seek+1","Machine Learning"],"picked":"Rainbow+1","floor":16},{"not_picked":["Consume+1","Go for the Eyes+1"],"picked":"Doom and Gloom","floor":18},{"not_picked":["Coolheaded+1","Barrage+1","Doom and Gloom+1"],"picked":"SKIP","floor":20},{"not_picked":["Leap+1","BootSequence+1","Lockon+1"],"picked":"SKIP","floor":22}],"player_experience":30735,"relics_obtained":[{"floor":6,"key":"Toxic Egg 2"},{"floor":9,"key":"Ice Cream"},{"floor":10,"key":"StoneCalendar"}],"event_choices":[{"damage_healed":0,"gold_gain":75,"player_choice":"Gather Gold","damage_taken":11,"max_hp_gain":0,"max_hp_loss":0,"event_name":"World of Goop","floor":2,"gold_loss":0},{"damage_healed":0,"gold_gain":100,"player_choice":"Pray","damage_taken":0,"max_hp_gain":0,"max_hp_loss":0,"event_name":"Golden Shrine","floor":4,"gold_loss":0},{"damage_healed":0,"gold_gain":100,"player_choice":"Pray","damage_taken":0,"max_hp_gain":0,"max_hp_loss":0,"event_name":"Golden Shrine","floor":21,"gold_loss":0}],"is_beta":false,"boss_relics":[{"not_picked":["Busted Crown","Snecko Eye"],"picked":"Nuclear Battery"}],"items_purged_floors":[],"is_endless":false,"potions_floor_spawned":[7,10,12,14,16,20],"killed_by":"Book of Stabbing","ascension_level":0}}