{"host":"dcj2yvrgcvh5dl2s","time":1609049478,"event":{"mods":["BaseMod","Better Note","Block Reminder","Colored Powertips","DeckTracker","Minty Spire (QoL Compilation)","Quick Restart","Rare Cards Sparkle","Relic Stats","StSLib"],"gold_per_floor":[116,116,126,1,1,1,21,21,46,46,66,105,105,130,130,130,130],"floor_reached":16,"playtime":4422,"items_purged":[],"score":180,"play_id":"dcb252f1-5f2c-4a0d-ae08-3d3622ecbbf6","local_time":"20201227161118","is_ascension_mode":true,"campfire_choices":[{"data":"Panacea","floor":6,"key":"SMITH"},{"data":"True Grit","floor":8,"key":"SMITH"},{"floor":13,"key":"REST"},{"data":"Bash","floor":15,"key":"SMITH"}],"circlet_count":0,"master_deck":["AscendersBane","Strike_R","Strike_R","Strike_R","Strike_R","Defend_R","Defend_R","Defend_R","Defend_R","Bash+1","Sword Boomerang","Shrug It Off","Panacea+1","True Grit+1","Impervious"],"relics":["Burning Blood","NeowsBlessing","Orichalcum","Golden Idol","Letter Opener"],"acts_visited":["Exordium"],"potions_floor_usage":[12],"damage_taken":[{"damage":0,"enemies":"2 Louse","floor":1,"turns":1},{"damage":0,"enemies":"Cultist","floor":3,"turns":1},{"damage":0,"enemies":"Jaw Worm","floor":7,"turns":1},{"damage":17,"enemies":"Blue Slaver","floor":11,"turns":7},{"damage":27,"enemies":"Gremlin Nob","floor":12,"turns":6},{"damage":0,"enemies":"3 Louse","floor":14,"turns":5},{"damage":61,"enemies":"Slime Boss","floor":16,"turns":11}],"seed_played":"-87281338591584885","potions_obtained":[{"floor":3,"key":"BloodPotion"},{"floor":12,"key":"LiquidBronze"}],"is_trial":false,"path_per_floor":["M","?","M","$","$","R","M","R","T","?","M","E","R","M","R","B"],"character_chosen":"IRONCLAD","items_purchased":["Panacea","True Grit"],"campfire_rested":1,"item_purchase_floors":[4,4],"current_hp_per_floor":[74,74,75,75,75,75,75,75,75,49,38,32,54,60,60,0,0],"gold":130,"neow_bonus":"THREE_ENEMY_KILL","is_daily":false,"chose_seed":false,"campfire_upgraded":3,"win_rate":0.0,"timestamp":1609049478,"path_taken":["M","?","M","?","$","R","M","R","T","?","M","E","R","M","R","BOSS"],"items_purchased_type":["Card","Card"],"build_version":"2020-12-22","purchased_purges":0,"victory":false,"max_hp_per_floor":[75,75,75,75,75,75,75,75,75,75,75,75,75,75,75,75,75],"relic_stats":{"counters":[7,32],"Golden Idol":17,"Letter Opener":[20],"Orichalcum":[66],"obtain_stats":[{"NeowsBlessing":0,"Golden Idol":10,"Letter Opener":12,"Orichalcum":9,"Burning Blood":0},{"NeowsBlessing":0,"Golden Idol":3,"Letter Opener":5,"Orichalcum":3,"Burning Blood":0},{"NeowsBlessing":0,"Golden Idol":3,"Letter Opener":16,"Orichalcum":3,"Burning Blood":0}],"Burning Blood":25},"card_choices":[{"not_picked":["Iron Wave","Dual Wield"],"picked":"Sword Boomerang","floor":1},{"not_picked":["Infernal Blade","Armaments"],"picked":"Shrug It Off","floor":3},{"not_picked":["Sword Boomerang","Clothesline"],"picked":"Impervious","floor":7},{"not_picked":["Spot Weakness","Second Wind","Sentinel"],"picked":"SKIP","floor":11},{"not_picked":["Power Through","Second Wind","Fiend Fire"],"picked":"SKIP","floor":12},{"not_picked":["Wild Strike","Perfected Strike","Armaments"],"picked":"SKIP","floor":14}],"player_experience":2046556,"relics_obtained":[{"floor":9,"key":"Orichalcum"},{"floor":12,"key":"Letter Opener"}],"event_choices":[{"cards_removed":["Strike_R"],"damage_healed":0,"gold_gain":0,"player_choice":"Purged","damage_taken":0,"max_hp_gain":0,"max_hp_loss":0,"event_name":"Purifier","floor":2,"gold_loss":0},{"damage_healed":0,"gold_gain":0,"player_choice":"Take Damage","damage_taken":26,"relics_obtained":["Golden Idol"],"max_hp_gain":0,"max_hp_loss":0,"event_name":"Golden Idol","floor":10,"gold_loss":0}],"is_beta":false,"boss_relics":[],"items_purged_floors":[],"is_endless":false,"potions_floor_spawned":[3,12],"killed_by":"Slime Boss","ascension_level":16}}