{"host":"w4b7hmige5bnqipq","time":1609094879,"event":{"mods":["BaseMod","Minty Spire (QoL Compilation)","Rare Cards Sparkle","SuperFastMode","everything is the same but u backflip on backflip","slay the spire mod where everything is the same but ironclad has a cowboy hat"],"gold_per_floor":[17,29,47,58,68,93,93,113,183,183,108,108,133,149,149,222,222,236,82,132,132,150,175,175,207,207,207,232,232,261,281,281,355,355,369,382,382,54,67,93,93,93,93,112,137,137,166,186,186,186,186],"floor_reached":50,"playtime":2298,"items_purged":["Reflex"],"score":1315,"play_id":"ef809add-c69a-4e52-b189-1f9886446fa6","local_time":"20201228034759","is_ascension_mode":true,"campfire_choices":[{"data":"Envenom","floor":7.0,"key":"SMITH"},{"data":"Calculated Gamble","floor":10.0,"key":"SMITH"},{"data":"Neutralize","floor":12.0,"key":"SMITH"},{"data":"Blade Dance","floor":15.0,"key":"SMITH"},{"data":"Finisher","floor":24.0,"key":"SMITH"},{"data":"Night Terror","floor":27.0,"key":"SMITH"},{"data":"Infinite Blades","floor":32.0,"key":"SMITH"},{"floor":41,"key":"RECALL"},{"data":"Phantasmal Killer","floor":46,"key":"SMITH"},{"floor":49,"key":"REST"}],"circlet_count":0,"master_deck":["AscendersBane","Defend_G","Defend_G","Defend_G","Defend_G","Defend_G","Survivor","Neutralize+1","Envenom+1","Calculated Gamble+1","Masterful Stab+1","Dagger Spray","Blade Dance+1","Dagger Throw","PiercingWail","Infinite Blades+1","Night Terror+1","Crippling Poison+1","Backflip+1","Reflex+1","Finisher+1","Acrobatics","Cloak And Dagger+1","After Image","Phantasmal Killer+1"],"relics":["Ring of the Snake","Orichalcum","Ninja Scroll","Mango","Astrolabe","Oddly Smooth Stone","Thread and Needle","Blood Vial","Tough Bandages","Happy Flower","Whetstone","Philosopher\u0027s Stone","Bird Faced Urn","CaptainsWheel","Centennial Puzzle","PreservedInsect"],"acts_visited":["Exordium","TheCity","TheBeyond"],"potions_floor_usage":[39,50],"damage_taken":[{"damage":1.0,"enemies":"Cultist","floor":1.0,"turns":4.0},{"damage":4.0,"enemies":"Jaw Worm","floor":2.0,"turns":5.0},{"damage":7.0,"enemies":"Small Slimes","floor":3.0,"turns":3.0},{"damage":9.0,"enemies":"Exordium Wildlife","floor":4.0,"turns":4.0},{"damage":22.0,"enemies":"Large Slime","floor":5.0,"turns":7.0},{"damage":17.0,"enemies":"Lagavulin","floor":6.0,"turns":7.0},{"damage":1.0,"enemies":"Blue Slaver","floor":8.0,"turns":3.0},{"damage":0.0,"enemies":"Gremlin Nob","floor":13.0,"turns":2.0},{"damage":1.0,"enemies":"Looter","floor":14.0,"turns":3.0},{"damage":12.0,"enemies":"Hexaghost","floor":16.0,"turns":8.0},{"damage":0.0,"enemies":"Chosen","floor":18.0,"turns":3.0},{"damage":5.0,"enemies":"Shell Parasite","floor":22.0,"turns":3.0},{"damage":8.0,"enemies":"Slavers","floor":23.0,"turns":5.0},{"damage":4.0,"enemies":"Gremlin Leader","floor":25.0,"turns":4.0},{"damage":19.0,"enemies":"Book of Stabbing","floor":28.0,"turns":4.0},{"damage":6.0,"enemies":"Gremlin Leader","floor":30.0,"turns":5.0},{"damage":0.0,"enemies":"Centurion and Healer","floor":31.0,"turns":4.0},{"damage":55,"enemies":"Automaton","floor":33,"turns":9},{"damage":0,"enemies":"3 Shapes","floor":35,"turns":5},{"damage":11,"enemies":"3 Darklings","floor":36,"turns":5},{"damage":20,"enemies":"Transient","floor":39,"turns":6},{"damage":34,"enemies":"Nemesis","floor":40,"turns":9},{"damage":0,"enemies":"Sphere and 2 Shapes","floor":44,"turns":5},{"damage":37,"enemies":"Giant Head","floor":45,"turns":8},{"damage":14,"enemies":"Reptomancer","floor":47,"turns":5},{"damage":10,"enemies":"3 Darklings","floor":48,"turns":4},{"damage":61,"enemies":"Awakened One","floor":50,"turns":10}],"seed_played":"8990203266501605869","potions_obtained":[{"floor":1.0,"key":"FairyPotion"},{"floor":4.0,"key":"Fruit Juice"},{"floor":6.0,"key":"BlessingOfTheForge"},{"floor":16.0,"key":"ColorlessPotion"},{"floor":23.0,"key":"Energy Potion"},{"floor":30.0,"key":"FairyPotion"},{"floor":36,"key":"Poison Potion"},{"floor":44,"key":"SmokeBomb"},{"floor":45,"key":"Swift Potion"}],"is_trial":false,"path_per_floor":["M","M","M","M","M","E","R","M","T","R","?","R","E","M","R","B",null,"M","$","?","T","M","E","R","E","T","R","E","?","E","M","R","B",null,"M","M","?","$","M","E","R","?","T","M","E","R","E","M","R","B"],"character_chosen":"THE_SILENT","items_purchased":["Finisher","Bird Faced Urn"],"campfire_rested":1,"item_purchase_floors":[19,38],"current_hp_per_floor":[58,54,47,38,21,4,4,3,3,3,3,3,17,16,16,4,65,65,65,65,65,60,52,52,48,48,48,31,31,27,29,29,15,68,70,61,61,61,49,23,23,23,23,31,2,2,27,25,50,0,0],"gold":186,"neow_bonus":"THREE_RARE_CARDS","is_daily":false,"chose_seed":false,"campfire_upgraded":8,"win_rate":0.0,"timestamp":1609094879,"path_taken":["M","M","M","M","?","E","R","M","T","R","?","R","E","M","R","BOSS","M","$","?","?","M","E","R","E","T","R","E","?","E","M","R","BOSS","M","M","?","$","M","E","R","?","T","M","E","R","E","M","R","BOSS"],"items_purchased_type":["Card","Relic"],"build_version":"2020-12-22","purchased_purges":1,"victory":false,"max_hp_per_floor":[66,66,66,66,71,71,71,71,71,71,71,71,85,85,85,85,85,85,85,85,85,85,85,85,85,85,85,85,85,85,85,85,85,85,85,85,85,85,85,85,85,85,85,85,85,85,85,85,85,85,85],"card_choices":[{"not_picked":["Bullet Time","Doppelganger"],"picked":"Envenom","floor":0.0},{"not_picked":["Catalyst","Dodge and Roll"],"picked":"Calculated Gamble","floor":1.0},{"not_picked":["Dash","Quick Slash"],"picked":"Masterful Stab","floor":2.0},{"not_picked":["Outmaneuver","Cloak And Dagger"],"picked":"Dagger Spray","floor":3.0},{"not_picked":["Dash","Deflect"],"picked":"Blade Dance","floor":4.0},{"not_picked":["A Thousand Cuts","Dash"],"picked":"Dagger Throw","floor":5.0},{"not_picked":["Dagger Throw","Underhanded Strike","Calculated Gamble"],"picked":"SKIP","floor":6.0},{"not_picked":["Underhanded Strike","Outmaneuver"],"picked":"PiercingWail","floor":8.0},{"not_picked":["Blade Dance","Quick Slash"],"picked":"Infinite Blades","floor":13.0},{"not_picked":["Blade Dance","Tactician"],"picked":"Reflex","floor":14.0},{"not_picked":["Unload","Malaise"],"picked":"Night Terror","floor":16.0},{"not_picked":["Endless Agony","Dagger Spray","Leg Sweep"],"picked":"SKIP","floor":18.0},{"not_picked":["Backflip","Dagger Spray","Bane"],"picked":"SKIP","floor":22.0},{"not_picked":["Quick Slash","Deadly Poison","Leg Sweep"],"picked":"SKIP","floor":23.0},{"not_picked":["Skewer+1","Deadly Poison"],"picked":"Acrobatics","floor":25.0},{"not_picked":["Caltrops","Acrobatics+1","Setup"],"picked":"SKIP","floor":28.0},{"not_picked":["Doppelganger","Bane","Masterful Stab"],"picked":"SKIP","floor":30.0},{"not_picked":["Crippling Poison","Dodge and Roll+1"],"picked":"Cloak And Dagger+1","floor":31.0},{"not_picked":["Glass Knife","Tools of the Trade"],"picked":"After Image","floor":33},{"not_picked":["Blade Dance","Outmaneuver","Quick Slash"],"picked":"SKIP","floor":35},{"not_picked":["Flying Knee","Poisoned Stab","Heel Hook+1"],"picked":"SKIP","floor":36},{"not_picked":["Flying Knee","Slice","Backstab"],"picked":"SKIP","floor":39},{"not_picked":["Dodge and Roll","Acrobatics","PiercingWail"],"picked":"SKIP","floor":40},{"not_picked":["Backflip","Cloak And Dagger","Slice+1"],"picked":"SKIP","floor":44},{"not_picked":["Blade Dance+1","Cloak And Dagger+1"],"picked":"Phantasmal Killer","floor":45},{"not_picked":["Quick Slash+1","Setup+1","Blade Dance+1"],"picked":"SKIP","floor":47},{"not_picked":["Deadly Poison","Backstab","Underhanded Strike"],"picked":"SKIP","floor":48}],"player_experience":430016,"relics_obtained":[{"floor":6.0,"key":"Orichalcum"},{"floor":9.0,"key":"Ninja Scroll"},{"floor":13.0,"key":"Mango"},{"floor":21.0,"key":"Oddly Smooth Stone"},{"floor":23.0,"key":"Thread and Needle"},{"floor":25.0,"key":"Blood Vial"},{"floor":26.0,"key":"Tough Bandages"},{"floor":28.0,"key":"Happy Flower"},{"floor":30.0,"key":"Whetstone"},{"floor":40,"key":"CaptainsWheel"},{"floor":45,"key":"Centennial Puzzle"},{"floor":47,"key":"PreservedInsect"}],"event_choices":[{"cards_removed":["Strike_G"],"damage_healed":0.0,"max_hp_gain":0.0,"max_hp_loss":0.0,"gold_gain":0.0,"event_name":"The Cleric","player_choice":"Card Removal","floor":11.0,"gold_loss":75.0,"damage_taken":0.0},{"damage_healed":0.0,"max_hp_gain":0.0,"max_hp_loss":0.0,"gold_gain":50.0,"event_name":"Nest","player_choice":"Stole From Cult","floor":20.0,"gold_loss":0.0,"damage_taken":0.0},{"damage_healed":0.0,"max_hp_gain":0.0,"max_hp_loss":0.0,"gold_gain":0.0,"event_name":"Ghosts","player_choice":"Ignored","floor":29.0,"gold_loss":0.0,"damage_taken":0.0},{"damage_healed":0,"gold_gain":0,"player_choice":"Ignored","damage_taken":0,"max_hp_gain":0,"max_hp_loss":0,"event_name":"Tomb of Lord Red Mask","floor":37,"gold_loss":0},{"cards_removed":["Strike_G"],"damage_healed":0,"gold_gain":0,"player_choice":"Removed Attack","damage_taken":0,"max_hp_gain":0,"max_hp_loss":0,"event_name":"Falling","floor":42,"gold_loss":0}],"is_beta":false,"boss_relics":[{"not_picked":["SacredBark","Tiny House"],"picked":"Astrolabe"},{"not_picked":["Calling Bell","Runic Dome"],"picked":"Philosopher\u0027s Stone"}],"items_purged_floors":[19],"is_endless":false,"potions_floor_spawned":[1,4,6,16,23,25,30,36,44,45],"killed_by":"Awakened One","ascension_level":20}}