{"host":"2c1pg2m9wpz3w4c0","time":1609044045,"event":{"mods":["AchievementEnabler","Act Like it!","Aspiration","BaseMod","Better Note","BetterRewards","Disable Question Mark Monsters","Halation","Hubris","Infinite Spire","Lotus Mark","Marisa????????","Minty Spire (QoL Compilation)","Replay The Spire","StSLib","SuperFastMode","The Clintock","The Jungle","The Runesmith","Transform Curses"],"gold_per_floor":[111,76,93,93,111,125,125,125,148,81,101,121,138,157,157,252,252,262,262,279,294,294,294,319,334,334,334,334,97,97,149,149,253,253,264,264,68,68,68,68,68,78,78,78,93,106,156,168,168,168,168],"floor_reached":50,"playtime":1897,"items_purged":[],"score":659,"play_id":"7b246bf7-463e-4375-84bc-8bb32f1c5d8e","local_time":"20201226214045","is_ascension_mode":false,"campfire_choices":[{"data":"hubris:ReadiedAction","floor":8,"key":"SMITH"},{"floor":15,"key":"REST"},{"floor":23,"key":"REST"},{"data":"Demon Form","floor":30,"key":"SMITH"},{"floor":32,"key":"REST"},{"data":"Limit Break","floor":40,"key":"SMITH"},{"floor":49,"key":"REST"}],"circlet_count":0,"master_deck":["Strike_R","Strike_R","Strike_R","Defend_R","Defend_R","Bash","Impervious","hubris:CleavingFinish","Inflame+1","hubris:SharpeningStone","Shrug It Off","Dark Embrace+1","ReplayTheSpireMod:Muscle Training+1","hubris:ReadiedAction+1","Flame Barrier","Perfected Strike","Twin Strike","Carnage","Anger","Berserk","Blood for Blood+1","Eclipse+1","Ghostly Armor+1","Cleave","Runesmith:Fortify+1","hubris:ReadiedAction","Metallicize+1","Rage+1","Demon Form+1","Flex","Disarm","Limit Break+1","CurseOfTheBell","Clash+1","Shrug It Off+1","Writhe","Bash","Shrug It Off+1","infinitespire:SevenWalls","Flex+1","Shrug It Off+1","Anger","Cleave+1","Body Slam"],"relics":["Burning Blood","halation:SwordOfLegend","Calipers","halation:PromiseList","Astrolabe","halation:PinkSoulGem","Nunchaku","Thread and Needle","Vajra","Calling Bell","Dream Catcher","Toxic Egg 2","Incense Burner","Bronze Scales","War Paint","halation:Jellyphish","aspiration:HatOfInfinitePower","Letter Opener"],"acts_visited":["Exordium","theJungle:Jungle","TheBeyond"],"potions_floor_usage":[1,4,13,16,16,21,35,35,42,47],"damage_taken":[{"damage":13,"enemies":"Jaw Worm","floor":1,"turns":4},{"damage":0,"enemies":"Small Slimes","floor":3,"turns":3},{"damage":9,"enemies":"Cultist","floor":5,"turns":5},{"damage":9,"enemies":"Large Slime","floor":6,"turns":6},{"damage":11,"enemies":"Exordium Wildlife","floor":11,"turns":6},{"damage":5,"enemies":"Red Slaver","floor":12,"turns":4},{"damage":7,"enemies":"2 Fungi Beasts","floor":13,"turns":4},{"damage":20,"enemies":"Blue Slaver","floor":14,"turns":3},{"damage":43,"enemies":"Hexaghost","floor":16,"turns":7},{"damage":11,"enemies":"Shell Parasite","floor":18,"turns":4},{"damage":3,"enemies":"theJungle:MUSHROOMGANG","floor":20,"turns":4},{"damage":42,"enemies":"theJungle:2_Flameangoes","floor":21,"turns":9},{"damage":33,"enemies":"theJungle:Lyon","floor":25,"turns":6},{"damage":3,"enemies":"theJungle:QueenSpyder","floor":33,"turns":9},{"damage":26,"enemies":"3 Darklings","floor":35,"turns":7},{"damage":37,"enemies":"3 Shapes","floor":42,"turns":5},{"damage":19,"enemies":"Spire Growth","floor":45,"turns":6},{"damage":20,"enemies":"Transient","floor":46,"turns":5},{"damage":0,"enemies":"Mind Bloom Boss Battle","floor":47,"turns":9},{"damage":28,"enemies":"Maw","floor":48,"turns":8},{"damage":89,"enemies":"Awakened One","floor":50,"turns":11}],"seed_played":"-645077556531026227","potions_obtained":[{"floor":3,"key":"Fruit Juice"},{"floor":5,"key":"SpeedPotion"},{"floor":11,"key":"PowerPotion"},{"floor":12,"key":"SteroidPotion"},{"floor":18,"key":"ElixirPotion"},{"floor":25,"key":"Strength Potion"},{"floor":33,"key":"SkillPotion"},{"floor":35,"key":"BloodPotion"},{"floor":46,"key":"SpeedPotion"}],"is_trial":false,"path_per_floor":["M","?","M","?","M","M","?","R","T","$","M","M","M","M","R","B",null,"M","?","M","M","?","R","T","M","T","?","?","$","R","T","R","B",null,"M","?","$","?","$","R","?","M","T","AVR","M","M","?","M","R","B"],"character_chosen":"IRONCLAD","items_purchased":["halation:SwordOfLegend","Impervious","hubris:CleavingFinish","Inflame","Block Potion","Flame Barrier","Demon Form","Flex","Disarm","Bronze Scales","Shrug It Off+1"],"campfire_rested":4,"item_purchase_floors":[0,0,0,0,0,10,29,29,29,37,37],"current_hp_per_floor":[38,58,64,69,66,63,63,75,75,75,70,71,70,56,85,48,85,80,80,83,47,47,81,81,54,54,54,54,54,57,57,82,85,85,65,74,74,85,85,85,85,71,71,71,58,44,50,28,62,0,0],"gold":168,"neow_bonus":"","is_daily":false,"chose_seed":false,"campfire_upgraded":3,"win_rate":0.0,"timestamp":1609044045,"path_taken":["M","?","M","?","M","M","?","R","T","$","M","?","M","M","R","BOSS","M","?","?","M","?","R","?","M","T","?","?","$","R","?","R","BOSS","M","?","$","?","?","R","?","M","T","AVR","M","?","?","M","R","BOSS"],"items_purchased_type":["Relic","Card","Card","Card","Potion","Card","Card","Card","Card","Relic","Card"],"build_version":"2020-12-22","purchased_purges":0,"victory":false,"max_hp_per_floor":[80,80,80,85,85,85,85,85,85,85,85,85,85,85,85,85,85,85,85,85,85,85,85,85,85,85,85,85,85,85,85,85,85,85,85,85,85,85,85,85,85,85,85,85,85,85,85,85,85,85,85],"card_choices":[{"not_picked":["Perfected Strike","Thunderclap"],"picked":"hubris:SharpeningStone","floor":1},{"not_picked":["Pommel Strike","True Grit"],"picked":"Shrug It Off","floor":3},{"not_picked":["hubris:ReadiedAction","Run Through"],"picked":"ReplayTheSpireMod:Muscle Training","floor":5},{"not_picked":["Havoc","Body Slam"],"picked":"hubris:ReadiedAction","floor":6},{"not_picked":["Pommel Strike","Run Through"],"picked":"Perfected Strike","floor":11},{"not_picked":["Clash","Hemokinesis"],"picked":"Twin Strike","floor":12},{"not_picked":["Armaments","Rupture"],"picked":"Carnage","floor":13},{"not_picked":["Iron Wave","Heavy Blade"],"picked":"Anger","floor":14},{"not_picked":["Barricade","Juggernaut"],"picked":"Berserk","floor":16},{"not_picked":["Hemokinesis","ReplayTheSpireMod:Strike From Hell"],"picked":"Cleave","floor":18},{"not_picked":["Havoc","Rage"],"picked":"hubris:ReadiedAction","floor":20},{"not_picked":["Battle Trance","Clash"],"picked":"Metallicize+1","floor":21},{"not_picked":["Sentinel","ReplayReversal"],"picked":"Rage","floor":25},{"not_picked":["Double Tap","Barricade"],"picked":"Limit Break","floor":33},{"not_picked":["Warcry+1","Wild Strike"],"picked":"Clash+1","floor":35},{"not_picked":["Heavy Blade","Replay:Undeath\u0027s Touch+1"],"picked":"Shrug It Off+1","floor":42},{"not_picked":["Pummel+1","ReplayTheSpireMod:Strike From Hell"],"picked":"Flex+1","floor":45},{"not_picked":["Thunderclap","Clothesline"],"picked":"Shrug It Off+1","floor":46},{"not_picked":["Shrug It Off+1","Replay:Undeath\u0027s Touch"],"picked":"Anger","floor":47},{"not_picked":["Impervious+1","True Grit+1"],"picked":"Cleave+1","floor":48},{"not_picked":["True Grit+1","Replay:Undeath\u0027s Touch+1"],"picked":"Body Slam","floor":49}],"player_experience":1145295,"relics_obtained":[{"floor":9,"key":"halation:PromiseList"},{"floor":24,"key":"Nunchaku"},{"floor":26,"key":"Thread and Needle"},{"floor":31,"key":"Vajra"},{"floor":34,"key":"Dream Catcher"},{"floor":34,"key":"Toxic Egg 2"},{"floor":34,"key":"Incense Burner"},{"floor":43,"key":"War Paint"},{"floor":47,"key":"aspiration:HatOfInfinitePower"}],"event_choices":[{"damage_healed":20,"gold_gain":0,"player_choice":"Healed","damage_taken":0,"max_hp_gain":0,"max_hp_loss":0,"event_name":"The Cleric","floor":2,"gold_loss":35},{"damage_healed":0,"gold_gain":0,"player_choice":"Upgraded","damage_taken":0,"max_hp_gain":0,"max_hp_loss":0,"event_name":"Upgrade Shrine","floor":7,"gold_loss":0,"cards_upgraded":["Inflame"]},{"cards_removed":["Inflame"],"damage_healed":0,"gold_gain":0,"player_choice":"Take \u0026 Give","damage_taken":0,"max_hp_gain":0,"max_hp_loss":0,"event_name":"betterNote:BetterNote","floor":19,"gold_loss":0,"cards_obtained":["Runesmith:Fortify"]},{"damage_healed":21,"gold_gain":0,"player_choice":"Writhe","damage_taken":0,"max_hp_gain":0,"max_hp_loss":0,"event_name":"Winding Halls","floor":38,"gold_loss":0,"cards_obtained":["Writhe"]},{"damage_healed":0,"gold_gain":0,"player_choice":"1 cards matched","damage_taken":0,"max_hp_gain":0,"max_hp_loss":0,"event_name":"Match and Keep!","floor":41,"gold_loss":0,"cards_obtained":["Bash"]},{"damage_healed":0,"gold_gain":0,"player_choice":"Fight","damage_taken":0,"max_hp_gain":0,"max_hp_loss":0,"event_name":"MindBloom","floor":47,"gold_loss":0}],"is_beta":false,"boss_relics":[{"not_picked":["halation:CatFaceCupcake","Replay:Grab Bag"],"picked":"Astrolabe"},{"not_picked":["Honey Jar","Pandora\u0027s Box"],"picked":"Calling Bell"}],"items_purged_floors":[],"is_endless":false,"potions_floor_spawned":[3,5,11,12,18,25,33,35,46],"killed_by":"Awakened One","ascension_level":0}}