{"host":"uyrebrj0204enqpc","time":1609105157,"event":{"mods":["Act Like it!","Bard","BaseMod","Block Reminder","Challenge The Spire","Colored Map","Colored Powertips","DeckTracker","Downfall","GifTheSpireLib","HexUI Lib","Highlight Path","Hubris","Infinite Spire","Minty Spire (QoL Compilation)","Quick Restart","Random Character Button","Relic Sorter","Relic Stats","Replay The Spire","Shop Mod","StSLib","The Blue Laboratory","The Bug Knight","The Cursed","The Jungle","The Marked","Wandering Minibosses"],"gold_per_floor":[368,129,146,146,162,192,192,224,224,243,258,358,376,393,393,492,492,507,533,533,533,533],"floor_reached":21,"playtime":748,"items_purged":["Defend_R"],"score":201,"play_id":"b1ef00f3-7c4a-4f7f-be1c-19217330a1c8","local_time":"20201227163917","is_ascension_mode":true,"campfire_choices":[{"data":"expansioncontent:HyperBeam","floor":7.0,"key":"SMITH"},{"data":"Demon Form","floor":15.0,"key":"SMITH"}],"circlet_count":0,"master_deck":["Strike_R","Strike_R","Strike_R","Strike_R","Strike_R","Defend_R","Defend_R","Defend_R","Bash","Strike_G","hubris:Defend_Merchant","Replay:Undeath\u0027s Touch","Replay:Undeath\u0027s Touch","Sword Boomerang","expansioncontent:HyperBeam+1","Demon Form+1","ReplayTheSpireMod:Stacked","hubris:ReadiedAction","Feed","Replay:Undeath\u0027s Touch","Shrug It Off","Demonic Infusion","ReplayTheSpireMod:LeadingStrike+1"],"relics":["Burning Blood","hubris:Icosahedron","BargainBundle","hubris:BottledRain","Mummified Hand","Sundial","hubris:TerracottaHorce","Red Mask","hubris:BottledHeart"],"acts_visited":["Exordium","TheCity"],"potions_floor_usage":[16,19,19],"damage_taken":[{"damage":13.0,"enemies":"infinitespire:Voidling","floor":1.0,"turns":4.0},{"damage":11.0,"enemies":"Jaw Worm","floor":3.0,"turns":2.0},{"damage":0.0,"enemies":"Small Slimes","floor":5.0,"turns":2.0},{"damage":22.0,"enemies":"HollowMod:MossKnight","floor":6.0,"turns":7.0},{"damage":6.0,"enemies":"Lagavulin","floor":8.0,"turns":6.0},{"damage":14.0,"enemies":"Gremlin Gang","floor":10.0,"turns":3.0},{"damage":11.0,"enemies":"Exordium Wildlife","floor":11.0,"turns":2.0},{"damage":0.0,"enemies":"Large Slime","floor":13.0,"turns":4.0},{"damage":15.0,"enemies":"3 Louse","floor":14.0,"turns":4.0},{"damage":22,"enemies":"Slime Boss","floor":16,"turns":7},{"damage":32,"enemies":"Chosen","floor":18,"turns":7},{"damage":43,"enemies":"Masked Bandits","floor":19,"turns":4}],"seed_played":"435674739646678011","potions_obtained":[{"floor":1.0,"key":"sneckomod:MuddlingPotion"},{"floor":11.0,"key":"blueLaboratory:LouseDecoction"},{"floor":14.0,"key":"SteroidPotion"},{"floor":16,"key":"Flashbang"},{"floor":19,"key":"blueLaboratory:PolymorphPotion"}],"is_trial":false,"path_per_floor":["M","$","M","?","M","E","R","E","T","M","M","?","M","M","R","B",null,"M","?","?","?"],"character_chosen":"IRONCLAD","items_purchased":["BargainBundle","Replay:Undeath\u0027s Touch","Sword Boomerang","blueLaboratory:FrostheartPotion","blueLaboratory:LouseDecoction","expansioncontent:HyperBeam","Demon Form"],"campfire_rested":0,"item_purchase_floors":[2,2,2,2,2,2,2],"current_hp_per_floor":[73,73,68,68,74,58,58,58,58,50,45,45,51,45,45,32,73,60,26,1,0,0],"gold":533,"neow_bonus":"TWO_FIFTY_GOLD","is_daily":false,"chose_seed":false,"campfire_upgraded":2,"win_rate":0.0,"timestamp":1609105157,"path_taken":["M","$","?","?","M","E","R","E","T","M","M","?","?","M","R","BOSS","M","?","?","?"],"items_purchased_type":["Relic","Card","Card","Potion","Potion","Card","Card"],"build_version":"2020-12-22","purchased_purges":1,"victory":false,"max_hp_per_floor":[80,80,80,80,80,80,80,80,80,80,80,80,80,83,83,86,86,86,89,1,1,1],"relic_stats":{"counters":[12,52],"Mummified Hand":[6],"Sundial":[0],"obtain_stats":[{"BargainBundle":2,"hubris:Icosahedron":4,"Mummified Hand":8,"Sundial":9,"hubris:BottledHeart":20,"Red Mask":19,"Burning Blood":0,"hubris:BottledRain":6,"hubris:TerracottaHorce":17},{"BargainBundle":1,"hubris:Icosahedron":2,"Mummified Hand":5,"Sundial":5,"hubris:BottledHeart":12,"Red Mask":12,"Burning Blood":0,"hubris:BottledRain":4,"hubris:TerracottaHorce":10},{"BargainBundle":4,"hubris:Icosahedron":6,"Mummified Hand":21,"Sundial":21,"hubris:BottledHeart":52,"Red Mask":52,"Burning Blood":0,"hubris:BottledRain":15,"hubris:TerracottaHorce":41}],"Burning Blood":72},"card_choices":[{"not_picked":["ReplayTheSpireMod:Strike From Hell","hubris:ReadiedAction"],"picked":"Replay:Undeath\u0027s Touch","floor":1.0},{"not_picked":["Heavy Blade","Twin Strike"],"picked":"ReplayTheSpireMod:Stacked","floor":3.0},{"not_picked":["Spot Weakness","Headbutt"],"picked":"hubris:ReadiedAction","floor":5.0},{"not_picked":["Headbutt","Life Link","Pommel Strike"],"picked":"SKIP","floor":6.0},{"not_picked":["Twin Strike","Massacre"],"picked":"Feed","floor":8.0},{"not_picked":["Wild Strike","Armaments"],"picked":"Replay:Undeath\u0027s Touch","floor":10.0},{"not_picked":["Headbutt","Sword Boomerang","Entrench"],"picked":"SKIP","floor":11.0},{"not_picked":["Spot Weakness","Heavy Blade"],"picked":"Shrug It Off","floor":13.0},{"not_picked":["Brutality","Run Through","ReplayTheSpireMod:Stacked"],"picked":"SKIP","floor":14.0},{"not_picked":["Corruption","Impervious"],"picked":"Demonic Infusion","floor":16},{"not_picked":["Replay:Undeath\u0027s Touch","Pommel Strike"],"picked":"ReplayTheSpireMod:LeadingStrike+1","floor":18}],"player_experience":954270,"relics_obtained":[{"floor":6.0,"key":"hubris:BottledRain"},{"floor":8.0,"key":"Mummified Hand"},{"floor":9.0,"key":"Sundial"},{"floor":19,"key":"Red Mask"}],"event_choices":[{"damage_healed":0.0,"max_hp_gain":0.0,"max_hp_loss":0.0,"gold_gain":100.0,"event_name":"Golden Shrine","player_choice":"Pray","floor":12.0,"gold_loss":0.0,"damage_taken":0.0},{"damage_healed":0,"gold_gain":0,"player_choice":"Fought Bandits","damage_taken":0,"max_hp_gain":0,"max_hp_loss":0,"event_name":"Masked Bandits","floor":19,"gold_loss":0},{"damage_healed":0,"gold_gain":0,"player_choice":"Joined the Cult","damage_taken":6,"max_hp_gain":0,"max_hp_loss":0,"event_name":"Nest","floor":21,"gold_loss":0,"cards_obtained":["RitualDagger"]}],"is_beta":false,"boss_relics":[{"not_picked":["Coffee Dripper","infinitespire:Burning Sword"],"picked":"hubris:TerracottaHorce"}],"items_purged_floors":[2],"is_endless":false,"potions_floor_spawned":[1,5,11,14,16,18,19],"ascension_level":1}}