{"host":"5cnm2qapaqj5mmu7","time":1609063894,"event":{"mods":["BaseMod","Bestiary","Colored Map","Minty Spire (QoL Compilation)","StSLib"],"gold_per_floor":[114,131,131,143,156,184,197,227,250,279,279,59,75,75,75,75,75],"floor_reached":16,"playtime":756,"items_purged":["Strike_R"],"score":140,"play_id":"022bc56c-4c38-4ff5-be56-87d4be357ca8","local_time":"20201227111134","is_ascension_mode":true,"campfire_choices":[{"data":"Double Tap","floor":15,"key":"SMITH"}],"circlet_count":0,"master_deck":["Strike_R","Strike_R","Strike_R","Strike_R","Defend_R","Defend_R","Defend_R","Defend_R","Bash","Dramatic Entrance","Thunderclap","True Grit+1","Twin Strike","Feed","Double Tap+1","Dropkick","Injury"],"relics":["Burning Blood","Mercury Hourglass","Meat on the Bone","Bag of Marbles","Strawberry","Oddly Smooth Stone","Bag of Preparation","Golden Idol"],"acts_visited":["Exordium"],"potions_floor_usage":[6],"damage_taken":[{"damage":7,"enemies":"Jaw Worm","floor":1,"turns":2},{"damage":1,"enemies":"Cultist","floor":2,"turns":3},{"damage":0,"enemies":"Small Slimes","floor":4,"turns":2},{"damage":8,"enemies":"Blue Slaver","floor":5,"turns":3},{"damage":32,"enemies":"Lagavulin","floor":6,"turns":6},{"damage":3,"enemies":"2 Fungi Beasts","floor":7,"turns":2},{"damage":22,"enemies":"3 Sentries","floor":8,"turns":6},{"damage":18,"enemies":"Gremlin Nob","floor":10,"turns":3},{"damage":0,"enemies":"Gremlin Gang","floor":13,"turns":1},{"damage":57,"enemies":"The Guardian","floor":16,"turns":11}],"seed_played":"655383542123093153","potions_obtained":[{"floor":1,"key":"SkillPotion"},{"floor":4,"key":"LiquidMemories"},{"floor":5,"key":"LiquidBronze"},{"floor":10,"key":"ElixirPotion"}],"is_trial":false,"path_per_floor":["M","M","?","M","M","E","M","E","T","E","T","$","M","?","R","B"],"character_chosen":"IRONCLAD","items_purchased":["Bag of Preparation"],"campfire_rested":0,"item_purchase_floors":[12],"current_hp_per_floor":[79,80,80,80,78,52,55,39,39,46,46,46,52,52,52,0,0],"gold":75,"neow_bonus":"RANDOM_COLORLESS","is_daily":false,"chose_seed":false,"campfire_upgraded":1,"win_rate":0.0,"timestamp":1609063894,"path_taken":["M","M","?","M","?","E","M","E","T","E","?","$","M","?","R","BOSS"],"items_purchased_type":["Relic"],"build_version":"2020-12-22","purchased_purges":1,"victory":false,"max_hp_per_floor":[80,80,80,80,80,80,80,80,80,87,87,87,87,87,87,87,87],"card_choices":[{"not_picked":["Bandage Up","Enlightenment"],"picked":"Dramatic Entrance","floor":0},{"not_picked":["Heavy Blade","Rage"],"picked":"Thunderclap","floor":1},{"not_picked":["Sever Soul","Twin Strike"],"picked":"True Grit","floor":2},{"not_picked":["Clash","Wild Strike"],"picked":"Twin Strike","floor":4},{"not_picked":["Bloodletting","Heavy Blade","Warcry"],"picked":"SKIP","floor":5},{"not_picked":["Dark Embrace","Twin Strike"],"picked":"Feed","floor":6},{"not_picked":["Entrench","Perfected Strike","True Grit"],"picked":"SKIP","floor":7},{"not_picked":["Fire Breathing","Clash"],"picked":"Double Tap","floor":8},{"not_picked":["Corruption","Cleave"],"picked":"Dropkick","floor":10},{"not_picked":["Havoc","Perfected Strike","Feel No Pain"],"picked":"SKIP","floor":13}],"player_experience":522895,"relics_obtained":[{"floor":6,"key":"Mercury Hourglass"},{"floor":8,"key":"Meat on the Bone"},{"floor":9,"key":"Bag of Marbles"},{"floor":10,"key":"Strawberry"},{"floor":11,"key":"Oddly Smooth Stone"}],"event_choices":[{"damage_healed":0,"gold_gain":0,"player_choice":"Upgraded","damage_taken":0,"max_hp_gain":0,"max_hp_loss":0,"event_name":"Upgrade Shrine","floor":3,"gold_loss":0,"cards_upgraded":["True Grit"]},{"damage_healed":0,"gold_gain":0,"player_choice":"Take Wound","damage_taken":0,"relics_obtained":["Golden Idol"],"max_hp_gain":0,"max_hp_loss":0,"event_name":"Golden Idol","floor":14,"gold_loss":0,"cards_obtained":["Injury"]}],"is_beta":false,"boss_relics":[],"items_purged_floors":[12],"is_endless":false,"potions_floor_spawned":[1,4,5,10],"killed_by":"The Guardian","ascension_level":3}}