{"host":"6pgtslebjnyv5xmi","time":1609080457,"event":{"mods":["AchievementEnabler","BaseMod","Colored Map","Minty Spire (QoL Compilation)","Rare Cards Sparkle","StSLib","SuperFastMode","everything is the same but u backflip on backflip"],"gold_per_floor":[117,117,117,192,192,219,219,254,254,269,282,282,557,226,226,324,324,344,361,375,387,137,137,156,181,181,181,79,79,79,92,92,192,192,202,219,94,144,144,144,194,221,270,303,303,319,336,40,40,40],"floor_reached":51,"playtime":3324,"items_purged":["Regret","Strike_G","Strike_G","Parasite"],"score":1037,"play_id":"64972585-a737-4f5b-b762-07dcea2f21ee","local_time":"20201227234737","is_ascension_mode":true,"campfire_choices":[{"data":"Infinite Blades","floor":7.0,"key":"SMITH"},{"data":"Blade Dance","floor":12.0,"key":"SMITH"},{"data":"Footwork","floor":15.0,"key":"SMITH"},{"data":"Venomology","floor":23,"key":"SMITH"},{"data":"Accuracy","floor":29,"key":"SMITH"},{"data":"Finisher","floor":32,"key":"SMITH"},{"data":"Noxious Fumes","floor":40,"key":"SMITH"},{"data":"A Thousand Cuts","floor":45,"key":"SMITH"},{"data":"Wraith Form v2","floor":49,"key":"SMITH"}],"circlet_count":0,"master_deck":["Strike_G","Strike_G","Defend_G","Defend_G","Defend_G","Defend_G","Defend_G","Survivor+1","Neutralize+1","Infinite Blades+1","Footwork+1","Blade Dance+1","Venomology+1","Noxious Fumes+1","Blade Dance+1","Cloak And Dagger","Accuracy+1","Finisher+1","A Thousand Cuts+1","Wraith Form v2+1"],"relics":["Ring of the Snake","NeowsBlessing","Akabeko","Bird Faced Urn","Pantograph","Bottled Tornado","Bottled Lightning","Runic Pyramid","ClockworkSouvenir","HornCleat","Kunai","PreservedInsect","Philosopher\u0027s Stone","Turnip","FossilizedHelix","Singing Bowl","Pen Nib","Sundial"],"acts_visited":["Exordium","TheCity","TheBeyond"],"potions_floor_usage":[21,24,24,25,25,25,31,33,33,35,36,38,38,41,41,42,42,42,44,46,50,50,50],"damage_taken":[{"damage":0.0,"enemies":"Jaw Worm","floor":1.0,"turns":1.0},{"damage":0.0,"enemies":"Lagavulin","floor":6.0,"turns":1.0},{"damage":0.0,"enemies":"Gremlin Nob","floor":8.0,"turns":1.0},{"damage":0.0,"enemies":"Small Slimes","floor":10.0,"turns":4.0},{"damage":0.0,"enemies":"2 Louse","floor":11.0,"turns":3.0},{"damage":48.0,"enemies":"Hexaghost","floor":16.0,"turns":16.0},{"damage":5.0,"enemies":"Spheric Guardian","floor":18.0,"turns":8.0},{"damage":0.0,"enemies":"Chosen","floor":19.0,"turns":6.0},{"damage":8.0,"enemies":"Shelled Parasite and Fungi","floor":20.0,"turns":7.0},{"damage":0,"enemies":"Snecko","floor":21,"turns":5},{"damage":2,"enemies":"Cultist and Chosen","floor":24,"turns":7},{"damage":13,"enemies":"Book of Stabbing","floor":25,"turns":7},{"damage":9,"enemies":"Centurion and Healer","floor":31,"turns":4},{"damage":9,"enemies":"Champ","floor":33,"turns":9},{"damage":0,"enemies":"Orb Walker","floor":35,"turns":3},{"damage":13,"enemies":"3 Darklings","floor":36,"turns":5},{"damage":10,"enemies":"2 Orb Walkers","floor":38,"turns":4},{"damage":0,"enemies":"Mind Bloom Boss Battle","floor":41,"turns":5},{"damage":16,"enemies":"Nemesis","floor":42,"turns":2},{"damage":17,"enemies":"Reptomancer","floor":44,"turns":6},{"damage":0,"enemies":"Transient","floor":46,"turns":5},{"damage":20,"enemies":"Writhing Mass","floor":47,"turns":3},{"damage":36,"enemies":"Time Eater","floor":50,"turns":10}],"seed_played":"-3940482411746652978","potions_obtained":[{"floor":8.0,"key":"GamblersBrew"},{"floor":16.0,"key":"AttackPotion"},{"floor":18.0,"key":"Explosive Potion"},{"floor":21,"key":"SkillPotion"},{"floor":24,"key":"SkillPotion"},{"floor":33,"key":"Block Potion"},{"floor":35,"key":"Dexterity Potion"},{"floor":36,"key":"BlessingOfTheForge"},{"floor":38,"key":"CunningPotion"},{"floor":46,"key":"GamblersBrew"}],"is_trial":false,"path_per_floor":["M","?","$","?","?","E","R","E","T","M","M","R","?","$","R","B",null,"M","M","M","M","$","R","M","E","T","?","$","R","$","M","R","B",null,"M","M","$","?","?","R","?","E","T","E","R","M","M","$","R","B",null],"character_chosen":"THE_SILENT","items_purchased":["Bottled Lightning","ClockworkSouvenir","Accuracy","Finisher","Wraith Form v2"],"campfire_rested":0,"item_purchase_floors":[14,22,28,28,48],"current_hp_per_floor":[63,49,49,38,20,20,20,20,20,24,28,28,28,28,28,9,55,54,58,56,62,62,62,66,59,59,59,59,59,59,60,60,61,68,70,61,61,59,59,59,70,54,54,49,49,63,55,55,55,43],"gold":40,"neow_bonus":"THREE_ENEMY_KILL","is_daily":false,"chose_seed":false,"campfire_upgraded":9,"win_rate":0.0,"timestamp":1609080457,"path_taken":["M","?","$","?","?","E","R","E","T","M","M","R","?","$","R","BOSS","M","?","M","M","$","R","M","E","T","?","$","R","?","M","R","BOSS","M","M","$","?","?","R","?","E","T","E","R","M","M","$","R","BOSS"],"items_purchased_type":["Relic","Relic","Card","Card","Card"],"build_version":"2020-12-22","purchased_purges":4,"victory":true,"max_hp_per_floor":[70,70,70,70,70,70,70,70,70,70,70,70,70,70,70,70,70,70,70,70,70,70,70,70,70,70,70,70,70,70,70,70,70,70,70,70,70,70,70,70,70,70,70,72,72,74,76,73,73,73],"card_choices":[{"not_picked":["Underhanded Strike","Crippling Poison","Outmaneuver"],"picked":"SKIP","floor":1.0},{"not_picked":["PiercingWail","Choke"],"picked":"Infinite Blades","floor":6.0},{"not_picked":["Well Laid Plans","Caltrops"],"picked":"Footwork","floor":8.0},{"not_picked":["Eviscerate","Dagger Throw","Flying Knee"],"picked":"SKIP","floor":10.0},{"not_picked":["Skewer","Outmaneuver"],"picked":"Blade Dance","floor":11.0},{"not_picked":["Doppelganger","Phantasmal Killer"],"picked":"Venomology","floor":16.0},{"not_picked":["Dagger Throw+1","Deadly Poison+1","Choke"],"picked":"SKIP","floor":18.0},{"not_picked":["Prepared","Caltrops"],"picked":"Noxious Fumes","floor":19.0},{"not_picked":["Outmaneuver","Sucker Punch"],"picked":"Blade Dance+1","floor":20.0},{"not_picked":["Leg Sweep","Heel Hook"],"picked":"Cloak And Dagger","floor":21},{"not_picked":["Deadly Poison","PiercingWail","Crippling Poison"],"picked":"SKIP","floor":24},{"not_picked":["Poisoned Stab+1","Sucker Punch","Dagger Throw"],"picked":"SKIP","floor":25},{"not_picked":["Expertise+1","Bane","Die Die Die"],"picked":"SKIP","floor":31},{"not_picked":["Leg Sweep","Flying Knee+1","Deadly Poison"],"picked":"SKIP","floor":35},{"not_picked":["Quick Slash+1","Predator+1","Expertise"],"picked":"SKIP","floor":36},{"not_picked":["Underhanded Strike+1","Acrobatics"],"picked":"A Thousand Cuts","floor":42},{"not_picked":["Slice","Footwork+1","Bane+1"],"picked":"Singing Bowl","floor":44},{"not_picked":["Dash","Deadly Poison+1","Blade Dance"],"picked":"Singing Bowl","floor":46},{"not_picked":["Deflect+1","Quick Slash","Well Laid Plans+1"],"picked":"Singing Bowl","floor":47}],"player_experience":524292,"relics_obtained":[{"floor":6.0,"key":"Bird Faced Urn"},{"floor":8.0,"key":"Pantograph"},{"floor":9.0,"key":"Bottled Tornado"},{"floor":25,"key":"HornCleat"},{"floor":26,"key":"Kunai"},{"floor":38,"key":"Turnip"},{"floor":41,"key":"FossilizedHelix"},{"floor":42,"key":"Singing Bowl"},{"floor":43,"key":"Pen Nib"},{"floor":44,"key":"Sundial"}],"event_choices":[{"damage_healed":0.0,"max_hp_gain":0.0,"max_hp_loss":0.0,"gold_gain":0.0,"event_name":"Shining Light","player_choice":"Entered Light","floor":2.0,"gold_loss":0.0,"damage_taken":14.0,"cards_upgraded":["Survivor","Neutralize"]},{"damage_healed":0.0,"max_hp_gain":0.0,"max_hp_loss":0.0,"gold_gain":75.0,"event_name":"World of Goop","player_choice":"Gather Gold","floor":4.0,"gold_loss":0.0,"damage_taken":11.0},{"damage_healed":0.0,"max_hp_gain":0.0,"max_hp_loss":0.0,"gold_gain":0.0,"event_name":"Scrap Ooze","player_choice":"Success","floor":5.0,"gold_loss":0.0,"damage_taken":18.0,"relics_obtained":["Akabeko"]},{"damage_healed":0.0,"max_hp_gain":0.0,"max_hp_loss":0.0,"gold_gain":275.0,"event_name":"Golden Shrine","player_choice":"Desecrate","floor":13.0,"gold_loss":0.0,"damage_taken":0.0,"cards_obtained":["Regret"]},{"damage_healed":0,"gold_gain":0,"player_choice":"Opened","damage_taken":0,"relics_obtained":["PreservedInsect"],"max_hp_gain":0,"max_hp_loss":0,"event_name":"The Mausoleum","floor":27,"gold_loss":0},{"damage_healed":0,"gold_gain":0,"player_choice":"Fight","damage_taken":0,"max_hp_gain":0,"max_hp_loss":0,"event_name":"Mysterious Sphere","floor":38,"gold_loss":0},{"cards_removed":["Strike_G"],"damage_healed":0,"gold_gain":0,"player_choice":"Removed Attack","damage_taken":0,"max_hp_gain":0,"max_hp_loss":0,"event_name":"Falling","floor":39,"gold_loss":0},{"damage_healed":0,"gold_gain":0,"player_choice":"Fight","damage_taken":0,"max_hp_gain":0,"max_hp_loss":0,"event_name":"MindBloom","floor":41,"gold_loss":0}],"is_beta":false,"boss_relics":[{"not_picked":["Tiny House","Black Star"],"picked":"Runic Pyramid"},{"not_picked":["Sozu","Velvet Choker"],"picked":"Philosopher\u0027s Stone"}],"items_purged_floors":[14,22,37,48],"is_endless":false,"potions_floor_spawned":[8,16,18,19,21,24,33,35,36,38,46],"ascension_level":7}}