{"host":"s6mlqkqtr3ey2mm2","time":1609085180,"event":{"mods":["2.2 Compatiblity","AchievementEnabler","Aspiration","BaseMod","Beaked The Cultist","Better Note","BetterRewards","Challenge The Spire","Colored Map","Colored Powertips","Conspire","Curses Come First","Downfall","Emptier Cage","Energized Spire","GifTheSpireLib","Halation","Hermit","Hubris","Infinite Spire","Ironclad Rager","Marked Mod","Minty Spire (QoL Compilation)","Quick Restart","RatMod","Replay The Spire","Retaliation","Shade Mod","Somnambulant","Spicy Shops","StSLib","Stuff the Spire","The Blue Laboratory","The Construct","The Druid","The IronCluck","The Marked","The Mystic","The Necromancer","The Poker Player","The Runesmith","The Valiant","vexMod"],"gold_per_floor":[99,114,129,129,144,159,159,189,189],"floor_reached":8,"playtime":633,"items_purged":[],"score":108,"play_id":"7812c048-2619-4c1e-b550-a758c3aad6b4","local_time":"20201227110620","daily_mods":["downfall:ChampStances","Time Dilation","downfall:ExchangeController"],"is_ascension_mode":false,"campfire_choices":[{"floor":1,"key":"RECALL"}],"circlet_count":0,"master_deck":["Strike_P","Strike_P","Strike_P","Strike_P","Defend_P","Defend_P","Defend_P","Defend_P","Eruption","Vigilance","EmptyFist","CrushJoints","FlurryOfBlows","Replay:BluntJabs","MarkedMod:FirstStrike"],"relics":["PureWater","champ:ChampStancesModRelic","downfall:NeowBlessing_Player","Prayer Beads","ReplayFunnel"],"acts_visited":["Exordium"],"potions_floor_usage":[],"damage_taken":[{"damage":12,"enemies":"2 Louse","floor":2,"turns":2},{"damage":22,"enemies":"conspire:RoseBush","floor":3,"turns":2},{"damage":29,"enemies":"Cultist","floor":5,"turns":5},{"damage":22,"enemies":"conspire:2 RoseBushes","floor":6,"turns":4},{"damage":46,"enemies":"3 Sentries","floor":8,"turns":6}],"seed_played":"4726349093531193793","potions_obtained":[{"floor":5,"key":"blueLaboratory:HeartbeatPotion"},{"floor":6,"key":"EntropicBrew"}],"is_trial":false,"path_per_floor":["R_BF","M","M","?","M","M","T","E"],"character_chosen":"WATCHER","items_purchased":[],"campfire_rested":0,"item_purchase_floors":[],"current_hp_per_floor":[172,160,144,144,130,108,108,68,68],"gold":189,"neow_bonus":"","is_daily":true,"chose_seed":false,"campfire_upgraded":0,"win_rate":0.0,"timestamp":1609085180,"path_taken":["R_BF","M","M","?","M","M","T","E"],"items_purchased_type":[],"build_version":"2020-12-22","purchased_purges":0,"victory":false,"max_hp_per_floor":[172,172,172,172,172,172,172,172,172],"card_choices":[{"not_picked":["ClearTheMind","Replay:Cycle"],"picked":"EmptyFist","floor":2},{"not_picked":["EmptyBody","Replay:ManipulateFuture"],"picked":"CrushJoints","floor":3},{"not_picked":["Replay:ManipulateFuture","SashWhip"],"picked":"FlurryOfBlows","floor":5},{"not_picked":["ICR:Serenity","EmptyMind"],"picked":"Replay:BluntJabs","floor":6},{"not_picked":["Collect","Replay:AtTheReady"],"picked":"MarkedMod:FirstStrike","floor":8}],"player_experience":35868,"relics_obtained":[{"floor":7,"key":"Prayer Beads"},{"floor":8,"key":"ReplayFunnel"}],"event_choices":[{"damage_healed":0,"gold_gain":0,"player_choice":"Disagree","damage_taken":0,"max_hp_gain":0,"max_hp_loss":0,"event_name":"conspire:LoneGhost","floor":4,"gold_loss":0}],"is_beta":false,"boss_relics":[],"items_purged_floors":[],"is_endless":false,"potions_floor_spawned":[5,6],"killed_by":"3 Sentries","ascension_level":0}}