{"host":"1z4hbl9vfqrhg136","time":1609101538,"event":{"mods":["BaseMod","Minty Spire (QoL Compilation)"],"gold_per_floor":[112,122,141,141,141,141,181,134,157,64,64,82,82,102,102,102,102],"floor_reached":16,"playtime":739,"items_purged":[],"score":200,"play_id":"d5044b1c-e328-413c-97fb-2881446c9d94","local_time":"20201227203858","is_ascension_mode":true,"campfire_choices":[{"data":"Hemokinesis","floor":6,"key":"SMITH"},{"floor":11,"key":"REST"},{"data":"Armaments","floor":13,"key":"SMITH"},{"floor":15,"key":"REST"}],"circlet_count":0,"master_deck":["AscendersBane","Strike_R","Strike_R","Strike_R","Strike_R","Strike_R","Defend_R","Defend_R","Defend_R","Defend_R","Bash","Demon Form","Pummel","Body Slam","Hemokinesis+1","Whirlwind","Dark Embrace","True Grit","Armaments+1","Ghostly Armor"],"relics":["Burning Blood","Golden Idol","Juzu Bracelet","Tiny Chest"],"acts_visited":["Exordium"],"potions_floor_usage":[3,14],"damage_taken":[{"damage":20,"enemies":"Jaw Worm","floor":1,"turns":7},{"damage":9,"enemies":"2 Louse","floor":2,"turns":4},{"damage":1,"enemies":"Cultist","floor":3,"turns":3},{"damage":32,"enemies":"Lagavulin","floor":7,"turns":7},{"damage":14,"enemies":"Blue Slaver","floor":12,"turns":4},{"damage":12,"enemies":"Lots of Slimes","floor":14,"turns":3},{"damage":49,"enemies":"Slime Boss","floor":16,"turns":6}],"seed_played":"107030236072917719","potions_obtained":[{"floor":2,"key":"Fire Potion"},{"floor":3,"key":"Energy Potion"},{"floor":14,"key":"Strength Potion"}],"is_trial":false,"path_per_floor":["M","M","M","?","?","R","E","?","T","$","R","M","R","M","R","B"],"character_chosen":"IRONCLAD","items_purchased":["Dark Embrace","True Grit"],"campfire_rested":2,"item_purchase_floors":[10,10],"current_hp_per_floor":[36,33,38,38,38,38,12,12,12,12,32,24,24,18,38,0,0],"gold":102,"neow_bonus":"THREE_RARE_CARDS","is_daily":false,"chose_seed":false,"campfire_upgraded":2,"win_rate":0.0,"timestamp":1609101538,"path_taken":["M","M","M","?","?","R","E","?","T","$","R","M","R","M","R","BOSS"],"items_purchased_type":["Card","Card"],"build_version":"2020-12-22","purchased_purges":0,"victory":false,"max_hp_per_floor":[75,75,75,75,68,68,68,68,68,68,68,68,68,68,68,68,68],"card_choices":[{"not_picked":["Impervious","Reaper"],"picked":"Demon Form","floor":0},{"not_picked":["Warcry","Inflame"],"picked":"Pummel","floor":1},{"not_picked":["Burning Pact","Dropkick"],"picked":"Body Slam","floor":2},{"not_picked":["Headbutt","Twin Strike"],"picked":"Hemokinesis","floor":3},{"not_picked":["Perfected Strike","Twin Strike"],"picked":"Whirlwind","floor":7},{"not_picked":["Havoc","Combust"],"picked":"Armaments","floor":12},{"not_picked":["Flex","Infernal Blade"],"picked":"Ghostly Armor","floor":14}],"player_experience":1850102,"relics_obtained":[{"floor":7,"key":"Juzu Bracelet"},{"floor":9,"key":"Tiny Chest"}],"event_choices":[{"damage_healed":0,"gold_gain":0,"player_choice":"Ignored","damage_taken":0,"max_hp_gain":0,"max_hp_loss":0,"event_name":"Liars Game","floor":4,"gold_loss":0},{"damage_healed":0,"gold_gain":0,"player_choice":"Lose Max HP","damage_taken":0,"relics_obtained":["Golden Idol"],"max_hp_gain":0,"max_hp_loss":7,"event_name":"Golden Idol","floor":5,"gold_loss":0},{"damage_healed":0,"gold_gain":0,"player_choice":"Left Gold","damage_taken":0,"max_hp_gain":0,"max_hp_loss":0,"event_name":"World of Goop","floor":8,"gold_loss":47}],"is_beta":false,"boss_relics":[],"items_purged_floors":[],"is_endless":false,"potions_floor_spawned":[2,3,14],"killed_by":"Slime Boss","ascension_level":20}}