{"host":"28p8ce41sjwa6lzf","time":1609043290,"event":{"mods":["AchievementEnabler","BaseMod","Colored Map","Colored Powertips","Highlight Path","Minty Spire (QoL Compilation)","Permanent Neow","Quick Restart","Random Character Button","Rare Cards Sparkle","Relic Stats","StSLib"],"gold_per_floor":[109,125,50,67,67,67,93,93,93,107,107,178,178,195,195,195,195],"floor_reached":16,"playtime":600,"items_purged":[],"score":204,"play_id":"030b58cb-2c58-4d4b-8bd9-32d46dc8b19e","local_time":"20201226222810","is_ascension_mode":true,"campfire_choices":[{"data":"Slice","floor":6,"key":"SMITH"},{"floor":11,"key":"REST"},{"data":"Neutralize","floor":13,"key":"SMITH"},{"data":"Calculated Gamble","floor":15,"key":"SMITH"}],"circlet_count":0,"master_deck":["AscendersBane","Strike_G","Strike_G","Strike_G","Strike_G","Defend_G","Defend_G","Defend_G","Defend_G","Defend_G","Survivor","Neutralize+1","Slice+1","Calculated Gamble+1","Dagger Throw+1","Expertise"],"relics":["Ring of the Snake","Tiny Chest","White Beast Statue","The Courier","Shuriken"],"acts_visited":["Exordium"],"potions_floor_usage":[8,14,16],"damage_taken":[{"damage":1,"enemies":"Cultist","floor":1,"turns":5},{"damage":2,"enemies":"Jaw Worm","floor":2,"turns":4},{"damage":0,"enemies":"2 Louse","floor":4,"turns":2},{"damage":49,"enemies":"Lagavulin","floor":7,"turns":8},{"damage":0,"enemies":"Lots of Slimes","floor":8,"turns":1},{"damage":1,"enemies":"3 Louse","floor":10,"turns":4},{"damage":3,"enemies":"Large Slime","floor":14,"turns":4},{"damage":26,"enemies":"The Guardian","floor":16,"turns":10}],"seed_played":"-6647720366394081048","potions_obtained":[{"floor":7,"key":"SmokeBomb"},{"floor":10,"key":"SkillPotion"},{"floor":14,"key":"LiquidMemories"}],"is_trial":false,"path_per_floor":["M","M","?","M","?","R","E","M","T","M","R","T","R","M","R","B"],"character_chosen":"THE_SILENT","items_purchased":[],"campfire_rested":1,"item_purchase_floors":[],"current_hp_per_floor":[58,56,56,56,56,56,7,7,7,6,25,25,25,22,22,0,0],"gold":195,"neow_bonus":"RANDOM_COMMON_RELIC","is_daily":false,"chose_seed":false,"campfire_upgraded":3,"win_rate":0.0,"timestamp":1609043290,"path_taken":["M","M","?","M","?","R","E","M","T","?","R","?","R","M","R","BOSS"],"items_purchased_type":[],"build_version":"2020-12-22","purchased_purges":0,"victory":false,"max_hp_per_floor":[66,66,66,66,66,66,66,66,66,66,66,66,66,66,66,66,66],"relic_stats":{"counters":[8,38],"Shuriken":[6],"Tiny Chest":1,"obtain_stats":[{"Shuriken":12,"Tiny Chest":0,"The Courier":9,"White Beast Statue":7,"Ring of the Snake":0},{"Shuriken":6,"Tiny Chest":0,"The Courier":5,"White Beast Statue":4,"Ring of the Snake":0},{"Shuriken":24,"Tiny Chest":0,"The Courier":20,"White Beast Statue":19,"Ring of the Snake":0}],"Ring of the Snake":[16]},"card_choices":[{"not_picked":["Deflect","Flying Knee"],"picked":"Slice","floor":1},{"not_picked":["Masterful Stab","Choke"],"picked":"Calculated Gamble","floor":2},{"not_picked":["Masterful Stab","Skewer"],"picked":"Dagger Throw","floor":4},{"not_picked":["Dodge and Roll","Infinite Blades","All Out Attack"],"picked":"SKIP","floor":7},{"not_picked":["Crippling Poison","Poisoned Stab"],"picked":"Expertise","floor":10},{"not_picked":["Flying Knee","Bane","Poisoned Stab"],"picked":"SKIP","floor":14}],"player_experience":1049790,"relics_obtained":[{"floor":7,"key":"White Beast Statue"},{"floor":9,"key":"The Courier"},{"floor":12,"key":"Shuriken"}],"event_choices":[{"cards_removed":["Strike_G"],"damage_healed":0,"gold_gain":0,"player_choice":"Card Removal","damage_taken":0,"max_hp_gain":0,"max_hp_loss":0,"event_name":"The Cleric","floor":3,"gold_loss":75},{"damage_healed":0,"gold_gain":0,"player_choice":"Upgraded","damage_taken":0,"max_hp_gain":0,"max_hp_loss":0,"event_name":"Upgrade Shrine","floor":5,"gold_loss":0,"cards_upgraded":["Dagger Throw"]}],"is_beta":false,"boss_relics":[],"items_purged_floors":[],"is_endless":false,"potions_floor_spawned":[7,8,10,14],"killed_by":"The Guardian","ascension_level":20}}