{"host":"ku7h2vk4czvj6teb","time":1609105900,"event":{"mods":["2.2 Compatiblity","AchievementEnabler","BaseMod","Better Altar","Better Match","Better Note","Better Sensory Stone","Better Skull","Better Third Choice","Better Vampires","BetterRewards","Block Reminder","Colored Map","Colored Powertips","Curses Come First","Filter the Spire","Friendly Minions","Highlight Path","Ironclad Rager","Minty Spire (QoL Compilation)","Permanent Neow","Quick Restart","Rare Cards Sparkle","Relic Stats","Replay The Spire","Say the Spire","Shop Mod","Spicy Shops","StSLib","SuperFastMode","Swap Starting Deck Mod","Thieving Mod","Transform Curses","UnlockEverythingMod"],"gold_per_floor":[115,21,36,55,49,49,74,25,77,27,38,38,38,38,38,38,38],"floor_reached":16,"playtime":19905,"items_purged":[],"score":198,"play_id":"57a42e6e-aad6-464e-a87e-10219e244c97","local_time":"20201227215140","is_ascension_mode":false,"campfire_choices":[{"floor":6,"key":"RECALL"},{"floor":13,"key":"REST"},{"data":"Armaments","floor":15,"key":"SMITH"}],"circlet_count":0,"master_deck":["Strike_R","Strike_R","Strike_R","Strike_R","Strike_R","Defend_R","Defend_R","Defend_R","Defend_R","Replay:BasicMightCard","Entrench","Cleave","ReplayTheSpireMod:Limb From Limb","Metallicize","Reaper","Armaments+1","ReplayReversal","Sentinel","Survivor","Neutralize"],"relics":["Burning Blood","Pantograph","Replay:Ringing Soul","Medical Kit","ReplayTheSpireMod:Spearhead","ReplayTheSpireMod:Lightbulb"],"acts_visited":["Exordium"],"potions_floor_usage":[],"damage_taken":[{"damage":5,"enemies":"Small Slimes","floor":1,"turns":4},{"damage":1,"enemies":"Cultist","floor":3,"turns":4},{"damage":11,"enemies":"2 Louse","floor":4,"turns":4},{"damage":48,"enemies":"3 Sentries","floor":7,"turns":18},{"damage":4,"enemies":"Blue Slaver","floor":11,"turns":4},{"damage":113,"enemies":"Hexaghost","floor":16,"turns":16}],"seed_played":"1379995036042793550","potions_obtained":[{"floor":3,"key":"SpeedPotion"}],"is_trial":false,"path_per_floor":["M","?","M","M","$","R","E","$","T","$","M","?","R","$","R","B"],"character_chosen":"IRONCLAD","items_purchased":["Pantograph","Replay:Ringing Soul","Medical Kit","Replay:BasicMightCard","Metallicize","Armaments","ReplayReversal"],"campfire_rested":1,"item_purchase_floors":[0,0,0,0,5,8,10],"current_hp_per_floor":[79,79,87,85,88,88,49,52,52,55,60,63,96,96,96,0,0],"gold":38,"neow_bonus":"","is_daily":false,"chose_seed":false,"campfire_upgraded":1,"win_rate":0.0,"timestamp":1609105900,"path_taken":["M","?","M","M","?","R","E","$","T","$","M","?","R","?","R","BOSS"],"items_purchased_type":["Relic","Relic","Relic","Card","Card","Card","Card"],"build_version":"2020-12-22","purchased_purges":0,"victory":false,"max_hp_per_floor":[86,86,89,92,95,95,98,101,101,104,107,110,110,110,110,110,110],"relic_stats":{"counters":[63,346],"Pantograph":14,"Medical Kit":[0],"obtain_stats":[{"Ice Cream":30,"Golden Egg":8,"Replay:Accelerometer":13,"Divine Protection":24,"Vajra":20,"Whetstone":56,"Sling":0,"Boot":50,"Blood Vial":0,"Replay:Ringing Soul":0,"Lizard Tail":0,"Fusion Hammer":17,"HandDrill":15,"ReplayTheSpireMod:CursedCoin":55,"Replay:Grab Bag":34,"Astrolabe":34,"Velvet Choker":18,"Eternal Feather":31,"Pen Nib":50,"Akabeko":26,"SlaversCollar":17,"ReplayTheSpireMod:Spearhead":2,"Mark of Pain":34,"ReplayTheSpireMod:TigerMarble":0,"Regal Pillow":9,"Lantern":26,"King of Hearts":0,"Juzu Bracelet":28,"Replay:Mystery Machine":8,"PrismaticShard":0,"Cursed Key":34,"Burning Blood":0,"Frozen Eye":0,"Matryoshka":19,"Pantograph":0,"Toolbox":0,"Red Mask":36,"Red Skull":7,"Runic Pyramid":34,"Potion Belt":28,"Golden Idol":5,"Replay:WaspNest":29,"Medical Kit":0,"CaptainsWheel":9,"Membership Card":19,"Champion Belt":0,"ReplayTheSpireMod:Lightbulb":7,"FossilizedHelix":50,"ReplayTheSpireMod:ShopPack":31},{"Ice Cream":47,"Golden Egg":28,"Replay:Accelerometer":41,"Divine Protection":46,"Vajra":45,"Whetstone":56,"Sling":15,"Boot":54,"Blood Vial":0,"Replay:Ringing Soul":57,"Lizard Tail":24,"Fusion Hammer":8,"HandDrill":22,"ReplayTheSpireMod:CursedCoin":55,"Replay:Grab Bag":48,"Astrolabe":48,"Velvet Choker":31,"Eternal Feather":13,"Pen Nib":54,"Akabeko":11,"SlaversCollar":43,"ReplayTheSpireMod:Spearhead":58,"Mark of Pain":48,"ReplayTheSpireMod:TigerMarble":35,"Regal Pillow":4,"Lantern":46,"King of Hearts":35,"Juzu Bracelet":12,"Replay:Mystery Machine":19,"PrismaticShard":24,"Cursed Key":48,"Burning Blood":0,"Frozen Eye":15,"Matryoshka":9,"Pantograph":57,"Toolbox":35,"Red Mask":49,"Red Skull":37,"Runic Pyramid":48,"Potion Belt":12,"Golden Idol":17,"Replay:WaspNest":47,"Medical Kit":57,"CaptainsWheel":38,"Membership Card":9,"Champion Belt":24,"ReplayTheSpireMod:Lightbulb":61,"FossilizedHelix":54,"ReplayTheSpireMod:ShopPack":13},{"Ice Cream":231,"Golden Egg":126,"Replay:Accelerometer":191,"Divine Protection":225,"Vajra":219,"Whetstone":288,"Sling":78,"Boot":273,"Blood Vial":0,"Replay:Ringing Soul":296,"Lizard Tail":110,"Fusion Hammer":39,"HandDrill":99,"ReplayTheSpireMod:CursedCoin":283,"Replay:Grab Bag":243,"Astrolabe":243,"Velvet Choker":142,"Eternal Feather":67,"Pen Nib":273,"Akabeko":54,"SlaversCollar":207,"ReplayTheSpireMod:Spearhead":300,"Mark of Pain":243,"ReplayTheSpireMod:TigerMarble":165,"Regal Pillow":17,"Lantern":225,"King of Hearts":165,"Juzu Bracelet":61,"Replay:Mystery Machine":88,"PrismaticShard":110,"Cursed Key":243,"Burning Blood":0,"Frozen Eye":78,"Matryoshka":44,"Pantograph":296,"Toolbox":165,"Red Mask":246,"Red Skull":170,"Runic Pyramid":243,"Potion Belt":61,"Golden Idol":81,"Replay:WaspNest":231,"Medical Kit":296,"CaptainsWheel":175,"Membership Card":44,"Champion Belt":110,"ReplayTheSpireMod:Lightbulb":326,"FossilizedHelix":273,"ReplayTheSpireMod:ShopPack":67}],"Burning Blood":335},"card_choices":[{"not_picked":["ReplayTheSpireMod:Strike From Hell","Wild Strike"],"picked":"Entrench","floor":1},{"not_picked":["Headbutt","Wild Strike"],"picked":"Cleave","floor":3},{"not_picked":["Dual Wield","True Grit"],"picked":"ReplayTheSpireMod:Limb From Limb","floor":4},{"not_picked":["Abandon","Cleave"],"picked":"Reaper","floor":7},{"not_picked":["Replay:Undeath\u0027s Touch","Feel No Pain"],"picked":"Sentinel","floor":11}],"player_experience":238170,"relics_obtained":[{"floor":7,"key":"ReplayTheSpireMod:Lightbulb"}],"event_choices":[{"damage_healed":0,"gold_gain":0,"player_choice":"Paid Gold","damage_taken":0,"relics_obtained":["ReplayTheSpireMod:Spearhead"],"max_hp_gain":0,"max_hp_loss":0,"event_name":"WeMeetAgain","floor":2,"gold_loss":94}],"is_beta":false,"boss_relics":[],"items_purged_floors":[],"is_endless":false,"potions_floor_spawned":[3],"killed_by":"Hexaghost","ascension_level":0}}