{"host":"ujyomg7d1f18u2we","time":1609085849,"event":{"mods":["AchievementEnabler","AlwaysNeverKeys","Aspiration","BaseMod","Colored Map","DeckTracker","Gremlin Skip","Highlight Path","Hubris","Minty Spire (QoL Compilation)","Quick Restart","Random Character Button","StSLib"],"gold_per_floor":[109,127,127,145,320,353,353,353,353,365,365,70,105,105,105,224,224,240,240,16,30,54,54,54,79,79,93,93,93,127,144,144,240,240,252,5,5,5,227,227,227,227,252,252,252,268,286,302,302,302,302],"floor_reached":50,"playtime":1204,"items_purged":["Doubt","Injury"],"score":466,"play_id":"7123fcf3-aa22-4f29-9a97-3bbdb24af029","local_time":"20201227131729","is_ascension_mode":false,"campfire_choices":[{"floor":7,"key":"REST"},{"data":"Bash","floor":15,"key":"SMITH"},{"data":"Shrug It Off","floor":23,"key":"SMITH"},{"data":"Pommel Strike","floor":29,"key":"SMITH"},{"data":"Double Tap","floor":32,"key":"SMITH"},{"data":"Panacea","floor":49,"key":"SMITH"}],"circlet_count":0,"master_deck":["Strike_R","Strike_R","Strike_R","Strike_R","Strike_R","Defend_R","Defend_R","Defend_R","Bash+1","Shrug It Off+1","Pommel Strike+1","Uppercut+1","Immolate+1","Double Tap+1","Shrug It Off+1","Twin Strike+1","Perfected Strike+1","Perfected Strike+1","Feed+1","hubris:Despair","Mind Blast+1","Apotheosis","Panacea+1","Flex+1"],"relics":["Burning Blood","Boot","aspiration:ArtOfWarUpgrade","Molten Egg 2","Gremlin Horn","PreservedInsect","Juzu Bracelet","Orichalcum","Bloody Idol","SlaversCollar","Lantern","Red Mask","Shuriken","Bottled Lightning","Cursed Key","Oddly Smooth Stone","aspiration:Lifesprig"],"acts_visited":["Exordium","TheCity","TheBeyond"],"potions_floor_usage":[6,13,21,21,22,22,25,30,33,50],"damage_taken":[{"damage":0,"enemies":"Small Slimes","floor":1,"turns":3},{"damage":0,"enemies":"2 Louse","floor":2,"turns":2},{"damage":9,"enemies":"Cultist","floor":4,"turns":4},{"damage":52,"enemies":"Lagavulin","floor":6,"turns":10},{"damage":1,"enemies":"2 Fungi Beasts","floor":10,"turns":4},{"damage":1,"enemies":"3 Sentries","floor":13,"turns":5},{"damage":24,"enemies":"Slime Boss","floor":16,"turns":8},{"damage":3,"enemies":"Chosen","floor":18,"turns":4},{"damage":5,"enemies":"Shell Parasite","floor":21,"turns":5},{"damage":9,"enemies":"Centurion and Healer","floor":22,"turns":7},{"damage":0,"enemies":"Masked Bandits","floor":25,"turns":1},{"damage":1,"enemies":"Chosen and Byrds","floor":27,"turns":4},{"damage":2,"enemies":"Book of Stabbing","floor":30,"turns":4},{"damage":4,"enemies":"3 Cultists","floor":31,"turns":4},{"damage":42,"enemies":"Champ","floor":33,"turns":9},{"damage":7,"enemies":"3 Shapes","floor":35,"turns":4},{"damage":4,"enemies":"3 Darklings","floor":46,"turns":3},{"damage":12,"enemies":"Transient","floor":47,"turns":5},{"damage":5,"enemies":"Sphere and 2 Shapes","floor":48,"turns":3},{"damage":89,"enemies":"hubris:GrandSnecko","floor":50,"turns":10}],"seed_played":"4161684780945615834","potions_obtained":[{"floor":4,"key":"Energy Potion"},{"floor":6,"key":"LiquidBronze"},{"floor":10,"key":"DistilledChaos"},{"floor":16,"key":"HeartOfIron"},{"floor":18,"key":"Weak Potion"},{"floor":21,"key":"Energy Potion"},{"floor":22,"key":"ColorlessPotion"},{"floor":27,"key":"SpeedPotion"},{"floor":31,"key":"SpeedPotion"},{"floor":46,"key":"GamblersBrew"}],"is_trial":false,"path_per_floor":["M","M","$","M","?","E","R","?","T","M","?","$","E","?","R","B",null,"M","?","$","M","M","R","?","?","T","M","?","R","E","M","R","B",null,"M","$","?","$","?","R","$","R","T","?","?","M","M","M","R","B"],"character_chosen":"IRONCLAD","items_purchased":["PreservedInsect","Juzu Bracelet","Lantern","Oddly Smooth Stone"],"campfire_rested":1,"item_purchase_floors":[12,12,20,36],"current_hp_per_floor":[80,80,80,77,77,31,55,55,55,60,60,60,65,65,65,47,74,74,74,74,74,71,71,71,74,74,74,74,74,74,74,74,43,74,78,78,78,78,78,78,78,78,78,78,68,75,74,82,82,0,0],"gold":302,"neow_bonus":"RANDOM_COMMON_RELIC","is_daily":false,"chose_seed":false,"campfire_upgraded":5,"win_rate":0.0,"timestamp":1609085849,"path_taken":["M","M","$","M","?","E","R","?","T","M","?","$","E","?","R","BOSS","M","?","$","M","M","R","?","?","T","M","?","R","E","M","R","BOSS","M","$","?","?","?","R","?","R","T","?","?","M","M","M","R","BOSS"],"items_purchased_type":["Relic","Relic","Relic","Relic"],"build_version":"2020-12-22","purchased_purges":2,"victory":false,"max_hp_per_floor":[80,80,80,80,80,80,80,80,80,80,80,80,80,74,74,74,74,74,74,74,74,74,74,74,74,74,74,74,74,74,74,74,74,74,78,78,78,78,78,78,78,78,78,78,78,78,78,82,82,82,82],"card_choices":[{"not_picked":["hubris:ReadiedAction","Flex"],"picked":"Shrug It Off","floor":1},{"not_picked":["Power Through","Thunderclap"],"picked":"Pommel Strike","floor":2},{"not_picked":["Flame Barrier","Carnage","Body Slam"],"picked":"SKIP","floor":4},{"not_picked":["Heavy Blade","Bloodletting","Headbutt"],"picked":"SKIP","floor":6},{"not_picked":["Dark Embrace","Thunderclap+1"],"picked":"Uppercut+1","floor":10},{"not_picked":["Second Wind","Armaments"],"picked":"Immolate+1","floor":13},{"not_picked":["Reaper+1","Bludgeon+1"],"picked":"Double Tap","floor":16},{"not_picked":["Headbutt+1","Seeing Red","Flame Barrier"],"picked":"SKIP","floor":18},{"not_picked":["Seeing Red","True Grit"],"picked":"Twin Strike+1","floor":21},{"not_picked":["Inflame","Sword Boomerang+1","Exhume"],"picked":"SKIP","floor":22},{"not_picked":["Rupture","Pommel Strike+1"],"picked":"Perfected Strike+1","floor":25},{"not_picked":["Shrug It Off+1","Seeing Red+1","Flex"],"picked":"SKIP","floor":27},{"not_picked":["Flex","Metallicize","Warcry"],"picked":"SKIP","floor":30},{"not_picked":["Cleave+1","Whirlwind+1"],"picked":"Perfected Strike+1","floor":31},{"not_picked":["Juggernaut","Immolate+1"],"picked":"Feed+1","floor":33},{"not_picked":["Entrench","Thunderclap+1","Clothesline+1"],"picked":"SKIP","floor":35},{"not_picked":["Trip","Violence"],"picked":"Mind Blast+1","floor":45},{"not_picked":["Impatience","Bandage Up"],"picked":"Apotheosis","floor":45},{"not_picked":["Discovery","Trip"],"picked":"Panacea","floor":45},{"not_picked":["Headbutt+1","Intimidate+1","Heavy Blade+1"],"picked":"SKIP","floor":46},{"not_picked":["Pommel Strike+1","Clothesline+1","Armaments"],"picked":"SKIP","floor":47},{"not_picked":["Clothesline+1","Feel No Pain+1"],"picked":"Flex+1","floor":48}],"player_experience":1565179,"relics_obtained":[{"floor":6,"key":"Art of War"},{"floor":9,"key":"Gremlin Horn"},{"floor":13,"key":"Orichalcum"},{"floor":25,"key":"Red Mask"},{"floor":26,"key":"Shuriken"},{"floor":30,"key":"Bottled Lightning"},{"floor":43,"key":"aspiration:Lifesprig"}],"event_choices":[{"damage_healed":0,"gold_gain":175,"player_choice":"AGREE","damage_taken":0,"max_hp_gain":0,"max_hp_loss":0,"event_name":"Liars Game","floor":5,"gold_loss":0,"cards_obtained":["Doubt"]},{"damage_healed":0,"gold_gain":0,"player_choice":"Lose Max HP","damage_taken":0,"relics_obtained":["Golden Idol"],"max_hp_gain":0,"max_hp_loss":6,"event_name":"Golden Idol","floor":14,"gold_loss":0},{"damage_healed":0,"gold_gain":0,"player_choice":"Copied","damage_taken":0,"max_hp_gain":0,"max_hp_loss":0,"event_name":"Duplicator","floor":19,"gold_loss":0,"cards_obtained":["Shrug It Off"]},{"damage_healed":0,"gold_gain":0,"player_choice":"Gave Idol","damage_taken":0,"relics_obtained":["Bloody Idol"],"max_hp_gain":0,"max_hp_loss":0,"event_name":"Forgotten Altar","floor":24,"relics_lost":["Golden Idol"],"gold_loss":0},{"damage_healed":0,"gold_gain":0,"player_choice":"Fought Bandits","damage_taken":0,"max_hp_gain":0,"max_hp_loss":0,"event_name":"Masked Bandits","floor":25,"gold_loss":0},{"damage_healed":0,"gold_gain":0,"player_choice":"Forge","damage_taken":0,"max_hp_gain":0,"max_hp_loss":0,"event_name":"Accursed Blacksmith","floor":28,"gold_loss":0,"cards_upgraded":["Shrug It Off"]},{"damage_healed":0,"gold_gain":0,"player_choice":"Ignored","damage_taken":0,"max_hp_gain":0,"max_hp_loss":0,"event_name":"SecretPortal","floor":37,"gold_loss":0},{"damage_healed":0,"gold_gain":222,"player_choice":"Wore Mask","damage_taken":0,"max_hp_gain":0,"max_hp_loss":0,"event_name":"Tomb of Lord Red Mask","floor":39,"gold_loss":0},{"cards_removed":["Defend_R"],"damage_healed":0,"gold_gain":0,"player_choice":"Removed Skill","damage_taken":0,"max_hp_gain":0,"max_hp_loss":0,"event_name":"Falling","floor":44,"gold_loss":0},{"damage_healed":0,"gold_gain":0,"player_choice":"Memory 3","damage_taken":10,"max_hp_gain":0,"max_hp_loss":0,"event_name":"SensoryStone","floor":45,"gold_loss":0}],"is_beta":false,"boss_relics":[{"not_picked":["hubris:GrandSneckoEye","aspiration:SecretTechniqueScroll"],"picked":"SlaversCollar"},{"not_picked":["Philosopher\u0027s Stone","hubris:TerracottaHorce"],"picked":"Cursed Key"}],"items_purged_floors":[20,36],"is_endless":false,"potions_floor_spawned":[4,6,10,16,18,21,22,27,31,46],"killed_by":"hubris:GrandSnecko","ascension_level":0}}