{"host":"szp1d6dso4pv7ddl","time":1609106157,"event":{"mods":["AchievementEnabler","Alarm Clock","BaseMod","Bestiary","Block Reminder","Colored Map","Colored Powertips","Curses Come First","Displayed Cursed Tome","Highlight Path","Minty Spire (QoL Compilation)","Permanent Neow","Quick Restart","Relic Sorter","Relic Stats","StSLib","Synergy Search"],"gold_per_floor":[116,128,142,67,84,115,133,146,198,198,198,54,54,69,69,143,143,143,143,53,53,53,53,53,53],"floor_reached":24,"playtime":1651,"items_purged":["Regret"],"score":330,"play_id":"1067bf35-dd6c-4cd5-bb6d-7c490401044e","local_time":"20201227135557","is_ascension_mode":true,"campfire_choices":[{"floor":10.0,"key":"REST"},{"floor":13.0,"key":"REST"},{"data":"Neutralize","floor":15.0,"key":"SMITH"},{"floor":23.0,"key":"REST"}],"circlet_count":0,"master_deck":["AscendersBane","Strike_G","Strike_G","Strike_G","Strike_G","Strike_G","Defend_G","Defend_G","Defend_G","Defend_G","Survivor","Neutralize+1","Deflect","Dagger Throw","Deflect","Slice","Accuracy","Choke","Choke","Adrenaline","Dagger Throw","Cloak And Dagger","Dash","Terror+1","Blur"],"relics":["Ring of the Snake","WingedGreaves","StrikeDummy","Omamori","WarpedTongs","Nunchaku","Ectoplasm"],"acts_visited":["Exordium","TheCity"],"potions_floor_usage":[24],"damage_taken":[{"damage":13.0,"enemies":"Cultist","floor":1.0,"turns":5.0},{"damage":3.0,"enemies":"Small Slimes","floor":2.0,"turns":6.0},{"damage":0.0,"enemies":"2 Louse","floor":3.0,"turns":2.0},{"damage":9.0,"enemies":"Large Slime","floor":5.0,"turns":9.0},{"damage":11.0,"enemies":"3 Sentries","floor":6.0,"turns":13.0},{"damage":13.0,"enemies":"Lots of Slimes","floor":7.0,"turns":6.0},{"damage":0.0,"enemies":"2 Fungi Beasts","floor":8.0,"turns":4.0},{"damage":0.0,"enemies":"Large Slime","floor":14.0,"turns":5.0},{"damage":29.0,"enemies":"The Guardian","floor":16.0,"turns":12.0},{"damage":9.0,"enemies":"3 Byrds","floor":18.0,"turns":7.0},{"damage":6.0,"enemies":"Chosen","floor":21.0,"turns":5.0},{"damage":26.0,"enemies":"Sentry and Sphere","floor":22.0,"turns":5.0},{"damage":46,"enemies":"Book of Stabbing","floor":24,"turns":5}],"seed_played":"-2769783140610206479","potions_obtained":[{"floor":1.0,"key":"Dexterity Potion"},{"floor":5.0,"key":"Poison Potion"},{"floor":7.0,"key":"Dexterity Potion"},{"floor":16.0,"key":"Fruit Juice"},{"floor":22.0,"key":"Dexterity Potion"}],"is_trial":false,"path_per_floor":["M","M","M","$","M","E","M","M","T","R","?","$","R","M","R","B",null,"M","?","$","M","M","R","E"],"character_chosen":"THE_SILENT","items_purchased":["Nunchaku","Cloak And Dagger","Dash"],"campfire_rested":3,"item_purchase_floors":[12,20,20],"current_hp_per_floor":[50,47,47,47,38,27,14,14,14,35,35,35,56,56,56,32,64,55,55,55,49,23,45,0,0],"gold":53,"neow_bonus":"ONE_RARE_RELIC","is_daily":false,"chose_seed":false,"campfire_upgraded":1,"win_rate":0.0,"timestamp":1609106157,"path_taken":["M","?","?","$","M","E","M","M","T","R","?","$","R","M","R","BOSS","M","?","$","M","?","R","E"],"items_purchased_type":["Relic","Card","Card"],"build_version":"2020-12-22","purchased_purges":1,"victory":false,"max_hp_per_floor":[70,70,70,70,70,70,70,70,70,70,70,70,70,70,70,75,75,75,75,75,75,75,75,75,75],"relic_stats":{"Nunchaku":[9],"counters":[13,84],"Ectoplasm":48,"obtain_stats":[{"Nunchaku":12,"WingedGreaves":0,"Ectoplasm":17,"Omamori":9,"StrikeDummy":6,"Ring of the Snake":0,"WarpedTongs":11},{"Nunchaku":7,"WingedGreaves":0,"Ectoplasm":9,"Omamori":7,"StrikeDummy":5,"Ring of the Snake":0,"WarpedTongs":7},{"Nunchaku":45,"WingedGreaves":0,"Ectoplasm":62,"Omamori":45,"StrikeDummy":35,"Ring of the Snake":0,"WarpedTongs":45}],"Ring of the Snake":[26],"WarpedTongs":[39]},"card_choices":[{"not_picked":["Expertise","PiercingWail"],"picked":"Deflect","floor":1.0},{"not_picked":["Outmaneuver","All Out Attack"],"picked":"Dagger Throw","floor":2.0},{"not_picked":["Backflip","Noxious Fumes"],"picked":"Deflect","floor":3.0},{"not_picked":["PiercingWail","Poisoned Stab"],"picked":"Slice","floor":5.0},{"not_picked":["Predator","Escape Plan"],"picked":"Accuracy","floor":6.0},{"not_picked":["Predator","Deadly Poison"],"picked":"Choke","floor":7.0},{"not_picked":["Acrobatics","Bane","Flying Knee"],"picked":"SKIP","floor":8.0},{"not_picked":["Masterful Stab","Crippling Poison"],"picked":"Choke","floor":14.0},{"not_picked":["Glass Knife","Envenom"],"picked":"Adrenaline","floor":16.0},{"not_picked":["Noxious Fumes","Predator"],"picked":"Dagger Throw","floor":18.0},{"not_picked":["Choke","Eviscerate"],"picked":"Terror+1","floor":21.0},{"not_picked":["Dagger Throw","Deadly Poison"],"picked":"Blur","floor":22.0}],"player_experience":1033435,"relics_obtained":[{"floor":6.0,"key":"StrikeDummy"},{"floor":9.0,"key":"Omamori"}],"event_choices":[{"damage_healed":0.0,"max_hp_gain":0.0,"max_hp_loss":0.0,"gold_gain":0.0,"event_name":"Accursed Blacksmith","player_choice":"Rummage","floor":11.0,"gold_loss":0.0,"damage_taken":0.0,"relics_obtained":["WarpedTongs"],"cards_obtained":["Pain"]},{"cards_removed":["Defend_G"],"damage_healed":0.0,"max_hp_gain":0.0,"max_hp_loss":0.0,"gold_gain":0.0,"event_name":"Bonfire Elementals","player_choice":"Offered Basic","floor":19.0,"gold_loss":0.0,"damage_taken":0.0}],"is_beta":false,"boss_relics":[{"not_picked":["Coffee Dripper","SacredBark"],"picked":"Ectoplasm"}],"items_purged_floors":[4],"is_endless":false,"potions_floor_spawned":[1,5,7,14,16,22],"killed_by":"Book of Stabbing","ascension_level":13}}