{"host":"sie9a4hoh1px9dme","time":1609108931,"event":{"mods":["Act Like it!","BaseMod","CapriCore","Energized Spire","Halation","Luminous","Minty Spire (QoL Compilation)","RemiliaÅiÂQïƒ‰ª?Åj","StSLib","The Administrix","The Immortal","Yakumo Yukari mod"],"gold_per_floor":[111,111,131,51,51,51,51,78,78,108,127,156,170,170,170,272,272,289,289,289,28,47,80,92,104,139,151,163,175,201,227,239,350,362,394,406,50,50,68,68,78,78,78,88,88,106,120,45,45,45,45,45,45,75,75,75],"floor_reached":55,"playtime":8026,"items_purged":["AdministrixMod:RegentEdict"],"score":762,"play_id":"bb212451-3d96-4f8d-b13b-c8c70f2cdb66","local_time":"20201227174211","is_ascension_mode":true,"campfire_choices":[{"data":"AdministrixMod:XianArts","floor":6.0,"key":"SMITH"},{"floor":15.0,"key":"RECALL"},{"floor":24,"key":"REST"},{"data":"AdministrixMod:Transcension","floor":28,"key":"SMITH"},{"floor":32,"key":"REST"},{"data":"AdministrixMod:WifeLightning","floor":40,"key":"SMITH"},{"data":"AdministrixMod:DeathByGlamour","floor":42,"key":"SMITH"},{"floor":49,"key":"REST"},{"data":"AdministrixMod:XianArts","floor":52,"key":"SMITH"}],"circlet_count":0,"master_deck":["AdministrixMod:RedCloak","AdministrixMod:BlueCloak","AdministrixMod:CenturiesAscent","AdministrixMod:XianArts+1","AdministrixMod:Convergence+1","AdministrixMod:SyncreticSurge","AdministrixMod:PassageOfAges","AdministrixMod:BegetEternity","AdministrixMod:TrickOfTheLight+1","AdministrixMod:NewWardrobe+1","AdministrixMod:Wuji","AdministrixMod:Transcension+1","AdministrixMod:Metempsychosis","AdministrixMod:ArmillarySphere","AdministrixMod:WickedPunishment","AdministrixMod:DeathByGlamour","AdministrixMod:GirlsDoItBetter","AdministrixMod:BegetEternity","AdministrixMod:RisingSunPrince","AdministrixMod:WifeLightning+1","AdministrixMod:TrickOfTheLight","AdministrixMod:TrickOfTheLight","AdministrixMod:DeathByGlamour+1","AdministrixMod:CenturiesAscent","AdministrixMod:ShadowPlay","AdministrixMod:XianArts+1","AdministrixMod:ExtolVirtue","AdministrixMod:HarmonicReverence+1","Parasite"],"relics":["AdministrixMod:ConductorRitualBaton","NeowsBlessing","halation:PrussianBluePaint","Darkstone Periapt","HornCleat","Happy Flower","energizedSpire:OgreHead","AdministrixMod:CrackedTaijitu","MawBank","AdministrixMod:ConductorRitualBaton","Pandora\u0027s Box","halation:PinkSoulGem","Singing Bowl","Bag of Preparation","Oddly Smooth Stone"],"acts_visited":["Exordium","TheCity","TheBeyond","TheEnding"],"potions_floor_usage":[33,33,39,44,46,55],"damage_taken":[{"damage":0.0,"enemies":"Small Slimes","floor":1.0,"turns":1.0},{"damage":0.0,"enemies":"Cultist","floor":3.0,"turns":1.0},{"damage":0.0,"enemies":"Lagavulin","floor":8.0,"turns":1.0},{"damage":24.0,"enemies":"3 Sentries","floor":10.0,"turns":8.0},{"damage":0.0,"enemies":"Jaw Worm","floor":11.0,"turns":4.0},{"damage":14.0,"enemies":"Lagavulin","floor":12.0,"turns":7.0},{"damage":0.0,"enemies":"Blue Slaver","floor":13.0,"turns":3.0},{"damage":19.0,"enemies":"Slime Boss","floor":16.0,"turns":13.0},{"damage":1,"enemies":"2 Thieves","floor":18,"turns":4},{"damage":7,"enemies":"Shell Parasite","floor":22,"turns":4},{"damage":48,"enemies":"Slavers","floor":23,"turns":6},{"damage":21,"enemies":"Snake Plant","floor":30,"turns":6},{"damage":0,"enemies":"Centurion and Healer","floor":31,"turns":6},{"damage":25,"enemies":"Automaton","floor":33,"turns":7},{"damage":41,"enemies":"3 Shapes","floor":35,"turns":5},{"damage":4,"enemies":"3 Darklings","floor":39,"turns":5},{"damage":10,"enemies":"Transient","floor":41,"turns":5},{"damage":0,"enemies":"Maw","floor":44,"turns":8},{"damage":18,"enemies":"Writhing Mass","floor":46,"turns":7},{"damage":14,"enemies":"Jaw Worm Horde","floor":47,"turns":3},{"damage":35,"enemies":"Awakened One","floor":50,"turns":14},{"damage":66,"enemies":"Shield and Spear","floor":54,"turns":5},{"damage":74,"enemies":"The Heart","floor":55,"turns":3}],"seed_played":"3268709233523916058","potions_obtained":[{"floor":3.0,"key":"Strength Potion"},{"floor":8.0,"key":"Explosive Potion"},{"floor":10.0,"key":"AdministrixMod:AttunementTonic"},{"floor":11.0,"key":"LiquidMemories"},{"floor":33,"key":"GamblersBrew"},{"floor":35,"key":"ColorlessPotion"},{"floor":44,"key":"ColorlessPotion"},{"floor":54,"key":"PowerPotion"}],"is_trial":false,"path_per_floor":["M","?","M","$","?","R","?","E","T","E","M","E","M","?","R","B",null,"M","?","?","$","M","E","R","?","T","?","R","$","M","M","R","B",null,"M","?","$","?","M","R","M","R","T","M","?","M","M","$","R","B",null,"R","$","E","B"],"character_chosen":"TheAdministrix","items_purchased":["AdministrixMod:Convergence","AdministrixMod:CrackedTaijitu","AdministrixMod:Wuji","AdministrixMod:Transcension","AdministrixMod:XianArts","Singing Bowl","AdministrixMod:ExtolVirtue"],"campfire_rested":3,"item_purchase_floors":[4,21,21,21,37,37,37],"current_hp_per_floor":[65,65,65,65,65,65,65,65,65,41,41,27,27,27,27,8,65,64,64,64,64,57,9,28,28,28,28,28,28,7,7,26,1,65,24,24,24,24,22,22,12,12,12,14,14,28,16,16,39,4,79,79,79,15,0,0],"gold":75,"neow_bonus":"THREE_ENEMY_KILL","is_daily":false,"chose_seed":false,"campfire_upgraded":5,"win_rate":0.0,"timestamp":1609108931,"path_taken":["M","?","?","?","?","R","?","E","T","E","M","E","?","?","R","BOSS","M","?","?","$","M","E","R","?","T","?","R","?","M","M","R","BOSS","M","?","$","?","M","R","M","R","T","?","?","M","M","?","R","BOSS","R","$","E","BOSS"],"items_purchased_type":["Card","Relic","Card","Card","Card","Relic","Card"],"build_version":"2020-12-22","purchased_purges":1,"victory":false,"max_hp_per_floor":[65,65,65,65,65,65,65,65,65,65,65,65,65,65,65,65,65,65,65,65,65,65,65,65,65,65,65,65,65,65,65,65,65,65,65,65,65,65,67,67,67,67,67,69,69,77,79,79,79,79,79,79,79,81,81,81],"card_choices":[{"not_picked":["AdministrixMod:ImmortalGrace","AdministrixMod:TouchOfCinnabar"],"picked":"AdministrixMod:CenturiesAscent","floor":1.0},{"not_picked":["AdministrixMod:ReachToHeaven","AdministrixMod:DreamsMausoleum"],"picked":"AdministrixMod:XianArts","floor":3.0},{"not_picked":["AdministrixMod:DiversionaryTactic","AdministrixMod:ImmortalGrace"],"picked":"AdministrixMod:SyncreticSurge","floor":8.0},{"not_picked":["AdministrixMod:ExtolVirtue","AdministrixMod:BloodlessSapphire"],"picked":"AdministrixMod:PassageOfAges","floor":10.0},{"not_picked":["AdministrixMod:ShadowPlay","AdministrixMod:DiversionaryTactic"],"picked":"AdministrixMod:BegetEternity","floor":11.0},{"not_picked":["AdministrixMod:NoblePath","AdministrixMod:FiendishCrimson"],"picked":"AdministrixMod:RegentEdict","floor":12.0},{"not_picked":["AdministrixMod:XianArts","AdministrixMod:NewWardrobe"],"picked":"AdministrixMod:TrickOfTheLight","floor":13.0},{"not_picked":["AdministrixMod:CosmosControl","AdministrixMod:TenDesires"],"picked":"AdministrixMod:LifeforceNet","floor":16.0},{"not_picked":["AdministrixMod:LightOfYourLife","AdministrixMod:SyncreticPlunge"],"picked":"AdministrixMod:NewWardrobe+1","floor":18},{"not_picked":["AdministrixMod:CrackingPangu","AdministrixMod:Wuji"],"picked":"AdministrixMod:Metempsychosis","floor":22},{"not_picked":["AdministrixMod:PlateOfAntiquity","AdministrixMod:UnstableVigor"],"picked":"AdministrixMod:ArmillarySphere","floor":23},{"not_picked":["AdministrixMod:SipOfSparks","AdministrixMod:PassageOfAges","AdministrixMod:Metempsychosis+1"],"picked":"SKIP","floor":30},{"not_picked":["AdministrixMod:RegentEdict","AdministrixMod:FalseDeath"],"picked":"AdministrixMod:WickedPunishment","floor":31},{"not_picked":["AdministrixMod:LuminaryPath","AdministrixMod:FalseDeath"],"picked":"AdministrixMod:DeathByGlamour","floor":33},{"not_picked":["AdministrixMod:CrackingPangu+1","AdministrixMod:RegentEdict+1"],"picked":"AdministrixMod:ShadowPlay","floor":35},{"not_picked":["AdministrixMod:BegetEternity","AdministrixMod:TrickOfTheLight+1","AdministrixMod:ImmortalPurity+1"],"picked":"Singing Bowl","floor":39},{"not_picked":["AdministrixMod:ImmortalPurity","AdministrixMod:NewbornDivinity"],"picked":"AdministrixMod:HarmonicReverence+1","floor":41},{"not_picked":["AdministrixMod:PassageOfAges","AdministrixMod:ShadowPlay+1","AdministrixMod:CenturiesAscent+1"],"picked":"Singing Bowl","floor":44},{"not_picked":["AdministrixMod:PlateOfAntiquity","AdministrixMod:LightOfYourLife","AdministrixMod:ShadowPlay+1"],"picked":"Singing Bowl","floor":46},{"not_picked":["AdministrixMod:Katabasis+1","AdministrixMod:Convergence","AdministrixMod:DiversionaryTactic"],"picked":"Singing Bowl","floor":47},{"not_picked":["AdministrixMod:SipOfSparks+1","AdministrixMod:DiversionaryTactic+1","AdministrixMod:WickedPunishment+1"],"picked":"Singing Bowl","floor":54}],"player_experience":96417,"relics_obtained":[{"floor":8.0,"key":"halation:PrussianBluePaint"},{"floor":9.0,"key":"Darkstone Periapt"},{"floor":10.0,"key":"HornCleat"},{"floor":12.0,"key":"Happy Flower"},{"floor":23,"key":"MawBank"},{"floor":43,"key":"Bag of Preparation"},{"floor":54,"key":"Oddly Smooth Stone"}],"event_choices":[{"damage_healed":0.0,"max_hp_gain":0.0,"max_hp_loss":0.0,"gold_gain":0.0,"event_name":"The Woman in Blue","player_choice":"Bought 0 Potions","floor":2.0,"gold_loss":0.0,"damage_taken":0.0},{"damage_healed":0.0,"max_hp_gain":0.0,"max_hp_loss":0.0,"gold_gain":0.0,"event_name":"Liars Game","player_choice":"Ignored","floor":5.0,"gold_loss":0.0,"damage_taken":0.0},{"damage_healed":0.0,"max_hp_gain":0.0,"max_hp_loss":0.0,"gold_gain":0.0,"event_name":"Living Wall","player_choice":"Grow","floor":7.0,"gold_loss":0.0,"damage_taken":0.0,"cards_upgraded":["AdministrixMod:Convergence"]},{"damage_healed":0.0,"max_hp_gain":0.0,"max_hp_loss":0.0,"gold_gain":0.0,"event_name":"Upgrade Shrine","player_choice":"Upgraded","floor":14.0,"gold_loss":0.0,"damage_taken":0.0,"cards_upgraded":["AdministrixMod:TrickOfTheLight"]},{"damage_healed":0,"gold_gain":0,"player_choice":"Ignored","damage_taken":0,"max_hp_gain":0,"max_hp_loss":0,"event_name":"Ghosts","floor":19,"gold_loss":0},{"damage_healed":0,"gold_gain":0,"player_choice":"Simplicity","damage_taken":0,"max_hp_gain":0,"max_hp_loss":0,"event_name":"Back to Basics","floor":20,"gold_loss":0,"cards_upgraded":["AdministrixMod:Strike_Administrix","AdministrixMod:Strike_Administrix","AdministrixMod:Strike_Administrix","AdministrixMod:Strike_Administrix","AdministrixMod:Defend_Administrix","AdministrixMod:Defend_Administrix","AdministrixMod:Defend_Administrix","AdministrixMod:Defend_Administrix"]},{"damage_healed":0,"gold_gain":0,"player_choice":"Ignored","damage_taken":0,"max_hp_gain":0,"max_hp_loss":0,"event_name":"Beggar","floor":27,"gold_loss":0},{"damage_healed":0,"gold_gain":0,"player_choice":"Ignored","damage_taken":0,"max_hp_gain":0,"max_hp_loss":0,"event_name":"SecretPortal","floor":38,"gold_loss":0},{"cards_removed":["AdministrixMod:LifeforceNet"],"damage_healed":0,"gold_gain":0,"player_choice":"Removed Attack","damage_taken":0,"max_hp_gain":0,"max_hp_loss":0,"event_name":"Falling","floor":45,"gold_loss":0}],"is_beta":false,"boss_relics":[{"not_picked":["halation:CatFaceCupcake","Snecko Eye"],"picked":"energizedSpire:OgreHead"},{"not_picked":["halation:Risk","Busted Crown"],"picked":"Pandora\u0027s Box"}],"items_purged_floors":[48],"is_endless":false,"potions_floor_spawned":[3,8,10,11,22,23,33,35,44,54],"killed_by":"The Heart","ascension_level":1}}