{"host":"calynag5ibgivyo2","time":1609103878,"event":{"mods":["AchievementEnabler","BaseMod","Colored Map","DeckTracker","Minty Spire (QoL Compilation)","StSLib"],"gold_per_floor":[114,134,134,146,156,156,191,205,205,205,235,250,250,325,325,421,421,433,459,459,470,470,470],"floor_reached":22,"playtime":887,"items_purged":[],"score":270,"play_id":"871d0932-e940-4476-bf3a-c57fccfd8e6f","local_time":"20201227131758","is_ascension_mode":true,"campfire_choices":[{"data":"Zap","floor":6,"key":"SMITH"},{"floor":10,"key":"REST"},{"floor":15,"key":"REST"}],"circlet_count":0,"master_deck":["Defend_B+1","Defend_B","Defend_B","Defend_B+1","Zap+1","Dualcast","Sweeping Beam","Rebound","Self Repair","Cold Snap","Barrage","Skim","Leap","Gash","Machine Learning","Gash","Bite","Bite","Bite","Bite","Bite","Defragment"],"relics":["Cracked Core","NeowsBlessing","StrikeDummy","Gambling Chip","Eternal Feather","Coffee Dripper","Red Mask"],"acts_visited":["Exordium","TheCity"],"potions_floor_usage":[11,18,22],"damage_taken":[{"damage":0,"enemies":"Small Slimes","floor":1,"turns":1},{"damage":0,"enemies":"2 Louse","floor":2,"turns":1},{"damage":0,"enemies":"Cultist","floor":4,"turns":1},{"damage":23,"enemies":"Lots of Slimes","floor":5,"turns":4},{"damage":30,"enemies":"Gremlin Nob","floor":7,"turns":4},{"damage":5,"enemies":"Exordium Wildlife","floor":8,"turns":4},{"damage":20,"enemies":"Lagavulin","floor":11,"turns":7},{"damage":9,"enemies":"3 Louse","floor":12,"turns":2},{"damage":27,"enemies":"The Guardian","floor":16,"turns":13},{"damage":12,"enemies":"2 Thieves","floor":18,"turns":4},{"damage":68,"enemies":"Masked Bandits","floor":19,"turns":6},{"damage":4,"enemies":"Shell Parasite","floor":21,"turns":5},{"damage":25,"enemies":"Shelled Parasite and Fungi","floor":22,"turns":4}],"seed_played":"892876334488763329","potions_obtained":[{"floor":4,"key":"Dexterity Potion"},{"floor":8,"key":"SkillPotion"},{"floor":11,"key":"FairyPotion"},{"floor":16,"key":"DistilledChaos"},{"floor":19,"key":"SkillPotion"}],"is_trial":false,"path_per_floor":["M","M","?","M","M","R","E","M","T","R","E","M","?","?","R","B",null,"M","?","?","M","M"],"character_chosen":"DEFECT","items_purchased":[],"campfire_rested":2,"item_purchase_floors":[],"current_hp_per_floor":[75,75,60,60,44,44,21,23,23,45,32,23,23,12,43,23,62,50,9,9,17,0,0],"gold":470,"neow_bonus":"THREE_ENEMY_KILL","is_daily":false,"chose_seed":false,"campfire_upgraded":1,"win_rate":0.0,"timestamp":1609103878,"path_taken":["M","M","?","M","M","R","E","M","T","R","E","M","?","?","R","BOSS","M","?","?","M","M"],"items_purchased_type":[],"build_version":"2020-12-22","purchased_purges":0,"victory":false,"max_hp_per_floor":[75,75,75,75,75,75,75,75,75,75,75,75,75,75,75,75,75,75,75,52,52,52,52],"card_choices":[{"not_picked":["Rip and Tear","Fusion"],"picked":"Sweeping Beam","floor":1},{"not_picked":["Ball Lightning","Conserve Battery"],"picked":"Rebound","floor":2},{"not_picked":["Cold Snap","Rebound"],"picked":"Self Repair","floor":4},{"not_picked":["Chill","Sweeping Beam"],"picked":"Cold Snap","floor":5},{"not_picked":["Ball Lightning","Steam Power"],"picked":"Barrage","floor":7},{"not_picked":["Recycle","Streamline"],"picked":"Skim","floor":8},{"not_picked":["Multi-Cast","Reinforced Body"],"picked":"Leap","floor":11},{"not_picked":["Barrage","Leap"],"picked":"Gash","floor":12},{"not_picked":["Multi-Cast","Reboot"],"picked":"Machine Learning","floor":16},{"not_picked":["Streamline","Stack","Compile Driver"],"picked":"SKIP","floor":18},{"not_picked":["Sweeping Beam","Auto Shields+1"],"picked":"Gash","floor":19},{"not_picked":["Streamline","Stack"],"picked":"Defragment","floor":21}],"player_experience":439673,"relics_obtained":[{"floor":7,"key":"StrikeDummy"},{"floor":9,"key":"Gambling Chip"},{"floor":11,"key":"Eternal Feather"},{"floor":19,"key":"Red Mask"}],"event_choices":[{"damage_healed":0,"gold_gain":0,"player_choice":"Entered Light","damage_taken":15,"max_hp_gain":0,"max_hp_loss":0,"event_name":"Shining Light","floor":3,"gold_loss":0,"cards_upgraded":["Defend_B","Defend_B"]},{"damage_healed":0,"gold_gain":0,"player_choice":"Ignored","damage_taken":0,"max_hp_gain":0,"max_hp_loss":0,"event_name":"Liars Game","floor":13,"gold_loss":0},{"damage_healed":0,"gold_gain":75,"player_choice":"Gather Gold","damage_taken":11,"max_hp_gain":0,"max_hp_loss":0,"event_name":"World of Goop","floor":14,"gold_loss":0},{"damage_healed":0,"gold_gain":0,"player_choice":"Fought Bandits","damage_taken":0,"max_hp_gain":0,"max_hp_loss":0,"event_name":"Masked Bandits","floor":19,"gold_loss":0},{"damage_healed":0,"gold_gain":0,"player_choice":"Became a vampire","damage_taken":0,"max_hp_gain":0,"max_hp_loss":23,"event_name":"Vampires","floor":20,"gold_loss":0,"cards_obtained":["Bite","Bite","Bite","Bite","Bite"]}],"is_beta":false,"boss_relics":[{"not_picked":["Black Star","SacredBark"],"picked":"Coffee Dripper"}],"items_purged_floors":[],"is_endless":false,"potions_floor_spawned":[4,8,11,16,19],"killed_by":"Shelled Parasite and Fungi","ascension_level":5}}