{"host":"6pgtslebjnyv5xmi","time":1609054268,"event":{"mods":["AchievementEnabler","BaseMod","Colored Map","Minty Spire (QoL Compilation)","Rare Cards Sparkle","StSLib","SuperFastMode","everything is the same but u backflip on backflip"],"gold_per_floor":[114,129,144,159,174,174,99,99,99,114,133,163,163,178,178,278,278,293,293,308,58,58,58,73,73,73,73,88,103,103,118,118,118,118],"floor_reached":33,"playtime":1568,"items_purged":["Bash"],"score":276,"play_id":"c709a092-ed92-4e80-afcf-37227b9f19e3","local_time":"20201227163108","daily_mods":["Chimera","Red Cards","Lethality"],"is_ascension_mode":false,"campfire_choices":[{"data":"Whirlwind","floor":6.0,"key":"SMITH"},{"data":"Seeing Red","floor":8.0,"key":"SMITH"},{"data":"Armaments","floor":13.0,"key":"SMITH"},{"data":"Eruption","floor":15.0,"key":"SMITH"},{"data":"Dark Embrace","floor":23,"key":"SMITH"},{"data":"1","floor":30,"key":"LIFT"},{"floor":32,"key":"REST"}],"circlet_count":0,"master_deck":["Survivor","Zap","Eruption+1","Armaments+1","Whirlwind+1","EmptyFist","Seeing Red+1","Second Wind","Demon Form","Power Through","Double Tap","Dark Embrace+1","Double Tap","SignatureMove","SandsOfTime","Fiend Fire","Battle Trance+1","Shame","Rupture","Evolve+1"],"relics":["PureWater","Question Card","Odd Mushroom","Regal Pillow","Pandora\u0027s Box","Dead Branch","Sundial","Pantograph","Girya"],"acts_visited":["Exordium","TheCity"],"potions_floor_usage":[28,31,33,33],"damage_taken":[{"damage":0.0,"enemies":"2 Louse","floor":1.0,"turns":1.0},{"damage":0.0,"enemies":"Small Slimes","floor":2.0,"turns":2.0},{"damage":0.0,"enemies":"Cultist","floor":3.0,"turns":2.0},{"damage":17.0,"enemies":"Blue Slaver","floor":4.0,"turns":4.0},{"damage":1.0,"enemies":"Red Slaver","floor":5.0,"turns":3.0},{"damage":1.0,"enemies":"Exordium Wildlife","floor":10.0,"turns":3.0},{"damage":0.0,"enemies":"The Mushroom Lair","floor":11.0,"turns":1.0},{"damage":0.0,"enemies":"Lagavulin","floor":12.0,"turns":2.0},{"damage":6.0,"enemies":"Lots of Slimes","floor":14.0,"turns":2.0},{"damage":37.0,"enemies":"Hexaghost","floor":16.0,"turns":7.0},{"damage":0.0,"enemies":"Shell Parasite","floor":18.0,"turns":1.0},{"damage":11,"enemies":"2 Thieves","floor":20,"turns":4},{"damage":0,"enemies":"Shelled Parasite and Fungi","floor":24,"turns":2},{"damage":0,"enemies":"3 Cultists","floor":28,"turns":1},{"damage":0,"enemies":"Snake Plant","floor":29,"turns":2},{"damage":36,"enemies":"Cultist and Chosen","floor":31,"turns":5},{"damage":76,"enemies":"Collector","floor":33,"turns":5}],"seed_played":"4726349093531193793","potions_obtained":[{"floor":3.0,"key":"CultistPotion"},{"floor":4.0,"key":"BlessingOfTheForge"},{"floor":5.0,"key":"BottledMiracle"},{"floor":16.0,"key":"EssenceOfSteel"},{"floor":18.0,"key":"Fire Potion"},{"floor":20,"key":"SteroidPotion"},{"floor":29,"key":"Energy Potion"},{"floor":31,"key":"Explosive Potion"}],"is_trial":false,"path_per_floor":["M","M","M","M","M","R","$","R","T","M","?","E","R","M","R","B",null,"M","?","M","$","?","R","M","$","T","?","M","M","R","M","R","B"],"character_chosen":"WATCHER","items_purchased":["Sundial"],"campfire_rested":1,"item_purchase_floors":[21],"current_hp_per_floor":[72,72,72,55,54,54,54,54,54,53,53,53,53,47,47,10,72,72,72,61,61,61,61,61,61,61,61,61,61,61,25,61,0,0],"gold":118,"neow_bonus":"","is_daily":true,"chose_seed":false,"campfire_upgraded":5,"win_rate":0.0,"timestamp":1609054268,"path_taken":["M","M","M","M","M","R","$","R","T","M","?","E","R","M","R","BOSS","M","?","?","$","?","R","M","$","T","?","?","M","R","M","R","BOSS"],"items_purchased_type":["Relic"],"build_version":"2020-12-22","purchased_purges":1,"victory":false,"max_hp_per_floor":[72,72,72,72,72,72,72,72,72,72,72,72,72,72,72,72,72,72,72,72,72,72,72,72,72,72,72,72,72,72,72,72,72,72],"card_choices":[{"not_picked":["Warcry","Power Through"],"picked":"Armaments","floor":1.0},{"not_picked":["ThirdEye","ReachHeaven","Study"],"picked":"SKIP","floor":2.0},{"not_picked":["Consecrate","Wild Strike"],"picked":"Whirlwind","floor":3.0},{"not_picked":["TalkToTheHand","Wild Strike"],"picked":"EmptyFist","floor":4.0},{"not_picked":["JustLucky","EmptyBody"],"picked":"Seeing Red","floor":5.0},{"not_picked":["Body Slam","BattleHymn","Protect"],"picked":"Second Wind","floor":10.0},{"not_picked":["Pommel Strike","Pray","Whirlwind"],"picked":"Demon Form","floor":12.0},{"not_picked":["Armaments","CutThroughFate","True Grit"],"picked":"Power Through","floor":14.0},{"not_picked":["Wish","Barricade","Demon Form"],"picked":"Double Tap","floor":16.0},{"not_picked":["Bloodletting","FollowUp+1","Havoc"],"picked":"Battle Trance+1","floor":18.0},{"not_picked":["True Grit","Wild Strike+1","Inflame","WreathOfFlame"],"picked":"SKIP","floor":20},{"not_picked":["Swivel","PathToVictory","Cleave","Thunderclap"],"picked":"SKIP","floor":24},{"not_picked":["Spot Weakness","ThirdEye","EmptyMind","EmptyFist"],"picked":"SKIP","floor":28},{"not_picked":["Omniscience","Worship","Intimidate"],"picked":"Evolve+1","floor":29},{"not_picked":["EmptyBody+1","Clash+1","EmptyFist","FollowUp"],"picked":"SKIP","floor":31}],"player_experience":501308,"relics_obtained":[{"floor":9.0,"key":"Question Card"},{"floor":11.0,"key":"Odd Mushroom"},{"floor":12.0,"key":"Regal Pillow"},{"floor":26,"key":"Girya"}],"event_choices":[{"damage_healed":0.0,"max_hp_gain":0.0,"max_hp_loss":0.0,"gold_gain":0.0,"event_name":"Mushrooms","player_choice":"Fought Mushrooms","floor":11.0,"gold_loss":0.0,"damage_taken":0.0},{"damage_healed":0.0,"max_hp_gain":0.0,"max_hp_loss":0.0,"gold_gain":0.0,"event_name":"WeMeetAgain","player_choice":"Gave Potion","floor":19.0,"gold_loss":0.0,"damage_taken":0.0,"relics_obtained":["Dead Branch"]},{"damage_healed":0,"gold_gain":0,"player_choice":"Stole Relic","damage_taken":0,"relics_obtained":["Pantograph"],"max_hp_gain":0,"max_hp_loss":0,"event_name":"Addict","floor":22,"gold_loss":0,"cards_obtained":["Shame"]},{"damage_healed":0,"gold_gain":0,"cards_transformed":["WheelKick"],"player_choice":"Transformed","damage_taken":0,"max_hp_gain":0,"max_hp_loss":0,"event_name":"Transmorgrifier","floor":27,"gold_loss":0,"cards_obtained":["Rupture"]}],"is_beta":false,"boss_relics":[{"not_picked":["SlaversCollar","Empty Cage"],"picked":"Pandora\u0027s Box"}],"items_purged_floors":[7],"is_endless":false,"potions_floor_spawned":[3,4,5,10,16,18,20,29,31],"killed_by":"Collector","ascension_level":0}}