{"host":"0cnf9zf1gia27zti","time":1609095236,"event":{"mods":["BaseMod","BetterRewards","Card Forge","Colored Map","Colored Powertips","Conspire","Downfall","Minty Spire (QoL Compilation)","Practice Mode","Quick Restart","Replay The Spire","Robot Space Explorer","Shade Mod","Spicy Shops","StSLib"],"gold_per_floor":[112,128,146,146,158,188,188,202,202,202,202,127,145,71,71,142,142,155,172,60,71,83,110,110,110,136,5,21,35,35,35],"floor_reached":30,"playtime":1478,"items_purged":["Strike_B"],"score":483,"play_id":"f5f5fb7f-a593-4cf1-b6fa-f23d0e5adece","local_time":"20201227185356","is_ascension_mode":true,"campfire_choices":[{"floor":7,"key":"REST"},{"floor":11,"key":"REST"},{"data":"Zap","floor":15,"key":"SMITH"},{"floor":25,"key":"REST"}],"circlet_count":0,"master_deck":["AscendersBane","Strike_B","Strike_B","Strike_B","Defend_B","Defend_B","Defend_B","Defend_B","Zap+1","Scrape+1","Steam","Reinforced Body+1","Thinking Ahead","Sweeping Beam","ReplayGash","Conserve Battery","Sweeping Beam","Bash+1","Go for the Eyes","Reinforced Body","Core Surge","Go for the Eyes","Scrape","Steam","Steam","Melter+1","Panache+1","Panache+1","BootSequence"],"relics":["Hammer of Thor","Seething Fire","Anvil of the Gods","Kunai","HornCleat","TungstenRod","War Paint","Iron Core","conspire:SlowCooker","Golden Egg","Blue Doll"],"acts_visited":["Exordium","TheCity"],"potions_floor_usage":[6,16,23,28],"damage_taken":[{"damage":1,"enemies":"Jaw Worm","floor":1,"turns":2},{"damage":0,"enemies":"2 Louse","floor":2,"turns":3},{"damage":0,"enemies":"Cultist","floor":3,"turns":3},{"damage":0,"enemies":"Looter","floor":5,"turns":3},{"damage":40,"enemies":"Gremlin Nob","floor":6,"turns":5},{"damage":0,"enemies":"Blue Slaver","floor":8,"turns":3},{"damage":0,"enemies":"Exordium Wildlife","floor":13,"turns":5},{"damage":5,"enemies":"Hexaghost","floor":16,"turns":11},{"damage":10,"enemies":"Shell Parasite","floor":18,"turns":6},{"damage":8,"enemies":"Spheric Guardian","floor":19,"turns":4},{"damage":4,"enemies":"Snecko","floor":21,"turns":5},{"damage":7,"enemies":"Centurion and Healer","floor":22,"turns":6},{"damage":28,"enemies":"Gremlin Leader","floor":23,"turns":8},{"damage":5,"enemies":"Shelled Parasite and Fungi","floor":28,"turns":3},{"damage":0,"enemies":"3 Cultists","floor":29,"turns":3},{"damage":33,"enemies":"Slavers","floor":30,"turns":3}],"seed_played":"-25925051531275365","potions_obtained":[{"floor":1,"key":"PowerPotion"},{"floor":8,"key":"BlessingOfTheForge"},{"floor":13,"key":"Energy Potion"},{"floor":23,"key":"Weak Potion"},{"floor":29,"key":"Elixir"}],"is_trial":false,"path_per_floor":["M","M","M","$","M","E","R","M","T","?","R","$","M","$","R","B",null,"M","M","$","M","M","E","?","R","T","$","M","M","E"],"character_chosen":"DEFECT","items_purchased":["Kunai","Scrape","Steam","HornCleat","Reinforced Body","Reinforced Body","Scrape","Steam","Panache"],"campfire_rested":3,"item_purchase_floors":[0,0,0,0,0,14,20,20,27],"current_hp_per_floor":[63,63,63,63,63,23,44,44,44,44,65,65,65,65,65,60,68,58,50,50,46,39,11,11,32,32,32,27,27,0,0],"gold":35,"neow_bonus":"","is_daily":false,"chose_seed":false,"campfire_upgraded":1,"win_rate":0.0,"timestamp":1609095236,"path_taken":["M","M","M","$","M","E","R","M","T","?","R","$","M","$","R","BOSS","M","M","$","M","M","E","?","R","T","$","M","M","E"],"items_purchased_type":["Relic","Card","Card","Relic","Card","Card","Card","Card","Card"],"build_version":"2020-12-22","purchased_purges":1,"victory":false,"max_hp_per_floor":[71,71,71,71,71,71,71,71,71,71,71,71,71,71,71,71,71,71,71,71,71,71,71,71,71,71,71,71,71,71,71],"card_choices":[{"not_picked":["Glacier","Coolheaded"],"picked":"Sweeping Beam","floor":1},{"not_picked":["Undo","ReplayTheSpireMod:Dual Polarity"],"picked":"ReplayGash","floor":2},{"not_picked":["ReplayTheSpireMod:Calculation Training","Ball Lightning"],"picked":"Conserve Battery","floor":3},{"not_picked":["Coolheaded","Skim","Redo"],"picked":"SKIP","floor":5},{"not_picked":["Stack","Time Bomb","Capacitor"],"picked":"SKIP","floor":6},{"not_picked":["Leap","Redo"],"picked":"Sweeping Beam","floor":8},{"not_picked":["Compile Driver","Darkness"],"picked":"Go for the Eyes","floor":13},{"not_picked":["Reboot","Reaper"],"picked":"Core Surge","floor":16},{"not_picked":["Chaos","Ball Lightning"],"picked":"Go for the Eyes","floor":18},{"not_picked":["ReplaySolidLightProjector","ReplayTheSpireMod:System Scan","Recycle+1"],"picked":"SKIP","floor":19},{"not_picked":["Cold Snap","Barrage","Sweeping Beam"],"picked":"SKIP","floor":21},{"not_picked":["Hologram","Undo"],"picked":"Steam","floor":22},{"not_picked":["Auto Shields","Ball Lightning+1"],"picked":"Melter+1","floor":23},{"not_picked":["ReplaySolidLightProjector","Tempest","Panic Button"],"picked":"SKIP","floor":28},{"not_picked":["Cold Snap","Leap"],"picked":"BootSequence","floor":29}],"player_experience":2524797,"relics_obtained":[{"floor":6,"key":"TungstenRod"},{"floor":9,"key":"War Paint"},{"floor":23,"key":"Golden Egg"},{"floor":26,"key":"Blue Doll"}],"event_choices":[{"damage_healed":0,"gold_gain":0,"player_choice":"Forge","damage_taken":0,"max_hp_gain":0,"max_hp_loss":0,"event_name":"Accursed Blacksmith","floor":24,"gold_loss":0,"cards_upgraded":["Scrape"]}],"is_beta":false,"boss_relics":[{"not_picked":["Astrolabe","Runic Pyramid"],"picked":"conspire:SlowCooker"}],"items_purged_floors":[12],"is_endless":false,"potions_floor_spawned":[1,8,13,23,29],"killed_by":"Slavers","ascension_level":18}}