{"host":"dcj2yvrgcvh5dl2s","time":1609044706,"event":{"mods":["BaseMod","Better Note","Block Reminder","Colored Powertips","DeckTracker","Minty Spire (QoL Compilation)","Quick Restart","Rare Cards Sparkle","Relic Stats","StSLib"],"gold_per_floor":[119,44,9,21,21,56,73,73,73,107,32,64,74,101,101,176,176,188,208,208,219,234,264,32,51,51,86,86,86,86,136,136,212,212,224,224,12,26,26,51,51,61,61,72,72,114,114,147,159,171,171],"floor_reached":50,"playtime":1568,"items_purged":["Defend_R","Defend_R"],"score":1188,"play_id":"7f2e23b7-f175-41e1-9210-4c5ffa331ebe","local_time":"20201227145146","is_ascension_mode":true,"campfire_choices":[{"data":"Flex","floor":8,"key":"SMITH"},{"data":"Perfected Strike","floor":15,"key":"SMITH"},{"floor":28,"key":"REST"},{"data":"Infernal Blade","floor":30,"key":"SMITH"},{"floor":32,"key":"REST"},{"floor":41,"key":"REST"},{"data":"Intimidate","floor":45,"key":"SMITH"},{"floor":49,"key":"REST"}],"circlet_count":0,"master_deck":["AscendersBane","Strike_R","Strike_R","Strike_R","Strike_R","Defend_R","Defend_R","Perfected Strike+1","Infernal Blade+1","Flex+1","Infernal Blade+1","Thunderclap","Shockwave","Sword Boomerang","Heavy Blade+1","Reaper+1","Perfected Strike","Flex","Immolate","Bandage Up","Metallicize+1","Infernal Blade+1","Berserk+1","Havoc","Flame Barrier","Intimidate+1","Dropkick","Infernal Blade"],"relics":["Burning Blood","NeowsBlessing","Du-Vu Doll","CaptainsWheel","Frozen Egg 2","Lizard Tail","Blood Vial","Black Star","Matryoshka","Whetstone","Shuriken","Gremlin Horn","Oddly Smooth Stone","Vajra","Busted Crown","ClockworkSouvenir","Boot","HornCleat","CeramicFish","Pantograph","Ancient Tea Set","Happy Flower","MawBank","Letter Opener"],"acts_visited":["Exordium","TheCity","TheBeyond"],"potions_floor_usage":[12,12,13,21,22,50],"damage_taken":[{"damage":0,"enemies":"2 Louse","floor":1,"turns":1},{"damage":0,"enemies":"Jaw Worm","floor":4,"turns":1},{"damage":0,"enemies":"3 Sentries","floor":6,"turns":2},{"damage":1,"enemies":"Cultist","floor":7,"turns":3},{"damage":18,"enemies":"Gremlin Nob","floor":10,"turns":3},{"damage":20,"enemies":"Lagavulin","floor":12,"turns":3},{"damage":2,"enemies":"3 Louse","floor":13,"turns":3},{"damage":7,"enemies":"Gremlin Nob","floor":14,"turns":3},{"damage":46,"enemies":"Hexaghost","floor":16,"turns":8},{"damage":11,"enemies":"Spheric Guardian","floor":18,"turns":3},{"damage":28,"enemies":"2 Thieves","floor":19,"turns":3},{"damage":26,"enemies":"Snake Plant","floor":21,"turns":4},{"damage":38,"enemies":"Chosen and Byrds","floor":22,"turns":7},{"damage":45,"enemies":"Book of Stabbing","floor":23,"turns":5},{"damage":26,"enemies":"Snecko","floor":25,"turns":5},{"damage":3,"enemies":"Gremlin Leader","floor":27,"turns":5},{"damage":97,"enemies":"Champ","floor":33,"turns":11},{"damage":10,"enemies":"Orb Walker","floor":35,"turns":2},{"damage":2,"enemies":"3 Shapes","floor":38,"turns":3},{"damage":55,"enemies":"Giant Head","floor":40,"turns":7},{"damage":3,"enemies":"3 Darklings","floor":42,"turns":2},{"damage":12,"enemies":"Maw","floor":44,"turns":6},{"damage":27,"enemies":"Nemesis","floor":46,"turns":5},{"damage":31,"enemies":"Reptomancer","floor":48,"turns":6},{"damage":81,"enemies":"Time Eater","floor":50,"turns":5}],"seed_played":"-452190429499834060","potions_obtained":[{"floor":7,"key":"SkillPotion"},{"floor":10,"key":"AttackPotion"},{"floor":12,"key":"EntropicBrew"},{"floor":13,"key":"Strength Potion"},{"floor":19,"key":"DistilledChaos"},{"floor":35,"key":"Energy Potion"},{"floor":40,"key":"FearPotion"},{"floor":42,"key":"Weak Potion"},{"floor":44,"key":"AttackPotion"}],"is_trial":false,"path_per_floor":["M","$","?","M","?","E","M","R","T","E","$","E","M","E","R","B",null,"M","M","?","M","M","E","$","M","T","E","R","?","R","?","R","B",null,"M","?","$","M","$","E","R","M","T","M","R","E","?","E","R","B"],"character_chosen":"IRONCLAD","items_purchased":["Infernal Blade","Bandage Up","Metallicize+1","ClockworkSouvenir","Flame Barrier"],"campfire_rested":4,"item_purchase_floors":[2,24,24,37,37],"current_hp_per_floor":[74,74,75,75,75,75,75,75,75,63,63,49,53,52,52,14,60,57,42,42,29,9,16,16,17,17,35,57,57,57,57,75,7,58,56,56,56,66,66,26,48,53,53,60,60,51,47,36,58,0,0],"gold":171,"neow_bonus":"THREE_ENEMY_KILL","is_daily":false,"chose_seed":false,"campfire_upgraded":4,"win_rate":0.0,"timestamp":1609044706,"path_taken":["M","$","?","M","?","E","?","R","T","E","$","E","M","E","R","BOSS","M","M","?","?","M","E","$","M","T","E","R","?","R","?","R","BOSS","M","?","$","M","$","E","R","M","T","?","R","E","?","E","R","BOSS"],"items_purchased_type":["Card","Card","Card","Relic","Card"],"build_version":"2020-12-22","purchased_purges":2,"victory":false,"max_hp_per_floor":[75,75,75,75,75,75,75,75,75,75,75,75,75,75,75,75,75,75,75,75,75,75,75,75,75,75,75,75,75,75,75,75,75,75,75,75,75,75,75,75,75,75,75,75,75,75,75,75,75,75,75],"relic_stats":{"Gremlin Horn":[13,13],"Happy Flower":[3],"counters":[25,106],"CeramicFish":9,"Whetstone":["Reaper","Heavy Blade"],"Letter Opener":[10],"Boot":[31],"MawBank":24,"Burning Blood":127,"Blood Vial":30,"Lizard Tail":37,"Busted Crown":14,"Shuriken":[23],"Pantograph":17,"Black Star":5,"obtain_stats":[{"NeowsBlessing":0,"Gremlin Horn":26,"Happy Flower":46,"CeramicFish":43,"Oddly Smooth Stone":27,"Vajra":27,"Whetstone":23,"Letter Opener":48,"Frozen Egg 2":10,"Boot":40,"Ancient Tea Set":46,"MawBank":48,"Burning Blood":0,"ClockworkSouvenir":37,"Du-Vu Doll":6,"Blood Vial":14,"CaptainsWheel":9,"Lizard Tail":12,"Matryoshka":23,"Busted Crown":34,"HornCleat":40,"Shuriken":26,"Pantograph":43,"Black Star":17},{"NeowsBlessing":0,"Gremlin Horn":15,"Happy Flower":23,"CeramicFish":21,"Oddly Smooth Stone":16,"Vajra":16,"Whetstone":14,"Letter Opener":24,"Frozen Egg 2":5,"Boot":20,"Ancient Tea Set":23,"MawBank":24,"Burning Blood":0,"ClockworkSouvenir":18,"Du-Vu Doll":3,"Blood Vial":8,"CaptainsWheel":4,"Lizard Tail":6,"Matryoshka":14,"Busted Crown":17,"HornCleat":20,"Shuriken":15,"Pantograph":21,"Black Star":9},{"NeowsBlessing":0,"Gremlin Horn":54,"Happy Flower":95,"CeramicFish":84,"Oddly Smooth Stone":59,"Vajra":59,"Whetstone":49,"Letter Opener":101,"Frozen Egg 2":10,"Boot":82,"Ancient Tea Set":95,"MawBank":101,"Burning Blood":0,"ClockworkSouvenir":72,"Du-Vu Doll":4,"Blood Vial":19,"CaptainsWheel":7,"Lizard Tail":13,"Matryoshka":49,"Busted Crown":70,"HornCleat":82,"Shuriken":54,"Pantograph":84,"Black Star":27}]},"card_choices":[{"not_picked":["Armaments","Thunderclap"],"picked":"Perfected Strike","floor":1},{"not_picked":["Battle Trance","Wild Strike"],"picked":"Flex","floor":4},{"not_picked":["Havoc","Dual Wield"],"picked":"Infernal Blade","floor":6},{"not_picked":["Entrench","Havoc"],"picked":"Thunderclap","floor":7},{"not_picked":["Thunderclap","Iron Wave","Twin Strike"],"picked":"SKIP","floor":10},{"not_picked":["Exhume","Headbutt"],"picked":"Shockwave","floor":12},{"not_picked":["Havoc","Carnage"],"picked":"Sword Boomerang","floor":13},{"not_picked":["Iron Wave","Sentinel"],"picked":"Heavy Blade","floor":14},{"not_picked":["Juggernaut+1","Corruption+1"],"picked":"Reaper","floor":16},{"not_picked":["Twin Strike+1","Feel No Pain+1"],"picked":"Perfected Strike","floor":18},{"not_picked":["Clothesline+1","Sword Boomerang","Warcry"],"picked":"SKIP","floor":19},{"not_picked":["Havoc","Combust+1","Rage"],"picked":"SKIP","floor":21},{"not_picked":["Spot Weakness","Searing Blow"],"picked":"Flex","floor":22},{"not_picked":["Blood for Blood","Corruption+1"],"picked":"Immolate","floor":23},{"not_picked":["Cleave","Iron Wave"],"picked":"Infernal Blade+1","floor":25},{"not_picked":["Fiend Fire","Armaments","Wild Strike"],"picked":"SKIP","floor":27},{"not_picked":["Immolate","Feed"],"picked":"Berserk+1","floor":33},{"not_picked":["Heavy Blade+1"],"picked":"SKIP","floor":35},{"not_picked":[],"picked":"Intimidate","floor":38},{"not_picked":[],"picked":"Dropkick","floor":40},{"not_picked":["Clothesline+1"],"picked":"SKIP","floor":42},{"not_picked":["Clothesline"],"picked":"SKIP","floor":44},{"not_picked":[],"picked":"Infernal Blade","floor":46},{"not_picked":["Berserk+1"],"picked":"SKIP","floor":48}],"player_experience":2046556,"relics_obtained":[{"floor":6,"key":"Du-Vu Doll"},{"floor":9,"key":"CaptainsWheel"},{"floor":10,"key":"Frozen Egg 2"},{"floor":12,"key":"Lizard Tail"},{"floor":14,"key":"Blood Vial"},{"floor":23,"key":"Matryoshka"},{"floor":23,"key":"Whetstone"},{"floor":26,"key":"Shuriken"},{"floor":26,"key":"Gremlin Horn"},{"floor":27,"key":"Oddly Smooth Stone"},{"floor":27,"key":"Vajra"},{"floor":40,"key":"Boot"},{"floor":40,"key":"HornCleat"},{"floor":43,"key":"CeramicFish"},{"floor":43,"key":"Pantograph"},{"floor":46,"key":"Ancient Tea Set"},{"floor":46,"key":"Happy Flower"},{"floor":48,"key":"MawBank"},{"floor":48,"key":"Letter Opener"}],"event_choices":[{"damage_healed":18,"gold_gain":0,"player_choice":"Healed","damage_taken":0,"max_hp_gain":0,"max_hp_loss":0,"event_name":"The Cleric","floor":3,"gold_loss":35},{"cards_removed":["Bash"],"damage_healed":0,"gold_gain":0,"player_choice":"Offered Basic","damage_taken":0,"max_hp_gain":0,"max_hp_loss":0,"event_name":"Bonfire Elementals","floor":5,"gold_loss":0},{"damage_healed":0,"gold_gain":0,"player_choice":"Upgraded","damage_taken":0,"max_hp_gain":0,"max_hp_loss":0,"event_name":"Upgrade Shrine","floor":20,"gold_loss":0,"cards_upgraded":["Infernal Blade"]},{"damage_healed":0,"gold_gain":0,"player_choice":"Ignored","damage_taken":0,"max_hp_gain":0,"max_hp_loss":0,"event_name":"The Mausoleum","floor":29,"gold_loss":0},{"damage_healed":0,"gold_gain":50,"player_choice":"Stole From Cult","damage_taken":0,"max_hp_gain":0,"max_hp_loss":0,"event_name":"Nest","floor":31,"gold_loss":0},{"damage_healed":0,"gold_gain":0,"cards_transformed":["Strike_R"],"player_choice":"Transformed","damage_taken":0,"max_hp_gain":0,"max_hp_loss":0,"event_name":"Transmorgrifier","floor":36,"gold_loss":0,"cards_obtained":["Havoc"]},{"damage_healed":0,"gold_gain":0,"player_choice":"Bought 0 Potions","damage_taken":0,"max_hp_gain":0,"max_hp_loss":0,"event_name":"The Woman in Blue","floor":47,"gold_loss":0}],"is_beta":false,"boss_relics":[{"not_picked":["SacredBark","Mark of Pain"],"picked":"Black Star"},{"not_picked":["Runic Dome","Runic Cube"],"picked":"Busted Crown"}],"items_purged_floors":[11,24],"is_endless":false,"potions_floor_spawned":[7,10,12,13,16,18,19,35,40,42,44],"killed_by":"Time Eater","ascension_level":16}}