{"host":"nsorh8ry9ojhhhly","time":1609078249,"event":{"mods":["BaseMod","Marisa£®ÏF”Í°°ƒß¿Ì…≥£©","Minty Spire (QoL Compilation)","Replay The Spire","StSLib"],"gold_per_floor":[118,118,133,133,151,151,177,189,216,244,244,255,255,273,273,374,374,391,591,603,623,643,643,269,283,283,283,298,318,349,368,368,467,467,479,479,492,506,12,38,38,57,82,82,94,108,108,17,17,17,17,17,17,48,48,48],"floor_reached":55,"playtime":3316,"items_purged":["Defend_R","Defend_R"],"score":785,"play_id":"98bc91cf-45b9-4d8b-85c7-ad6142cda842","local_time":"20201227221049","is_ascension_mode":false,"campfire_choices":[{"data":"Dropkick","floor":6.0,"key":"SMITH"},{"floor":11.0,"key":"REST"},{"data":"Barricade","floor":13.0,"key":"SMITH"},{"floor":15.0,"key":"REST"},{"floor":23.0,"key":"REST"},{"floor":27.0,"key":"REST"},{"data":"Demon Form","floor":32.0,"key":"SMITH"},{"floor":44.0,"key":"REST"},{"floor":47.0,"key":"REST"},{"floor":49.0,"key":"RECALL"},{"data":"Demon Form","floor":52.0,"key":"SMITH"}],"circlet_count":0,"master_deck":["Strike_R","Strike_R","Strike_R","Strike_R+1","Strike_R","Bash+1","Survivor","Ghostly Armor","Survivor+1","Neutralize","Heavy Blade","Dropkick+1","Barricade+1","Perfected Strike","Pot Of Greed","Pot Of Greed","Warcry","Twin Strike","Body Slam","Armaments","Demon Form+1","Entrench+1","Shrug It Off+1","Pot Of Greed","Shrug It Off","Flame Barrier","Clothesline+1","Bludgeon","Flame Barrier+1","Demon Form+1","Bludgeon","Perfected Strike+1","Body Slam","Iron Wave","Ghostly Armor+1","Inflame+1","Pot Of Greed","Uppercut+1","Replay:BasicMightCard","Double Tap"],"relics":["Burning Blood","Dream Catcher","Grinning Jar","ChewingGum","Bronze Scales","Strange Spoon","Regal Pillow","FossilizedHelix","Sozu","Iron Hammer","Whetstone","Pear","King of Hearts","Bottled Tornado"],"acts_visited":["Exordium","TheCity","TheBeyond","TheEnding"],"potions_floor_usage":[],"damage_taken":[{"damage":6.0,"enemies":"Small Slimes","floor":1.0,"turns":6.0},{"damage":4.0,"enemies":"Jaw Worm","floor":3.0,"turns":4.0},{"damage":0.0,"enemies":"2 Louse","floor":5.0,"turns":3.0},{"damage":38.0,"enemies":"3 Sentries","floor":7.0,"turns":14.0},{"damage":8.0,"enemies":"Red Slaver","floor":8.0,"turns":4.0},{"damage":20.0,"enemies":"Gremlin Nob","floor":10.0,"turns":4.0},{"damage":3.0,"enemies":"Large Slime","floor":12.0,"turns":7.0},{"damage":10.0,"enemies":"Exordium Thugs","floor":14.0,"turns":4.0},{"damage":95.0,"enemies":"Fading Forest","floor":16.0,"turns":11.0},{"damage":19.0,"enemies":"3 Byrds","floor":18.0,"turns":6.0},{"damage":25.0,"enemies":"2 Thieves","floor":20.0,"turns":4.0},{"damage":24.0,"enemies":"Chosen and Byrds","floor":21.0,"turns":8.0},{"damage":32.0,"enemies":"Shelled Parasite and Fungi","floor":22.0,"turns":8.0},{"damage":40.0,"enemies":"3 Cultists","floor":25.0,"turns":7.0},{"damage":20.0,"enemies":"Centurion and Healer","floor":28.0,"turns":6.0},{"damage":0.0,"enemies":"Snake Plant","floor":29.0,"turns":4.0},{"damage":11.0,"enemies":"Book of Stabbing","floor":30.0,"turns":6.0},{"damage":24.0,"enemies":"Cultist and Chosen","floor":31.0,"turns":7.0},{"damage":19.0,"enemies":"Champ","floor":33.0,"turns":11.0},{"damage":9.0,"enemies":"3 Shapes","floor":35.0,"turns":5.0},{"damage":47.0,"enemies":"3 Darklings","floor":37.0,"turns":5.0},{"damage":0.0,"enemies":"Spire Growth","floor":38.0,"turns":5.0},{"damage":37.0,"enemies":"Giant Head","floor":40.0,"turns":9.0},{"damage":14.0,"enemies":"Jaw Worm Horde","floor":42.0,"turns":3.0},{"damage":3.0,"enemies":"Maw","floor":45.0,"turns":6.0},{"damage":11.0,"enemies":"4 Shapes","floor":46.0,"turns":6.0},{"damage":68.0,"enemies":"Awakened One","floor":50.0,"turns":11.0},{"damage":63.0,"enemies":"Shield and Spear","floor":54.0,"turns":6.0},{"damage":77,"enemies":"The Heart","floor":55,"turns":3}],"seed_played":"-5425269162329013507","potions_obtained":[{"floor":5.0,"key":"Weak Potion"},{"floor":7.0,"key":"SmokeBomb"},{"floor":10.0,"key":"BloodPotion"},{"floor":12.0,"key":"BloodPotion"},{"floor":14.0,"key":"ColorlessPotion"},{"floor":25.0,"key":"BloodPotion"},{"floor":28.0,"key":"Strength Potion"},{"floor":31.0,"key":"Languid Potion"}],"is_trial":false,"path_per_floor":["M","?","M","?","M","R","E","M","T","E","R","M","R","M","R","B",null,"M","?","M","M","M","R","$","M","T","R","M","M","E","M","R","B",null,"M","?","M","M","$","E","?","M","T","R","M","M","R","$","R","B",null,"R","$","E","B"],"character_chosen":"IRONCLAD","items_purchased":["Bronze Scales","Strange Spoon","Iron Hammer","Whetstone","Replay:BasicMightCard"],"campfire_rested":6,"item_purchase_floors":[24,24,39,39,48],"current_hp_per_floor":[96,96,96,96,96,96,64,62,62,48,76,79,79,75,96,48,96,83,83,64,65,39,67,67,33,33,76,62,68,63,45,45,32,96,93,93,52,58,58,37,37,29,29,75,78,73,106,106,106,44,106,106,106,49,0,0],"gold":48,"neow_bonus":"TWENTY_PERCENT_HP_BONUS","is_daily":false,"chose_seed":false,"campfire_upgraded":4,"win_rate":0.0,"timestamp":1609078249,"path_taken":["M","?","M","?","M","R","E","M","T","E","R","?","R","M","R","BOSS","M","?","M","M","?","R","$","M","T","R","M","M","E","M","R","BOSS","M","?","M","?","$","E","?","M","T","R","M","M","R","$","R","BOSS","R","$","E","BOSS"],"items_purchased_type":["Relic","Relic","Relic","Relic","Card"],"build_version":"2020-12-22","purchased_purges":2,"victory":false,"max_hp_per_floor":[96,96,96,96,96,96,96,96,96,96,96,96,96,96,96,96,96,96,96,96,96,96,96,96,96,96,96,96,96,96,96,96,96,96,96,96,96,96,96,106,106,106,106,106,106,106,106,106,106,106,106,106,106,106,106,106],"card_choices":[{"not_picked":["Heavy Blade","Fire Breathing"],"picked":"Ghostly Armor","floor":1.0},{"not_picked":["Thunderclap","Power Through"],"picked":"Heavy Blade","floor":3.0},{"not_picked":["Flex","Thunderclap"],"picked":"Dropkick","floor":5.0},{"not_picked":["Entrench","True Grit"],"picked":"Barricade","floor":7.0},{"not_picked":["ReplayTheSpireMod:Limb From Limb","Seeing Red"],"picked":"Perfected Strike","floor":8.0},{"not_picked":["Replay:Many Hands","Havoc"],"picked":"Warcry","floor":10.0},{"not_picked":["Sword Boomerang","True Grit"],"picked":"Twin Strike","floor":12.0},{"not_picked":["Disarm","Blood for Blood"],"picked":"Body Slam","floor":14.0},{"not_picked":["Warcry","Clash"],"picked":"Armaments","floor":15.0},{"not_picked":["Bludgeon","Feed"],"picked":"Demon Form","floor":16.0},{"not_picked":["ReplayTheSpireMod:Strike From Hell","Dark Embrace"],"picked":"Entrench+1","floor":18.0},{"not_picked":["Power Through","Dual Wield"],"picked":"Shrug It Off+1","floor":20.0},{"not_picked":["ReplayTheSpireMod:LeadingStrike+1","Searing Blow"],"picked":"Shrug It Off","floor":21.0},{"not_picked":["ReplayTheSpireMod:Corrosion Curse","Headbutt"],"picked":"Flame Barrier","floor":22.0},{"not_picked":["Burning Pact","Twin Strike"],"picked":"Clothesline+1","floor":23.0},{"not_picked":["Thunderclap","Flex+1","Clash"],"picked":"SKIP","floor":25.0},{"not_picked":["True Grit","Cleave"],"picked":"Bludgeon","floor":28.0},{"not_picked":["Defy Death","Heavy Blade+1"],"picked":"Flame Barrier+1","floor":29.0},{"not_picked":["Wild Strike+1","Headbutt","Searing Blow"],"picked":"SKIP","floor":30.0},{"not_picked":["Dropkick","Shockwave"],"picked":"Demon Form","floor":31.0},{"not_picked":["Demonic Infusion","Corruption"],"picked":"Bludgeon","floor":33.0},{"not_picked":["Dropkick+1","True Grit"],"picked":"Perfected Strike+1","floor":35.0},{"not_picked":["ReplayTheSpireMod:LeadingStrike","True Grit"],"picked":"Body Slam","floor":37.0},{"not_picked":["Flex","Twin Strike"],"picked":"Iron Wave","floor":38.0},{"not_picked":["Flame Barrier","Pummel","Heavy Blade+1"],"picked":"SKIP","floor":40.0},{"not_picked":["Sever Soul","Clothesline+1"],"picked":"Ghostly Armor+1","floor":42.0},{"not_picked":["Immolate","Replay:Undeath\u0027s Touch"],"picked":"Inflame+1","floor":45.0},{"not_picked":["Sword Boomerang+1","Clothesline"],"picked":"Uppercut+1","floor":46.0},{"not_picked":["Run Through","ReplayTheSpireMod:Limb From Limb"],"picked":"Double Tap","floor":54.0}],"player_experience":164291,"relics_obtained":[{"floor":7.0,"key":"Dream Catcher"},{"floor":10.0,"key":"Grinning Jar"},{"floor":26.0,"key":"Regal Pillow"},{"floor":30.0,"key":"FossilizedHelix"},{"floor":40.0,"key":"Pear"},{"floor":43.0,"key":"King of Hearts"},{"floor":54.0,"key":"Bottled Tornado"}],"event_choices":[{"cards_removed":["Defend_R"],"damage_healed":0.0,"max_hp_gain":0.0,"max_hp_loss":0.0,"gold_gain":0.0,"event_name":"Living Wall","player_choice":"Forget","floor":4.0,"gold_loss":0.0,"damage_taken":0.0},{"damage_healed":0.0,"max_hp_gain":0.0,"max_hp_loss":0.0,"gold_gain":200.0,"event_name":"Wheel of Change","player_choice":"Gold","floor":19.0,"gold_loss":0.0,"damage_taken":0.0},{"cards_removed":["Defend_R"],"damage_healed":0.0,"max_hp_gain":0.0,"max_hp_loss":0.0,"gold_gain":0.0,"event_name":"Purifier","player_choice":"Purged","floor":36.0,"gold_loss":0.0,"damage_taken":0.0},{"damage_healed":0.0,"max_hp_gain":0.0,"max_hp_loss":0.0,"gold_gain":0.0,"event_name":"Accursed Blacksmith","player_choice":"Forge","floor":41.0,"gold_loss":0.0,"damage_taken":0.0,"cards_upgraded":["Survivor"]}],"is_beta":false,"boss_relics":[{"not_picked":["Honey Jar","Tiny House"],"picked":"ChewingGum"},{"not_picked":["Snecko Eye","Busted Crown"],"picked":"Sozu"}],"items_purged_floors":[24,39],"is_endless":false,"potions_floor_spawned":[5,7,10,12,14,25,28,31,35,38,46],"killed_by":"The Heart","ascension_level":0}}