{"host":"yer03dsd277nstsn","time":1609056152,"event":{"mods":["BaseMod","Minty Spire (QoL Compilation)"],"gold_per_floor":[112,131,131,151,151,184,184,212,212,255,255,274,317,2,2,123,123,148,148,148,96,119,119,138,16,16,60,60,60,81,81,81,204,204,224,237,1236,1254,1254,1254,1254,1254,1306,1320,1013,1028,1028,1028],"floor_reached":47,"playtime":2768,"items_purged":["Injury","Strike_P","Normality"],"score":535,"play_id":"f809d691-9bec-42d7-be59-86a3675e675c","local_time":"20201227020232","is_ascension_mode":true,"campfire_choices":[{"floor":7.0,"key":"REST"},{"floor":11.0,"key":"REST"},{"data":"ReachHeaven","floor":15,"key":"SMITH"},{"floor":23,"key":"REST"},{"floor":29,"key":"REST"},{"floor":32,"key":"REST"},{"floor":40,"key":"REST"}],"circlet_count":0,"master_deck":["Strike_P","Defend_P","Defend_P","Defend_P","Defend_P+1","Eruption+1","Vigilance","Scrawl","EmptyFist","ReachHeaven+1","EmptyMind","EmptyBody","Ragnarok+1","FlyingSleeves+1","Perseverance","ClearTheMind+1","FlyingSleeves+1","CutThroughFate+1","SandsOfTime+1","ForeignInfluence","Scrawl","CurseOfTheBell","Protect+1","FearNoEvil+1","Normality","ClearTheMind+1","The Bomb+1"],"relics":["PureWater","Golden Idol","Ice Cream","Odd Mushroom","CaptainsWheel","StrikeDummy","Du-Vu Doll","Molten Egg 2","Kunai","Centennial Puzzle","Calling Bell","Smiling Mask","Eternal Feather","Dead Branch","War Paint","ClockworkSouvenir"],"acts_visited":["Exordium","TheCity","TheBeyond"],"potions_floor_usage":[28,28],"damage_taken":[{"damage":2.0,"enemies":"2 Louse","floor":1.0,"turns":4.0},{"damage":0.0,"enemies":"Small Slimes","floor":2.0,"turns":3.0},{"damage":6.0,"enemies":"Jaw Worm","floor":4.0,"turns":2.0},{"damage":24.0,"enemies":"3 Sentries","floor":6.0,"turns":7.0},{"damage":18.0,"enemies":"The Mushroom Lair","floor":8.0,"turns":4.0},{"damage":0.0,"enemies":"Lagavulin","floor":10.0,"turns":5.0},{"damage":0.0,"enemies":"2 Fungi Beasts","floor":12.0,"turns":2.0},{"damage":14.0,"enemies":"Gremlin Nob","floor":13.0,"turns":3.0},{"damage":33,"enemies":"Hexaghost","floor":16,"turns":6},{"damage":25,"enemies":"2 Thieves","floor":18,"turns":4},{"damage":3,"enemies":"3 Byrds","floor":22,"turns":4},{"damage":4,"enemies":"Sentry and Sphere","floor":24,"turns":4},{"damage":45,"enemies":"Book of Stabbing","floor":27,"turns":5},{"damage":13,"enemies":"Colosseum Slavers","floor":28,"turns":2},{"damage":10,"enemies":"Cultist and Chosen","floor":30,"turns":4},{"damage":18,"enemies":"Collector","floor":33,"turns":6},{"damage":10,"enemies":"Orb Walker","floor":35,"turns":2},{"damage":54,"enemies":"3 Darklings","floor":36,"turns":5},{"damage":0,"enemies":"Transient","floor":38,"turns":5},{"damage":21,"enemies":"Spire Growth","floor":44,"turns":3},{"damage":16,"enemies":"3 Darklings","floor":46,"turns":2},{"damage":24,"enemies":"Transient","floor":47,"turns":2}],"seed_played":"1836056622679568469","potions_obtained":[{"floor":6.0,"key":"SpeedPotion"},{"floor":12.0,"key":"Explosive Potion"},{"floor":13.0,"key":"Fire Potion"},{"floor":38,"key":"LiquidBronze"},{"floor":44,"key":"Fire Potion"}],"is_trial":false,"path_per_floor":["M","M","?","M","?","E","R","?","T","E","R","M","E","$","R","B",null,"M","?","?","$","M","R","M","$","T","E","?","R","M","?","R","B",null,"M","M","?","M","?","R","?","?","T","M","$","M","M"],"character_chosen":"WATCHER","items_purchased":["Molten Egg 2","ClearTheMind","CutThroughFate+1","ClockworkSouvenir","BlessingOfTheForge","BottledMiracle"],"campfire_rested":6,"item_purchase_floors":[14,21,25,45,45,45],"current_hp_per_floor":[70,70,70,64,64,40,61,43,43,43,64,64,50,50,50,17,72,47,47,47,47,44,65,61,61,61,16,3,24,14,14,35,17,72,62,8,8,8,8,44,44,44,44,23,23,7,0,0],"gold":1028,"neow_bonus":"ONE_RANDOM_RARE_CARD","is_daily":false,"chose_seed":false,"campfire_upgraded":1,"win_rate":0.0,"timestamp":1609056152,"path_taken":["M","M","?","M","?","E","R","?","T","E","R","M","E","$","R","BOSS","M","?","?","$","M","R","M","$","T","E","?","R","M","?","R","BOSS","M","M","?","M","?","R","?","?","T","?","$","M","M"],"items_purchased_type":["Relic","Card","Card","Relic","Potion","Potion"],"build_version":"2020-12-22","purchased_purges":3,"victory":false,"max_hp_per_floor":[72,72,72,72,72,72,72,72,72,72,72,72,72,72,72,72,72,72,72,72,72,72,72,72,72,72,72,72,72,72,72,72,72,72,72,72,72,72,72,72,72,72,72,72,72,72,72,72],"card_choices":[{"not_picked":["FlurryOfBlows","Evaluate"],"picked":"EmptyFist","floor":1.0},{"not_picked":["Indignation","CrushJoints"],"picked":"ReachHeaven","floor":2.0},{"not_picked":["Prostrate","Pray"],"picked":"EmptyMind","floor":4.0},{"not_picked":["Prostrate","Collect","Vengeance"],"picked":"SKIP","floor":6.0},{"not_picked":["WheelKick","BowlingBash"],"picked":"EmptyBody","floor":8.0},{"not_picked":["Prostrate","CarveReality","Nirvana"],"picked":"SKIP","floor":10.0},{"not_picked":["Conclude","Wireheading","ReachHeaven"],"picked":"SKIP","floor":12.0},{"not_picked":["EmptyBody","EmptyFist","FollowUp"],"picked":"SKIP","floor":13.0},{"not_picked":["DeusExMachina","Vault"],"picked":"Ragnarok+1","floor":16},{"not_picked":["Wallop+1","Crescendo"],"picked":"FlyingSleeves+1","floor":18},{"not_picked":["Halt","ThirdEye"],"picked":"FlyingSleeves+1","floor":22},{"not_picked":["ClearTheMind","SashWhip+1","Omniscience"],"picked":"SKIP","floor":24},{"not_picked":["ClearTheMind","DeceiveReality+1"],"picked":"SandsOfTime+1","floor":27},{"not_picked":["Nirvana+1","Adaptation","Wireheading"],"picked":"SKIP","floor":30},{"not_picked":["Judgement","Wish"],"picked":"Scrawl","floor":33},{"not_picked":["WaveOfTheHand+1","Vengeance+1"],"picked":"Protect+1","floor":35},{"not_picked":["ThirdEye","Pray+1"],"picked":"FearNoEvil+1","floor":36},{"not_picked":["Adaptation","ReachHeaven+1"],"picked":"ClearTheMind+1","floor":38},{"not_picked":["Dramatic Entrance+1","Impatience"],"picked":"The Bomb","floor":39},{"not_picked":["Conclude+1","CarveReality+1","ReachHeaven+1"],"picked":"SKIP","floor":44},{"not_picked":["SashWhip+1","CutThroughFate+1","EmptyBody"],"picked":"SKIP","floor":46}],"player_experience":364659,"relics_obtained":[{"floor":6.0,"key":"Ice Cream"},{"floor":8.0,"key":"Odd Mushroom"},{"floor":9.0,"key":"CaptainsWheel"},{"floor":10.0,"key":"StrikeDummy"},{"floor":13.0,"key":"Du-Vu Doll"},{"floor":26,"key":"Kunai"},{"floor":27,"key":"Centennial Puzzle"},{"floor":34,"key":"Smiling Mask"},{"floor":34,"key":"Eternal Feather"},{"floor":34,"key":"Dead Branch"},{"floor":43,"key":"War Paint"}],"event_choices":[{"damage_healed":0.0,"max_hp_gain":0.0,"max_hp_loss":0.0,"gold_gain":0.0,"event_name":"Living Wall","player_choice":"Grow","floor":3.0,"gold_loss":0.0,"damage_taken":0.0,"cards_upgraded":["Eruption"]},{"damage_healed":0.0,"max_hp_gain":0.0,"max_hp_loss":0.0,"gold_gain":0.0,"event_name":"Golden Idol","player_choice":"Take Wound","floor":5.0,"gold_loss":0.0,"damage_taken":0.0,"relics_obtained":["Golden Idol"],"cards_obtained":["Injury"]},{"damage_healed":0.0,"max_hp_gain":0.0,"max_hp_loss":0.0,"gold_gain":0.0,"event_name":"Mushrooms","player_choice":"Fought Mushrooms","floor":8.0,"gold_loss":0.0,"damage_taken":0.0},{"damage_healed":0,"gold_gain":0,"player_choice":"Ignored","damage_taken":0,"max_hp_gain":0,"max_hp_loss":0,"event_name":"Vampires","floor":19,"gold_loss":0},{"damage_healed":0,"gold_gain":0,"player_choice":"Read","damage_taken":0,"max_hp_gain":0,"max_hp_loss":0,"event_name":"The Library","floor":20,"gold_loss":0,"cards_obtained":["Perseverance"]},{"damage_healed":0,"gold_gain":0,"player_choice":"Fight","damage_taken":0,"max_hp_gain":0,"max_hp_loss":0,"event_name":"Colosseum","floor":28,"gold_loss":0},{"damage_healed":0,"gold_gain":0,"player_choice":"Fled From Nobs","damage_taken":0,"max_hp_gain":0,"max_hp_loss":0,"event_name":"Colosseum","floor":28,"gold_loss":0},{"damage_healed":0,"gold_gain":0,"cards_transformed":["Strike_P","Strike_P"],"player_choice":"Became Test Subject","damage_taken":0,"max_hp_gain":0,"max_hp_loss":0,"event_name":"Drug Dealer","floor":31,"gold_loss":0,"cards_obtained":["DeceiveReality","ForeignInfluence"]},{"damage_healed":0,"gold_gain":999,"player_choice":"Gold","damage_taken":0,"max_hp_gain":0,"max_hp_loss":0,"event_name":"MindBloom","floor":37,"gold_loss":0,"cards_obtained":["Normality","Normality"]},{"damage_healed":0,"gold_gain":0,"player_choice":"Memory 1","damage_taken":0,"max_hp_gain":0,"max_hp_loss":0,"event_name":"SensoryStone","floor":39,"gold_loss":0},{"cards_removed":["DeceiveReality"],"damage_healed":0,"gold_gain":0,"player_choice":"Removed Skill","damage_taken":0,"max_hp_gain":0,"max_hp_loss":0,"event_name":"Falling","floor":41,"gold_loss":0},{"damage_healed":0,"gold_gain":0,"player_choice":"Forge","damage_taken":0,"max_hp_gain":0,"max_hp_loss":0,"event_name":"Accursed Blacksmith","floor":42,"gold_loss":0,"cards_upgraded":["The Bomb"]}],"is_beta":false,"boss_relics":[{"not_picked":["Philosopher\u0027s Stone","Cursed Key","Ectoplasm"]},{"not_picked":["Sozu","SacredBark"],"picked":"Calling Bell"}],"items_purged_floors":[14,25,45],"is_endless":false,"potions_floor_spawned":[6,12,13,16,18,22,28,38,44],"killed_by":"Transient","ascension_level":1}}