{"host":"o42wl4m5pnzrnqrg","time":1609049582,"event":{"mods":["2.2 Compatiblity","Act Like it!","Arknights The Spire","BaseMod","Best Route Mod","Better Match","Better Note","Better Skull","Better Third Choice","Better Vampires","CapriCore","Colored Map","Curses Come First","Dota2Spire","Ekko","Friendly Minions","GifTheSpireLib","Gold Saver","Hallownest","Hubris","Jess\u0027s Bottle","Kratos Character Expansion","Luminous","Mari Mod (Legacy)","Mari\u0027s V1 Patch","Marisa????????","Minty Spire (QoL Compilation)","Permanent Neow","Rare Cards Sparkle","Relic Stats","Replay The Spire","Robot Space Explorer","SOS???????","Shade Mod","Shop Mod","Small Relic Pack","Spicy Shops","StSLib","The Bladedancer","The Blue Laboratory","The Bug Knight","The Dragon Tamer","The Marked","TheSwordswoman","TheWitcher","Transform Curses","???mod?????","??????REMEMod"],"gold_per_floor":[215,215,71,71,19,19,30,30,30,113,113,133,163,4,4,4,4],"floor_reached":16,"playtime":751,"items_purged":[],"score":96,"play_id":"1252a2f7-3bbc-456e-ade7-e805cf76e8e2","local_time":"20201227021302","is_ascension_mode":false,"campfire_choices":[{"data":"blazmod:EightLifePilgrimage","floor":6,"key":"SMITH"},{"data":"ats:Demon Strength","floor":8,"key":"SMITH"},{"floor":11,"key":"REST"},{"data":"Apotheosis","floor":15,"key":"SMITH"}],"circlet_count":0,"master_deck":["ats:Poison Spread","ats:Strike C","ats:Strike G","ats:Strike S","ats:Strike V","ats:Armor Crushing Shot","ats:Defend","ats:Defend","ats:Defend","ats:Defend","ats:Emotion Absorption","blazmod:EightLifePilgrimage+1","ats:Rapid Magazine","ats:Assault Order","ats:Demon Strength+1","Jack Of All Trades","ats:Neurotoxin","ats:Flexible Camouflage","Apotheosis+1","ats:Overload"],"relics":["REME_ComplimentaryCards","REME_LowDesire","MealTicket","HollowMod:PaleOreRelic","MerchantsRug","Hallownest:DreamNailRelic","Replay:Bottled Snecko","hubris:TenFootPole","ats:Originium","Dota2Spire:HeartOfTarrasque","Orichalcum"],"acts_visited":["Exordium"],"potions_floor_usage":[],"damage_taken":[{"damage":4,"enemies":"Hallownest:monsterHuskGuard","floor":1,"turns":3},{"damage":0,"enemies":"hubris:Merchant","floor":3,"turns":1},{"damage":9,"enemies":"Hallownest:2_Tiktiks_and_1_Crawlid","floor":7,"turns":3},{"damage":0,"enemies":"Hallownest:monsterHuskWarrior","floor":12,"turns":2},{"damage":18,"enemies":"Hallownest:eliteCrystalGuardian","floor":13,"turns":4},{"damage":97,"enemies":"Hallownest:BossHornet","floor":16,"turns":4}],"seed_played":"4219586008194317847","potions_obtained":[],"is_trial":false,"path_per_floor":["M","?","$","?","$","R","M","R","T","?","R","M","E","$","R","B"],"character_chosen":"DOCTOR_CLASS","items_purchased":["MerchantsRug","ats:Assault Order","Orichalcum","ats:Overload"],"campfire_rested":1,"item_purchase_floors":[3,5,14,14],"current_hp_per_floor":[68,68,72,72,72,72,71,71,71,43,64,72,70,80,80,0,0],"gold":4,"neow_bonus":"BOSS_RELIC","is_daily":false,"chose_seed":false,"campfire_upgraded":3,"win_rate":0.0,"timestamp":1609049582,"path_taken":["M","?","$","?","$","R","?","R","T","?","R","M","E","?","R","BOSS"],"items_purchased_type":["Relic","Card","Relic","Card"],"build_version":"2020-12-22","purchased_purges":0,"victory":false,"max_hp_per_floor":[72,72,72,72,72,72,72,72,72,72,72,72,80,80,80,80,80],"relic_stats":{"counters":[6,17],"MealTicket":14,"Orichalcum":[12],"obtain_stats":[{"MerchantsRug":3,"ats:Originium":13,"MealTicket":0,"Hallownest:DreamNailRelic":4,"hubris:TenFootPole":10,"Dota2Spire:HeartOfTarrasque":13,"ats:Sanity":0,"HollowMod:PaleOreRelic":0,"Replay:Bottled Snecko":9,"REME_LowDesire":0,"Orichalcum":14,"REME_ComplimentaryCards":0},{"MerchantsRug":1,"ats:Originium":5,"MealTicket":0,"Hallownest:DreamNailRelic":2,"hubris:TenFootPole":3,"Dota2Spire:HeartOfTarrasque":5,"ats:Sanity":0,"HollowMod:PaleOreRelic":0,"Replay:Bottled Snecko":3,"REME_LowDesire":0,"Orichalcum":5,"REME_ComplimentaryCards":0},{"MerchantsRug":3,"ats:Originium":13,"MealTicket":0,"Hallownest:DreamNailRelic":4,"hubris:TenFootPole":7,"Dota2Spire:HeartOfTarrasque":13,"ats:Sanity":0,"HollowMod:PaleOreRelic":0,"Replay:Bottled Snecko":7,"REME_LowDesire":0,"Orichalcum":13,"REME_ComplimentaryCards":0}]},"card_choices":[{"not_picked":["ats:Powerful Strike","ats:Assault Order","Impatience"],"picked":"ats:Rapid Magazine","floor":1},{"not_picked":["ats:Apocalypse","ats:Healing Drone","REME_MagicPocketWatch"],"picked":"ats:Demon Strength","floor":7},{"not_picked":["ats:Overload","ats:Powerful Strike","ats:Assault Order"],"picked":"Jack Of All Trades","floor":10},{"not_picked":["ats:Blood Oath","ats:Ignite","Mind Blast"],"picked":"ats:Neurotoxin","floor":10},{"not_picked":["ats:Leaping Hammer","ats:Cat Scratch","SpeedBlade2_Colorless"],"picked":"ats:Flexible Camouflage","floor":12},{"not_picked":["ats:Encircling Forest","ats:True Silver Slash","ats:Magnetic Hammer"],"picked":"Apotheosis","floor":13}],"player_experience":445289,"relics_obtained":[{"floor":0,"key":"MealTicket"},{"floor":0,"key":"HollowMod:PaleOreRelic"},{"floor":9,"key":"Replay:Bottled Snecko"},{"floor":10,"key":"hubris:TenFootPole"},{"floor":13,"key":"ats:Originium"},{"floor":13,"key":"Dota2Spire:HeartOfTarrasque"}],"event_choices":[{"damage_healed":0,"gold_gain":0,"player_choice":"2","damage_taken":0,"max_hp_gain":0,"max_hp_loss":0,"event_name":"betterMatch:BetterMatch","floor":2,"gold_loss":0,"cards_obtained":[]}],"is_beta":false,"boss_relics":[],"items_purged_floors":[],"is_endless":false,"potions_floor_spawned":[],"killed_by":"Hallownest:BossHornet","ascension_level":0}}