{"host":"5bdt6s51dmpd4l3v","time":1609083641,"event":{"mods":["AchievementEnabler","BaseMod","Colored Map","Colored Powertips","Highlight Path","Minty Spire (QoL Compilation)","Quick Restart","Rare Cards Sparkle","StSLib"],"gold_per_floor":[110,110,34,105,117,149,107,107,132,145,145,159,188,203,203,282,282,299,98,98,111,122,122,151,151,151,151,151,151,151,164,164,242,242,260,6,20,37,37,68,68,12,39,39,52,52,52],"floor_reached":46,"playtime":1426,"items_purged":[],"score":1137,"play_id":"4b0f3dd0-035f-4c8f-b012-43027d60d027","local_time":"20201227234041","is_ascension_mode":true,"campfire_choices":[{"data":"Inflame","floor":8.0,"key":"SMITH"},{"data":"Pommel Strike","floor":11.0,"key":"SMITH"},{"data":"Armaments","floor":15.0,"key":"SMITH"},{"data":"Whirlwind","floor":23.0,"key":"SMITH"},{"data":"Battle Trance","floor":25.0,"key":"SMITH"},{"data":"Warcry","floor":27.0,"key":"SMITH"},{"data":"Seeing Red","floor":30.0,"key":"SMITH"},{"data":"Seeing Red","floor":32.0,"key":"SMITH"},{"floor":41.0,"key":"REST"},{"data":"Demon Form","floor":44.0,"key":"SMITH"}],"circlet_count":0,"master_deck":["AscendersBane","Strike_R","Strike_R","Strike_R","Strike_R","Strike_R","Defend_R","Bash","Seeing Red+1","Dropkick","Inflame+1","Iron Wave","Twin Strike","Whirlwind+1","Pommel Strike+1","Armaments+1","Bloodletting","Battle Trance+1","Feed","Burning Pact+1","Metallicize+1","Limit Break+1","Warcry+1","Pummel","Wild Strike+1","Sword Boomerang+1","Clash+1","Seeing Red+1","Demon Form+1","Double Tap","Bloodletting+1","Twin Strike+1","Dual Wield+1","Injury","Parasite"],"relics":["Burning Blood","NeowsBlessing","Mummified Hand","Pocketwatch","Bronze Scales","Ancient Tea Set","Astrolabe","Toolbox","Nunchaku","Boot","Nilry\u0027s Codex","Cursed Key","Membership Card","Happy Flower","MealTicket"],"acts_visited":["Exordium","TheCity","TheBeyond"],"potions_floor_usage":[45,45],"damage_taken":[{"damage":0.0,"enemies":"Small Slimes","floor":1.0,"turns":1.0},{"damage":0.0,"enemies":"Cultist","floor":5.0,"turns":1.0},{"damage":0.0,"enemies":"Lagavulin","floor":6.0,"turns":1.0},{"damage":12.0,"enemies":"Jaw Worm","floor":10.0,"turns":2.0},{"damage":12.0,"enemies":"Exordium Thugs","floor":12.0,"turns":3.0},{"damage":0.0,"enemies":"Gremlin Nob","floor":13.0,"turns":2.0},{"damage":6.0,"enemies":"Lots of Slimes","floor":14.0,"turns":3.0},{"damage":3.0,"enemies":"Slime Boss","floor":16.0,"turns":6.0},{"damage":3.0,"enemies":"Chosen","floor":18.0,"turns":3.0},{"damage":3.0,"enemies":"Shell Parasite","floor":21.0,"turns":1.0},{"damage":13.0,"enemies":"Centurion and Healer","floor":22.0,"turns":5.0},{"damage":3.0,"enemies":"Gremlin Leader","floor":24.0,"turns":3.0},{"damage":3.0,"enemies":"Sentry and Sphere","floor":31.0,"turns":1.0},{"damage":17.0,"enemies":"Automaton","floor":33.0,"turns":6.0},{"damage":5.0,"enemies":"Orb Walker","floor":35.0,"turns":2.0},{"damage":24.0,"enemies":"3 Darklings","floor":37.0,"turns":3.0},{"damage":27.0,"enemies":"Jaw Worm Horde","floor":38.0,"turns":3.0},{"damage":56.0,"enemies":"Reptomancer","floor":40.0,"turns":4.0},{"damage":41,"enemies":"Writhing Mass","floor":45,"turns":4},{"damage":17,"enemies":"Nemesis","floor":46,"turns":1}],"seed_played":"1605596745659970844","potions_obtained":[{"floor":5.0,"key":"Dexterity Potion"},{"floor":10.0,"key":"SkillPotion"},{"floor":12.0,"key":"DistilledChaos"},{"floor":16.0,"key":"EntropicBrew"},{"floor":22.0,"key":"GamblersBrew"},{"floor":33.0,"key":"LiquidMemories"},{"floor":37.0,"key":"AttackPotion"},{"floor":40.0,"key":"Dexterity Potion"}],"is_trial":false,"path_per_floor":["M","?","$","T","M","E","$","R","T","M","R","M","E","M","R","B",null,"M","$","$","M","M","R","E","R","T","R","?","?","R","M","R","B",null,"M","$","M","M","?","E","R","$","T","R","M","E"],"character_chosen":"IRONCLAD","items_purchased":["Inflame","Whirlwind","Pummel","Toolbox","Membership Card","Double Tap","BloodPotion","Explosive Potion"],"campfire_rested":1,"item_purchase_floors":[3,7,19,19,36,36,42,42],"current_hp_per_floor":[74,74,74,74,75,75,75,75,75,69,69,63,69,69,69,72,74,75,75,75,78,71,71,74,74,74,74,74,53,53,56,56,45,70,71,71,53,36,67,17,37,37,37,37,15,0,0],"gold":52,"neow_bonus":"THREE_ENEMY_KILL","is_daily":false,"chose_seed":false,"campfire_upgraded":9,"win_rate":0.0,"timestamp":1609083641,"path_taken":["M","?","$","?","M","E","?","R","T","?","R","M","E","M","R","BOSS","M","?","$","M","M","R","E","R","T","R","?","?","R","M","R","BOSS","M","$","M","M","?","E","R","$","T","R","M","E"],"items_purchased_type":["Card","Card","Card","Relic","Relic","Card","Potion","Potion"],"build_version":"2020-12-22","purchased_purges":0,"victory":false,"max_hp_per_floor":[75,75,75,75,75,75,75,75,75,75,75,75,75,75,75,75,75,75,75,75,78,78,78,78,78,78,78,78,78,78,78,78,78,78,78,78,78,82,67,67,67,67,67,67,67,67,67],"card_choices":[{"not_picked":["Clothesline","Wild Strike"],"picked":"Seeing Red","floor":1.0},{"not_picked":["Thunderclap","Dual Wield"],"picked":"Iron Wave","floor":5.0},{"not_picked":["Sentinel","Seeing Red"],"picked":"Twin Strike","floor":6.0},{"not_picked":["Whirlwind","Thunderclap"],"picked":"Pommel Strike","floor":10.0},{"not_picked":["Heavy Blade","Wild Strike"],"picked":"Armaments","floor":12.0},{"not_picked":["Wild Strike","True Grit"],"picked":"Bloodletting","floor":13.0},{"not_picked":["Warcry","Cleave"],"picked":"Battle Trance","floor":14.0},{"not_picked":["Fiend Fire","Bludgeon"],"picked":"Feed","floor":16.0},{"not_picked":["Clothesline","Pommel Strike"],"picked":"Warcry","floor":18.0},{"not_picked":["Evolve+1","Armaments"],"picked":"Wild Strike+1","floor":21.0},{"not_picked":["Heavy Blade","Armaments"],"picked":"Sword Boomerang+1","floor":22.0},{"not_picked":["Demon Form","Body Slam"],"picked":"Clash+1","floor":24.0},{"not_picked":["Sword Boomerang","Iron Wave"],"picked":"Seeing Red","floor":31.0},{"not_picked":["Feed","Fiend Fire"],"picked":"Demon Form","floor":33.0},{"not_picked":["Twin Strike","Sword Boomerang","Intimidate"],"picked":"SKIP","floor":35.0},{"not_picked":["Blood for Blood","Whirlwind"],"picked":"Bloodletting+1","floor":37.0},{"not_picked":["Armaments","Power Through+1"],"picked":"Twin Strike+1","floor":38.0},{"not_picked":["Pommel Strike","Clothesline+1"],"picked":"Dual Wield+1","floor":40.0},{"not_picked":["Disarm","Intimidate","Havoc"],"picked":"SKIP","floor":45}],"player_experience":258458,"relics_obtained":[{"floor":4.0,"key":"Mummified Hand"},{"floor":6.0,"key":"Pocketwatch"},{"floor":9.0,"key":"Bronze Scales"},{"floor":13.0,"key":"Ancient Tea Set"},{"floor":24.0,"key":"Nunchaku"},{"floor":26.0,"key":"Boot"},{"floor":29.0,"key":"Nilry\u0027s Codex"},{"floor":40.0,"key":"Happy Flower"},{"floor":43.0,"key":"MealTicket"}],"event_choices":[{"damage_healed":0.0,"max_hp_gain":0.0,"max_hp_loss":0.0,"gold_gain":0.0,"event_name":"Match and Keep!","player_choice":"1 cards matched","floor":2.0,"gold_loss":0.0,"damage_taken":0.0,"cards_obtained":["Dropkick"]},{"damage_healed":0.0,"max_hp_gain":0.0,"max_hp_loss":0.0,"gold_gain":0.0,"event_name":"Vampires","player_choice":"Ignored","floor":28.0,"gold_loss":0.0,"damage_taken":0.0},{"damage_healed":0.0,"max_hp_gain":0.0,"max_hp_loss":0.0,"gold_gain":0.0,"event_name":"Cursed Tome","player_choice":"Obtained Book","floor":29.0,"gold_loss":0.0,"damage_taken":21.0},{"damage_healed":67.0,"max_hp_gain":0.0,"max_hp_loss":15.0,"gold_gain":0.0,"event_name":"The Moai Head","player_choice":"Heal","floor":39.0,"gold_loss":0.0,"damage_taken":0.0}],"is_beta":false,"boss_relics":[{"not_picked":["Runic Cube","Runic Pyramid"],"picked":"Astrolabe"},{"not_picked":["Fusion Hammer","Snecko Eye"],"picked":"Cursed Key"}],"items_purged_floors":[],"is_endless":false,"potions_floor_spawned":[5,10,12,16,18,22,33,37,40],"killed_by":"Nemesis","ascension_level":17}}