{"host":"ccz","time":1609056195,"event":{"mods":["BaseMod","Minty Spire (QoL Compilation)","Reimu£®≤©¿ˆ¡È√Œ£©","StSLib","°æπ¶ƒ‹Mod°øªÏ„Á÷Æª∑–ﬁ∏¥≤π∂°","ÛÙª÷∏ƒœ"],"gold_per_floor":[113,113,113,125,75,75,101,101,152,168,168,180,105,5,5,103,103,113,113,123,50,60,60,60,60,60,60,76,91,102,116,116,221,221,244,256,268,280,292,304,329,341,353,365,377,196,207,237,87,87,87,87,38,70,70],"floor_reached":56,"playtime":2014,"items_purged":["NB:ReiMu","Strike_Lin:ReiMu","Strike_Lin:ReiMu","Defend_Lin:ReiMu"],"score":1298,"play_id":"bd04df63-7460-4ba7-9d33-f83c1d0e4e9c","local_time":"20201227160315","is_ascension_mode":false,"campfire_choices":[{"data":"Conquer:ReiMu","floor":6.0,"key":"SMITH"},{"data":"FantasyMoon:ReiMu","floor":8.0,"key":"SMITH"},{"data":"SpreadBorder2:ReiMu","floor":11.0,"key":"SMITH"},{"floor":15.0,"key":"RECALL"},{"data":"MountainWay:ReiMu","floor":23.0,"key":"SMITH"},{"data":"KyokaiOfKami:ReiMu","floor":25.0,"key":"SMITH"},{"data":"SpringWay:ReiMu","floor":32.0,"key":"SMITH"},{"data":"KamiRite:ReiMu","floor":40.0,"key":"SMITH"},{"data":"TakeOff:ReiMu","floor":42.0,"key":"SMITH"},{"data":"Defend_Lin:ReiMu","floor":45,"key":"SMITH"},{"data":"Dreaming2:ReiMu","floor":52,"key":"SMITH"}],"circlet_count":0,"master_deck":["Defend_Lin:ReiMu+1","Defend_Lin:ReiMu+1","Defend_Lin:ReiMu","Stagnation:ReiMu+1","Conquer:ReiMu+1","FantasyMoon:ReiMu+1","SpreadBorder2:ReiMu+1","KyokaiOfKami:ReiMu+1","MikOfLucky:ReiMu+1","MountainWay:ReiMu+1","SpringWay:ReiMu+1","TakeOff:ReiMu+1","KamiRite:ReiMu+1","Dreaming2:ReiMu+1","WonderfulDomain:ReiMu+1"],"relics":["FlyPower:ReiMu","NeowsBlessing","Art of War","Mummified Hand","War Paint","Busted Crown","TungstenRod","Calling Bell","MawBank","Mercury Hourglass","Turnip","Toy Ornithopter","Strawberry"],"acts_visited":["Exordium","TheCity","TheBeyond","TheEnding"],"potions_floor_usage":[48,50,55],"damage_taken":[{"damage":0.0,"enemies":"Jaw Worm","floor":1.0,"turns":1.0},{"damage":0.0,"enemies":"Small Slimes","floor":4.0,"turns":1.0},{"damage":0.0,"enemies":"Gremlin Nob","floor":7.0,"turns":1.0},{"damage":0.0,"enemies":"Cultist","floor":10.0,"turns":3.0},{"damage":0.0,"enemies":"2 Fungi Beasts","floor":12.0,"turns":1.0},{"damage":35.0,"enemies":"Hexaghost","floor":16.0,"turns":15.0},{"damage":0.0,"enemies":"Spheric Guardian","floor":18.0,"turns":4.0},{"damage":4.0,"enemies":"Chosen","floor":20.0,"turns":6.0},{"damage":4.0,"enemies":"Snake Plant","floor":22.0,"turns":5.0},{"damage":2.0,"enemies":"Chosen and Byrds","floor":28.0,"turns":5.0},{"damage":4.0,"enemies":"3 Cultists","floor":29.0,"turns":5.0},{"damage":2.0,"enemies":"Snake Plant","floor":30.0,"turns":7.0},{"damage":0.0,"enemies":"Centurion and Healer","floor":31.0,"turns":5.0},{"damage":4.0,"enemies":"Collector","floor":33.0,"turns":8.0},{"damage":21.0,"enemies":"3 Darklings","floor":35.0,"turns":4.0},{"damage":0.0,"enemies":"Orb Walker","floor":41.0,"turns":4.0},{"damage":2,"enemies":"4 Shapes","floor":47,"turns":5},{"damage":0,"enemies":"Reptomancer","floor":48,"turns":7},{"damage":14,"enemies":"Awakened One","floor":50,"turns":10},{"damage":30,"enemies":"Shield and Spear","floor":54,"turns":13},{"damage":5,"enemies":"The Heart","floor":55,"turns":15}],"seed_played":"-4297737890989481853","potions_obtained":[{"floor":4.0,"key":"LiquidMemories"},{"floor":10.0,"key":"GamblersBrew"},{"floor":18.0,"key":"CultistPotion"},{"floor":22.0,"key":"PinkPotion:ReiMu"},{"floor":28.0,"key":"SpeedPotion"},{"floor":35.0,"key":"PinkPotion:ReiMu"}],"is_trial":false,"path_per_floor":["M","?","?","M","?","R","E","R","T","M","R","M","$","$","R","B",null,"M","?","M","$","M","R","?","R","T","?","M","M","M","M","R","B",null,"M","?","T","?","$","R","M","R","T","$","R","$","M","E","R","B",null,"R","$","E","B",null],"character_chosen":"REIMU","items_purchased":["MountainWay:ReiMu","Dreaming2:ReiMu","SkillPotion"],"campfire_rested":0,"item_purchase_floors":[21,46,53],"current_hp_per_floor":[65,53,53,53,53,53,53,53,53,53,53,53,53,53,53,18,65,65,65,61,61,57,57,57,57,57,57,55,51,49,49,49,45,65,44,44,44,44,44,44,44,44,44,44,44,44,42,42,42,47,62,62,62,39,54],"gold":70,"neow_bonus":"THREE_ENEMY_KILL","is_daily":false,"chose_seed":false,"campfire_upgraded":10,"win_rate":0.0,"timestamp":1609056195,"path_taken":["M","?","?","?","?","R","E","R","T","M","R","M","?","$","R","BOSS","M","?","M","$","M","R","?","R","T","?","M","M","M","M","R","BOSS","M","?","?","?","?","R","M","R","T","$","R","$","M","E","R","BOSS","R","$","E","BOSS"],"items_purchased_type":["Card","Card","Potion"],"build_version":"2020-12-18","purchased_purges":4,"victory":true,"max_hp_per_floor":[65,65,65,65,65,65,65,65,65,65,65,65,65,65,65,65,65,65,65,65,65,65,65,65,65,65,65,65,65,65,65,65,65,65,65,65,65,62,62,62,62,62,62,62,62,62,62,62,62,62,62,62,62,69,69],"card_choices":[{"not_picked":["CareerPray:ReiMu","TightArray:ReiMu","BarrageOfMoneybags:ReiMu"],"picked":"SKIP","floor":1.0},{"not_picked":["SubcavityInstant:ReiMu","TightArray:ReiMu"],"picked":"Conquer:ReiMu","floor":4.0},{"not_picked":["Conquer:ReiMu","SubAcupoint:ReiMu"],"picked":"FantasyMoon:ReiMu","floor":7.0},{"not_picked":["OctopathBindingBorder2:ReiMu","SafetyPray:ReiMu"],"picked":"SpreadBorder2:ReiMu","floor":10.0},{"not_picked":["Amulet:ReiMu","SpringWay:ReiMu","OrbThrow:ReiMu"],"picked":"SKIP","floor":12.0},{"not_picked":["Determination:ReiMu","PrayRite:ReiMu"],"picked":"KyokaiOfKami:ReiMu","floor":16.0},{"not_picked":["Intuition:ReiMu"],"picked":"SKIP","floor":18.0},{"not_picked":[],"picked":"MikOfLucky:ReiMu+1","floor":20.0},{"not_picked":["MikOfLucky:ReiMu"],"picked":"SKIP","floor":22.0},{"not_picked":["EmergencyTakeOff:ReiMu"],"picked":"SKIP","floor":28.0},{"not_picked":[],"picked":"SpringWay:ReiMu","floor":29.0},{"not_picked":[],"picked":"TakeOff:ReiMu","floor":30.0},{"not_picked":["Amulet:ReiMu"],"picked":"SKIP","floor":31.0},{"not_picked":[],"picked":"KamiRite:ReiMu","floor":33.0},{"not_picked":["Amulet:ReiMu"],"picked":"SKIP","floor":35.0},{"not_picked":["EmergencyTakeOff:ReiMu+1"],"picked":"SKIP","floor":41.0},{"not_picked":[],"picked":"WonderfulDomain:ReiMu+1","floor":47},{"not_picked":["AlertArray:ReiMu"],"picked":"SKIP","floor":48},{"not_picked":["Enchanting:ReiMu"],"picked":"SKIP","floor":54}],"player_experience":147034,"relics_obtained":[{"floor":7.0,"key":"Mummified Hand"},{"floor":9.0,"key":"War Paint"},{"floor":26.0,"key":"TungstenRod"},{"floor":34.0,"key":"MawBank"},{"floor":34.0,"key":"Mercury Hourglass"},{"floor":34.0,"key":"Turnip"},{"floor":48,"key":"Toy Ornithopter"},{"floor":54,"key":"Strawberry"}],"event_choices":[{"damage_healed":0.0,"max_hp_gain":0.0,"max_hp_loss":0.0,"gold_gain":0.0,"event_name":"Scrap Ooze","player_choice":"Success","floor":2.0,"gold_loss":0.0,"damage_taken":12.0,"relics_obtained":["Art of War"]},{"damage_healed":0.0,"max_hp_gain":0.0,"max_hp_loss":0.0,"gold_gain":0.0,"event_name":"NoteForYourself","player_choice":"Ignored","floor":3.0,"gold_loss":0.0,"damage_taken":0.0},{"cards_removed":["Strike_Lin:ReiMu"],"damage_healed":0.0,"max_hp_gain":0.0,"max_hp_loss":0.0,"gold_gain":0.0,"event_name":"The Cleric","player_choice":"Card Removal","floor":5.0,"gold_loss":50.0,"damage_taken":0.0},{"damage_healed":0.0,"max_hp_gain":0.0,"max_hp_loss":0.0,"gold_gain":0.0,"event_name":"Vampires","player_choice":"Ignored","floor":19.0,"gold_loss":0.0,"damage_taken":0.0},{"cards_removed":["Strike_Lin:ReiMu"],"damage_healed":0.0,"max_hp_gain":0.0,"max_hp_loss":0.0,"gold_gain":0.0,"event_name":"Back to Basics","player_choice":"Elegance","floor":27.0,"gold_loss":0.0,"damage_taken":0.0},{"damage_healed":0.0,"max_hp_gain":0.0,"max_hp_loss":0.0,"gold_gain":0.0,"event_name":"Tomb of Lord Red Mask","player_choice":"Ignored","floor":36.0,"gold_loss":0.0,"damage_taken":0.0},{"damage_healed":0.0,"max_hp_gain":0.0,"max_hp_loss":3.0,"gold_gain":0.0,"event_name":"Winding Halls","player_choice":"Max HP","floor":38.0,"gold_loss":0.0,"damage_taken":0.0}],"is_beta":true,"boss_relics":[{"not_picked":["Snecko Eye","CrownOfHeavens:ReiMu"],"picked":"Busted Crown"},{"not_picked":["RedLine:ReiMu","Fusion Hammer"],"picked":"Calling Bell"}],"items_purged_floors":[13,14,46,49],"is_endless":false,"potions_floor_spawned":[4,10,18,22,28,35],"ascension_level":0}}