{"host":"htqwg582tjjtn9p7","time":1609056409,"event":{"mods":["2.2 Compatiblity","AchievementEnabler","Act Like it!","Aspiration","BaseMod","Better Third Choice","Colored Map","Conspire","Curses Come First","Displayed Cursed Tome","Energized Spire","Force Act Four","GifTheSpireLib","Hermit","Highlight Path","JesterMod","Mad Scientist","Minty Spire (QoL Compilation)","Pale of the Ancients","Permanent Neow","Random Character Button","Relic Stats","Replay The Spire","Robot Space Explorer","Somnambulant","Spicy Shops","Spikes Relics","StSLib","Stuff the Spire","The Blue Laboratory","The Disciple","The Dragon Tamer","The Forsaken","The Gatherer","The Judge","The Jungle","The Marked","The Runesmith","The Servant 0.9.4"],"gold_per_floor":[113,113,131,131,131,131,163,163,163,19,19,38,54,67,67,168,168,184,195,120,120,133,133,33,50,100,118,118,144,158,187,187,292,292,302,313,110,124,124,124,124,124],"floor_reached":41,"playtime":1845,"items_purged":["Strike_S","Defend_S","Defend_S"],"score":671,"play_id":"e56e7512-d6cc-41e0-a89d-34e0173cdc3f","local_time":"20201227090649","is_ascension_mode":true,"campfire_choices":[{"data":"Luminosity","floor":6,"key":"SMITH"},{"data":"FanOfKnives","floor":8,"key":"SMITH"},{"data":"Exchange","floor":11,"key":"SMITH"},{"floor":15,"key":"REST"},{"data":"Sunlight","floor":23,"key":"SMITH"},{"floor":28,"key":"REST"},{"floor":32,"key":"REST"},{"floor":40,"key":"REST"}],"circlet_count":0,"master_deck":["AscendersBane","Strike_S","Defend_S","Defend_S","KidneyShot","Exchange+1","SpecialFormula","Luminosity+1","Starlight","FanOfKnives+1","Rearm+1","Defy+1","Sunlight+1","Defy+1","Embodiment","SilverBlades","SurpressingFire","ShatteredReality+1","InstantArmor+1","MurderousAura","SurpressingFire","FanOfKnives","GearUp+1","FanOfKnives+1"],"relics":["Uniform","Toxic Egg 2","Replay:Baseball","ReplayTheSpireMod:Ninjato","Philosopher\u0027s Stone","Potion Belt","aspiration:SeaSaltIceCream","Ring of the Snake","Blood Vial","StoneMask"],"acts_visited":["Exordium","TheCity","TheBeyond"],"potions_floor_usage":[29,30,35,41],"damage_taken":[{"damage":14,"enemies":"Jaw Worm","floor":1,"turns":5},{"damage":12,"enemies":"Small Slimes","floor":3,"turns":5},{"damage":16,"enemies":"Replay:BlueRogue","floor":7,"turns":12},{"damage":2,"enemies":"Cultist","floor":12,"turns":3},{"damage":1,"enemies":"2 Fungi Beasts","floor":13,"turns":3},{"damage":5,"enemies":"Gremlin Gang","floor":14,"turns":2},{"damage":23,"enemies":"Slime Boss","floor":16,"turns":12},{"damage":5,"enemies":"Chosen","floor":18,"turns":4},{"damage":5,"enemies":"conspire:FuzzyDice","floor":19,"turns":6},{"damage":12,"enemies":"Centurion and Healer","floor":22,"turns":6},{"damage":16,"enemies":"Snake Plant","floor":25,"turns":5},{"damage":14,"enemies":"Shelled Parasite and Fungi","floor":27,"turns":6},{"damage":28,"enemies":"Book of Stabbing","floor":29,"turns":7},{"damage":0,"enemies":"3 Cultists","floor":30,"turns":4},{"damage":22,"enemies":"Gremlin Leader","floor":31,"turns":6},{"damage":13,"enemies":"Champ","floor":33,"turns":9},{"damage":46,"enemies":"3 Darklings","floor":35,"turns":3},{"damage":12,"enemies":"3 Shapes","floor":36,"turns":10},{"damage":24,"enemies":"Jaw Worm Horde","floor":38,"turns":3},{"damage":38,"enemies":"4 Shapes","floor":41,"turns":3}],"seed_played":"5433969886427293509","potions_obtained":[{"floor":7,"key":"Reflective Coating"},{"floor":12,"key":"blueLaboratory:FruitPreserves"},{"floor":22,"key":"Strength Potion"},{"floor":29,"key":"DuplicationPotion"},{"floor":38,"key":"Adrenaline Potion"}],"is_trial":false,"path_per_floor":["M","?","M","?","?","R","E","R","T","$","R","M","M","M","R","B",null,"M","M","?","?","M","R","$","M","T","M","R","E","M","E","R","B",null,"M","M","$","M","?","R","M"],"character_chosen":"THE_SERVANT","items_purchased":["Rearm+1","FanOfKnives"],"campfire_rested":4,"item_purchase_floors":[10,37],"current_hp_per_floor":[50,65,58,58,58,58,47,47,47,47,47,50,54,49,65,47,61,61,56,56,56,49,49,49,38,38,29,48,25,30,13,32,26,55,35,39,39,26,26,47,11,11],"gold":124,"neow_bonus":"THREE_CARDS","is_daily":false,"chose_seed":false,"campfire_upgraded":4,"win_rate":0.0,"timestamp":1609056409,"path_taken":["M","?","M","?","?","R","E","R","T","$","R","M","M","M","R","BOSS","M","M","?","?","M","R","$","?","T","M","R","E","M","E","R","BOSS","M","M","$","M","?","R","M"],"items_purchased_type":["Card","Card"],"build_version":"2020-12-22","purchased_purges":3,"victory":false,"max_hp_per_floor":[65,65,65,65,65,65,65,65,65,65,65,65,65,65,65,65,65,65,65,65,65,65,65,65,65,65,65,65,65,65,65,65,65,65,66,69,69,72,72,72,72,72],"relic_stats":{"Blood Vial":10,"counters":[20,114],"obtain_stats":[{"Potion Belt":26,"Blood Vial":31,"Replay:Baseball":7,"ReplayTheSpireMod:Ninjato":9,"StoneMask":34,"Philosopher\u0027s Stone":17,"Uniform":0,"aspiration:SeaSaltIceCream":29,"Toxic Egg 2":4,"Ring of the Snake":29},{"Potion Belt":11,"Blood Vial":15,"Replay:Baseball":3,"ReplayTheSpireMod:Ninjato":3,"StoneMask":16,"Philosopher\u0027s Stone":7,"Uniform":0,"aspiration:SeaSaltIceCream":13,"Toxic Egg 2":2,"Ring of the Snake":13},{"Potion Belt":63,"Blood Vial":86,"Replay:Baseball":22,"ReplayTheSpireMod:Ninjato":22,"StoneMask":95,"Philosopher\u0027s Stone":42,"Uniform":0,"aspiration:SeaSaltIceCream":76,"Toxic Egg 2":10,"Ring of the Snake":76}],"Ring of the Snake":[14]},"card_choices":[{"not_picked":["Collapse","Rearm"],"picked":"SpecialFormula","floor":0},{"not_picked":["Revamp","Rewind"],"picked":"Luminosity","floor":1},{"not_picked":["Rewind","Replace"],"picked":"Starlight","floor":3},{"not_picked":["Starlight","Comet"],"picked":"FanOfKnives","floor":7},{"not_picked":["DualDimension+1","Desolation"],"picked":"Defy+1","floor":12},{"not_picked":["Snipe","Shuttle+1","Spin"],"picked":"SKIP","floor":13},{"not_picked":["DoubleEdge","Rewind+1","Manipulate+1"],"picked":"SKIP","floor":14},{"not_picked":["KillingDoll","Duplication+1"],"picked":"Sunlight","floor":16},{"not_picked":["Potential+1","Sabotage","Ricochet"],"picked":"SKIP","floor":18},{"not_picked":["DoubleEdge","Unruled"],"picked":"Defy+1","floor":19},{"not_picked":["Revamp+1","Spin"],"picked":"Embodiment","floor":22},{"not_picked":["FastForward+1","Rearm+1"],"picked":"SilverBlades","floor":25},{"not_picked":["Advance+1","Gouge"],"picked":"SurpressingFire","floor":27},{"not_picked":["Advance+1","Revamp+1"],"picked":"ShatteredReality+1","floor":29},{"not_picked":["BottledTime+1","Unruled"],"picked":"InstantArmor+1","floor":30},{"not_picked":["Rewind+1","Spin","Unruled"],"picked":"SKIP","floor":31},{"not_picked":["Initiator","ForgedInTime+1"],"picked":"MurderousAura","floor":33},{"not_picked":["FastForward+1","ShatteredReality"],"picked":"SurpressingFire","floor":35},{"not_picked":["Rewind+1","Ricochet","TimeWarp+1"],"picked":"SKIP","floor":36},{"not_picked":["DancingSilver+1","Unruled"],"picked":"GearUp+1","floor":38}],"player_experience":1801252,"relics_obtained":[{"floor":7,"key":"Replay:Baseball"},{"floor":9,"key":"ReplayTheSpireMod:Ninjato"},{"floor":26,"key":"Potion Belt"},{"floor":29,"key":"aspiration:SeaSaltIceCream"},{"floor":31,"key":"Blood Vial"}],"event_choices":[{"cards_removed":["Injury"],"damage_healed":0,"gold_gain":0,"player_choice":"Purged","damage_taken":0,"max_hp_gain":0,"max_hp_loss":0,"event_name":"Purifier","floor":5,"gold_loss":0},{"cards_removed":["Strike_S"],"damage_healed":0,"gold_gain":0,"player_choice":"Gave Gold","damage_taken":0,"max_hp_gain":0,"max_hp_loss":0,"event_name":"Beggar","floor":20,"gold_loss":75},{"cards_removed":["Strike_S"],"damage_healed":0,"gold_gain":0,"player_choice":"Offered Basic","damage_taken":0,"max_hp_gain":0,"max_hp_loss":0,"event_name":"Bonfire Elementals","floor":21,"gold_loss":0},{"damage_healed":0,"gold_gain":0,"player_choice":"Copied","damage_taken":0,"max_hp_gain":0,"max_hp_loss":0,"event_name":"Duplicator","floor":39,"gold_loss":0,"cards_obtained":["FanOfKnives"]}],"is_beta":false,"boss_relics":[{"not_picked":["aspiration:WatcherSkillbook","conspire:RoyalGoblet"],"picked":"Philosopher\u0027s Stone"},{"not_picked":["MysterySword","aspiration:PoetsPen_weak"],"picked":"StoneMask"}],"items_purged_floors":[10,24,37],"is_endless":false,"potions_floor_spawned":[7,12,16,19,22,29,38],"killed_by":"4 Shapes","ascension_level":11}}