{"host":"zn0mr865d8bdqt3v","time":1609071275,"event":{"mods":["Act Like it!","BaseMod","Gensokyo","KinomotoSakuraMod(ƒæ÷Æ±æ”£)","Minty Spire (QoL Compilation)","Reimu£®≤©¿ˆ¡È√Œ£©","Remilia£®¿Ÿ√◊¿Ú—«£©","StSLib","Yakumo Yukari mod","Youmu£®ªÍ∆«—˝√Œ£©"],"gold_per_floor":[114,14,32,43,57,57,73,73,73,16,27,27,27,61,61,160,160,429,441,317,232,249,280,280,280,305,305,322,297,297,297],"floor_reached":30,"playtime":11104,"items_purged":["Defend_RM"],"score":325,"play_id":"0b317a10-73f2-4dfd-8b84-4da4958b4bd6","local_time":"20201227201435","is_ascension_mode":false,"campfire_choices":[{"data":"BloodyMagicSquare","floor":6,"key":"SMITH"},{"data":"ScarletImprint","floor":8,"key":"SMITH"},{"data":"SuperhumanBloodyKnife","floor":15,"key":"SMITH"},{"data":"BlasphemousPunishment","floor":24,"key":"SMITH"},{"data":"UnstableMagic","floor":25,"key":"SMITH"}],"circlet_count":0,"master_deck":["Strike_RM","Strike_RM","Strike_RM","Strike_RM","Defend_RM","Defend_RM","Defend_RM","RedMoon","ScarletShoot","ScarletImprint+1","DiffusionOfMisfortune","UltimateOffering","CharismaGuard","SuperhumanBloodyKnife+1","BloodyTrap+1","MillenniumVampire+1","HellCatastrophe+1","LeisurelyOfLord","ScarletImprint+1","BlasphemousPunishment+1","RedRainbow","UnstableMagic+1","Septette+1","MastersStateliness"],"relics":["ScarletHat","InkBottle","CrazyTorch:ReiMu","Gensokyo:PortableGap","MealTicket","Bronze Scales","Astrolabe","Ornamental Fan","Darkstone Periapt","PreservedInsect","Mastiff:ReiMu"],"acts_visited":["Exordium","TheCity"],"potions_floor_usage":[],"damage_taken":[{"damage":0,"enemies":"Gensokyo:3_Fairies","floor":1,"turns":4},{"damage":0,"enemies":"Gensokyo:2_Kodama","floor":3,"turns":6},{"damage":0,"enemies":"Gensokyo:Python","floor":4,"turns":4},{"damage":17,"enemies":"Gensokyo:5_Fairies","floor":5,"turns":9},{"damage":0,"enemies":"Gensokyo:Kitsune","floor":7,"turns":2},{"damage":26,"enemies":"Gensokyo:2_Rabbits","floor":11,"turns":6},{"damage":29,"enemies":"Gensokyo:Cirno","floor":14,"turns":9},{"damage":8,"enemies":"Gensokyo:Kokoro","floor":16,"turns":9},{"damage":2,"enemies":"Chosen","floor":18,"turns":6},{"damage":43,"enemies":"3 Byrds","floor":19,"turns":3},{"damage":25,"enemies":"Snake Plant","floor":22,"turns":3},{"damage":0,"enemies":"Slavers","floor":23,"turns":2},{"damage":10,"enemies":"Centurion and Healer","floor":28,"turns":12},{"damage":38,"enemies":"3 Cultists","floor":30,"turns":6}],"seed_played":"-4611393461616984746","potions_obtained":[{"floor":3,"key":"BlessingOfTheForge"},{"floor":4,"key":"Regen Potion"},{"floor":16,"key":"Dexterity Potion"}],"is_trial":false,"path_per_floor":["M","?","M","M","M","R","M","R","T","COS","M","?","?","E","R","B",null,"M","M","$","?","M","E","R","R","T","T","M","$","M"],"character_chosen":"REMILIA","items_purchased":["BlasphemousPunishment","MastersStateliness"],"campfire_rested":0,"item_purchase_floors":[20,29],"current_hp_per_floor":[82,82,82,82,67,67,67,67,67,67,42,42,42,15,15,11,74,74,32,47,47,25,25,25,25,25,25,17,32,0,0],"gold":297,"neow_bonus":"TEN_PERCENT_HP_BONUS","is_daily":false,"chose_seed":false,"campfire_upgraded":5,"win_rate":0.0,"timestamp":1609071275,"path_taken":["M","?","M","M","M","R","M","R","T","COS","M","?","?","E","R","BOSS","M","M","$","?","M","E","R","R","T","?","M","?","M"],"items_purchased_type":["Card","Card"],"build_version":"2020-12-22","purchased_purges":1,"victory":false,"max_hp_per_floor":[82,82,82,82,82,82,82,82,82,82,82,74,74,74,74,74,74,74,74,74,74,74,74,71,71,71,71,71,71,71,71],"card_choices":[{"not_picked":["FavorOfDestiny","LeisurelyOfLord"],"picked":"ScarletImprint","floor":1},{"not_picked":["BombardNight","DiffusionOfMisfortune"],"picked":"MillenniumVampire","floor":3},{"not_picked":["Ultimatum","EndlessAdversity"],"picked":"BloodyMagicSquare","floor":4},{"not_picked":["ScarletGensokyo","GlobalNightmare"],"picked":"DiffusionOfMisfortune","floor":5},{"not_picked":["FavorOfDestiny","ChainGang"],"picked":"UltimateOffering","floor":7},{"not_picked":["BloodHunter","ChainGang"],"picked":"CharismaGuard","floor":11},{"not_picked":["BombardNight","CharismaGuard"],"picked":"SuperhumanBloodyKnife","floor":14},{"not_picked":["CeilingFear","KillingBlow"],"picked":"TransientEternity","floor":16},{"not_picked":["ScarletDevil","AfternoonTea"],"picked":"LeisurelyOfLord","floor":18},{"not_picked":["ScarletDevilSign","ScarletDevil+1"],"picked":"ScarletImprint+1","floor":19},{"not_picked":["UnstableMagic+1","VampireClaw"],"picked":"RedRainbow","floor":22},{"not_picked":["RedMagic","LeisurelyOfLord"],"picked":"UnstableMagic","floor":23},{"not_picked":["BombardNight","ScarletDevil"],"picked":"Septette+1","floor":28}],"player_experience":18652,"relics_obtained":[{"floor":9,"key":"CrazyTorch:ReiMu"},{"floor":14,"key":"Bronze Scales"},{"floor":23,"key":"Darkstone Periapt"},{"floor":26,"key":"PreservedInsect"},{"floor":27,"key":"Mastiff:ReiMu"}],"event_choices":[{"damage_healed":0,"gold_gain":0,"player_choice":"Obtained Relic","damage_taken":0,"relics_obtained":["Ornamental Fan"],"max_hp_gain":0,"max_hp_loss":0,"event_name":"Addict","floor":21,"gold_loss":85}],"is_beta":false,"boss_relics":[{"not_picked":["SacredBark","Velvet Choker"],"picked":"Astrolabe"}],"items_purged_floors":[20],"is_endless":false,"potions_floor_spawned":[3,4,16,18,22,23],"killed_by":"3 Cultists","ascension_level":0}}