{"host":"rqd50iigewdjy74u","time":1609075154,"event":{"mods":["AchievementEnabler","BaseMod","BetterRewards","Custom Start","Minty Spire (QoL Compilation)","StSLib"],"gold_per_floor":[110,110,122,140,160,160,44,44,44,44,44,56,56,69,69,169,169,184,2,22,33,33,33,33,33,33],"floor_reached":25,"playtime":1030,"items_purged":[],"score":218,"play_id":"0dc3ec4c-2dcc-4177-8fcf-9daad6ca14f1","local_time":"20201227071914","is_ascension_mode":false,"campfire_choices":[{"data":"Eruption","floor":6,"key":"SMITH"},{"data":"Halt","floor":8,"key":"SMITH"},{"data":"InnerPeace","floor":10,"key":"SMITH"},{"data":"Crescendo","floor":13,"key":"SMITH"},{"data":"WaveOfTheHand","floor":15,"key":"SMITH"},{"data":"Wallop","floor":23,"key":"SMITH"}],"circlet_count":0,"master_deck":["Strike_P","Strike_P","Defend_P","Defend_P","Defend_P","Defend_P","Eruption+1","Vigilance","CurseOfTheBell","InnerPeace+1","Conclude","WaveOfTheHand","Halt+1","FollowUp","Crescendo+1","WaveOfTheHand+1","Blasphemy","Consecrate","Wallop+1","FollowUp","SandsOfTime+1","Crescendo","DeceiveReality"],"relics":["Calling Bell","Centennial Puzzle","The Courier","Mango","Strawberry","Meat on the Bone","Black Star","Nunchaku"],"acts_visited":["Exordium","TheCity"],"potions_floor_usage":[16,16,18],"damage_taken":[{"damage":5,"enemies":"Small Slimes","floor":1,"turns":3},{"damage":2,"enemies":"2 Louse","floor":3,"turns":4},{"damage":0,"enemies":"Cultist","floor":4,"turns":2},{"damage":5,"enemies":"Gremlin Gang","floor":5,"turns":2},{"damage":11,"enemies":"Exordium Thugs","floor":12,"turns":5},{"damage":0,"enemies":"Large Slime","floor":14,"turns":4},{"damage":62,"enemies":"Hexaghost","floor":16,"turns":12},{"damage":33,"enemies":"2 Thieves","floor":18,"turns":5},{"damage":49,"enemies":"Chosen","floor":20,"turns":7},{"damage":25,"enemies":"Snake Plant","floor":21,"turns":4},{"damage":15,"enemies":"Slavers","floor":25,"turns":2}],"seed_played":"-8099913581735787108","potions_obtained":[{"floor":4,"key":"PowerPotion"},{"floor":5,"key":"Dexterity Potion"},{"floor":16,"key":"Weak Potion"},{"floor":18,"key":"Energy Potion"}],"is_trial":false,"path_per_floor":["M","?","M","M","M","R","$","R","T","R","?","M","R","M","R","B",null,"M","$","M","M","?","R","?","E"],"character_chosen":"WATCHER","items_purchased":["Strawberry","Wallop","Nunchaku"],"campfire_rested":0,"item_purchase_floors":[7,19,19],"current_hp_per_floor":[81,86,84,84,79,79,86,86,86,86,86,75,75,75,75,25,98,65,65,28,15,15,15,15,0,0],"gold":33,"neow_bonus":"BOSS_RELIC","is_daily":false,"chose_seed":false,"campfire_upgraded":6,"win_rate":0.0,"timestamp":1609075154,"path_taken":["M","?","M","M","M","R","$","R","T","R","?","M","R","M","R","BOSS","M","?","M","?","?","R","?","E"],"items_purchased_type":["Relic","Card","Relic"],"build_version":"2020-12-22","purchased_purges":0,"victory":false,"max_hp_per_floor":[86,91,91,91,91,91,98,98,98,98,98,98,98,98,98,98,98,98,98,98,98,98,98,98,98,98],"card_choices":[{"not_picked":["ReachHeaven","CrushJoints"],"picked":"InnerPeace","floor":1},{"not_picked":["CutThroughFate","ThirdEye"],"picked":"Conclude","floor":3},{"not_picked":["Adaptation","EmptyBody"],"picked":"WaveOfTheHand","floor":4},{"not_picked":["WaveOfTheHand","TalkToTheHand"],"picked":"Halt","floor":5},{"not_picked":["InnerPeace","EmptyFist"],"picked":"Crescendo","floor":12},{"not_picked":["Halt","CutThroughFate"],"picked":"WaveOfTheHand","floor":14},{"not_picked":["Omniscience","MasterReality"],"picked":"Blasphemy","floor":16},{"not_picked":["Wireheading","Prostrate"],"picked":"Consecrate","floor":18},{"not_picked":["JustLucky","WaveOfTheHand"],"picked":"FollowUp","floor":20},{"not_picked":["FlyingSleeves+1","Evaluate"],"picked":"SandsOfTime+1","floor":21}],"player_experience":125114,"relics_obtained":[{"floor":0,"key":"Centennial Puzzle"},{"floor":0,"key":"The Courier"},{"floor":0,"key":"Mango"},{"floor":9,"key":"Meat on the Bone"}],"event_choices":[{"damage_healed":0,"gold_gain":0,"player_choice":"Donut","damage_taken":0,"max_hp_gain":5,"max_hp_loss":0,"event_name":"Big Fish","floor":2,"gold_loss":0},{"damage_healed":0,"gold_gain":0,"player_choice":"1 cards matched","damage_taken":0,"max_hp_gain":0,"max_hp_loss":0,"event_name":"Match and Keep!","floor":11,"gold_loss":0,"cards_obtained":["FollowUp"]},{"damage_healed":0,"gold_gain":0,"player_choice":"Ignored","damage_taken":0,"max_hp_gain":0,"max_hp_loss":0,"event_name":"Cursed Tome","floor":22,"gold_loss":0},{"damage_healed":0,"gold_gain":0,"cards_transformed":["Strike_P","Strike_P"],"player_choice":"Became Test Subject","damage_taken":0,"max_hp_gain":0,"max_hp_loss":0,"event_name":"Drug Dealer","floor":24,"gold_loss":0,"cards_obtained":["Crescendo","DeceiveReality"]}],"is_beta":false,"boss_relics":[{"not_picked":["Velvet Choker","Empty Cage"],"picked":"Black Star"}],"items_purged_floors":[],"is_endless":false,"potions_floor_spawned":[4,5,16,18],"killed_by":"Slavers","ascension_level":0}}