{"host":"9d83omykrosjn1d3","time":1609031646,"event":{"mods":["AchievementEnabler","BaseMod","BetterRewards","Card Forge","Downfall","Hubris","Minty Spire (QoL Compilation)","Permanent Neow","Shop Mod","StSLib","SuperFastMode","The Construct"],"gold_per_floor":[116,116,116,116,116,156,156,156],"floor_reached":7,"playtime":477,"items_purged":[],"score":47,"play_id":"9215220c-3cea-4624-9ea8-a04308a758bd","local_time":"20201227101406","daily_mods":["SealedDeck","Heirloom","Flight","downfall:Improvised","DeadlyEvents","Elite Swarm"],"is_ascension_mode":false,"campfire_choices":[],"circlet_count":0,"master_deck":["Consume","Recycle","Self Repair","construct:Hazardproof+1","Capacitor+1","Creative AI+1","Glacier+1","Amplify+1","Buffer+1"],"relics":["Cracked Core","Hammer of Thor","Seething Fire","Anvil of the Gods","Incense Burner","Molten Egg 2","Toxic Egg 2","Frozen Egg 2","construct:ClockworkPhoenix","Omamori","Golden Idol","Oddly Smooth Stone"],"acts_visited":["Exordium"],"potions_floor_usage":[],"damage_taken":[{"damage":3,"enemies":"Small Slimes","floor":1,"turns":7},{"damage":59,"enemies":"Gremlin Nob","floor":6,"turns":8},{"damage":9,"enemies":"3 Sentries","floor":7,"turns":6}],"seed_played":"6452180839758370481","potions_obtained":[{"floor":6,"key":"Regen Potion"}],"is_trial":true,"path_per_floor":["M","?","?","?","?","E","E"],"character_chosen":"DEFECT","items_purchased":[],"campfire_rested":0,"item_purchase_floors":[],"current_hp_per_floor":[75,60,60,60,60,8,0,0],"gold":156,"neow_bonus":"","is_daily":false,"chose_seed":false,"campfire_upgraded":0,"win_rate":0.0,"timestamp":1609031646,"path_taken":["M","?","?","?","?","E","E"],"items_purchased_type":[],"build_version":"2020-12-22","purchased_purges":0,"victory":false,"max_hp_per_floor":[75,75,75,75,75,75,75,75],"card_choices":[{"not_picked":["Streamline+1","Cold Snap+1","Steam+1"],"picked":"SKIP","floor":1},{"not_picked":["Hyperbeam+1","Creative AI+1"],"picked":"Buffer+1","floor":6}],"player_experience":673330,"relics_obtained":[{"floor":6,"key":"Oddly Smooth Stone"}],"event_choices":[{"damage_healed":0,"gold_gain":0,"player_choice":"Entered Light","damage_taken":15,"max_hp_gain":0,"max_hp_loss":0,"event_name":"Shining Light","floor":2,"gold_loss":0,"cards_upgraded":["Capacitor","Glacier"]},{"damage_healed":0,"gold_gain":0,"player_choice":"Box","damage_taken":0,"relics_obtained":["Omamori"],"max_hp_gain":0,"max_hp_loss":0,"event_name":"Big Fish","floor":3,"gold_loss":0,"cards_obtained":["Regret"]},{"damage_healed":0,"gold_gain":0,"player_choice":"Take Wound","damage_taken":0,"relics_obtained":["Golden Idol"],"max_hp_gain":0,"max_hp_loss":0,"event_name":"Golden Idol","floor":4,"gold_loss":0,"cards_obtained":["Injury"]},{"damage_healed":0,"gold_gain":0,"player_choice":"1 cards matched","damage_taken":0,"max_hp_gain":0,"max_hp_loss":0,"event_name":"Match and Keep!","floor":5,"gold_loss":0,"cards_obtained":["Amplify"]}],"is_beta":false,"boss_relics":[],"items_purged_floors":[],"is_endless":false,"potions_floor_spawned":[6],"killed_by":"3 Sentries","ascension_level":0}}