{"host":"xcuflocadasoaqda","time":1609101345,"event":{"mods":["BaseMod","Bestiary","Filter the Spire","Minty Spire (QoL Compilation)","Relic Stats"],"gold_per_floor":[115,115,133,18,18,18,41,75,75,36,75,125,125,150,150,244,244,267,31,54,3,28,28,59,59,86,108,126,126,160,169,169,269,323,343,97,120,120,149,149,192,192,192,239,254,307,335,359,359,359,359,359],"floor_reached":51,"playtime":5418,"items_purged":["Strike_R","Bash"],"score":1466,"play_id":"acba147b-1dd3-438d-8fd0-0dd5f35f1c09","local_time":"20201227143545","is_ascension_mode":true,"campfire_choices":[{"data":"Carnage","floor":6,"key":"SMITH"},{"data":"Uppercut","floor":13,"key":"SMITH"},{"data":"Juggernaut","floor":15,"key":"SMITH"},{"data":"True Grit","floor":23,"key":"SMITH"},{"data":"Dark Embrace","floor":25,"key":"SMITH"},{"data":"Immolate","floor":29,"key":"SMITH"},{"data":"Feel No Pain","floor":32,"key":"SMITH"},{"data":"Fiend Fire","floor":40,"key":"SMITH"},{"floor":42,"key":"RECALL"},{"data":"Limit Break","floor":49,"key":"SMITH"}],"circlet_count":0,"master_deck":["AscendersBane","Pommel Strike+1","Disarm+1","Feel No Pain+1","Carnage+1","Juggernaut+1","Dark Embrace+1","Uppercut+1","Reaper","Shrug It Off","Immolate+1","Shrug It Off","True Grit+1","Dual Wield","Intimidate","Flame Barrier+1","Havoc","Spot Weakness","Fiend Fire+1","Limit Break+1","Immolate","Carnage","Impervious","Double Tap","Flame Barrier","Iron Wave","Feel No Pain","Offering","Ghostly Armor+1","Battle Trance","Sentinel","Disarm","Limit Break"],"relics":["Burning Blood","Charon\u0027s Ashes","Golden Idol","Self Forming Clay","War Paint","Letter Opener","Coffee Dripper","Mercury Hourglass","CeramicFish","Akabeko","Pandora\u0027s Box","Toy Ornithopter","Eternal Feather","Bag of Preparation"],"acts_visited":["Exordium","TheCity","TheBeyond"],"potions_floor_usage":[16,24,33,46],"damage_taken":[{"damage":9,"enemies":"Jaw Worm","floor":1,"turns":3},{"damage":9,"enemies":"Small Slimes","floor":3,"turns":3},{"damage":0,"enemies":"Cultist","floor":7,"turns":2},{"damage":24,"enemies":"Gremlin Nob","floor":8,"turns":4},{"damage":15,"enemies":"Lagavulin","floor":11,"turns":6},{"damage":9,"enemies":"Lots of Slimes","floor":14,"turns":4},{"damage":16,"enemies":"Hexaghost","floor":16,"turns":9},{"damage":0,"enemies":"Chosen","floor":18,"turns":4},{"damage":13,"enemies":"Shell Parasite","floor":20,"turns":5},{"damage":12,"enemies":"Chosen and Byrds","floor":22,"turns":5},{"damage":19,"enemies":"Book of Stabbing","floor":24,"turns":6},{"damage":8,"enemies":"Snecko","floor":27,"turns":4},{"damage":26,"enemies":"Slavers","floor":30,"turns":4},{"damage":31,"enemies":"Automaton","floor":33,"turns":7},{"damage":0,"enemies":"3 Darklings","floor":35,"turns":4},{"damage":13,"enemies":"Orb Walker","floor":37,"turns":3},{"damage":6,"enemies":"4 Shapes","floor":39,"turns":4},{"damage":35,"enemies":"Giant Head","floor":41,"turns":9},{"damage":23,"enemies":"Nemesis","floor":44,"turns":7},{"damage":6,"enemies":"Writhing Mass","floor":45,"turns":6},{"damage":14,"enemies":"Reptomancer","floor":46,"turns":6},{"damage":23,"enemies":"Spire Growth","floor":47,"turns":5},{"damage":6,"enemies":"Transient","floor":48,"turns":6},{"damage":42,"enemies":"Donu and Deca","floor":50,"turns":11},{"damage":82,"enemies":"Awakened One","floor":51,"turns":12}],"seed_played":"-5636753851862387652","potions_obtained":[{"floor":7,"key":"SpeedPotion"},{"floor":11,"key":"FearPotion"},{"floor":22,"key":"AttackPotion"},{"floor":27,"key":"GamblersBrew"},{"floor":30,"key":"Regen Potion"},{"floor":37,"key":"DuplicationPotion"},{"floor":46,"key":"LiquidBronze"}],"is_trial":false,"path_per_floor":["M","?","M","$","?","R","M","E","T","$","E","?","R","M","R","B",null,"M","$","M","$","M","R","E","R","T","M","?","R","E","?","R","B",null,"M","$","M","?","M","R","E","R","T","E","M","E","M","M","R","B","B"],"character_chosen":"IRONCLAD","items_purchased":["Feel No Pain","Carnage","Dark Embrace","Immolate","True Grit","Feel No Pain","Offering"],"campfire_rested":0,"item_purchase_floors":[4,4,10,19,21,36,36],"current_hp_per_floor":[65,45,42,42,42,42,48,30,30,30,21,21,21,18,18,8,49,59,59,52,52,50,50,37,37,37,35,35,35,21,21,21,38,56,62,62,55,55,62,62,62,62,62,45,45,60,47,62,62,62,0,0],"gold":359,"neow_bonus":"ONE_RARE_RELIC","is_daily":false,"chose_seed":false,"campfire_upgraded":9,"win_rate":0.0,"timestamp":1609101345,"path_taken":["M","?","M","$","?","R","M","E","T","$","E","?","R","?","R","BOSS","M","?","?","$","?","R","E","R","T","M","?","R","E","?","R","BOSS","M","$","M","?","?","R","E","R","T","E","M","E","M","M","R","BOSS","BOSS"],"items_purchased_type":["Card","Card","Card","Card","Card","Card","Card"],"build_version":"2020-12-22","purchased_purges":2,"victory":false,"max_hp_per_floor":[68,68,68,68,62,62,62,62,62,62,62,62,62,62,62,62,62,62,62,62,62,62,62,62,62,62,62,62,62,62,62,62,62,62,62,62,62,62,62,62,62,62,62,62,62,62,62,62,62,62,62,62],"relic_stats":{"counters":[25,139],"Golden Idol":162,"Self Forming Clay":[162],"CeramicFish":162,"Eternal Feather":0,"Charon\u0027s Ashes":[789],"Bag of Preparation":[8],"Letter Opener":[286],"War Paint":["Disarm","Defend_R"],"Burning Blood":120,"Mercury Hourglass":[330],"Pandora\u0027s Box":["Immolate","Carnage","Impervious","Double Tap","Flame Barrier","Iron Wave"],"obtain_stats":[{"Golden Idol":5,"Self Forming Clay":8,"CeramicFish":26,"Eternal Feather":44,"Charon\u0027s Ashes":0,"Bag of Preparation":46,"Letter Opener":11,"War Paint":9,"Burning Blood":0,"Akabeko":30,"Mercury Hourglass":24,"Pandora\u0027s Box":34,"Coffee Dripper":17,"Toy Ornithopter":41},{"Golden Idol":2,"Self Forming Clay":4,"CeramicFish":11,"Eternal Feather":19,"Charon\u0027s Ashes":0,"Bag of Preparation":21,"Letter Opener":5,"War Paint":4,"Burning Blood":0,"Akabeko":13,"Mercury Hourglass":11,"Pandora\u0027s Box":14,"Coffee Dripper":7,"Toy Ornithopter":18},{"Golden Idol":6,"Self Forming Clay":12,"CeramicFish":51,"Eternal Feather":93,"Charon\u0027s Ashes":0,"Bag of Preparation":105,"Letter Opener":18,"War Paint":12,"Burning Blood":0,"Akabeko":59,"Mercury Hourglass":51,"Pandora\u0027s Box":66,"Coffee Dripper":31,"Toy Ornithopter":86}],"Toy Ornithopter":0},"card_choices":[{"not_picked":["Wild Strike","Perfected Strike"],"picked":"Pommel Strike","floor":1},{"not_picked":["Bludgeon","Power Through"],"picked":"Disarm","floor":3},{"not_picked":["Body Slam","Pommel Strike","Sword Boomerang"],"picked":"SKIP","floor":7},{"not_picked":["Rampage","Sword Boomerang"],"picked":"Juggernaut","floor":8},{"not_picked":["Berserk","Cleave"],"picked":"Uppercut","floor":11},{"not_picked":["Heavy Blade","Anger","Armaments"],"picked":"SKIP","floor":14},{"not_picked":["Juggernaut","Brutality"],"picked":"Reaper","floor":16},{"not_picked":["Clothesline","Sword Boomerang"],"picked":"Shrug It Off","floor":18},{"not_picked":["Clash","Hemokinesis"],"picked":"Shrug It Off","floor":20},{"not_picked":["Perfected Strike","Body Slam"],"picked":"Dual Wield","floor":22},{"not_picked":["Sword Boomerang+1","Rage"],"picked":"Intimidate","floor":24},{"not_picked":["Anger","Clash"],"picked":"Flame Barrier+1","floor":27},{"not_picked":["Hemokinesis","Evolve","Rampage"],"picked":"SKIP","floor":30},{"not_picked":["Immolate","Demon Form"],"picked":"Limit Break","floor":33},{"not_picked":["Rage","Warcry","Clothesline+1"],"picked":"SKIP","floor":35},{"not_picked":["Seeing Red","Heavy Blade+1"],"picked":"Ghostly Armor+1","floor":37},{"not_picked":["Seeing Red","Body Slam"],"picked":"Battle Trance","floor":39},{"not_picked":["Blood for Blood+1","Anger","Metallicize"],"picked":"SKIP","floor":41},{"not_picked":["Sentinel","Fire Breathing","Hemokinesis+1"],"picked":"SKIP","floor":44},{"not_picked":["Fire Breathing","Hemokinesis+1"],"picked":"Sentinel","floor":44},{"not_picked":["Flex+1","Perfected Strike+1","Anger+1"],"picked":"SKIP","floor":45},{"not_picked":["Cleave+1","Dual Wield+1"],"picked":"Disarm","floor":46},{"not_picked":["Cleave","Hemokinesis+1"],"picked":"Limit Break","floor":47},{"not_picked":["Iron Wave","Pommel Strike","Flex"],"picked":"SKIP","floor":48}],"player_experience":1788792,"relics_obtained":[{"floor":8,"key":"Self Forming Clay"},{"floor":9,"key":"War Paint"},{"floor":11,"key":"Letter Opener"},{"floor":24,"key":"Mercury Hourglass"},{"floor":26,"key":"CeramicFish"},{"floor":30,"key":"Akabeko"},{"floor":41,"key":"Toy Ornithopter"},{"floor":44,"key":"Eternal Feather"},{"floor":46,"key":"Bag of Preparation"}],"event_choices":[{"damage_healed":0,"gold_gain":0,"player_choice":"Entered Light","damage_taken":20,"max_hp_gain":0,"max_hp_loss":0,"event_name":"Shining Light","floor":2,"gold_loss":0,"cards_upgraded":["Strike_R","Pommel Strike"]},{"damage_healed":0,"gold_gain":0,"player_choice":"Lose Max HP","damage_taken":0,"relics_obtained":["Golden Idol"],"max_hp_gain":0,"max_hp_loss":6,"event_name":"Golden Idol","floor":5,"gold_loss":0},{"damage_healed":0,"gold_gain":50,"player_choice":"Pray","damage_taken":0,"max_hp_gain":0,"max_hp_loss":0,"event_name":"Golden Shrine","floor":12,"gold_loss":0},{"damage_healed":0,"gold_gain":0,"cards_transformed":["Strike_R","Strike_R"],"player_choice":"Became Test Subject","damage_taken":0,"max_hp_gain":0,"max_hp_loss":0,"event_name":"Drug Dealer","floor":28,"gold_loss":0,"cards_obtained":["Havoc","Spot Weakness"]},{"damage_healed":0,"gold_gain":0,"player_choice":"Read","damage_taken":0,"max_hp_gain":0,"max_hp_loss":0,"event_name":"The Library","floor":31,"gold_loss":0,"cards_obtained":["Fiend Fire"]},{"damage_healed":0,"gold_gain":0,"player_choice":"0 cards matched","damage_taken":0,"max_hp_gain":0,"max_hp_loss":0,"event_name":"Match and Keep!","floor":38,"gold_loss":0,"cards_obtained":[]}],"is_beta":false,"boss_relics":[{"not_picked":["Philosopher\u0027s Stone","Runic Pyramid"],"picked":"Coffee Dripper"},{"not_picked":["Fusion Hammer","Runic Dome"],"picked":"Pandora\u0027s Box"}],"items_purged_floors":[19,36],"is_endless":false,"potions_floor_spawned":[7,11,22,27,30,37,44,46],"killed_by":"Awakened One","ascension_level":20}}