{"host":"zjc1tzo4ovig5lll","time":1609095071,"event":{"mods":["AchievementEnabler","Aspiration","BaseMod","Beaked The Cultist","Better Altar","Better Match","Better Note","Better Sensory Stone","Colored Map","Colored Powertips","Conspire","Energized Spire","Friendly Minions","GifTheSpireLib","Halation","Hermit","Hubris","Minty Spire (QoL Compilation)","Rare Cards Sparkle","Replay The Spire","StSLib","The Blue Laboratory","The Bug Knight","The Construct","The Jungle","The Servant 0.9.4","everything is the same but u backflip on backflip","vexMod"],"gold_per_floor":[113,34,9,9,25,57,7,24,24,41,71,71,146,171,171,266,266,285,40,40,53,68,93,93,122,122,138,138,150,150,163,163,163,163],"floor_reached":33,"playtime":1442,"items_purged":[],"score":391,"play_id":"0f4dce36-2fec-43f8-9d63-e04b79fb7187","local_time":"20201227205111","is_ascension_mode":true,"campfire_choices":[{"data":"Armaments","floor":15,"key":"SMITH"},{"data":"Armaments","floor":24,"key":"SMITH"},{"floor":32,"key":"REST"}],"circlet_count":0,"master_deck":["Strike_R","Strike_R","Strike_R","Strike_R","Defend_R+3","Defend_R","Defend_R+1","Defend_R+1","Bash","Armaments+1","Inflame","Armaments+1","Carnage","Iron Wave","Self Repair+1","Sword Boomerang","Juggernaut","Iron Wave+1","Berserk","Ghostly Armor+1"],"relics":["NeowsBlessing","halation:EternalFortune","halation:BlackBeret","Quantum Egg","War Paint","Iron Core","Oddly Smooth Stone","conspire:SeveredTorchhead","conspire:Flyswatter","Simple Rune","conspire:Dentures"],"acts_visited":["Exordium","TheCity"],"potions_floor_usage":[21,23,25,31,31],"damage_taken":[{"damage":0,"enemies":"conspire:RoseBush","floor":1,"turns":1},{"damage":0,"enemies":"Small Slimes","floor":5,"turns":1},{"damage":0,"enemies":"Gremlin Nob","floor":6,"turns":1},{"damage":6,"enemies":"Cultist","floor":8,"turns":4},{"damage":12,"enemies":"Looter","floor":10,"turns":3},{"damage":0,"enemies":"Replay:BlueRogue","floor":11,"turns":6},{"damage":23,"enemies":"Gremlin Nob","floor":14,"turns":4},{"damage":20,"enemies":"Slime Boss","floor":16,"turns":9},{"damage":3,"enemies":"Chosen","floor":18,"turns":5},{"damage":37,"enemies":"3 Byrds","floor":21,"turns":6},{"damage":15,"enemies":"conspire:HollyBat","floor":22,"turns":7},{"damage":19,"enemies":"HollowMod:Nosk","floor":23,"turns":9},{"damage":31,"enemies":"Gremlin Leader","floor":25,"turns":10},{"damage":14,"enemies":"Cultist and Chosen","floor":27,"turns":7},{"damage":5,"enemies":"Sentry and Sphere","floor":29,"turns":5},{"damage":12,"enemies":"Snake Plant","floor":31,"turns":3},{"damage":62,"enemies":"hubris:MusketHawk","floor":33,"turns":6}],"seed_played":"-367587800516116126","potions_obtained":[{"floor":11,"key":"blueLaboratory:BottleOfRum"},{"floor":16,"key":"Block Potion"},{"floor":23,"key":"blueLaboratory:BubblePotion"},{"floor":27,"key":"blueLaboratory:SavagePotion"},{"floor":29,"key":"blueLaboratory:FruitPunch"}],"is_trial":false,"path_per_floor":["M","$","?","?","M","E","?","M","T","M","E","?","?","E","R","B",null,"M","$","$","M","M","E","R","E","T","M","?","M","$","M","R","B"],"character_chosen":"IRONCLAD","items_purchased":["Inflame","conspire:Flyswatter"],"campfire_rested":1,"item_purchase_floors":[2,19],"current_hp_per_floor":[80,80,80,83,83,83,83,83,83,77,83,83,75,62,62,52,83,83,83,83,56,51,42,42,21,21,27,27,32,32,32,57,0,0],"gold":163,"neow_bonus":"THREE_ENEMY_KILL","is_daily":false,"chose_seed":false,"campfire_upgraded":2,"win_rate":0.0,"timestamp":1609095071,"path_taken":["M","$","?","?","M","E","?","M","T","M","E","?","?","E","R","BOSS","M","?","$","M","M","E","R","E","T","M","?","?","?","M","R","BOSS"],"items_purchased_type":["Card","Relic"],"build_version":"2020-12-22","purchased_purges":0,"victory":false,"max_hp_per_floor":[80,80,80,83,83,83,83,83,83,83,83,83,83,83,83,83,83,83,83,83,83,83,83,83,83,83,83,83,83,83,85,85,85,85],"card_choices":[{"not_picked":["Rampage","Flex"],"picked":"Armaments","floor":1},{"not_picked":["hubris:ReadiedAction","Replay:Undeath\u0027s Touch"],"picked":"Armaments","floor":5},{"not_picked":["Thunderclap","Shrug It Off"],"picked":"Carnage","floor":6},{"not_picked":["Replay:Undeath\u0027s Touch","hubris:ReadiedAction"],"picked":"Iron Wave","floor":8},{"not_picked":["Abandon","Thunderclap","Pommel Strike"],"picked":"SKIP","floor":10},{"not_picked":["Run Through","Iron Wave","Brutality"],"picked":"SKIP","floor":11},{"not_picked":["Cleave","Evolve"],"picked":"Sword Boomerang","floor":14},{"not_picked":["Eclipse","Immolate"],"picked":"Juggernaut","floor":16},{"not_picked":["Armaments","Replay:Undeath\u0027s Touch","Searing Blow"],"picked":"SKIP","floor":18},{"not_picked":["Power Through+1","ReplayTheSpireMod:Muscle Training"],"picked":"Iron Wave+1","floor":21},{"not_picked":["Perfected Strike+1","Headbutt"],"picked":"Berserk","floor":22},{"not_picked":["Heavy Blade","Headbutt+1"],"picked":"Ghostly Armor+1","floor":23},{"not_picked":["Warcry","Anger","Run Through"],"picked":"SKIP","floor":25},{"not_picked":["Iron Wave+1","Headbutt","Anger+1"],"picked":"SKIP","floor":27},{"not_picked":["Feel No Pain","Shrug It Off","Offering"],"picked":"SKIP","floor":29},{"not_picked":["ReplayTheSpireMod:Strike From Hell","Twin Strike","Run Through"],"picked":"SKIP","floor":31}],"player_experience":593984,"relics_obtained":[{"floor":6,"key":"halation:BlackBeret"},{"floor":9,"key":"Quantum Egg"},{"floor":11,"key":"War Paint"},{"floor":14,"key":"Oddly Smooth Stone"},{"floor":23,"key":"Simple Rune"},{"floor":25,"key":"conspire:Dentures"}],"event_choices":[{"cards_removed":["Strike_R"],"damage_healed":0,"gold_gain":0,"player_choice":"Card Removal","damage_taken":0,"max_hp_gain":0,"max_hp_loss":0,"event_name":"The Cleric","floor":7,"gold_loss":50},{"damage_healed":0,"gold_gain":75,"player_choice":"Touch","damage_taken":8,"max_hp_gain":0,"max_hp_loss":0,"event_name":"FaceTrader","floor":13,"gold_loss":0},{"damage_healed":0,"gold_gain":0,"player_choice":"Forge","damage_taken":0,"max_hp_gain":0,"max_hp_loss":0,"event_name":"Accursed Blacksmith","floor":28,"gold_loss":0,"cards_upgraded":["Defend_R"]}],"is_beta":false,"boss_relics":[{"not_picked":["vexMod:FluxCapacitor","aspiration:SecretTechniqueScroll"],"picked":"conspire:SeveredTorchhead"}],"items_purged_floors":[],"is_endless":false,"potions_floor_spawned":[1,10,11,16,23,25,27,29],"killed_by":"hubris:MusketHawk","ascension_level":2}}