{"host":"eydwxg59205c3vtl","time":1609112612,"event":{"mods":["2.2 Compatiblity","BaseMod","Colored Map","Colored Powertips","Hubris","Minty Spire (QoL Compilation)","StSLib","The Necromancer"],"gold_per_floor":[112,112,112,123,48,74,91,154,200,225,76,105,118,38,38,109,159,171,185,202,216,216,216],"floor_reached":22,"playtime":732,"items_purged":["Strike_W"],"score":464,"play_id":"0928f800-441b-42c7-9f03-ce70d058bbf6","local_time":"20201227184332","is_ascension_mode":true,"campfire_choices":[{"floor":15.0,"key":"REST"}],"circlet_count":0,"master_deck":["AscendersBane","Strike_W","Strike_W","Defend_W","Defend_W+1","Defend_W","Defend_W+1","Negative_Energy_Arrows","Bone_Wall","Negative_Energy_Sphere+1","Negative_Energy_Javelin","Shade_Step","Siphon_Strength","Finger_Of_Death+1","Consume_Illness","Exploit","Blood_Wake","Blood_Curse","Acid_Javelin+1","Negative_Energy_Javelin","Spectral_Walk","Grasp_Heart"],"relics":["Vampire_Amulet","NeowsBlessing","hubris:SlimyHat","Ancient Tea Set","Potion Belt","Bottled Flame","ClockworkSouvenir","War Paint","Tiny House"],"acts_visited":["Exordium","TheCity"],"potions_floor_usage":[],"damage_taken":[{"damage":0.0,"enemies":"2 Louse","floor":1.0,"turns":1.0},{"damage":0.0,"enemies":"Small Slimes","floor":4.0,"turns":1.0},{"damage":0.0,"enemies":"Gremlin Nob","floor":6.0,"turns":1.0},{"damage":0.0,"enemies":"Cultist","floor":7.0,"turns":4.0},{"damage":29.0,"enemies":"3 Sentries","floor":8.0,"turns":8.0},{"damage":31.0,"enemies":"3 Sentries","floor":10.0,"turns":10.0},{"damage":23.0,"enemies":"Gremlin Nob","floor":12.0,"turns":5.0},{"damage":2.0,"enemies":"Exordium Wildlife","floor":13.0,"turns":3.0},{"damage":0.0,"enemies":"Hexaghost","floor":16.0,"turns":10.0},{"damage":20.0,"enemies":"2 Thieves","floor":18.0,"turns":4.0},{"damage":6.0,"enemies":"Chosen","floor":19.0,"turns":5.0},{"damage":15.0,"enemies":"Snecko","floor":20.0,"turns":6.0},{"damage":37,"enemies":"Cultist and Chosen","floor":21,"turns":8},{"damage":9,"enemies":"Centurion and Healer","floor":22,"turns":1}],"seed_played":"-1780351400380881294","potions_obtained":[{"floor":6.0,"key":"SkillPotion"},{"floor":12.0,"key":"Swift Potion"},{"floor":13.0,"key":"PowerPotion"},{"floor":17.0,"key":"DistilledChaos"},{"floor":18.0,"key":"Dexterity Potion"},{"floor":21,"key":"SpeedPotion"}],"is_trial":false,"path_per_floor":["M","?","?","M","$","E","M","?","T","E","$","E","M","$","R","B",null,"M","M","M","M","M"],"character_chosen":"NECROMANCER","items_purchased":["ClockworkSouvenir","Exploit"],"campfire_rested":1,"item_purchase_floors":[11,14],"current_hp_per_floor":[72,72,72,75,75,75,75,52,52,27,27,6,8,8,30,32,69,53,49,36,6,0,0],"gold":216,"neow_bonus":"THREE_ENEMY_KILL","is_daily":false,"chose_seed":false,"campfire_upgraded":0,"win_rate":0.0,"timestamp":1609112612,"path_taken":["M","?","?","M","$","E","?","?","T","E","$","E","M","?","R","BOSS","M","?","?","M","M"],"items_purchased_type":["Relic","Card"],"build_version":"2020-12-22","purchased_purges":1,"victory":false,"max_hp_per_floor":[75,75,75,75,75,75,75,75,75,75,75,75,75,75,75,75,80,80,80,80,80,80,80],"card_choices":[{"not_picked":["Toxic_Smoke_Screen","Blood_Curse"],"picked":"Negative_Energy_Sphere","floor":1.0},{"not_picked":["Blood_Curse","Bone_Spikes"],"picked":"Negative_Energy_Javelin","floor":4.0},{"not_picked":["Acid_Javelin","Whirlwind_of_Bones","Uncharnel"],"picked":"SKIP","floor":6.0},{"not_picked":["Bone_Bullets","Cloudkill"],"picked":"Shade_Step","floor":7.0},{"not_picked":["Scare","Consume_Illness"],"picked":"Siphon_Strength","floor":8.0},{"not_picked":["Thousand_Bone_Knives","Bone_Armor","Epidemic"],"picked":"SKIP","floor":10.0},{"not_picked":["Bone_Prison","Whirlwind_of_Bones"],"picked":"Finger_Of_Death","floor":12.0},{"not_picked":["Vampiric_Strike","Bone_Shift"],"picked":"Consume_Illness","floor":13.0},{"not_picked":["Requiem","Cloudkill"],"picked":"Blood_Wake","floor":16.0},{"not_picked":["Strike_from_Beyond","Consume_Illness"],"picked":"Blood_Curse","floor":17.0},{"not_picked":["Death_March_Dance","Death_Coil"],"picked":"Acid_Javelin+1","floor":18.0},{"not_picked":["Slay_Living+1","Shackles_Of_Pain"],"picked":"Negative_Energy_Javelin","floor":19.0},{"not_picked":["Death_Coil","Bone_Armory"],"picked":"Spectral_Walk","floor":20.0},{"not_picked":["Negative_Energy_Mist","Death_Coil"],"picked":"Grasp_Heart","floor":21}],"player_experience":552258,"relics_obtained":[{"floor":6.0,"key":"hubris:SlimyHat"},{"floor":9.0,"key":"Potion Belt"},{"floor":10.0,"key":"Bottled Flame"},{"floor":12.0,"key":"War Paint"}],"event_choices":[{"cards_removed":["Strike_W"],"damage_healed":0.0,"max_hp_gain":0.0,"max_hp_loss":0.0,"gold_gain":0.0,"event_name":"Purifier","player_choice":"Purged","floor":3.0,"gold_loss":0.0,"damage_taken":0.0},{"damage_healed":0.0,"max_hp_gain":0.0,"max_hp_loss":0.0,"gold_gain":0.0,"event_name":"Dead Adventurer","player_choice":"Searched \u00272\u0027 times","floor":8.0,"gold_loss":0.0,"damage_taken":0.0,"relics_obtained":["Ancient Tea Set"]}],"is_beta":false,"boss_relics":[{"not_picked":["Black Star","Sozu"],"picked":"Tiny House"}],"items_purged_floors":[5],"is_endless":false,"potions_floor_spawned":[6,12,13,18,21],"killed_by":"Centurion and Healer","ascension_level":13}}