{"host":"hdafziggwnbzqpcb","time":1609112567,"event":{"mods":["BaseMod","Better Vampires","Colored Map","Colored Powertips","Curses Come First","Duelist Mod","GifTheSpireLib","Hero for Fun","Minty Spire (QoL Compilation)","Quick Restart","Rare Cards Sparkle","Relic Stats","Spicy Shops","StSLib","The Bug Knight","The Cursed","The Marked","The Senshi","The Wild Card","TheHero"],"gold_per_floor":[119,44,64,64,77,92,92,110,110,185,85,85,97,112,112,216,216,226,238,238,238],"floor_reached":20,"playtime":1201,"items_purged":["theSenshi:SailorBlock","theSenshi:SailorBlock"],"score":168,"play_id":"b7489ca0-ed4f-468c-ab3c-ec528e7c6d4d","local_time":"20201227154247","is_ascension_mode":false,"campfire_choices":[{"data":"theSenshi:VenusGlamour","floor":7,"key":"SMITH"},{"data":"theSenshi:SailorMercuryAssists","floor":12,"key":"SMITH"},{"floor":15,"key":"REST"}],"circlet_count":0,"master_deck":["theSenshi:SailorKick","theSenshi:SailorKick","theSenshi:SailorBlock","theSenshi:RoseThrow","theSenshi:MoonPrismPowerMakeUp","theSenshi:VenusGlamour+1","theSenshi:SailorChibiMoonAssists","theSenshi:FatedKiss","theSenshi:SailorMercuryAssists+1","theSenshi:TallSilhouette","theSenshi:SailorV+1","theSenshi:MoonCrystalPowerMakeUp"],"relics":["theSenshi:TransformationBroochRelic","Juzu Bracelet"],"acts_visited":["Exordium","TheCity"],"potions_floor_usage":[16,16],"damage_taken":[{"damage":6,"enemies":"2 Louse","floor":1,"turns":2},{"damage":0,"enemies":"Cultist","floor":3,"turns":2},{"damage":5,"enemies":"Jaw Worm","floor":5,"turns":3},{"damage":0,"enemies":"2 Fungi Beasts","floor":6,"turns":2},{"damage":3,"enemies":"Blue Slaver","floor":8,"turns":3},{"damage":2,"enemies":"Gremlin Gang","floor":13,"turns":2},{"damage":2,"enemies":"Looter","floor":14,"turns":3},{"damage":38,"enemies":"Slime Boss","floor":16,"turns":12},{"damage":21,"enemies":"2 Thieves","floor":18,"turns":4},{"damage":13,"enemies":"Spheric Guardian","floor":19,"turns":6},{"damage":37,"enemies":"Centurion and Healer","floor":20,"turns":11}],"seed_played":"-5887617996144900189","potions_obtained":[{"floor":6,"key":"DuplicationPotion"},{"floor":8,"key":"GamblersBrew"},{"floor":14,"key":"Block Potion"},{"floor":16,"key":"FearPotion"}],"is_trial":false,"path_per_floor":["M","$","M","?","M","M","R","M","T","?","$","R","M","M","R","B",null,"M","M","M"],"character_chosen":"THE_SENSHI","items_purchased":[],"campfire_rested":1,"item_purchase_floors":[],"current_hp_per_floor":[62,62,62,62,57,57,57,54,54,43,43,43,41,39,59,21,68,47,34,0,0],"gold":238,"neow_bonus":"REMOVE_TWO","is_daily":false,"chose_seed":false,"campfire_upgraded":2,"win_rate":0.0,"timestamp":1609112567,"path_taken":["M","$","M","?","M","M","R","?","T","?","$","R","M","M","R","BOSS","M","M","M"],"items_purchased_type":[],"build_version":"2020-12-22","purchased_purges":2,"victory":false,"max_hp_per_floor":[68,68,68,68,68,68,68,68,68,68,68,68,68,68,68,68,68,68,68,68,68],"relic_stats":{"counters":[11,50],"Juzu Bracelet":0,"obtain_stats":[{"theSenshi:TransformationBroochRelic":0,"Juzu Bracelet":9},{"theSenshi:TransformationBroochRelic":0,"Juzu Bracelet":5},{"theSenshi:TransformationBroochRelic":0,"Juzu Bracelet":12}]},"card_choices":[{"not_picked":["theSenshi:SailorVenusAssists","theSenshi:LunaWiseMentor"],"picked":"theSenshi:VenusGlamour","floor":1},{"not_picked":["theSenshi:SailorNeptuneAssists","theSenshi:TallSilhouette"],"picked":"theSenshi:SailorChibiMoonAssists","floor":3},{"not_picked":["theSenshi:TuxedoSmokingBomber","theSenshi:TuxedoMaskAssists"],"picked":"theSenshi:FatedKiss","floor":5},{"not_picked":["theSenshi:MoonsReflection","theSenshi:SteeledNerves","theSenshi:SailorUranusAssists"],"picked":"SKIP","floor":6},{"not_picked":["theSenshi:LunasBite","theSenshi:MoonKick"],"picked":"theSenshi:SailorMercuryAssists","floor":8},{"not_picked":["theSenshi:MoonlightKnight","theSenshi:MoonTiaraMagic"],"picked":"theSenshi:TallSilhouette","floor":13},{"not_picked":["theSenshi:MoonPower","theSenshi:SaturnsMystery","theSenshi:SailorChibiMoonAssists"],"picked":"SKIP","floor":14},{"not_picked":["theSenshi:MoonTiaraMagic","theSenshi:MoonsReflection"],"picked":"theSenshi:SailorV+1","floor":18},{"not_picked":["theSenshi:TuxedoSmokingBomber","theSenshi:TallSilhouette"],"picked":"theSenshi:MoonCrystalPowerMakeUp","floor":19}],"player_experience":656208,"relics_obtained":[{"floor":9,"key":"Juzu Bracelet"}],"event_choices":[{"cards_removed":["theSenshi:SailorKick"],"damage_healed":0,"gold_gain":0,"player_choice":"Offered Basic","damage_taken":0,"max_hp_gain":0,"max_hp_loss":0,"event_name":"Bonfire Elementals","floor":4,"gold_loss":0},{"damage_healed":0,"gold_gain":75,"player_choice":"Gather Gold","damage_taken":11,"max_hp_gain":0,"max_hp_loss":0,"event_name":"World of Goop","floor":10,"gold_loss":0}],"is_beta":false,"boss_relics":[{"not_picked":["Ectoplasm","Runic Pyramid","Cursed Key"]}],"items_purged_floors":[2,11],"is_endless":false,"potions_floor_spawned":[6,8,14,16],"killed_by":"Centurion and Healer","ascension_level":0}}