{"host":"mhmdt6pir7l60j7a","time":1609044720,"event":{"mods":["BaseMod","Bestiary","Better Altar","Better Sensory Stone","Better Third Choice","Displayed Cursed Tome","Dota2Spire","Downfall","Hubris","Infinite Spire","Minty Spire (QoL Compilation)","Replay The Spire","StSLib","The Alterego","The Construct","Uncapped"],"gold_per_floor":[13,33,48,59,59,84,84,101,101,118,118,118,151,161,161,257,257,275,287,287,306,306,306,306],"floor_reached":23,"playtime":1372,"items_purged":[],"score":242,"play_id":"be5e50ff-35bf-40e0-90f7-155c69579f53","local_time":"20201226215200","is_ascension_mode":true,"campfire_choices":[{"data":"alterego_mod:Vow","floor":11,"key":"SMITH"},{"floor":15,"key":"REST"}],"circlet_count":0,"master_deck":["alterego_mod:Strike","alterego_mod:Strike","alterego_mod:Defend","alterego_mod:Defend","alterego_mod:Defend","alterego_mod:Defend","alterego_mod:Impale","alterego_mod:BigMeatyClaws","alterego_mod:BrynhildrsRune","alterego_mod:Vow+1","alterego_mod:DiscoLights","alterego_mod:Exercise","alterego_mod:Schoolgirl","alterego_mod:MagicResistance","alterego_mod:VirginLaserPalladion","alterego_mod:GIGAMILK","alterego_mod:RidiculouslyBig","alterego_mod:Clap","alterego_mod:BiFurious","alterego_mod:Cooking","alterego_mod:BiFurious","alterego_mod:Palingenesis","alterego_mod:Smother","alterego_mod:Support","ReplayTheSpireMod:Echoes of Time","alterego_mod:Cooking+1"],"relics":["alterego_mod:MasochisticConstitution","Replay:Mystery Machine","Quantum Egg","Du-Vu Doll","SacredBark","TungstenRod","Black Star","Dota2Spire:BattleFury"],"acts_visited":["Exordium","TheCity"],"potions_floor_usage":[6,8,13,13,16,16,19,21],"damage_taken":[{"damage":3,"enemies":"Cultist","floor":1,"turns":3},{"damage":3,"enemies":"Jaw Worm","floor":2,"turns":10},{"damage":8,"enemies":"2 Louse","floor":3,"turns":6},{"damage":8,"enemies":"2 Fungi Beasts","floor":4,"turns":7},{"damage":48,"enemies":"Gremlin Nob","floor":6,"turns":6},{"damage":14,"enemies":"Exordium Wildlife","floor":8,"turns":9},{"damage":0,"enemies":"Blue Slaver","floor":10,"turns":7},{"damage":9,"enemies":"3 Sentries","floor":13,"turns":11},{"damage":0,"enemies":"Looter","floor":14,"turns":4},{"damage":19,"enemies":"Hexaghost","floor":16,"turns":11},{"damage":29,"enemies":"Shell Parasite","floor":18,"turns":15},{"damage":39,"enemies":"Chosen","floor":19,"turns":13},{"damage":60,"enemies":"Shelled Parasite and Fungi","floor":21,"turns":10},{"damage":26,"enemies":"Book of Stabbing","floor":23,"turns":3}],"seed_played":"-5785159607159726471","potions_obtained":[{"floor":4,"key":"FearPotion"},{"floor":8,"key":"EntropicBrew"},{"floor":13,"key":"Doom Potion"},{"floor":14,"key":"Dota2Spire:Clarity"},{"floor":19,"key":"Regen Potion"}],"is_trial":false,"path_per_floor":["M","M","M","M","?","E","?","M","T","M","R","?","E","M","R","B",null,"M","M","AVR","M","T","E"],"character_chosen":"The_Alterego","items_purchased":[],"campfire_rested":1,"item_purchase_floors":[],"current_hp_per_floor":[68,72,73,70,63,16,16,17,17,17,17,17,9,12,35,20,78,50,22,22,23,23,0,0],"gold":306,"neow_bonus":"THREE_RARE_CARDS","is_daily":false,"chose_seed":false,"campfire_upgraded":1,"win_rate":0.0,"timestamp":1609044720,"path_taken":["M","?","M","M","?","E","?","M","T","?","R","?","E","M","R","BOSS","M","M","AVR","M","?","E"],"items_purchased_type":[],"build_version":"2020-12-22","purchased_purges":0,"victory":false,"max_hp_per_floor":[71,72,73,74,74,75,75,76,76,76,76,76,77,77,77,78,78,79,80,80,81,81,81,81],"card_choices":[{"not_picked":["alterego_mod:Vow","alterego_mod:Lift"],"picked":"alterego_mod:Weigh","floor":0},{"not_picked":["alterego_mod:IndependentAction","alterego_mod:PerceptionDisorder"],"picked":"alterego_mod:DiscoLights","floor":1},{"not_picked":["alterego_mod:Rip","alterego_mod:Cycle"],"picked":"alterego_mod:Exercise","floor":2},{"not_picked":["alterego_mod:Bunnysuit","alterego_mod:PerceptionDisorder"],"picked":"alterego_mod:Schoolgirl","floor":3},{"not_picked":["alterego_mod:1TonWallop","alterego_mod:DeftHands"],"picked":"alterego_mod:MagicResistance","floor":4},{"not_picked":["alterego_mod:Bloomers","alterego_mod:Complex"],"picked":"alterego_mod:VirginLaserPalladion","floor":6},{"not_picked":["alterego_mod:Cycle","alterego_mod:Bloomers"],"picked":"alterego_mod:RidiculouslyBig","floor":8},{"not_picked":["alterego_mod:PerceptionDisorder","alterego_mod:Cycle","alterego_mod:Bounce"],"picked":"SKIP","floor":10},{"not_picked":["alterego_mod:Complex","alterego_mod:GachaTicket"],"picked":"alterego_mod:Cooking","floor":13},{"not_picked":["alterego_mod:Clap","alterego_mod:Cycle"],"picked":"alterego_mod:BiFurious","floor":14},{"not_picked":["alterego_mod:RingBreak","alterego_mod:STier"],"picked":"alterego_mod:Palingenesis","floor":16},{"not_picked":["alterego_mod:Maid","alterego_mod:Cycle"],"picked":"alterego_mod:Smother","floor":18},{"not_picked":["alterego_mod:1TonWallop","alterego_mod:Birthday"],"picked":"alterego_mod:Support","floor":19},{"not_picked":["alterego_mod:Bounce+1","alterego_mod:Rip"],"picked":"alterego_mod:Cooking+1","floor":21}],"player_experience":13964,"relics_obtained":[{"floor":6,"key":"Replay:Mystery Machine"},{"floor":9,"key":"Quantum Egg"},{"floor":13,"key":"Du-Vu Doll"},{"floor":22,"key":"Dota2Spire:BattleFury"}],"event_choices":[{"cards_removed":["alterego_mod:Strike"],"damage_healed":0,"gold_gain":0,"player_choice":"Card Removal","damage_taken":7,"max_hp_gain":0,"max_hp_loss":0,"event_name":"Golden Wing","floor":5,"gold_loss":0},{"damage_healed":0,"gold_gain":0,"cards_transformed":["alterego_mod:Strike"],"player_choice":"Transformed","damage_taken":0,"max_hp_gain":0,"max_hp_loss":0,"event_name":"Transmorgrifier","floor":7,"gold_loss":0,"cards_obtained":["alterego_mod:GIGAMILK"]},{"damage_healed":0,"gold_gain":0,"player_choice":"2 cards matched","damage_taken":0,"max_hp_gain":0,"max_hp_loss":0,"event_name":"Match and Keep!","floor":12,"gold_loss":0,"cards_obtained":["alterego_mod:Clap","alterego_mod:BiFurious"]}],"is_beta":false,"boss_relics":[{"not_picked":["Busted Crown","SacredBark"],"picked":"Velvet Choker"}],"items_purged_floors":[],"is_endless":false,"potions_floor_spawned":[4,8,10,13,14,19],"killed_by":"Book of Stabbing","ascension_level":1}}