{"host":"jpzdg3po3tjxdjri","time":1609097005,"event":{"mods":["BaseMod","Better Third Choice","Colored Map","Colored Powertips","Minty Spire (QoL Compilation)","StSLib"],"gold_per_floor":[117,117,133,4,4,4,31,31,31,46,66,66,66,66],"floor_reached":13,"playtime":222,"items_purged":[],"score":141,"play_id":"241ef49a-7fe8-4f0b-b627-3a2a2eed7fe3","local_time":"20201227192325","is_ascension_mode":true,"campfire_choices":[{"data":"Defragment","floor":6,"key":"SMITH"},{"data":"Loop","floor":8,"key":"SMITH"}],"circlet_count":0,"master_deck":["AscendersBane","Strike_B","Strike_B","Strike_B","Strike_B","Defend_B","Defend_B","Defend_B","Defend_B","Zap+1","Dualcast","Doom and Gloom","Defragment+1","Loop+1","Leap","Loop","Coolheaded","Cold Snap"],"relics":["Cracked Core","Toy Ornithopter","Blue Candle"],"acts_visited":["Exordium"],"potions_floor_usage":[7],"damage_taken":[{"damage":6,"enemies":"Cultist","floor":1,"turns":3},{"damage":5,"enemies":"2 Louse","floor":3,"turns":3},{"damage":21,"enemies":"Lagavulin","floor":7,"turns":5},{"damage":13,"enemies":"Small Slimes","floor":10,"turns":3},{"damage":12,"enemies":"3 Louse","floor":11,"turns":3},{"damage":29,"enemies":"Gremlin Nob","floor":13,"turns":3}],"seed_played":"7172254070451185837","potions_obtained":[{"floor":3,"key":"Swift Potion"}],"is_trial":false,"path_per_floor":["M","?","M","$","?","R","E","R","T","M","M","?","E"],"character_chosen":"DEFECT","items_purchased":["Loop","Leap"],"campfire_rested":0,"item_purchase_floors":[4,4],"current_hp_per_floor":[65,65,60,60,65,65,44,44,44,31,19,19,0,0],"gold":66,"neow_bonus":"TEN_PERCENT_HP_BONUS","is_daily":false,"chose_seed":false,"campfire_upgraded":2,"win_rate":0.0,"timestamp":1609097005,"path_taken":["M","?","?","$","?","R","E","R","T","M","M","?","E"],"items_purchased_type":["Card","Card"],"build_version":"2020-12-22","purchased_purges":0,"victory":false,"max_hp_per_floor":[78,78,78,78,83,83,83,83,83,83,83,83,83,83],"card_choices":[{"not_picked":["Stack","Redo"],"picked":"Doom and Gloom","floor":1},{"not_picked":["Stack","Steam Power"],"picked":"Defragment","floor":3},{"not_picked":["Fission","Steam"],"picked":"Loop","floor":7},{"not_picked":["Turbo","Reprogram"],"picked":"Coolheaded","floor":10},{"not_picked":["Rebound","Reprogram"],"picked":"Cold Snap","floor":11}],"player_experience":806207,"relics_obtained":[{"floor":7,"key":"Toy Ornithopter"},{"floor":9,"key":"Blue Candle"}],"event_choices":[{"damage_healed":0,"gold_gain":0,"player_choice":"Forge","damage_taken":0,"max_hp_gain":0,"max_hp_loss":0,"event_name":"Accursed Blacksmith","floor":2,"gold_loss":0,"cards_upgraded":["Zap"]},{"damage_healed":0,"gold_gain":0,"player_choice":"Donut","damage_taken":0,"max_hp_gain":5,"max_hp_loss":0,"event_name":"Big Fish","floor":5,"gold_loss":0},{"damage_healed":19,"gold_gain":0,"player_choice":"Leave","damage_taken":0,"max_hp_gain":0,"max_hp_loss":83,"event_name":"betterThird:BetterShining","floor":12,"gold_loss":0}],"is_beta":false,"boss_relics":[],"items_purged_floors":[],"is_endless":false,"potions_floor_spawned":[3],"killed_by":"Gremlin Nob","ascension_level":14}}