{"host":"hvwa7s69zr612rn1","time":1609071853,"event":{"mods":["BaseMod","Colored Map","Colored Powertips","Downfall","Minty Spire (QoL Compilation)","StSLib"],"gold_per_floor":[99,116,132,132,143,162,189,189,205,237,234,246,258,289,320,332,332,332],"floor_reached":16,"playtime":823,"items_purged":[],"score":109,"play_id":"229e2378-15d4-49a4-a9c1-fc55aa08f981","local_time":"20201227232413","is_ascension_mode":true,"campfire_choices":[{"data":"champ:Taunt","floor":1,"key":"SMITH"},{"data":"champ:IronFortress","floor":8,"key":"SMITH"},{"data":"champ:PreciseThrust","floor":13,"key":"SMITH"}],"circlet_count":0,"master_deck":["champ:Strike","champ:Strike","champ:Strike","champ:Defend","champ:Defend","champ:Defend","champ:Defend","champ:Execute","champ:Taunt+1","champ:FlashCut","champ:Balance","champ:IronFortress+1","champ:GutPunch","champ:ShieldSigil","champ:PreciseThrust+1","champ:FaceSlap","champ:TornadoPunch","champ:RageSigil"],"relics":["champ:ChampionCrown","Dream Catcher","MawBank"],"acts_visited":["Exordium"],"potions_floor_usage":[10,16],"damage_taken":[{"damage":7,"enemies":"2 Louse","floor":2,"turns":3},{"damage":1,"enemies":"Jaw Worm","floor":3,"turns":4},{"damage":5,"enemies":"Cultist","floor":5,"turns":3},{"damage":9,"enemies":"2 Fungi Beasts","floor":6,"turns":3},{"damage":6,"enemies":"Exordium Wildlife","floor":9,"turns":3},{"damage":32,"enemies":"3 Sentries","floor":10,"turns":6},{"damage":5,"enemies":"downfall:FleeingMerchant","floor":11,"turns":4},{"damage":19,"enemies":"Large Slime","floor":14,"turns":4},{"damage":14,"enemies":"Lots of Slimes","floor":15,"turns":4},{"damage":44,"enemies":"downfall:Ironclad","floor":16,"turns":5}],"seed_played":"-4024789891999880832","potions_obtained":[{"floor":3,"key":"SpeedPotion"},{"floor":9,"key":"champ:CounterPotion"},{"floor":10,"key":"Swift Potion"}],"is_trial":false,"path_per_floor":["R","M","M","?","M","M","T","R","M","E","$","?","R","M","M","B"],"character_chosen":"THE_CHAMP","items_purchased":[],"campfire_rested":0,"item_purchase_floors":[],"current_hp_per_floor":[90,88,87,87,87,83,83,83,77,62,62,62,62,53,44,0,0,0],"gold":332,"neow_bonus":"THREE_CARDS","is_daily":false,"chose_seed":false,"campfire_upgraded":3,"win_rate":0.0,"timestamp":1609071853,"path_taken":["R","M","M","?","M","M","T","R","M","E","$","?","R","?","M","BOSS"],"items_purchased_type":[],"build_version":"2020-12-22","purchased_purges":0,"victory":false,"max_hp_per_floor":[90,90,90,90,90,90,90,90,90,90,90,90,90,90,90,90,90,90],"card_choices":[{"not_picked":["champ:Backstep","champ:StanceDance"],"picked":"champ:FlashCut","floor":0},{"not_picked":["champ:FocusedDefense","champ:FanOfKnives"],"picked":"champ:Balance","floor":2},{"not_picked":["champ:Circumvent","champ:ShieldWall"],"picked":"champ:IronFortress","floor":3},{"not_picked":["champ:Backstep","champ:PerfectedStrike"],"picked":"champ:GutPunch","floor":5},{"not_picked":["champ:BringItOn","champ:DefensiveStyle"],"picked":"champ:ShieldSigil","floor":6},{"not_picked":["champ:SkillfulDodge","champ:BladeFlurry"],"picked":"champ:PreciseThrust","floor":9},{"not_picked":["champ:RapidStrikes","champ:PerfectedStrike"],"picked":"champ:FaceSlap","floor":10},{"not_picked":["champ:PerfectedStrike","champ:FlashCut"],"picked":"champ:TornadoPunch","floor":11},{"not_picked":["champ:Duel","champ:GutPunch","champ:EnGarde"],"picked":"SKIP","floor":14},{"not_picked":["champ:BringItOn","champ:Lariat"],"picked":"champ:RageSigil","floor":15}],"player_experience":408838,"relics_obtained":[{"floor":7,"key":"Dream Catcher"},{"floor":10,"key":"MawBank"}],"event_choices":[{"cards_removed":["champ:Strike"],"damage_healed":0,"gold_gain":0,"player_choice":"Card Removal","damage_taken":0,"max_hp_gain":0,"max_hp_loss":0,"event_name":"The Cleric","floor":4,"gold_loss":0}],"is_beta":false,"boss_relics":[],"items_purged_floors":[],"is_endless":false,"potions_floor_spawned":[3,9,10],"killed_by":"downfall:Ironclad","ascension_level":1}}