{"host":"kjehzzhcyp0nyrrl","time":1609062481,"event":{"mods":["AchievementEnabler","Arknights The Spire","BaseMod","Custom Start","Hermit","Keyboard Shortcuts","Koishi","Minty Spire (QoL Compilation)","StSLib","SuperFastMode","The Dragon Tamer","The Gatherer","everything is the same but u backflip on backflip"],"gold_per_floor":[416,434,447,459,473,504,429,429,429,440,456,476,476,496,496,592,592,605,638,548,563,575,604,616,616,616,616,636,662,675,600,600,702,702,712,722,772,772,782,811,811,320,372,594,642,546,576,594,594,594,594,594,206,234,234],"floor_reached":56,"playtime":1278,"items_purged":["Fire Breathing","Parasite"],"score":1503,"play_id":"9a4272ce-2122-4432-81c2-26436acb7747","local_time":"20201227184801","daily_mods":["SealedDeck","Heirloom","Binary"],"is_ascension_mode":false,"campfire_choices":[{"data":"True Grit","floor":8.0,"key":"SMITH"},{"data":"Rampage","floor":13.0,"key":"SMITH"},{"data":"Pommel Strike","floor":15.0,"key":"SMITH"},{"data":"Evolve","floor":27.0,"key":"SMITH"},{"floor":32.0,"key":"RECALL"},{"data":"Feel No Pain","floor":41.0,"key":"SMITH"},{"data":"Good Instincts","floor":49.0,"key":"SMITH"},{"data":"Thunderclap","floor":52,"key":"SMITH"}],"circlet_count":0,"master_deck":["Thunderclap+1","Wild Strike+1","Pommel Strike+1","Evolve+1","Feel No Pain+1","Rampage+1","True Grit+1","Good Instincts+1"],"relics":["Burning Blood","Busted Crown","Old Coin","ats:Originium","Happy Flower","Shuriken","Philosopher\u0027s Stone","Red Mask","ats:Originium","Molten Egg 2","Red Skull","ats:Originium","Centennial Puzzle","Black Star","Incense Burner","ats:Originium","Meat on the Bone","CaptainsWheel","Sundial","HandDrill","StoneCalendar","Oddly Smooth Stone","Lantern","Pantograph","Akabeko","Bottled Flame","Champion Belt"],"acts_visited":["Exordium","TheCity","TheBeyond","TheEnding"],"potions_floor_usage":[50,55,55],"damage_taken":[{"damage":3.0,"enemies":"Jaw Worm","floor":1.0,"turns":2.0},{"damage":12.0,"enemies":"2 Louse","floor":2.0,"turns":2.0},{"damage":0.0,"enemies":"Cultist","floor":3.0,"turns":3.0},{"damage":3.0,"enemies":"Looter","floor":4.0,"turns":2.0},{"damage":0.0,"enemies":"Large Slime","floor":5.0,"turns":3.0},{"damage":14.0,"enemies":"Gremlin Nob","floor":6.0,"turns":3.0},{"damage":2.0,"enemies":"3 Louse","floor":10.0,"turns":2.0},{"damage":1.0,"enemies":"Looter","floor":11.0,"turns":2.0},{"damage":0.0,"enemies":"Blue Slaver","floor":12.0,"turns":2.0},{"damage":16.0,"enemies":"Large Slime","floor":14.0,"turns":3.0},{"damage":0.0,"enemies":"Slime Boss","floor":16.0,"turns":3.0},{"damage":0.0,"enemies":"Spheric Guardian","floor":18.0,"turns":3.0},{"damage":5.0,"enemies":"Masked Bandits","floor":19.0,"turns":3.0},{"damage":0.0,"enemies":"Shell Parasite","floor":21.0,"turns":3.0},{"damage":0.0,"enemies":"3 Cultists","floor":22.0,"turns":3.0},{"damage":24.0,"enemies":"Slavers","floor":23.0,"turns":3.0},{"damage":0.0,"enemies":"Centurion and Healer","floor":24.0,"turns":3.0},{"damage":0.0,"enemies":"Snecko","floor":28.0,"turns":3.0},{"damage":13.0,"enemies":"Book of Stabbing","floor":29.0,"turns":4.0},{"damage":0.0,"enemies":"3 Cultists","floor":30.0,"turns":3.0},{"damage":4.0,"enemies":"Automaton","floor":33.0,"turns":4.0},{"damage":6.0,"enemies":"3 Shapes","floor":35.0,"turns":3.0},{"damage":0.0,"enemies":"3 Darklings","floor":36.0,"turns":3.0},{"damage":0.0,"enemies":"Mind Bloom Boss Battle","floor":37.0,"turns":3.0},{"damage":24.0,"enemies":"Writhing Mass","floor":39.0,"turns":3.0},{"damage":11.0,"enemies":"Giant Head","floor":40.0,"turns":5.0},{"damage":12.0,"enemies":"2 Orb Walkers","floor":45.0,"turns":3.0},{"damage":14.0,"enemies":"Nemesis","floor":47.0,"turns":5.0},{"damage":2.0,"enemies":"Sphere and 2 Shapes","floor":48.0,"turns":3.0},{"damage":36,"enemies":"Awakened One","floor":50,"turns":6},{"damage":11,"enemies":"Shield and Spear","floor":54,"turns":3},{"damage":36,"enemies":"The Heart","floor":55,"turns":7}],"seed_played":"-3025669251396001305","potions_obtained":[{"floor":1.0,"key":"ColorlessPotion"},{"floor":2.0,"key":"DistilledChaos"},{"floor":11.0,"key":"FearPotion"},{"floor":14.0,"key":"SteroidPotion"},{"floor":22.0,"key":"PowerPotion"},{"floor":36.0,"key":"CultistPotion"}],"is_trial":true,"path_per_floor":["M","M","M","M","M","E","$","R","T","M","M","M","R","M","R","B",null,"M","?","?","M","M","E","M","?","T","R","M","E","M","?","R","B",null,"M","M","?","?","M","E","R","$","T","?","?","$","E","M","R","B",null,"R","$","E","B",null],"character_chosen":"IRONCLAD","items_purchased":["Sundial","HandDrill","Good Instincts","Pantograph","Akabeko"],"campfire_rested":0,"item_purchase_floors":[42,42,46,53,53],"current_hp_per_floor":[80,74,80,80,80,72,72,72,72,76,80,80,80,70,70,76,80,80,80,80,80,80,62,68,68,68,68,74,67,73,73,73,75,80,80,80,80,80,62,57,57,57,57,57,51,51,55,59,59,41,77,77,77,72,47],"gold":234,"neow_bonus":"","is_daily":false,"chose_seed":false,"campfire_upgraded":7,"win_rate":0.0,"timestamp":1609062481,"path_taken":["M","M","M","M","M","E","$","R","T","M","M","M","R","M","R","BOSS","M","?","?","?","M","E","M","?","T","R","M","E","M","?","R","BOSS","M","M","?","?","M","E","R","$","T","?","?","?","E","M","R","BOSS","R","$","E","BOSS"],"items_purchased_type":["Relic","Relic","Card","Relic","Relic"],"build_version":"2020-12-22","purchased_purges":2,"victory":true,"max_hp_per_floor":[80,80,80,80,80,80,80,80,80,80,80,80,80,80,80,80,80,80,80,80,80,80,80,80,80,80,80,80,80,80,80,80,80,80,80,80,80,80,80,80,80,77,77,77,77,77,77,77,77,77,77,77,77,77,77],"card_choices":[],"player_experience":381477,"relics_obtained":[{"floor":6.0,"key":"ats:Originium"},{"floor":6.0,"key":"Happy Flower"},{"floor":9.0,"key":"Shuriken"},{"floor":19.0,"key":"Red Mask"},{"floor":23.0,"key":"ats:Originium"},{"floor":23.0,"key":"Molten Egg 2"},{"floor":26.0,"key":"Red Skull"},{"floor":29.0,"key":"ats:Originium"},{"floor":29.0,"key":"Centennial Puzzle"},{"floor":37.0,"key":"Incense Burner"},{"floor":40.0,"key":"ats:Originium"},{"floor":40.0,"key":"Meat on the Bone"},{"floor":40.0,"key":"CaptainsWheel"},{"floor":45.0,"key":"StoneCalendar"},{"floor":47.0,"key":"Oddly Smooth Stone"},{"floor":47.0,"key":"Lantern"},{"floor":54,"key":"Bottled Flame"},{"floor":54,"key":"Champion Belt"}],"event_choices":[{"damage_healed":0.0,"max_hp_gain":0.0,"max_hp_loss":0.0,"gold_gain":0.0,"event_name":"Masked Bandits","player_choice":"Fought Bandits","floor":19.0,"gold_loss":0.0,"damage_taken":0.0},{"cards_removed":["Headbutt"],"damage_healed":0.0,"max_hp_gain":0.0,"max_hp_loss":0.0,"gold_gain":0.0,"event_name":"Designer","player_choice":"Upgrade and Remove","floor":20.0,"gold_loss":90.0,"damage_taken":0.0,"cards_upgraded":["Wild Strike"]},{"damage_healed":0.0,"max_hp_gain":0.0,"max_hp_loss":0.0,"gold_gain":0.0,"event_name":"Ghosts","player_choice":"Ignored","floor":25.0,"gold_loss":0.0,"damage_taken":0.0},{"cards_removed":["Shrug It Off"],"damage_healed":0.0,"max_hp_gain":0.0,"max_hp_loss":0.0,"gold_gain":0.0,"event_name":"Beggar","player_choice":"Gave Gold","floor":31.0,"gold_loss":75.0,"damage_taken":0.0},{"damage_healed":0.0,"max_hp_gain":0.0,"max_hp_loss":0.0,"gold_gain":0.0,"event_name":"MindBloom","player_choice":"Fight","floor":37.0,"gold_loss":0.0,"damage_taken":0.0},{"damage_healed":0.0,"max_hp_gain":0.0,"max_hp_loss":0.0,"gold_gain":0.0,"event_name":"SensoryStone","player_choice":"Memory 1","floor":38.0,"gold_loss":0.0,"damage_taken":0.0},{"damage_healed":0.0,"max_hp_gain":0.0,"max_hp_loss":0.0,"gold_gain":222.0,"event_name":"Tomb of Lord Red Mask","player_choice":"Wore Mask","floor":44.0,"gold_loss":0.0,"damage_taken":0.0},{"damage_healed":0.0,"max_hp_gain":0.0,"max_hp_loss":0.0,"gold_gain":0.0,"event_name":"Mysterious Sphere","player_choice":"Fight","floor":45.0,"gold_loss":0.0,"damage_taken":0.0}],"is_beta":false,"boss_relics":[{"not_picked":["SacredBark","SlaversCollar"],"picked":"Philosopher\u0027s Stone"},{"not_picked":["Tiny House","Snecko Eye"],"picked":"Black Star"}],"items_purged_floors":[7,42],"is_endless":false,"potions_floor_spawned":[1,2,11,14,22,24,28,30,36,39,48],"ascension_level":0}}