{"host":"l7l2v2zs4hqku4vk","time":1609077941,"event":{"mods":["Act Like it!","BaseMod","Colored Powertips","Highlight Path","Minty Spire (QoL Compilation)","Replay The Spire","RumiaBox-露米娅的神秘盒子","StSLib","TestMod","The Servant 0.9.4","篝火指南"],"gold_per_floor":[116,136,136,158,186,229,229,229,229,229,266,29,29,53,53,145,145,167,200,120,120,138,138,173,173,199,99,42,74,120,1119,1119,1232,1232,1257,465,465,527,549,576,149,175,175,222,222,222,259,281,281,313,313,313],"floor_reached":51,"playtime":2449,"items_purged":["Strike_G","Strike_G+1","Eviscerate","Strike_G+1"],"score":2333,"play_id":"55ed9cfb-a1f3-4283-8c8e-dcee18242727","local_time":"20201227220541","is_ascension_mode":true,"campfire_choices":[{"data":"Finisher","floor":8,"key":"SMITH"},{"data":"Blade Dance","floor":10,"key":"SMITH"},{"data":"Replay:Bag of Tricks","floor":15,"key":"SMITH"},{"data":"ReplayTheSpireMod:From All Sides","floor":23,"key":"SMITH"},{"data":"Adrenaline","floor":25,"key":"SMITH"},{"floor":32,"key":"REST"},{"data":"Storm of Steel","floor":45,"key":"SMITH"},{"data":"Calculated Gamble","floor":49,"key":"SMITH"}],"circlet_count":0,"master_deck":["AscendersBane","Strike_G+1","Defend_G+1","Defend_G+1","Defend_G+1","Defend_G+1","Defend_G+1","Survivor","Neutralize","testmod-PocketStoneCalender","Deflect","Blade Dance+1","Finisher+1","Replay:Bag of Tricks+1","Deflect+1","ReplayTheSpireMod:From All Sides+1","Adrenaline+1","Prepared","Storm of Steel+1","ReplayTheSpireMod:Brewmster","Calculated Gamble+1"],"relics":["Ring of the Snake","testmod-TestBox","testmod-DeterminationOfClimber","SecretRecord","SecretRecord","SecretRecord","Baka2","Replay:PocketPolymizer","testmod-CardMagician","testmod-Charity","Juzu Bracelet","Calipers","StoneCalendar","testmod-Alchemist","GodSword6","Replay:Rubber Ducky","Turnip","Frozen Egg 2","Regal Pillow"],"acts_visited":["Exordium","TheCity","TheBeyond"],"potions_floor_usage":[6,33,47,47,47,50],"damage_taken":[{"damage":0,"enemies":"Small Slimes","floor":1,"turns":3},{"damage":0,"enemies":"Cultist","floor":2,"turns":3},{"damage":13,"enemies":"2 Louse","floor":4,"turns":2},{"damage":0,"enemies":"Exordium Wildlife","floor":5,"turns":2},{"damage":0,"enemies":"Lagavulin","floor":6,"turns":2},{"damage":0,"enemies":"Gremlin Nob","floor":11,"turns":2},{"damage":0,"enemies":"Large Slime","floor":14,"turns":1},{"damage":0,"enemies":"Hexaghost","floor":16,"turns":2},{"damage":0,"enemies":"2 Thieves","floor":18,"turns":1},{"damage":0,"enemies":"Chosen","floor":19,"turns":1},{"damage":0,"enemies":"Snake Plant","floor":22,"turns":1},{"damage":0,"enemies":"Slavers","floor":24,"turns":1},{"damage":0,"enemies":"Centurion and Healer","floor":29,"turns":1},{"damage":0,"enemies":"Replay:Snechameleon","floor":30,"turns":1},{"damage":0,"enemies":"Automaton","floor":33,"turns":3},{"damage":0,"enemies":"3 Shapes","floor":35,"turns":1},{"damage":0,"enemies":"2 Orb Walkers","floor":38,"turns":1},{"damage":0,"enemies":"3 Darklings","floor":39,"turns":1},{"damage":0,"enemies":"R_Hoarder","floor":40,"turns":6},{"damage":0,"enemies":"Spire Growth","floor":42,"turns":1},{"damage":32,"enemies":"Nemesis","floor":44,"turns":1},{"damage":18,"enemies":"Reptomancer","floor":47,"turns":4},{"damage":0,"enemies":"Awakened One","floor":50,"turns":2},{"damage":0,"enemies":"Donu and Deca","floor":51,"turns":1}],"seed_played":"-5747967164956994076","potions_obtained":[{"floor":2,"key":"SmokeBomb"},{"floor":5,"key":"BlessingOfTheForge"},{"floor":14,"key":"Adrenaline Potion"},{"floor":16,"key":"Swift Potion"},{"floor":40,"key":"SkillPotion"},{"floor":44,"key":"Toxic Potion"},{"floor":47,"key":"Adrenaline Potion"}],"is_trial":false,"path_per_floor":["M","M","?","M","M","E","?","R","T","R","E","$","?","M","R","B",null,"M","M","?","?","M","R","E","R","T","$","$","M","E","?","R","B",null,"M","$","?","?","M","E","$","M","T","E","R","?","E","T","R","B","B"],"character_chosen":"THE_SILENT","items_purchased":["Chemical X","Eviscerate","testmod-Charity","Juzu Bracelet","Calipers","GodSword6"],"campfire_rested":1,"item_purchase_floors":[12,28,36,36,36,41],"current_hp_per_floor":[62,66,57,62,66,66,66,66,66,66,66,66,66,66,66,66,66,66,66,66,66,66,66,66,66,66,66,66,66,66,66,66,66,66,66,66,66,85,93,106,106,115,115,84,84,74,100,101,101,155,155,155],"gold":313,"neow_bonus":"RANDOM_COLORLESS","is_daily":false,"chose_seed":false,"campfire_upgraded":7,"win_rate":0.0,"timestamp":1609077941,"path_taken":["M","M","?","?","M","E","?","R","T","R","E","?","?","M","R","BOSS","M","?","?","?","M","R","E","R","T","?","$","M","E","?","R","BOSS","M","$","?","?","M","E","$","M","T","E","R","?","E","?","R","BOSS","BOSS"],"items_purchased_type":["Relic","Card","Relic","Relic","Relic","Relic"],"build_version":"2020-12-22","purchased_purges":4,"victory":false,"max_hp_per_floor":[66,66,66,66,66,66,66,66,66,66,66,66,66,66,66,66,66,66,66,66,66,66,66,66,66,66,66,66,66,66,66,66,66,66,66,66,66,85,93,106,106,115,115,124,124,124,140,141,141,155,155,155],"card_choices":[{"not_picked":["Impatience","testmod-SubstituteBySubterfuge"],"picked":"testmod-PocketStoneCalender","floor":0},{"not_picked":["Reflex","Dagger Throw"],"picked":"Deflect","floor":1},{"not_picked":["Deflect","Dodge and Roll"],"picked":"Blade Dance","floor":2},{"not_picked":["All Out Attack","Dagger Spray"],"picked":"Finisher","floor":4},{"not_picked":["Dodge and Roll","Deflect","Quick Slash"],"picked":"SKIP","floor":5},{"not_picked":["Acrobatics","Blade Dance","Escape Plan"],"picked":"SKIP","floor":6},{"not_picked":["Dodge and Roll","Endless Agony"],"picked":"Replay:Bag of Tricks","floor":11},{"not_picked":["Backflip","Deadly Poison","Flying Knee"],"picked":"SKIP","floor":14},{"not_picked":["Wraith Form v2","Adrenaline"],"picked":"ReplayTheSpireMod:From All Sides","floor":16},{"not_picked":["PiercingWail","Hidden Blade","Deflect"],"picked":"SKIP","floor":18},{"not_picked":["Leg Sweep","Terror","Slice"],"picked":"SKIP","floor":19},{"not_picked":["Hidden Blade+1","Sucker Punch","Dodge and Roll"],"picked":"SKIP","floor":22},{"not_picked":["ReplayTheSpireMod:Scrap Shanks","Cloak And Dagger"],"picked":"Adrenaline","floor":24},{"not_picked":["Blade Dance","PiercingWail","Infinite Blades"],"picked":"SKIP","floor":29},{"not_picked":["Draining Mist","ReplayTheSpireMod:Necrosis","Underhanded Strike"],"picked":"SKIP","floor":30},{"not_picked":["Riddle With Holes","Deadly Poison","Noxious Fumes"],"picked":"SKIP","floor":35},{"not_picked":["Bane","Escape Plan","ReplayTheSpireMod:Scrap Shanks"],"picked":"SKIP","floor":39},{"not_picked":["Dagger Throw","Backflip+1","Escape Plan"],"picked":"SKIP","floor":40},{"not_picked":["Dagger Throw","Underhanded Strike","Acrobatics"],"picked":"SKIP","floor":42},{"not_picked":["Die Die Die","Crippling Poison","Flechettes"],"picked":"SKIP","floor":44},{"not_picked":["testmod-CardIndex","testmod-WeaknessCounterattack"],"picked":"ReplayTheSpireMod:Brewmster","floor":46},{"not_picked":["Sucker Punch","Blade Dance+1","Leg Sweep"],"picked":"SKIP","floor":47}],"player_experience":1663364,"relics_obtained":[{"floor":1,"key":"AddBug"},{"floor":1,"key":"Baka"},{"floor":6,"key":"Mango"},{"floor":6,"key":"Mercury Hourglass"},{"floor":7,"key":"Ring of Peace"},{"floor":7,"key":"Ring of Hypnosis"},{"floor":11,"key":"SecretRecord"},{"floor":11,"key":"Ornamental Fan"},{"floor":19,"key":"SecretRecord"},{"floor":19,"key":"Baka2"},{"floor":24,"key":"ReplayFunnel"},{"floor":26,"key":"CeramicFish"},{"floor":30,"key":"Ninja Scroll"},{"floor":33,"key":"Replay:PocketPolymizer"},{"floor":38,"key":"StoneCalendar"},{"floor":40,"key":"testmod-Alchemist"},{"floor":43,"key":"Replay:Rubber Ducky"},{"floor":44,"key":"Turnip"},{"floor":47,"key":"Frozen Egg 2"},{"floor":48,"key":"Regal Pillow"}],"event_choices":[{"damage_healed":0,"gold_gain":0,"player_choice":"Damaged","damage_taken":9,"max_hp_gain":0,"max_hp_loss":0,"event_name":"Wheel of Change","floor":3,"gold_loss":0},{"cards_removed":["Strike_G"],"damage_healed":0,"gold_gain":0,"player_choice":"Purged","damage_taken":0,"max_hp_gain":0,"max_hp_loss":0,"event_name":"Purifier","floor":13,"gold_loss":0},{"damage_healed":0,"gold_gain":0,"player_choice":"Simplicity","damage_taken":0,"max_hp_gain":0,"max_hp_loss":0,"event_name":"Back to Basics","floor":21,"gold_loss":0,"cards_upgraded":["Strike_G","Strike_G","Strike_G","Defend_G","Defend_G","Defend_G","Defend_G","Defend_G"]},{"damage_healed":0,"gold_gain":999,"player_choice":"Sell","damage_taken":0,"max_hp_gain":0,"max_hp_loss":0,"event_name":"恩洛斯的盘子","floor":31,"relics_lost":["AddBug"],"gold_loss":0},{"damage_healed":0,"gold_gain":0,"player_choice":"Ignored","damage_taken":0,"max_hp_gain":0,"max_hp_loss":0,"event_name":"给自己的盒子","floor":37,"gold_loss":0},{"damage_healed":0,"gold_gain":0,"player_choice":"Fight","damage_taken":0,"max_hp_gain":0,"max_hp_loss":0,"event_name":"Mysterious Sphere","floor":38,"gold_loss":0},{"damage_healed":0,"gold_gain":0,"player_choice":"Memory 3","damage_taken":10,"max_hp_gain":0,"max_hp_loss":0,"event_name":"SensoryStone","floor":46,"gold_loss":0}],"is_beta":false,"boss_relics":[{"not_picked":["testmod-NegativeEmotionEnhancer","Fusion Hammer"],"picked":"Black Star"},{"not_picked":["Empty Cage","Coffee Dripper"],"picked":"testmod-CardMagician"}],"items_purged_floors":[12,27,36,41],"is_endless":false,"potions_floor_spawned":[2,5,14,16,19,29,40,44,47],"killed_by":"Donu and Deca","ascension_level":20}}