{"host":"nljp4tk11zt4gqcq","time":1609071372,"event":{"mods":["2.2 Compatiblity","Bard","BaseMod","Beaked The Cultist","Better Third Choice","Conspire","Downfall","Friendly Minions","Hermit","Hubris","Jorbs\u0027s Wanderer Trilogy","Minty Spire (QoL Compilation)","Rare Cards Sparkle","Relic Stats","Replay The Spire","Robot Space Explorer","Spicy Shops","StSLib","The Bladedancer","The Construct","The Cursed","The Disciple","The Forsaken","The Hierophant","The Jungle","The Runesmith","The Servant 0.9.4","UnlockEverythingMod"],"gold_per_floor":[19,19,19,138,138,163,163,182,182,182,182],"floor_reached":10,"playtime":615,"items_purged":[],"score":69,"play_id":"1d6794e9-82f6-46c9-adb5-dffe112478b0","local_time":"20201227041612","is_ascension_mode":true,"campfire_choices":[{"floor":7,"key":"REST"}],"circlet_count":0,"master_deck":["Strike_S","Strike_S","Strike_S","Strike_S","Defend_S","Defend_S","Defend_S","Defend_S","KidneyShot","Exchange","Sabotage","Unruled","Burn","BestPractice","Collapse"],"relics":["Uniform","hubris:FunFungus","hubris:Icosahedron","WingedGreaves"],"acts_visited":["Exordium"],"potions_floor_usage":[6,6,10,10,10],"damage_taken":[{"damage":0,"enemies":"Cultist","floor":1,"turns":3},{"damage":7,"enemies":"Small Slimes","floor":4,"turns":4},{"damage":20,"enemies":"Lagavulin","floor":6,"turns":3},{"damage":0,"enemies":"2 Louse","floor":8,"turns":2},{"damage":93,"enemies":"Gremlin Nob","floor":10,"turns":6}],"seed_played":"-5975154429645340712","potions_obtained":[{"floor":3,"key":"EssenceOfSteel"},{"floor":3,"key":"AttackPotion"},{"floor":3,"key":"PowerPotion"},{"floor":4,"key":"Death Potion"},{"floor":6,"key":"Milkshake"},{"floor":8,"key":"SteroidPotion"}],"is_trial":false,"path_per_floor":["M","?","?","M","?","E","R","M","T","E"],"character_chosen":"THE_SERVANT","items_purchased":[],"campfire_rested":1,"item_purchase_floors":[],"current_hp_per_floor":[65,65,65,58,58,38,57,57,57,0,0],"gold":182,"neow_bonus":"ONE_RARE_RELIC","is_daily":false,"chose_seed":false,"campfire_upgraded":0,"win_rate":0.0,"timestamp":1609071372,"path_taken":["M","?","?","?","?","E","R","M","T","E"],"items_purchased_type":[],"build_version":"2020-12-22","purchased_purges":0,"victory":false,"max_hp_per_floor":[65,65,65,65,65,65,65,65,65,65,65],"relic_stats":{"counters":[5,18],"obtain_stats":[{"hubris:Icosahedron":2,"hubris:FunFungus":0,"WingedGreaves":6,"Uniform":0},{"hubris:Icosahedron":1,"hubris:FunFungus":0,"WingedGreaves":3,"Uniform":0},{"hubris:Icosahedron":3,"hubris:FunFungus":0,"WingedGreaves":10,"Uniform":0}]},"card_choices":[{"not_picked":["Defy","ShatteredReality"],"picked":"Sabotage","floor":1},{"not_picked":["Replace","Contraction"],"picked":"Unruled","floor":4},{"not_picked":["Hightail","Moondial"],"picked":"BestPractice","floor":6},{"not_picked":["Moonlight","Rearm"],"picked":"Collapse","floor":8}],"player_experience":277183,"relics_obtained":[{"floor":6,"key":"WingedGreaves"}],"event_choices":[{"damage_healed":0,"gold_gain":0,"player_choice":"Got Potions","damage_taken":0,"max_hp_gain":0,"max_hp_loss":0,"event_name":"Lab","floor":3,"gold_loss":0},{"damage_healed":58,"gold_gain":0,"player_choice":"Embrace Burn","damage_taken":0,"max_hp_gain":0,"max_hp_loss":65,"event_name":"betterThird:BetterShining","floor":5,"gold_loss":0}],"is_beta":false,"boss_relics":[],"items_purged_floors":[],"is_endless":false,"potions_floor_spawned":[4,6,8],"killed_by":"Gremlin Nob","ascension_level":1}}