{"host":"3asmp5aovk69ekg9","time":1609044022,"event":{"mods":["BaseMod","BetterRewards","Colored Powertips","Hermit","Koishi","Magitek Elite","Minty Spire (QoL Compilation)","Permanent Neow","Remove Card Discount Mod","Shade Mod","StSLib","The Alterego","The Cursed","The Death Knight","The Fake Hero","The IronCluck","The Marked","The Senshi","The Wild Card"],"gold_per_floor":[136,171,209,484,184,259,259,296,296,343,398,449,497,516,516,618,618,634,645,645,645,310,310,356,93,93,93,127,161,194,269,269,384,384,437,475,492,223,223,223,252,265,341,696,731,338,367,367,367,367,367,367,94,131,131],"floor_reached":56,"playtime":6103,"items_purged":["theSenshi:SailorBlock","theSenshi:SailorBlock","Regret","theSenshi:SailorBlock","theSenshi:SailorBlock","theSenshi:SailorBlock","theSenshi:YouCanTalk","theSenshi:SailorKick","theSenshi:SailorKick","theSenshi:SailorKick","theSenshi:SailorKick+1","theSenshi:Sidestep","theSenshi:MoonTwilightFlash","theSenshi:MoonTiaraMagic+1","HandOfGreed","HandOfGreed"],"score":1982,"play_id":"b1069c63-33ff-41bd-8fa2-e36231c697db","local_time":"20201226204022","is_ascension_mode":true,"campfire_choices":[{"data":"theSenshi:MoonCrisisMakeUp","floor":7.0,"key":"SMITH"},{"data":"theSenshi:MoonCrisisMakeUp","floor":15.0,"key":"SMITH"},{"data":"theSenshi:CrisisMakeUp","floor":23.0,"key":"SMITH"},{"data":"theSenshi:MoonEternalMakeUp","floor":27.0,"key":"SMITH"},{"data":"theSenshi:MoonEternalMakeUp","floor":32.0,"key":"SMITH"},{"data":"theSenshi:MoonCosmicPowerMakeUp","floor":40.0,"key":"SMITH"},{"floor":49.0,"key":"RECALL"},{"data":"theSenshi:StarlightHoneymoonTherapyKiss","floor":52.0,"key":"SMITH"}],"circlet_count":0,"master_deck":["theSenshi:RoseThrow","theSenshi:MoonPrismPowerMakeUp","Panacea","theSenshi:TallSilhouette","theSenshi:MoonCrisisMakeUp+1","theSenshi:TallSilhouette","theSenshi:MoonCrisisMakeUp+1","theSenshi:MoonCosmicPowerMakeUp+1","theSenshi:LunaWiseMentor","theSenshi:MoonEternalMakeUp+1","Finesse","theSenshi:TallSilhouette","theSenshi:StarlightHoneymoonTherapyKiss+1","theSenshi:MoonHealingEscalation","theSenshi:MoonEternalMakeUp+1","theSenshi:MoonCosmicPowerMakeUp+1","theSenshi:MoonKick+1","theSenshi:StudyParty","Panacea","theSenshi:CrisisMakeUp+1","theSenshi:RainbowMoonHeartAche","theSenshi:EncouragingSpeech","theSenshi:RainbowMoonHeartAche+1","theSenshi:MoonPrincessHalation+1","theSenshi:MoonEternalMakeUp+1","theSenshi:MoonPunch+1","theSenshi:MoonKick+1","theSenshi:SteeledNerves+1","theSenshi:MoonPower","Madness","Madness","theSenshi:TallSilhouette","theSenshi:MoonCrystalPowerMakeUp+1","theSenshi:TallSilhouette","theSenshi:MoonlightKnight+1","theSenshi:TallSilhouette+1"],"relics":["theSenshi:TransformationBroochRelic","Membership Card","Toy Ornithopter","Tintinnabulum","Mummified Hand","Omamori","Mythril_Glove","Frozen Eye","StrikeDummy","Mercury Hourglass","Pocketwatch","Cursed Key","White Beast Statue","Whetstone","OrangePellets","Orichalcum","theSenshi:SuperSailorFukuRelic","Frozen Egg 2","Strawberry","SacredBark","Singing Bowl","Anchor","CeramicFish","theSenshi:TransformationPenRelic","Old Coin","ClockworkSouvenir","Turnip","theSenshi:EternalTiareRelic","Ribbon","theSenshi:RedHairPiecesRelic","Bag of Preparation","Letter Opener"],"acts_visited":["Exordium","TheCity","TheBeyond","TheEnding"],"potions_floor_usage":[55,55,55],"damage_taken":[{"damage":0.0,"enemies":"Cultist","floor":1.0,"turns":3.0},{"damage":0.0,"enemies":"2 Louse","floor":2.0,"turns":3.0},{"damage":8.0,"enemies":"Small Slimes","floor":3.0,"turns":5.0},{"damage":15.0,"enemies":"3 Sentries","floor":6.0,"turns":10.0},{"damage":3.0,"enemies":"Blue Slaver","floor":8.0,"turns":4.0},{"damage":42.0,"enemies":"Gremlin Nob","floor":10.0,"turns":7.0},{"damage":0.0,"enemies":"Gremlin Gang","floor":11.0,"turns":5.0},{"damage":0.0,"enemies":"Large Slime","floor":12.0,"turns":8.0},{"damage":0.0,"enemies":"3 Sentries","floor":13.0,"turns":4.0},{"damage":0.0,"enemies":"Looter","floor":14.0,"turns":2.0},{"damage":0.0,"enemies":"Slime Boss","floor":16.0,"turns":3.0},{"damage":0.0,"enemies":"2 Thieves","floor":18.0,"turns":2.0},{"damage":1.0,"enemies":"Chosen","floor":19.0,"turns":5.0},{"damage":14.0,"enemies":"Slavers","floor":24.0,"turns":7.0},{"damage":0.0,"enemies":"Book of Stabbing","floor":28.0,"turns":4.0},{"damage":0.0,"enemies":"3 Cultists","floor":29.0,"turns":4.0},{"damage":0.0,"enemies":"Centurion and Healer","floor":30.0,"turns":4.0},{"damage":0.0,"enemies":"Automaton","floor":33.0,"turns":9.0},{"damage":0.0,"enemies":"3 Shapes","floor":35.0,"turns":6.0},{"damage":0.0,"enemies":"Orb Walker","floor":36.0,"turns":2.0},{"damage":0.0,"enemies":"Transient","floor":37.0,"turns":5.0},{"damage":1.0,"enemies":"Nemesis","floor":41.0,"turns":3.0},{"damage":0.0,"enemies":"Spire Growth","floor":42.0,"turns":6.0},{"damage":0.0,"enemies":"Giant Head","floor":44.0,"turns":4.0},{"damage":0.0,"enemies":"Jaw Worm Horde","floor":45.0,"turns":5.0},{"damage":2.0,"enemies":"Nemesis","floor":47.0,"turns":5.0},{"damage":86.0,"enemies":"Awakened One","floor":50.0,"turns":8.0},{"damage":4.0,"enemies":"Shield and Spear","floor":54.0,"turns":4.0},{"damage":88,"enemies":"The Heart","floor":55,"turns":9}],"seed_played":"4485980095664970017","potions_obtained":[{"floor":2.0,"key":"Regen Potion"},{"floor":6.0,"key":"SkillPotion"},{"floor":8.0,"key":"Regen Potion"},{"floor":11.0,"key":"DuplicationPotion"},{"floor":12.0,"key":"SkillPotion"},{"floor":14.0,"key":"BlessingOfTheForge"},{"floor":19.0,"key":"DuplicationPotion"},{"floor":24.0,"key":"Regen Potion"},{"floor":28.0,"key":"DeathKnight:RimePotion"},{"floor":29.0,"key":"Ancient Potion"},{"floor":30.0,"key":"PowerPotion"},{"floor":36.0,"key":"Dexterity Potion"},{"floor":37.0,"key":"SkillPotion"},{"floor":41.0,"key":"Swift Potion"},{"floor":42.0,"key":"Strength Potion"},{"floor":44.0,"key":"DuplicationPotion"},{"floor":45.0,"key":"DeathKnight:BottledBloodEchoes"},{"floor":54.0,"key":"Ancient Potion"}],"is_trial":false,"path_per_floor":["M","M","M","?","$","E","R","M","T","E","M","M","E","M","R","B",null,"M","M","?","?","$","R","E","$","T","R","E","M","M","?","R","B",null,"M","M","M","$","?","R","E","M","T","E","M","$","E","?","R","B",null,"R","$","E","B",null],"character_chosen":"THE_SENSHI","items_purchased":["Membership Card","Toy Ornithopter","HandOfGreed","Panacea","theSenshi:TallSilhouette","theSenshi:MoonCrisisMakeUp","theSenshi:TallSilhouette","Tintinnabulum","theSenshi:MoonCrisisMakeUp","Mummified Hand","theSenshi:MoonCosmicPowerMakeUp","Fire Potion","Omamori","Mythril_Glove","Frozen Eye","Finesse","DeathKnight:RimePotion","theSenshi:CrisisMakeUp","theSenshi:MoonTwilightFlash","White Beast Statue","Whetstone","OrangePellets","theSenshi:SuperSailorFukuRelic","theSenshi:RainbowMoonHeartAche","HandOfGreed","Singing Bowl","Anchor","theSenshi:SteeledNerves+1","theSenshi:MoonPower","ClockworkSouvenir","theSenshi:MoonCrystalPowerMakeUp+1","Turnip","theSenshi:EternalTiareRelic","theSenshi:TallSilhouette","theSenshi:RedHairPiecesRelic","CultistPotion","EssenceOfSteel","Bag of Preparation","theSenshi:MoonlightKnight+1"],"campfire_rested":0,"item_purchase_floors":[0,0,0,0,0,0,0,0,0,0,0,0,5,5,5,5,5,22,22,22,22,22,25,25,25,38,38,38,38,46,46,46,46,46,53,53,53,53,53],"current_hp_per_floor":[34,35,45,46,47,33,34,37,38,17,23,24,30,31,32,48,69,75,74,75,75,75,75,61,62,63,64,82,82,82,74,75,81,82,82,82,82,82,72,73,84,86,86,86,88,88,88,80,81,11,71,72,73,80,17],"gold":131,"neow_bonus":"","is_daily":false,"chose_seed":false,"campfire_upgraded":7,"win_rate":0.0,"timestamp":1609044022,"path_taken":["M","M","?","?","$","E","R","M","T","E","M","M","E","?","R","BOSS","M","M","?","?","$","R","E","$","T","R","E","?","M","?","R","BOSS","M","?","M","$","?","R","E","M","T","E","M","$","E","?","R","BOSS","R","$","E","BOSS"],"items_purchased_type":["Relic","Relic","Card","Card","Card","Card","Card","Relic","Card","Relic","Card","Potion","Relic","Relic","Relic","Card","Potion","Card","Card","Relic","Relic","Relic","Relic","Card","Card","Relic","Relic","Card","Card","Relic","Card","Relic","Relic","Card","Relic","Potion","Potion","Relic","Card"],"build_version":"2020-12-22","purchased_purges":16,"victory":true,"max_hp_per_floor":[75,75,75,75,75,75,75,75,75,75,75,75,75,75,75,75,75,75,75,75,75,75,75,75,75,75,75,82,82,82,82,82,82,82,82,82,82,82,82,82,84,86,86,86,88,88,90,90,90,90,90,90,90,90,90],"card_choices":[{"not_picked":["theSenshi:MoonKick","theSenshi:SailorJupiterAssists"],"picked":"theSenshi:Sidestep","floor":1.0},{"not_picked":["theSenshi:SupersonicWaves","theSenshi:MoonTiaraMagic"],"picked":"theSenshi:LunaWiseMentor","floor":2.0},{"not_picked":["theSenshi:LunaWiseMentor","theSenshi:CrisisMakeUp"],"picked":"theSenshi:MoonEternalMakeUp","floor":3.0},{"not_picked":["theSenshi:SailorJupiterAssists","theSenshi:KlutzyLuck","theSenshi:SupersonicWaves"],"picked":"SKIP","floor":6.0},{"not_picked":["theSenshi:GatheringStrength","theSenshi:SailorMercuryAssists","theSenshi:TuxedoSmokingBomber"],"picked":"SKIP","floor":8.0},{"not_picked":["theSenshi:SailorUranusAssists","theSenshi:MoonsReflection"],"picked":"theSenshi:TallSilhouette","floor":10.0},{"not_picked":["theSenshi:YouCanTalk","theSenshi:MoonPower"],"picked":"theSenshi:StarlightHoneymoonTherapyKiss","floor":11.0},{"not_picked":["theSenshi:MoonKick","theSenshi:SaturnsMystery","theSenshi:LateForSchool"],"picked":"SKIP","floor":12.0},{"not_picked":["theSenshi:MarsPride","theSenshi:LunasBite"],"picked":"theSenshi:MoonTiaraMagic","floor":13.0},{"not_picked":["theSenshi:InTheNickOfTime","theSenshi:SchoolBag"],"picked":"theSenshi:MoonHealingEscalation","floor":14.0},{"not_picked":["theSenshi:LunaSensingAllies","theSenshi:ChibiMoonsLove"],"picked":"theSenshi:MoonEternalMakeUp","floor":16.0},{"not_picked":["theSenshi:MoonPower","theSenshi:SchoolBag+1"],"picked":"theSenshi:MoonCosmicPowerMakeUp+1","floor":18.0},{"not_picked":["theSenshi:MoonlightKnight","theSenshi:SailorChibiMoonAssists"],"picked":"theSenshi:MoonKick+1","floor":19.0},{"not_picked":["theSenshi:TuxedoSmokingBomber","theSenshi:SailorMercuryAssists+1","theSenshi:VenusGlamour"],"picked":"SKIP","floor":24.0},{"not_picked":["theSenshi:GatheringStrength","theSenshi:SailorVenusAssists"],"picked":"theSenshi:EncouragingSpeech","floor":28.0},{"not_picked":["theSenshi:MoonSpiralHeartAttack","theSenshi:EncouragingSpeech"],"picked":"theSenshi:RainbowMoonHeartAche+1","floor":29.0},{"not_picked":["theSenshi:PlutosSolemnity","theSenshi:SailorPlanetPower"],"picked":"theSenshi:MoonPrincessHalation+1","floor":30.0},{"not_picked":["theSenshi:ChibiMoonsLove","theSenshi:JupitersPower"],"picked":"theSenshi:MoonEternalMakeUp+1","floor":33.0},{"not_picked":["theSenshi:MoonKick","theSenshi:SupersonicWaves","theSenshi:MoonSpiralHeartAttack+1"],"picked":"SKIP","floor":35.0},{"not_picked":["theSenshi:SupersonicWaves+1","theSenshi:SailorMercuryAssists"],"picked":"theSenshi:MoonPunch+1","floor":36.0},{"not_picked":["theSenshi:MarsPride","theSenshi:YouCanTalk"],"picked":"theSenshi:MoonKick+1","floor":37.0},{"not_picked":["theSenshi:LunaSensingAllies","theSenshi:SailorStarFighterAssists","theSenshi:SailorUranusAssists+1"],"picked":"Singing Bowl","floor":41.0},{"not_picked":["theSenshi:MoonKick+1","theSenshi:SailorStarFighterAssists","theSenshi:TuxedoMaskAssists"],"picked":"Singing Bowl","floor":42.0},{"not_picked":["theSenshi:NeptunesGrace","theSenshi:MercurysCunning+1"],"picked":"theSenshi:TallSilhouette","floor":44.0},{"not_picked":["theSenshi:SailorMarsAssists+1","theSenshi:MoonSpiralHeartAttack+1","theSenshi:SailorVenusAssists+1"],"picked":"Singing Bowl","floor":45.0},{"not_picked":["theSenshi:MoonKick+1","theSenshi:SailorVenusAssists+1","theSenshi:LunasBite+1"],"picked":"Singing Bowl","floor":47.0},{"not_picked":["theSenshi:MoonsReflection","theSenshi:SailorVenusAssists"],"picked":"theSenshi:TallSilhouette+1","floor":54.0}],"player_experience":1142806,"relics_obtained":[{"floor":6.0,"key":"StrikeDummy"},{"floor":10.0,"key":"Mercury Hourglass"},{"floor":13.0,"key":"Pocketwatch"},{"floor":24.0,"key":"Orichalcum"},{"floor":26.0,"key":"Frozen Egg 2"},{"floor":28.0,"key":"Strawberry"},{"floor":41.0,"key":"CeramicFish"},{"floor":43.0,"key":"theSenshi:TransformationPenRelic"},{"floor":44.0,"key":"Old Coin"},{"floor":47.0,"key":"Ribbon"},{"floor":54.0,"key":"Letter Opener"}],"event_choices":[{"damage_healed":0.0,"max_hp_gain":0.0,"max_hp_loss":0.0,"gold_gain":275.0,"event_name":"Golden Shrine","player_choice":"Desecrate","floor":4.0,"gold_loss":0.0,"damage_taken":0.0,"cards_obtained":["Regret"]},{"damage_healed":0.0,"max_hp_gain":0.0,"max_hp_loss":0.0,"gold_gain":0.0,"event_name":"Ghosts","player_choice":"Ignored","floor":20.0,"gold_loss":0.0,"damage_taken":0.0},{"damage_healed":0.0,"max_hp_gain":0.0,"max_hp_loss":0.0,"gold_gain":0.0,"event_name":"Match and Keep!","player_choice":"4 cards matched","floor":21.0,"gold_loss":0.0,"damage_taken":0.0,"cards_obtained":["theSenshi:StudyParty","Panacea","theSenshi:SailorBlock","theSenshi:YouCanTalk"]},{"damage_healed":0.0,"max_hp_gain":0.0,"max_hp_loss":0.0,"gold_gain":75.0,"event_name":"FaceTrader","player_choice":"Touch","floor":31.0,"gold_loss":0.0,"damage_taken":8.0},{"damage_healed":0.0,"max_hp_gain":0.0,"max_hp_loss":0.0,"gold_gain":0.0,"event_name":"Winding Halls","player_choice":"Embrace Madness","floor":39.0,"gold_loss":0.0,"damage_taken":10.0,"cards_obtained":["Madness","Madness"]},{"damage_healed":0.0,"max_hp_gain":0.0,"max_hp_loss":0.0,"gold_gain":0.0,"event_name":"Wheel of Change","player_choice":"Damaged","floor":48.0,"gold_loss":0.0,"damage_taken":9.0}],"is_beta":false,"boss_relics":[{"not_picked":["Tiny House","theSenshi:EternalSailorFukuRelic"],"picked":"Cursed Key"},{"not_picked":["Snecko Eye","Pandora\u0027s Box"],"picked":"SacredBark"}],"items_purged_floors":[0,0,5,5,5,22,22,22,25,25,38,38,38,38,46,46],"is_endless":false,"potions_floor_spawned":[2,6,8,11,12,14,19,24,28,29,30,33,35,36,37,41,42,44,45,47,54],"ascension_level":7}}