{"host":"d50bw6kybq14xu1u","time":1609076541,"event":{"mods":["BaseMod","Colored Map","Colored Powertips","Minty Spire (QoL Compilation)","Quick Restart"],"gold_per_floor":[12,12,12,28,49,82,105,125,179,192,192,192],"floor_reached":11,"playtime":274,"items_purged":[],"score":77,"play_id":"7b5502ab-d3e9-4ba4-8fa6-17abd6a35b94","local_time":"20201227214221","is_ascension_mode":false,"campfire_choices":[],"circlet_count":0,"master_deck":["Strike_B","Strike_B","Strike_B","Strike_B","Defend_B","Defend_B","Defend_B","Zap","Dualcast","Chill","Biased Cognition","Defragment","Redo","Tempest"],"relics":["Cracked Core","CaptainsWheel","Golden Idol","Happy Flower","Bag of Marbles"],"acts_visited":["Exordium"],"potions_floor_usage":[11],"damage_taken":[{"damage":0,"enemies":"2 Louse","floor":1,"turns":2},{"damage":1,"enemies":"Jaw Worm","floor":4,"turns":2},{"damage":0,"enemies":"Cultist","floor":5,"turns":3},{"damage":9,"enemies":"Gremlin Nob","floor":6,"turns":3},{"damage":2,"enemies":"Looter","floor":7,"turns":3},{"damage":18,"enemies":"3 Louse","floor":8,"turns":3},{"damage":25,"enemies":"Gremlin Gang","floor":10,"turns":3},{"damage":4,"enemies":"3 Sentries","floor":11,"turns":2}],"seed_played":"-5003123225541096080","potions_obtained":[{"floor":7,"key":"SteroidPotion"},{"floor":10,"key":"SkillPotion"}],"is_trial":false,"path_per_floor":["M","?","?","M","M","E","M","M","T","M","E"],"character_chosen":"DEFECT","items_purchased":[],"campfire_rested":0,"item_purchase_floors":[],"current_hp_per_floor":[75,57,57,56,56,47,45,27,27,2,0,0],"gold":192,"neow_bonus":"ONE_RARE_RELIC","is_daily":false,"chose_seed":false,"campfire_upgraded":0,"win_rate":0.0,"timestamp":1609076541,"path_taken":["M","?","?","M","M","E","M","M","T","?","E"],"items_purchased_type":[],"build_version":"2020-12-22","purchased_purges":0,"victory":false,"max_hp_per_floor":[75,75,75,75,75,75,75,75,75,75,75,75],"card_choices":[{"not_picked":["Leap","Stack"],"picked":"Chill","floor":1},{"not_picked":["Lockon","Darkness"],"picked":"Defragment","floor":4},{"not_picked":["Go for the Eyes","Compile Driver"],"picked":"Redo","floor":5},{"not_picked":["Gash","Steam","Barrage"],"picked":"SKIP","floor":6},{"not_picked":["Gash","Steam","Barrage"],"picked":"SKIP","floor":6},{"not_picked":["Skim","Blizzard","Go for the Eyes"],"picked":"SKIP","floor":7},{"not_picked":["Sweeping Beam","Hologram"],"picked":"Tempest","floor":8},{"not_picked":["BootSequence","Hologram","Gash"],"picked":"SKIP","floor":10}],"player_experience":30735,"relics_obtained":[{"floor":6,"key":"Happy Flower"},{"floor":9,"key":"Bag of Marbles"}],"event_choices":[{"damage_healed":0,"gold_gain":0,"player_choice":"Take Damage","damage_taken":18,"relics_obtained":["Golden Idol"],"max_hp_gain":0,"max_hp_loss":0,"event_name":"Golden Idol","floor":2,"gold_loss":0},{"damage_healed":0,"gold_gain":0,"cards_transformed":["Defend_B"],"player_choice":"Transformed","damage_taken":0,"max_hp_gain":0,"max_hp_loss":0,"event_name":"Transmorgrifier","floor":3,"gold_loss":0,"cards_obtained":["Biased Cognition"]}],"is_beta":false,"boss_relics":[],"items_purged_floors":[],"is_endless":false,"potions_floor_spawned":[7,10],"killed_by":"3 Sentries","ascension_level":0}}