{"host":"3ghjvsatr2fxka2l","time":1609070305,"event":{"mods":["2.2 Compatiblity","AchievementEnabler","Act Like it!","Aspiration","BaseMod","Better Third Choice","Better Vampires","BetterRewards","Clawfect","Colored Powertips","Conspire","Curses Come First","Defuse TimeMaze Blight","Displayed Cursed Tome","Energized Spire","Gold Saver","Grow up Mod","Hubris","Infinite Spire","Marisa????????","Marked Mod","Minty Spire (QoL Compilation)","Permanent Neow","Quick Restart","Replay The Spire","SacredBarkPlus","StSLib","The Blue Laboratory","The Cursed","Transform Curses","Uncapped","Waifu the Spire","Wandering Minibosses","[IsaacMod]????","vexMod","??????REMEMod"],"gold_per_floor":[116,126,142,142,142,142,242,242,242,242,258,258,278,301,301,401,401,416,416,416,467,478,478,497,516,539,574,588,608,608,627,627,725,725,739,759,775,787,468,501,513,513,538,142,142,142,142,177,177,278,278,278,278,286,286,286,316,326,353,435,435,462,462,324,329,329,166,166],"floor_reached":67,"playtime":4078,"items_purged":["TheCursedMod:Strike_TheCursed","TheCursedMod:Strike_TheCursed","TheCursedMod:Strike_TheCursed","TheCursedMod:Defend_TheCursed","TheCursedMod:Defend_TheCursed","TheCursedMod:Defend_TheCursed"],"score":1002,"play_id":"384a2e42-cb49-4739-843f-d560ec71177c","local_time":"20201227035825","is_ascension_mode":false,"campfire_choices":[{"data":"TheCursedMod:Torture","floor":6,"key":"SMITH"},{"data":"TheCursedMod:DemonSword","floor":8,"key":"SMITH"},{"data":"infinitespire:FutureSight","floor":10,"key":"SMITH"},{"data":"TheCursedMod:HellsGateOpen","floor":12,"key":"SMITH"},{"data":"TheCursedMod:Hemoplague","floor":15,"key":"SMITH"},{"data":"TheCursedMod:CollectTribute","floor":23,"key":"SMITH"},{"data":"TheCursedMod:VitalStrike","floor":32,"key":"SMITH"},{"data":"TheCursedMod:VoidForm","floor":45,"key":"SMITH"},{"data":"TheCursedMod:Torture","floor":47,"key":"SMITH"},{"data":"TheCursedMod:VoidForm+1","floor":49,"key":"SMITH"},{"data":"REME_FirmDetermination","floor":61,"key":"SMITH"}],"circlet_count":0,"master_deck":["TheCursedMod:Defend_TheCursed","TheCursedMod:CursedWand","TheCursedMod:CleanUpWorkshop","TheCursedMod:Dregs","TheCursedMod:StunningStrike","TheCursedMod:DemonSword+1","TheCursedMod:Torture+1","infinitespire:FutureSight+1","TheCursedMod:HellsGateOpen+1","TheCursedMod:Hemoplague+1","TheCursedMod:CollectTribute+1","TheCursedMod:Hemoplague+1","TheCursedMod:WearCloak","TheCursedMod:VitalStrike+1","TheCursedMod:SpitefulPray","TheCursedMod:AbyssShockwave+1","TheCursedMod:VoidForm+2","TheCursedMod:Torture+1","TheCursedMod:VitalStrike+1","TheCursedMod:VitalStrike+1","REME_MagicPocketWatch","TheCursedMod:SpitefulPlan","TheCursedMod:ReleasedStrength","TheCursedMod:WearCloak+1","REME_MawOfCthun","REME_FirmDetermination+1","TheCursedMod:SaltUponWound","Doubt"],"relics":["TheCursedMod:BlackMagic101","REME_ComplimentaryCards","HushsDoor","BloodDonationMachine","aspiration:Nostalgia","Sizzling Blood","infinitespire:Lucky Rock","infinitespire:Broken Mirror","vexMod:FocusSash","Sozu","GuppysHairball","RottenBaby","aspiration:RitualStick","vexMod:MemoryStick","REME_LowDesire","Pen Nib","Lantern","SteamSale","Replay:Bottled Eggs","Lizard Tail","BookOfRevelations","Bottled Flame","conspire:InfiniteJournal","Quantum Egg","Coffee Dripper","GuppysTail","GuppysCollar","Golden Idol","GnawedLeaf","hubris:PeanutButter","Regal Pillow","Mirror","hubris:TenFootPole","infinitespire:Satchel","ReplayTheSpireMod:Ring of Exchange","ReplayTheSpireMod:Ring of Challenge"],"acts_visited":["Exordium","TheCity","TheBeyond","Exordium"],"potions_floor_usage":[16,67],"damage_taken":[{"damage":0,"enemies":"Cultist","floor":1,"turns":3},{"damage":0,"enemies":"2 Louse","floor":2,"turns":2},{"damage":6,"enemies":"Jaw Worm","floor":3,"turns":3},{"damage":27,"enemies":"Gremlin Gang","floor":11,"turns":7},{"damage":5,"enemies":"3 Louse","floor":13,"turns":3},{"damage":13,"enemies":"The Guardian","floor":16,"turns":7},{"damage":0,"enemies":"3 Byrds","floor":18,"turns":3},{"damage":2,"enemies":"Shell Parasite","floor":22,"turns":3},{"damage":16,"enemies":"Shelled Parasite and Fungi","floor":24,"turns":3},{"damage":0,"enemies":"Snecko","floor":25,"turns":3},{"damage":7,"enemies":"Nightmare","floor":27,"turns":6},{"damage":0,"enemies":"Sentry and Sphere","floor":28,"turns":3},{"damage":1,"enemies":"3 Cultists","floor":29,"turns":4},{"damage":12,"enemies":"Shelled Parasite and Fungi","floor":31,"turns":3},{"damage":23,"enemies":"conspire:MysteriousRune","floor":33,"turns":6},{"damage":18,"enemies":"Orb Walker","floor":35,"turns":3},{"damage":26,"enemies":"3 Shapes","floor":36,"turns":3},{"damage":12,"enemies":"Maw","floor":37,"turns":5},{"damage":18,"enemies":"Sphere and 2 Shapes","floor":38,"turns":3},{"damage":9,"enemies":"R_Hoarder","floor":40,"turns":5},{"damage":9,"enemies":"Transient","floor":41,"turns":5},{"damage":8,"enemies":"Giant Head","floor":48,"turns":4},{"damage":65,"enemies":"Donu and Deca","floor":50,"turns":6},{"damage":0,"enemies":"Small Slimes","floor":52,"turns":2},{"damage":0,"enemies":"Jaw Worm","floor":54,"turns":1},{"damage":0,"enemies":"Gremlin Nob","floor":57,"turns":3},{"damage":0,"enemies":"2 Louse","floor":58,"turns":1},{"damage":0,"enemies":"Lagavulin","floor":59,"turns":2},{"damage":0,"enemies":"conspire:MimicChest","floor":62,"turns":2},{"damage":3,"enemies":"Large Slime","floor":65,"turns":2},{"damage":560,"enemies":"Delirium","floor":67,"turns":10}],"seed_played":"-5550404328070966191","potions_obtained":[{"floor":3,"key":"blueLaboratory:LouseDecoction"},{"floor":11,"key":"blueLaboratory:ForbiddenFruitJuice"}],"is_trial":false,"path_per_floor":["M","M","M","?","?","R","?","R","T","R","M","R","M","T","R","B",null,"M","?","?","T","M","R","M","M","T","NM","M","M","?","M","R","B",null,"M","M","M","M","$","E","M","?","T","$","R","?","R","E","R","B",null,"M","?","M","?","AVR","E","M","E","T","R","?","?","$","M","R","B"],"character_chosen":"THE_CURSED","items_purchased":["GuppysHairball","RottenBaby","SteamSale","Replay:Bottled Eggs","Bottled Flame","TheCursedMod:SpitefulPlan","conspire:InfiniteJournal","TheCursedMod:ReleasedStrength","GuppysTail","GuppysCollar","infinitespire:Satchel"],"campfire_rested":0,"item_purchase_floors":[17,17,39,39,44,44,44,44,51,51,64],"current_hp_per_floor":[99,109,117,98,93,103,113,123,133,143,130,140,149,159,169,170,228,238,200,210,220,232,242,240,254,264,271,285,298,308,310,320,311,398,394,382,384,380,390,395,400,410,420,430,440,450,460,466,476,425,515,525,535,545,419,429,443,457,471,481,491,505,635,645,655,665,579,579],"gold":166,"neow_bonus":"NOSTALGIA","is_daily":false,"chose_seed":false,"campfire_upgraded":11,"win_rate":0.0,"timestamp":1609070305,"path_taken":["M","M","?","?","?","R","?","R","T","R","M","R","?","?","R","BOSS","M","?","?","?","M","R","M","M","T","NM","M","M","?","M","R","BOSS","M","?","M","M","$","E","M","?","T","$","R","?","R","E","R","BOSS","M","?","M","?","AVR","E","?","E","T","R","?","?","?","M","R","BOSS"],"items_purchased_type":["Relic","Relic","Relic","Relic","Relic","Card","Relic","Card","Relic","Relic","Relic"],"build_version":"2020-12-22","purchased_purges":6,"victory":false,"max_hp_per_floor":[99,109,119,129,139,149,159,169,179,189,199,209,219,229,239,249,228,238,248,258,268,278,288,298,308,318,328,338,348,358,368,378,388,398,408,418,428,438,448,458,468,455,465,475,485,495,505,515,525,535,515,525,535,545,555,565,575,585,595,605,615,625,635,645,655,665,655,655],"card_choices":[{"not_picked":["TheCursedMod:HellsGateOpen","TheCursedMod:SpitefulStrike"],"picked":"TheCursedMod:DemonSword","floor":1},{"not_picked":["TheCursedMod:CircleOfFlame","TheCursedMod:SpitefulStrike"],"picked":"TheCursedMod:Torture","floor":2},{"not_picked":["Bomb","TheCursedMod:Wield","TheCursedMod:Obscuration"],"picked":"SKIP","floor":3},{"not_picked":["ReplayTheSpireMod:Black Plague","infinitespire:DeathsTouch"],"picked":"infinitespire:FutureSight","floor":4},{"not_picked":["TheCursedMod:StingEye","TheCursedMod:CircleOfFocus"],"picked":"TheCursedMod:HellsGateOpen","floor":11},{"not_picked":["TheCursedMod:FleshFromBone","TheCursedMod:TacticalStrike"],"picked":"TheCursedMod:Hemoplague","floor":13},{"not_picked":["TheCursedMod:NeowsMight","TheCursedMod:DarkBarrier"],"picked":"TheCursedMod:CollectTribute","floor":16},{"not_picked":["TheCursedMod:Mangle","TheCursedMod:SaltUponWound+1"],"picked":"TheCursedMod:Hemoplague+1","floor":18},{"not_picked":["TheCursedMod:Evocation","TheCursedMod:CursedShiv+1","TheCursedMod:TacticalStrike+1"],"picked":"SKIP","floor":22},{"not_picked":["TheCursedMod:Wield","TheCursedMod:FleshFromBone"],"picked":"TheCursedMod:WearCloak","floor":24},{"not_picked":["TheCursedMod:CircleOfCorruption","TheCursedMod:TacticalStrike"],"picked":"TheCursedMod:VitalStrike","floor":25},{"not_picked":["TheCursedMod:ReleasedKnowledge","TheCursedMod:CircleOfWindfury","TheCursedMod:CursedArmor"],"picked":"SKIP","floor":27},{"not_picked":["TheCursedMod:Stretching+1","TheCursedMod:CircleOfWindfury","TheCursedMod:UltimatePain"],"picked":"SKIP","floor":28},{"not_picked":["TheCursedMod:SmokeScreen","TheCursedMod:CursedBlade"],"picked":"TheCursedMod:SpitefulPray","floor":29},{"not_picked":["TheCursedMod:CursedArmor","TheCursedMod:RavingStaff+1"],"picked":"TheCursedMod:AbyssShockwave+1","floor":31},{"not_picked":["TheCursedMod:ParallelWorld","TheCursedMod:OutForBlood"],"picked":"TheCursedMod:VoidForm","floor":33},{"not_picked":["TheCursedMod:CursedShiv","TheCursedMod:RapidMovement+1","Replay:Dark Deal"],"picked":"TheCursedMod:Torture","floor":35},{"not_picked":["TheCursedMod:DoubleShield","TheCursedMod:Torture","TheCursedMod:Wield","Replay:BasicMightCard"],"picked":"SKIP","floor":36},{"not_picked":["TheCursedMod:Torture","TheCursedMod:RavingStaff","Replay:Sssssssssshield+1"],"picked":"TheCursedMod:VitalStrike","floor":37},{"not_picked":["TheCursedMod:Stretching","TheCursedMod:CursedBlade","REME_PuzzleBox"],"picked":"TheCursedMod:VitalStrike","floor":38},{"not_picked":["TheCursedMod:DoubleShield+1","TheCursedMod:Stretching","TheCursedMod:CursedBlade+1","Jack Of All Trades+1"],"picked":"SKIP","floor":40},{"not_picked":["TheCursedMod:Wield+1","TheCursedMod:VitalStrike","TheCursedMod:AbyssShockwave"],"picked":"REME_MagicPocketWatch","floor":41},{"not_picked":["TheCursedMod:CircleOfCorruption+1","TheCursedMod:Evocation+1","Replay:Parry+1"],"picked":"TheCursedMod:WearCloak+1","floor":48},{"not_picked":["TheCursedMod:StunningStrike","TheCursedMod:NeowsMight","TheCursedMod:Neurasthenia"],"picked":"REME_MawOfCthun","floor":50},{"not_picked":["TheCursedMod:CursedBlade","TheCursedMod:TroublousMinions","TheCursedMod:Obscuration","REME_BattleFury"],"picked":"SKIP","floor":52},{"not_picked":["TheCursedMod:SmokeScreen","TheCursedMod:Obscuration","TheCursedMod:FleshFromBone"],"picked":"REME_FirmDetermination","floor":54},{"not_picked":["TheCursedMod:FleshFromBone","TheCursedMod:TacticalStrike","REME_TwoStrings"],"picked":"TheCursedMod:SaltUponWound","floor":57},{"not_picked":["TheCursedMod:SurpriseAttack","TheCursedMod:CursedSpellbook","TheCursedMod:TroublousMinions","Finesse"],"picked":"SKIP","floor":58},{"not_picked":["TheCursedMod:CursedAmulet","TheCursedMod:Stretching","TheCursedMod:DemonicPact","Survey Options"],"picked":"SKIP","floor":59},{"not_picked":["TheCursedMod:CursedBlade","TheCursedMod:CursedShiv","TheCursedMod:SurpriseAttack","hubris:Ssssneak"],"picked":"SKIP","floor":65}],"player_experience":278954,"relics_obtained":[{"floor":9,"key":"infinitespire:Broken Mirror"},{"floor":14,"key":"vexMod:FocusSash"},{"floor":26,"key":"vexMod:MemoryStick"},{"floor":34,"key":"Pen Nib"},{"floor":34,"key":"Lantern"},{"floor":40,"key":"Lizard Tail"},{"floor":43,"key":"BookOfRevelations"},{"floor":48,"key":"Quantum Egg"},{"floor":57,"key":"hubris:PeanutButter"},{"floor":59,"key":"Regal Pillow"},{"floor":60,"key":"Mirror"},{"floor":62,"key":"hubris:TenFootPole"},{"floor":66,"key":"ReplayTheSpireMod:Ring of Exchange"},{"floor":66,"key":"ReplayTheSpireMod:Ring of Challenge"}],"event_choices":[{"damage_healed":0,"gold_gain":100,"player_choice":"Pray","damage_taken":0,"max_hp_gain":0,"max_hp_loss":0,"event_name":"Golden Shrine","floor":7,"gold_loss":0},{"cards_removed":["TheCursedMod:Strike_TheCursed"],"damage_healed":0,"gold_gain":0,"player_choice":"Elegance","damage_taken":0,"max_hp_gain":0,"max_hp_loss":0,"event_name":"betterThird:BetterWriting","floor":30,"gold_loss":0},{"damage_healed":0,"gold_gain":0,"player_choice":"Max HP","damage_taken":0,"max_hp_gain":0,"max_hp_loss":23,"event_name":"Winding Halls","floor":42,"gold_loss":0},{"damage_healed":0,"gold_gain":0,"player_choice":"Disagree","damage_taken":0,"max_hp_gain":0,"max_hp_loss":0,"event_name":"conspire:LoneGhost","floor":53,"gold_loss":0},{"damage_healed":0,"gold_gain":0,"player_choice":"Take Damage","damage_taken":136,"relics_obtained":["Golden Idol"],"max_hp_gain":0,"max_hp_loss":0,"event_name":"Golden Idol","floor":55,"gold_loss":0},{"damage_healed":208,"gold_gain":0,"player_choice":"Banana","damage_taken":0,"max_hp_gain":0,"max_hp_loss":0,"event_name":"Big Fish","floor":63,"gold_loss":0}],"is_beta":false,"boss_relics":[{"not_picked":["aspiration:MarisaSkillbook","conspire:RoyalGoblet"],"picked":"Sozu"},{"not_picked":[]},{"not_picked":["Velvet Choker","Kintsugi"],"picked":"REME_LowDesire"},{"not_picked":[]},{"not_picked":["Replay:Drink Me","ChampionBelt"],"picked":"Coffee Dripper"},{"not_picked":[]}],"items_purged_floors":[17,39,44,51,56,64],"is_endless":true,"potions_floor_spawned":[3,11,13,22,25,28,33,37,40,41,48,58,62,65],"killed_by":"Delirium","ascension_level":0}}