{"host":"qrbkigq52dd42dk0","time":1609108944,"event":{"mods":["AchievementEnabler","BaseMod","Colored Map","Colored Powertips","Downfall","Minty Spire (QoL Compilation)","Quick Restart","StSLib","SuperFastMode"],"gold_per_floor":[99,99,274,285,39,70,70,70,96,111,144,155,140,158,175,175,175,175],"floor_reached":16,"playtime":649,"items_purged":["Doubt"],"score":110,"play_id":"66db51e8-159c-4276-b344-d5571ddcb898","local_time":"20201227234224","is_ascension_mode":false,"campfire_choices":[{"data":"Slimebound:Split","floor":1.0,"key":"SMITH"},{"data":"Slimebound:Gluttony","floor":8.0,"key":"SMITH"}],"circlet_count":0,"master_deck":["Slimebound:Strike_Slimebound","Slimebound:Strike_Slimebound","Slimebound:Strike_Slimebound","Slimebound:Tackle","Slimebound:Defend_Slimebound","Slimebound:Defend_Slimebound","Slimebound:Defend_Slimebound","Slimebound:Defend_Slimebound","Slimebound:Split+1","Slimebound:CorrosiveSpit","Slimebound:Gluttony+1","Slimebound:SplitMire","Slimebound:LeechLife","Slimebound:SplitMire","Slimebound:ProtectTheBoss","Slimebound:GrowthPunch","Slimebound:LeechLife","Slimebound:LevelUp","Slimebound:Schlurp","Slimebound:PressTheAttack","Slimebound:LeechingTouch"],"relics":["Slimebound:AbsorbEndCombat","downfall:ShatteredFragment","Mummified Hand","Odd Mushroom","Matryoshka"],"acts_visited":["Exordium"],"potions_floor_usage":[16],"damage_taken":[{"damage":10.0,"enemies":"Small Slimes","floor":4.0,"turns":3.0},{"damage":9.0,"enemies":"downfall:FleeingMerchant","floor":5.0,"turns":4.0},{"damage":39.0,"enemies":"Gremlin Nob","floor":6.0,"turns":4.0},{"damage":28.0,"enemies":"The Mushroom Lair","floor":9.0,"turns":3.0},{"damage":10.0,"enemies":"2 Louse","floor":10.0,"turns":2.0},{"damage":32.0,"enemies":"Lagavulin","floor":11.0,"turns":4.0},{"damage":12.0,"enemies":"Cultist","floor":12.0,"turns":3.0},{"damage":27.0,"enemies":"downfall:FleeingMerchant","floor":13.0,"turns":4.0},{"damage":20.0,"enemies":"Large Slime","floor":14.0,"turns":2.0},{"damage":13.0,"enemies":"Blue Slaver","floor":15.0,"turns":3.0},{"damage":82,"enemies":"downfall:Defect","floor":16,"turns":5}],"seed_played":"-5842535196579647170","potions_obtained":[{"floor":4.0,"key":"Slimebound:SlimedPotion"},{"floor":6.0,"key":"AttackPotion"},{"floor":9.0,"key":"Dexterity Potion"},{"floor":12.0,"key":"sneckomod:MuddlingPotion"},{"floor":14.0,"key":"Strength Potion"}],"is_trial":false,"path_per_floor":["R","?","?","M","$","E","T","R","?","M","E","M","$","M","M","B"],"character_chosen":"SLIMEBOUND","items_purchased":["Slimebound:LeechLife"],"campfire_rested":0,"item_purchase_floors":[5],"current_hp_per_floor":[66,48,48,50,55,38,38,38,34,36,51,57,54,66,65,0,0,0],"gold":175,"neow_bonus":"TEN_PERCENT_HP_BONUS","is_daily":false,"chose_seed":false,"campfire_upgraded":2,"win_rate":0.0,"timestamp":1609108944,"path_taken":["R","?","?","M","$","E","T","R","?","M","E","M","$","M","M","BOSS"],"items_purchased_type":["Card"],"build_version":"2020-12-22","purchased_purges":1,"victory":false,"max_hp_per_floor":[66,66,66,66,66,66,66,66,66,66,66,66,66,66,66,66,66,66],"card_choices":[{"not_picked":["Slimebound:LivingWall","Slimebound:GoopSpray"],"picked":"Slimebound:Gluttony","floor":4.0},{"not_picked":["Slimebound:GoopSpray","Slimebound:SlimeSpikes"],"picked":"Slimebound:SplitMire","floor":5.0},{"not_picked":["Slimebound:FirmFortitude","Slimebound:HauntingLick"],"picked":"Slimebound:SplitMire","floor":6.0},{"not_picked":["Slimebound:Grow","Slimebound:HauntingLick"],"picked":"Slimebound:ProtectTheBoss","floor":9.0},{"not_picked":["Slimebound:DisruptingSlam","Slimebound:SplitAcid"],"picked":"Slimebound:GrowthPunch","floor":10.0},{"not_picked":["Slimebound:ItLooksTasty","Slimebound:SamplingLick"],"picked":"Slimebound:LeechLife","floor":11.0},{"not_picked":["Slimebound:GoopSpray","Slimebound:ItLooksTasty"],"picked":"Slimebound:LevelUp","floor":12.0},{"not_picked":["Slimebound:DisruptingSlam","Slimebound:ItLooksTasty"],"picked":"Slimebound:Schlurp","floor":13.0},{"not_picked":["Slimebound:Nibble","Slimebound:GoopSpray"],"picked":"Slimebound:PressTheAttack","floor":14.0},{"not_picked":["Slimebound:Schlurp","Slimebound:SplitMire"],"picked":"Slimebound:LeechingTouch","floor":15.0}],"player_experience":104113,"relics_obtained":[{"floor":6.0,"key":"Mummified Hand"},{"floor":9.0,"key":"Odd Mushroom"},{"floor":11.0,"key":"Matryoshka"}],"event_choices":[{"damage_healed":0.0,"max_hp_gain":0.0,"max_hp_loss":0.0,"gold_gain":0.0,"event_name":"Mushrooms","player_choice":"Fought Mushrooms","floor":9.0,"gold_loss":0.0,"damage_taken":0.0}],"is_beta":false,"boss_relics":[],"items_purged_floors":[5],"is_endless":false,"potions_floor_spawned":[4,6,9,12,14],"killed_by":"downfall:Defect","ascension_level":0}}