{"host":"ovxa65d68iy9l57e","time":1609029462,"event":{"mods":["AchievementEnabler","BaseMod","Better Altar","Better Skull","Better Vampires","Colored Map","Curses Come First","Minty Spire (QoL Compilation)","Relic Stats","StSLib"],"gold_per_floor":[366,366,171,171,189,220,240,256,256,256,281,296,316,333,333,435,435,450,145,145,82,100,125,125,125],"floor_reached":24,"playtime":2771,"items_purged":["Strike_P","Defend_P","Strike_P"],"score":251,"play_id":"01744553-5676-4bff-bb07-1d18a83a9e87","local_time":"20201227013742","is_ascension_mode":true,"campfire_choices":[{"data":"Crescendo","floor":10,"key":"SMITH"},{"floor":15,"key":"REST"}],"circlet_count":0,"master_deck":["Strike_P","Strike_P","Defend_P","Defend_P","Eruption","Vigilance","EmptyBody","FearNoEvil","MentalFortress","CutThroughFate","ThirdEye","Crescendo+1","Wallop","Protect","Wireheading","SashWhip","Wish","Indignation","CrushJoints","SandsOfTime","Weave+1","Tantrum"],"relics":["HolyWater","Yang","Question Card","Pantograph","Membership Card","PreservedInsect","Eternal Feather"],"acts_visited":["Exordium","TheCity"],"potions_floor_usage":[12,14,16,16,16,18,18,18,18,22,23,24],"damage_taken":[{"damage":2,"enemies":"Small Slimes","floor":1,"turns":4},{"damage":2,"enemies":"Jaw Worm","floor":5,"turns":2},{"damage":18,"enemies":"Gremlin Nob","floor":6,"turns":5},{"damage":0,"enemies":"Cultist","floor":7,"turns":2},{"damage":0,"enemies":"2 Fungi Beasts","floor":8,"turns":4},{"damage":6,"enemies":"3 Sentries","floor":11,"turns":11},{"damage":2,"enemies":"Exordium Wildlife","floor":12,"turns":3},{"damage":4,"enemies":"3 Louse","floor":13,"turns":3},{"damage":10,"enemies":"Lots of Slimes","floor":14,"turns":4},{"damage":52,"enemies":"Hexaghost","floor":16,"turns":18},{"damage":53,"enemies":"3 Byrds","floor":18,"turns":8},{"damage":5,"enemies":"Chosen","floor":22,"turns":4},{"damage":10,"enemies":"Book of Stabbing","floor":23,"turns":3},{"damage":2,"enemies":"Snake Plant","floor":24,"turns":2}],"seed_played":"595866105600681182","potions_obtained":[{"floor":11,"key":"FearPotion"},{"floor":12,"key":"Strength Potion"},{"floor":13,"key":"Strength Potion"},{"floor":14,"key":"EntropicBrew"},{"floor":16,"key":"SteroidPotion"},{"floor":18,"key":"StancePotion"},{"floor":22,"key":"AttackPotion"},{"floor":23,"key":"SpeedPotion"}],"is_trial":false,"path_per_floor":["M","?","$","?","M","E","M","M","T","R","E","M","M","M","R","B",null,"M","$","?","$","M","E","M"],"character_chosen":"WATCHER","items_purchased":["FearNoEvil","MentalFortress","Membership Card","PreservedInsect","CrushJoints"],"campfire_rested":1,"item_purchase_floors":[3,3,19,19,19],"current_hp_per_floor":[63,63,63,68,66,48,48,48,48,48,42,40,36,26,47,18,70,17,17,17,17,12,2,0,0],"gold":125,"neow_bonus":"TWO_FIFTY_GOLD","is_daily":false,"chose_seed":false,"campfire_upgraded":1,"win_rate":0.0,"timestamp":1609029462,"path_taken":["M","?","$","?","M","E","M","M","T","R","E","M","M","M","R","BOSS","M","$","?","$","M","E","M"],"items_purchased_type":["Card","Card","Relic","Relic","Card"],"build_version":"2020-12-22","purchased_purges":3,"victory":false,"max_hp_per_floor":[65,65,65,70,70,70,70,70,70,70,70,70,70,70,70,70,70,70,70,70,70,70,70,70,70],"relic_stats":{"counters":[14,73],"Pantograph":23,"Yang":[108],"Eternal Feather":0,"PreservedInsect":41,"Question Card":8,"obtain_stats":[{"Pantograph":11,"HolyWater":17,"Yang":6,"Eternal Feather":23,"PreservedInsect":19,"Membership Card":19,"PureWater":0,"Question Card":9},{"Pantograph":6,"HolyWater":10,"Yang":3,"Eternal Feather":13,"PreservedInsect":11,"Membership Card":11,"PureWater":0,"Question Card":5},{"Pantograph":28,"HolyWater":56,"Yang":11,"Eternal Feather":71,"PreservedInsect":64,"Membership Card":64,"PureWater":0,"Question Card":17}]},"card_choices":[{"not_picked":["Adaptation","CarveReality"],"picked":"EmptyBody","floor":1},{"not_picked":["Prostrate","EmptyMind"],"picked":"CutThroughFate","floor":5},{"not_picked":["Conclude","Evaluate"],"picked":"ThirdEye","floor":6},{"not_picked":["ReachHeaven","Indignation"],"picked":"Crescendo","floor":7},{"not_picked":["Prostrate","Crescendo","Vengeance"],"picked":"SKIP","floor":8},{"not_picked":["Vengeance","InnerPeace","Establishment"],"picked":"Wallop","floor":11},{"not_picked":["WreathOfFlame","Consecrate","BowlingBash"],"picked":"Protect","floor":12},{"not_picked":["JustLucky","FlurryOfBlows","CutThroughFate"],"picked":"Wireheading","floor":13},{"not_picked":["Crescendo","Study","EmptyBody"],"picked":"SashWhip","floor":14},{"not_picked":["Devotion","SpiritShield","Brilliance"],"picked":"Wish","floor":16},{"not_picked":["BowlingBash","EmptyFist+1","ReachHeaven+1"],"picked":"Indignation","floor":18},{"not_picked":["ClearTheMind","CrushJoints","FollowUp"],"picked":"Weave+1","floor":22},{"not_picked":["Crescendo","DeceiveReality+1","EmptyFist"],"picked":"Tantrum","floor":23}],"player_experience":236777,"relics_obtained":[{"floor":6,"key":"Yang"},{"floor":9,"key":"Question Card"},{"floor":11,"key":"Pantograph"},{"floor":23,"key":"Eternal Feather"}],"event_choices":[{"damage_healed":0,"gold_gain":0,"player_choice":"Ignored","damage_taken":0,"max_hp_gain":0,"max_hp_loss":0,"event_name":"Liars Game","floor":2,"gold_loss":0},{"damage_healed":0,"gold_gain":0,"player_choice":"Donut","damage_taken":0,"max_hp_gain":5,"max_hp_loss":0,"event_name":"Big Fish","floor":4,"gold_loss":0},{"damage_healed":0,"gold_gain":0,"cards_transformed":["Defend_P"],"player_choice":"Transformed","damage_taken":0,"max_hp_gain":0,"max_hp_loss":0,"event_name":"Transmorgrifier","floor":20,"gold_loss":0,"cards_obtained":["SandsOfTime"]}],"is_beta":false,"boss_relics":[{"not_picked":["Coffee Dripper","Pandora\u0027s Box"],"picked":"HolyWater"}],"items_purged_floors":[3,19,21],"is_endless":false,"potions_floor_spawned":[11,12,13,14,16,18,22,23],"killed_by":"Snake Plant","ascension_level":2}}