{"host":"6dypmz777xraikqf","time":1609029572,"event":{"mods":["AchievementEnabler","BaseMod","BetterRewards","Colored Map","Colored Powertips","Downfall","Highlight Path","Hubris","Infinite Spire","Minty Spire (QoL Compilation)","Replay The Spire","StSLib"],"gold_per_floor":[117,7,27,27,45,45,85,85,85,85,85,108,108,126,126,252,252,271,271,70,88,88,123,123,123,168,168,193,216,237,252,252,252,252],"floor_reached":33,"playtime":1711,"items_purged":["Strike_G"],"score":267,"play_id":"23aff41b-7b8c-45cc-94ba-d1432aacdb7a","local_time":"20201227003932","is_ascension_mode":false,"campfire_choices":[{"data":"Dash","floor":6,"key":"SMITH"},{"floor":8,"key":"REST"},{"data":"Terror","floor":13,"key":"SMITH"},{"data":"Hidden Blade","floor":15,"key":"SMITH"},{"floor":27,"key":"REST"}],"circlet_count":0,"master_deck":["Strike_G","Strike_G","Strike_G","Strike_G","Defend_G+1","Defend_G","Defend_G","Defend_G","Defend_G+1","Survivor","Neutralize","Flying Knee","Dash+1","Fluid Movement","Hidden Blade+1","Dash","Terror+1","ReplayTheSpireMod:The Works","ReplayTheSpireMod:Speed Training","Unload","CurseOfTheBell","Quick Slash","Hidden Blade","Slice","Iron Wave","Infinite Blades","Leg Sweep+1","Acrobatics"],"relics":["Ring of the Snake","infinitespire:Beetle Shell","Golden Idol","ReplayTheSpireMod:Lightbulb","Mercury Hourglass","Garlic","Calling Bell","ReplayFunnel","Chameleon Ring","hubris:MedicalManual","hubris:Towel","hubris:EmptyBottle","infinitespire:Broken Mirror","PreservedInsect"],"acts_visited":["Exordium","TheCity"],"potions_floor_usage":[5,7,16,23,23,28,28,29,29,29,29,29,29,29,29,29,30,30,30,31,31,33,33,33,33,33,33],"damage_taken":[{"damage":0,"enemies":"2 Louse","floor":1,"turns":4},{"damage":0,"enemies":"Small Slimes","floor":3,"turns":3},{"damage":0,"enemies":"Jaw Worm","floor":5,"turns":3},{"damage":36,"enemies":"Gremlin Nob","floor":7,"turns":5},{"damage":0,"enemies":"Gremlin Gang","floor":12,"turns":4},{"damage":0,"enemies":"2 Fungi Beasts","floor":14,"turns":2},{"damage":17,"enemies":"Hexaghost","floor":16,"turns":10},{"damage":1,"enemies":"Chosen","floor":18,"turns":6},{"damage":16,"enemies":"Spheric Guardian","floor":21,"turns":4},{"damage":18,"enemies":"Nightmare","floor":23,"turns":7},{"damage":0,"enemies":"Chosen and Byrds","floor":28,"turns":6},{"damage":1,"enemies":"Snecko","floor":29,"turns":3},{"damage":18,"enemies":"Sentry and Sphere","floor":30,"turns":4},{"damage":7,"enemies":"Shelled Parasite and Fungi","floor":31,"turns":5},{"damage":24,"enemies":"hubris:MusketHawk","floor":33,"turns":7}],"seed_played":"3094661521746484026","potions_obtained":[{"floor":1,"key":"AttackPotion"},{"floor":5,"key":"AttackPotion"},{"floor":12,"key":"PowerPotion"},{"floor":16,"key":"LifebloodPotion"},{"floor":18,"key":"LiquidBronze"},{"floor":24,"key":"Poison Potion"},{"floor":24,"key":"EntropicBrew"},{"floor":29,"key":"Slimebound:ThreeZeroPotion"},{"floor":30,"key":"SteroidPotion"},{"floor":31,"key":"Dexterity Potion"},{"floor":32,"key":"Reflective Coating"},{"floor":32,"key":"Energy Potion"}],"is_trial":false,"path_per_floor":["M","$","M","?","M","R","E","R","T","?","?","M","R","M","R","B",null,"M","?","$","M","AVR","NM","R","?","T","R","M","M","M","M","R_BF","B"],"character_chosen":"THE_SILENT","items_purchased":["Fluid Movement","hubris:EmptyBottle","Hidden Blade"],"campfire_rested":2,"item_purchase_floors":[2,20,20],"current_hp_per_floor":[62,62,62,62,62,62,26,45,45,32,29,29,29,29,29,12,65,64,64,64,48,48,30,30,30,30,49,49,48,30,23,23,0,0],"gold":252,"neow_bonus":"","is_daily":false,"chose_seed":false,"campfire_upgraded":3,"win_rate":0.0,"timestamp":1609029572,"path_taken":["M","$","M","?","M","R","E","R","T","?","?","M","R","M","R","BOSS","M","?","$","M","AVR","NM","R","?","T","R","M","M","M","?","R_BF","BOSS"],"items_purchased_type":["Card","Relic","Card"],"build_version":"2020-12-22","purchased_purges":1,"victory":false,"max_hp_per_floor":[70,70,70,65,65,65,65,65,65,65,65,65,65,65,65,65,65,65,65,65,65,65,65,65,65,65,65,65,65,65,65,65,65,65],"card_choices":[{"not_picked":["Underhanded Strike","Flechettes","Dodge and Roll"],"picked":"SKIP","floor":1},{"not_picked":["Underhanded Strike","Prepared"],"picked":"Hidden Blade","floor":3},{"not_picked":["ReplayTheSpireMod:Speed Training","Riddle With Holes"],"picked":"Dash","floor":5},{"not_picked":["Acrobatics","Wraith Form v2"],"picked":"Terror","floor":7},{"not_picked":["Choke","PiercingWail"],"picked":"ReplayTheSpireMod:The Works","floor":12},{"not_picked":["Dagger Spray","Eviscerate"],"picked":"ReplayTheSpireMod:Speed Training","floor":14},{"not_picked":["Phantasmal Killer","Night Terror"],"picked":"Unload","floor":16},{"not_picked":["hubris:SlightOfHand+1","hubris:TrickCloak"],"picked":"Quick Slash","floor":18},{"not_picked":["Deadly Poison+1","Toxin Wave"],"picked":"Slice","floor":21},{"not_picked":["Draining Mist","Deadly Poison","All Out Attack"],"picked":"SKIP","floor":23},{"not_picked":["Backflip","ReplayTheSpireMod:Shiv Toss+1"],"picked":"Infinite Blades","floor":28},{"not_picked":["hubris:SlightOfHand+1","Dodge and Roll","Endless Agony+1"],"picked":"SKIP","floor":29},{"not_picked":["Well Laid Plans","All Out Attack+1"],"picked":"Leg Sweep+1","floor":30},{"not_picked":["Slice+1","PiercingWail"],"picked":"Acrobatics","floor":31}],"player_experience":588,"relics_obtained":[{"floor":7,"key":"ReplayTheSpireMod:Lightbulb"},{"floor":9,"key":"Mercury Hourglass"},{"floor":17,"key":"ReplayFunnel"},{"floor":17,"key":"Chameleon Ring"},{"floor":17,"key":"hubris:MedicalManual"},{"floor":23,"key":"infinitespire:Broken Mirror"},{"floor":26,"key":"PreservedInsect"}],"event_choices":[{"damage_healed":0,"gold_gain":0,"player_choice":"Lose Max HP","damage_taken":0,"relics_obtained":["Golden Idol"],"max_hp_gain":0,"max_hp_loss":5,"event_name":"Golden Idol","floor":4,"gold_loss":0},{"damage_healed":0,"gold_gain":0,"player_choice":"Entered Light","damage_taken":13,"max_hp_gain":0,"max_hp_loss":0,"event_name":"Shining Light","floor":10,"gold_loss":0,"cards_upgraded":["Defend_G","Defend_G"]},{"damage_healed":0,"gold_gain":0,"player_choice":"Success","damage_taken":3,"relics_obtained":["Garlic"],"max_hp_gain":0,"max_hp_loss":0,"event_name":"Scrap Ooze","floor":11,"gold_loss":0},{"cards_removed":["infinitespire:Punishment"],"damage_healed":0,"gold_gain":0,"player_choice":"Took Card","damage_taken":0,"max_hp_gain":0,"max_hp_loss":0,"event_name":"NoteForYourself","floor":25,"gold_loss":0,"cards_obtained":["Iron Wave"]}],"is_beta":false,"boss_relics":[{"not_picked":["Kintsugi","Replay:Bronze Core"],"picked":"Calling Bell"}],"items_purged_floors":[2],"is_endless":true,"potions_floor_spawned":[1,5,12,16,18,29,30,31],"killed_by":"hubris:MusketHawk","ascension_level":0}}