{"host":"z9811rt50ti81n54","time":1609074755,"event":{"mods":["BaseMod","Minty Spire (QoL Compilation)"],"gold_per_floor":[114,134,309,34,54,89,89,118,118,153,183,193,193,193,193,296,296,306,306,306,27,44,44,71,84,108,108,108],"floor_reached":27,"playtime":832,"items_purged":["Doubt","Strike_B"],"score":299,"play_id":"39a76d5f-37ac-4a89-9386-3880090d859f","local_time":"20201227221235","is_ascension_mode":true,"campfire_choices":[{"data":"Sunder","floor":7,"key":"SMITH"},{"floor":13,"key":"DIG"},{"floor":15,"key":"DIG"},{"floor":23,"key":"DIG"}],"circlet_count":0,"master_deck":["Strike_B","Strike_B","Strike_B","Defend_B","Defend_B","Defend_B","Defend_B","Zap+1","Dualcast","Lockon","Sunder+1","Streamline","Capacitor","Consume","Coolheaded","Melter","Echo Form","Tempest","Coolheaded","Core Surge","Ball Lightning","Recycle","Conserve Battery","Reboot"],"relics":["Cracked Core","Bag of Marbles","InkBottle","Meat on the Bone","Shovel","Odd Mushroom","Gremlin Horn","Pantograph","Pocketwatch","Sozu","Eternal Feather","Bronze Scales","Bottled Flame","Strawberry"],"acts_visited":["Exordium","TheCity"],"potions_floor_usage":[6,8],"damage_taken":[{"damage":0,"enemies":"Small Slimes","floor":1,"turns":2},{"damage":1,"enemies":"2 Louse","floor":2,"turns":2},{"damage":7,"enemies":"Jaw Worm","floor":5,"turns":2},{"damage":15,"enemies":"3 Sentries","floor":6,"turns":5},{"damage":17,"enemies":"Lagavulin","floor":8,"turns":5},{"damage":17,"enemies":"3 Sentries","floor":10,"turns":4},{"damage":13,"enemies":"The Mushroom Lair","floor":11,"turns":3},{"damage":5,"enemies":"Blue Slaver","floor":12,"turns":3},{"damage":36,"enemies":"The Guardian","floor":16,"turns":7},{"damage":0,"enemies":"Spheric Guardian","floor":18,"turns":2},{"damage":6,"enemies":"3 Byrds","floor":22,"turns":3},{"damage":37,"enemies":"Book of Stabbing","floor":24,"turns":6},{"damage":0,"enemies":"Sentry and Sphere","floor":25,"turns":2},{"damage":49,"enemies":"Slavers","floor":27,"turns":3}],"seed_played":"-3629621187059879099","potions_obtained":[{"floor":1,"key":"FocusPotion"},{"floor":8,"key":"GamblersBrew"},{"floor":11,"key":"BlessingOfTheForge"}],"is_trial":false,"path_per_floor":["M","M","?","$","M","E","R","E","T","E","?","M","R","?","R","B",null,"M","?","?","$","M","R","E","M","T","E"],"character_chosen":"DEFECT","items_purchased":["DistilledChaos","Streamline","Capacitor","Bronze Scales","Conserve Battery"],"campfire_rested":0,"item_purchase_floors":[4,4,4,21,21],"current_hp_per_floor":[75,74,74,74,67,52,52,35,35,30,29,36,36,36,36,37,75,75,75,75,75,69,75,45,45,45,0,0],"gold":108,"neow_bonus":"UPGRADE_CARD","is_daily":false,"chose_seed":false,"campfire_upgraded":1,"win_rate":0.0,"timestamp":1609074755,"path_taken":["M","M","?","$","M","E","R","E","T","E","?","M","R","?","R","BOSS","M","?","?","$","M","R","E","M","T","E"],"items_purchased_type":["Potion","Card","Card","Relic","Card"],"build_version":"2020-12-22","purchased_purges":2,"victory":false,"max_hp_per_floor":[75,75,75,75,75,75,75,75,75,75,75,75,75,75,75,75,75,75,75,75,75,75,75,82,82,82,82,82],"card_choices":[{"not_picked":["Steam","Turbo"],"picked":"Lockon","floor":1},{"not_picked":["Compile Driver","Cold Snap"],"picked":"Sunder","floor":2},{"not_picked":["Leap","Steam"],"picked":"Consume","floor":5},{"not_picked":["Go for the Eyes","Recycle"],"picked":"Coolheaded","floor":6},{"not_picked":["Heatsinks","Hologram"],"picked":"Melter","floor":8},{"not_picked":["Heatsinks","Amplify"],"picked":"Echo Form","floor":10},{"not_picked":["Hologram","Conserve Battery"],"picked":"Tempest","floor":11},{"not_picked":["Go for the Eyes","Hello World"],"picked":"Coolheaded","floor":12},{"not_picked":["Fission","Thunder Strike"],"picked":"Core Surge","floor":16},{"not_picked":["Redo","Static Discharge"],"picked":"Ball Lightning","floor":18},{"not_picked":["Stack","Ball Lightning","Beam Cell+1"],"picked":"SKIP","floor":22},{"not_picked":["Hologram","Rebound+1","Leap"],"picked":"SKIP","floor":24},{"not_picked":["Steam","Hello World"],"picked":"Reboot","floor":25}],"player_experience":241956,"relics_obtained":[{"floor":6,"key":"Bag of Marbles"},{"floor":8,"key":"InkBottle"},{"floor":9,"key":"Meat on the Bone"},{"floor":10,"key":"Shovel"},{"floor":11,"key":"Odd Mushroom"},{"floor":13,"key":"Gremlin Horn"},{"floor":15,"key":"Pocketwatch"},{"floor":23,"key":"Bottled Flame"},{"floor":24,"key":"Strawberry"}],"event_choices":[{"damage_healed":0,"gold_gain":175,"player_choice":"AGREE","damage_taken":0,"max_hp_gain":0,"max_hp_loss":0,"event_name":"Liars Game","floor":3,"gold_loss":0,"cards_obtained":["Doubt"]},{"damage_healed":0,"gold_gain":0,"player_choice":"Fought Mushrooms","damage_taken":0,"max_hp_gain":0,"max_hp_loss":0,"event_name":"Mushrooms","floor":11,"gold_loss":0},{"damage_healed":0,"gold_gain":0,"player_choice":"Searched \u00272\u0027 times","damage_taken":0,"relics_obtained":["Pantograph"],"max_hp_gain":0,"max_hp_loss":0,"event_name":"Dead Adventurer","floor":14,"gold_loss":0},{"damage_healed":0,"gold_gain":0,"player_choice":"Opened","damage_taken":0,"relics_obtained":["Eternal Feather"],"max_hp_gain":0,"max_hp_loss":0,"event_name":"The Mausoleum","floor":19,"gold_loss":0},{"damage_healed":0,"gold_gain":0,"player_choice":"Read","damage_taken":0,"max_hp_gain":0,"max_hp_loss":0,"event_name":"The Library","floor":20,"gold_loss":0,"cards_obtained":["Recycle"]}],"is_beta":false,"boss_relics":[{"not_picked":["Fusion Hammer","FrozenCore"],"picked":"Sozu"}],"items_purged_floors":[4,21],"is_endless":false,"potions_floor_spawned":[1,8,11,22,25],"killed_by":"Slavers","ascension_level":4}}