{"host":"ocy7z4248lncoz2b","time":1609037657,"event":{"mods":["Arknights The Spire","BaseMod","Beaked The Cultist","Bestiary","Better Match","Better Sensory Stone","Better Third Choice","BetterRewards","Clockwork Mod","Colored Powertips","Conspire","Curses Come First","Downfall","Friendly Minions","Highlight Path","Hubris","Infinite Spire","Marisa????????","Mimic Mod","Minty Spire (QoL Compilation)","READ ME - Guardian Mod","Rare Cards Sparkle","Replay The Spire","Shop Mod","Spicy Shops","Spikes Relics","StSLib","SuperFastMode","The Blue Laboratory","The Construct","The Jungle"],"gold_per_floor":[99,99,99,99,549,549,588,588,588,573,28,46,46,59,79,79,79],"floor_reached":16,"playtime":533,"items_purged":["Slimebound:Icky"],"score":86,"play_id":"cd01b3b4-37a2-4509-b04d-abd6a9236166","local_time":"20201227115417","is_ascension_mode":false,"campfire_choices":[{"data":"ats:Support Order","floor":6.0,"key":"SMITH"},{"data":"ats:Charging Defense","floor":8.0,"key":"SMITH"}],"circlet_count":0,"master_deck":["ats:Strike G","ats:Strike S","ats:Strike V","ats:Armor Crushing Shot","ats:Defend","ats:Defend","ats:Defend","ats:Defend","ats:Emotion Absorption","ats:Support Order+1","ats:Apocalypse","Slimebound:Icky","Slimebound:Icky","ats:Charging Defense+1","ats:Counter Healing Mode","ats:Healing Drone","ats:Revitalization","ats:Mental Burst","ats:Wolf Pack","ats:Revitalization","ats:Charging Defense"],"relics":["ats:Sanity","downfall:HeartsMalice","Boot","infinitespire:ShieldingShard","MerchantsRug"],"acts_visited":["Exordium"],"potions_floor_usage":[16,16],"damage_taken":[{"damage":0.0,"enemies":"2 Louse","floor":4.0,"turns":1.0},{"damage":0.0,"enemies":"Jaw Worm","floor":7.0,"turns":1.0},{"damage":0.0,"enemies":"Jaw Worm","floor":9.0,"turns":1.0},{"damage":5.0,"enemies":"downfall:FleeingMerchant","floor":10.0,"turns":4.0},{"damage":10,"enemies":"downfall:FleeingMerchant","floor":11,"turns":4},{"damage":10,"enemies":"Large Slime","floor":12,"turns":8},{"damage":10,"enemies":"Exordium Wildlife","floor":14,"turns":5},{"damage":4,"enemies":"2 Fungi Beasts","floor":15,"turns":3},{"damage":115,"enemies":"downfall:Defect","floor":16,"turns":11}],"seed_played":"-4169077429954421503","potions_obtained":[{"floor":12,"key":"Explosive Potion"},{"floor":14,"key":"blueLaboratory:LouseDecoction"},{"floor":15,"key":"DistilledChaos"}],"is_trial":false,"path_per_floor":["R","?","?","M","?","R","MIM","R","M","$","$","M","?","M","M","B"],"character_chosen":"DOCTOR_CLASS","items_purchased":["ats:Mental Burst","infinitespire:ShieldingShard","MerchantsRug"],"campfire_rested":0,"item_purchase_floors":[11,11,11],"current_hp_per_floor":[72,72,72,72,72,72,72,72,72,67,63,69,74,68,70,0,0],"gold":79,"neow_bonus":"THREE_ENEMY_KILL","is_daily":false,"chose_seed":false,"campfire_upgraded":2,"win_rate":0.0,"timestamp":1609037657,"path_taken":["R","?","?","M","?","R","MIM","R","M","?","$","M","?","M","M","BOSS"],"items_purchased_type":["Card","Relic","Relic"],"build_version":"2020-12-22","purchased_purges":1,"victory":false,"max_hp_per_floor":[72,72,72,72,72,72,72,72,72,72,72,72,77,77,77,77,77],"card_choices":[{"not_picked":["ats:Poison Spread","ats:Revitalization"],"picked":"ats:Apocalypse","floor":4.0},{"not_picked":["ats:Consecutive Shot Auto","ats:Poison Spread"],"picked":"ats:Charging Defense","floor":7.0},{"not_picked":["ats:Leaping Hammer","ats:Rapid Magazine"],"picked":"ats:Counter Healing Mode","floor":9.0},{"not_picked":["ats:Assault Order","ats:Demon Strength"],"picked":"ats:Healing Drone","floor":10},{"not_picked":["ats:Poison Spread","ats:Flexible Camouflage"],"picked":"ats:Revitalization","floor":11},{"not_picked":["ats:Spore Proliferation","ats:Consecutive Shot Auto"],"picked":"ats:Wolf Pack","floor":12},{"not_picked":["ats:Leaping Hammer","ats:Apocalypse"],"picked":"ats:Revitalization","floor":14},{"not_picked":["ats:LN2 Cannon","ats:Powerful Strike"],"picked":"ats:Charging Defense","floor":15}],"player_experience":291212,"relics_obtained":[{"floor":7.0,"key":"Boot"}],"event_choices":[{"damage_healed":0,"gold_gain":0,"player_choice":"Donut","damage_taken":0,"max_hp_gain":5,"max_hp_loss":0,"event_name":"Big Fish","floor":13,"gold_loss":0}],"is_beta":false,"boss_relics":[],"items_purged_floors":[11],"is_endless":false,"potions_floor_spawned":[12,14,15],"killed_by":"downfall:Defect","ascension_level":0}}