{"host":"newqdrzxfhh2im9e","time":1609047698,"event":{"mods":["AchievementEnabler","BaseMod","BetterRewards","Block Reminder","Colored Map","Jorbs\u0027s Wanderer Trilogy","Minty Spire (QoL Compilation)","Rare Cards Sparkle","Shop Mod","StSLib"],"gold_per_floor":[117,117,87,102,115,148,148,192,216,251,267,291,4,29,29,157,157,182,26,26,39,39,39,39,79,79,79,79],"floor_reached":27,"playtime":861,"items_purged":[],"score":312,"play_id":"c765533d-0644-464d-b3c3-ac967ae6d1cb","local_time":"20201226214138","is_ascension_mode":true,"campfire_choices":[{"floor":7,"key":"REST"},{"floor":15,"key":"REST"},{"floor":24,"key":"REST"}],"circlet_count":0,"master_deck":["Strike_B","Strike_B","Strike_B","Strike_B","Defend_B+1","Defend_B","Defend_B","Defend_B","Zap","Dualcast","Auto Shields","Hello World","Sunder","Heatsinks","Sunder","Chaos","Self Repair","Auto Shields","Static Discharge","Gash","Conserve Battery+1","Rainbow","Shame","Amplify","Darkness"],"relics":["Cracked Core","Potion Belt","Golden Idol","PreservedInsect","DataDisk","Strawberry","Pantograph","Sling","Busted Crown","War Paint","Ginger","Singing Bowl","Anchor"],"acts_visited":["Exordium","TheCity"],"potions_floor_usage":[6,6,6,6,10,14,16,23,23],"damage_taken":[{"damage":4,"enemies":"Jaw Worm","floor":1,"turns":3},{"damage":0,"enemies":"Small Slimes","floor":4,"turns":3},{"damage":6,"enemies":"Cultist","floor":5,"turns":3},{"damage":8,"enemies":"Gremlin Nob","floor":6,"turns":3},{"damage":18,"enemies":"Lagavulin","floor":8,"turns":5},{"damage":10,"enemies":"3 Sentries","floor":10,"turns":4},{"damage":22,"enemies":"Red Slaver","floor":11,"turns":4},{"damage":6,"enemies":"3 Louse","floor":12,"turns":3},{"damage":8,"enemies":"Exordium Thugs","floor":14,"turns":4},{"damage":24,"enemies":"Hexaghost","floor":16,"turns":11},{"damage":16,"enemies":"Spheric Guardian","floor":18,"turns":4},{"damage":34,"enemies":"3 Byrds","floor":21,"turns":6},{"damage":0,"enemies":"Slavers","floor":23,"turns":1},{"damage":42,"enemies":"Gremlin Leader","floor":25,"turns":7},{"damage":51,"enemies":"Slavers","floor":27,"turns":3}],"seed_played":"-8665599144167663026","potions_obtained":[{"floor":1,"key":"FearPotion"},{"floor":3,"key":"EssenceOfSteel"},{"floor":3,"key":"Weak Potion"},{"floor":4,"key":"PowerPotion"},{"floor":8,"key":"FocusPotion"},{"floor":11,"key":"SpeedPotion"},{"floor":12,"key":"AttackPotion"},{"floor":18,"key":"SmokeBomb"},{"floor":21,"key":"LiquidBronze"}],"is_trial":false,"path_per_floor":["M","?","?","M","M","E","R","E","T","E","M","M","$","M","R","B",null,"M","$","?","M","?","E","R","E","T","E"],"character_chosen":"DEFECT","items_purchased":["Sling","Static Discharge","Gash","War Paint"],"campfire_rested":3,"item_purchase_floors":[13,13,13,19],"current_hp_per_floor":[71,53,53,53,47,39,61,43,50,40,18,19,19,18,42,50,82,73,73,73,46,46,46,70,42,42,0,0],"gold":79,"neow_bonus":"RANDOM_COMMON_RELIC","is_daily":false,"chose_seed":false,"campfire_upgraded":0,"win_rate":0.0,"timestamp":1609047698,"path_taken":["M","?","?","M","M","E","R","E","T","E","?","M","$","M","R","BOSS","M","$","?","M","?","E","R","E","T","E"],"items_purchased_type":["Relic","Card","Card","Relic"],"build_version":"2020-12-22","purchased_purges":0,"victory":false,"max_hp_per_floor":[75,75,75,75,75,75,75,75,82,82,82,82,82,82,82,82,82,82,82,82,82,82,82,82,82,82,82,82],"card_choices":[{"not_picked":["Rip and Tear","Compile Driver"],"picked":"Auto Shields","floor":1},{"not_picked":["Rip and Tear","Rebound"],"picked":"Hello World","floor":4},{"not_picked":["Blizzard","Reinforced Body"],"picked":"Sunder","floor":5},{"not_picked":["Tempest","Gash"],"picked":"Heatsinks","floor":6},{"not_picked":["Redo","Streamline"],"picked":"Sunder","floor":8},{"not_picked":["Darkness","Sweeping Beam"],"picked":"Chaos","floor":10},{"not_picked":["Aggregate","Go for the Eyes"],"picked":"Self Repair","floor":11},{"not_picked":["Redo","Consume"],"picked":"Auto Shields","floor":12},{"not_picked":["Barrage","Coolheaded"],"picked":"Conserve Battery","floor":14},{"not_picked":["Amplify","Seek"],"picked":"Rainbow","floor":16},{"not_picked":["Fusion"],"picked":"SKIP","floor":18},{"not_picked":["Streamline"],"picked":"SKIP","floor":21},{"not_picked":[],"picked":"Darkness","floor":25}],"player_experience":643306,"relics_obtained":[{"floor":6,"key":"PreservedInsect"},{"floor":8,"key":"DataDisk"},{"floor":9,"key":"Strawberry"},{"floor":10,"key":"Pantograph"},{"floor":25,"key":"Singing Bowl"},{"floor":26,"key":"Anchor"}],"event_choices":[{"damage_healed":0,"gold_gain":0,"player_choice":"Take Damage","damage_taken":18,"relics_obtained":["Golden Idol"],"max_hp_gain":0,"max_hp_loss":0,"event_name":"Golden Idol","floor":2,"gold_loss":0},{"damage_healed":0,"gold_gain":0,"player_choice":"Bought 2 Potions","damage_taken":0,"max_hp_gain":0,"max_hp_loss":0,"event_name":"The Woman in Blue","floor":3,"gold_loss":0},{"damage_healed":0,"gold_gain":0,"player_choice":"Stole Relic","damage_taken":0,"relics_obtained":["Ginger"],"max_hp_gain":0,"max_hp_loss":0,"event_name":"Addict","floor":20,"gold_loss":0,"cards_obtained":["Shame"]},{"damage_healed":0,"gold_gain":0,"player_choice":"1 cards matched","damage_taken":0,"max_hp_gain":0,"max_hp_loss":0,"event_name":"Match and Keep!","floor":22,"gold_loss":0,"cards_obtained":["Amplify"]}],"is_beta":false,"boss_relics":[{"not_picked":["Velvet Choker","Fusion Hammer"],"picked":"Busted Crown"}],"items_purged_floors":[],"is_endless":false,"potions_floor_spawned":[1,4,8,11,12,18,21],"killed_by":"Slavers","ascension_level":3}}