{"host":"s41rn2jhghpwfrvz","time":1609082115,"event":{"mods":["BaseMod","Minty Spire (QoL Compilation)","Quick Restart","Relic Stats","SuperFastMode"],"gold_per_floor":[114,114,127,140,65,92,92,102,102,2,35,35,67,98,98,172,172,188,207,207,224,249,280,280,295,295,295,330,359,387,421,421,495,495,515,565,592,423,442,776,803,833,833,866,880,907,924,952,952,952,952,952,952,373,399,399],"floor_reached":57,"playtime":1863,"items_purged":["Beam Cell","Masterful Stab","Beam Cell"],"score":4143,"play_id":"0b72c116-072b-47ab-86ca-036b87dfd6d0","local_time":"20201227171515","daily_mods":["SealedDeck","Diverse","DeadlyEvents"],"is_ascension_mode":true,"campfire_choices":[{"data":"Body Slam","floor":12,"key":"SMITH"},{"data":"Acrobatics","floor":15,"key":"SMITH"},{"data":"Prostrate","floor":24,"key":"SMITH"},{"data":"Prostrate","floor":27,"key":"SMITH"},{"data":"Prepared","floor":32,"key":"PURGE"},{"floor":49,"key":"RECALL"},{"data":"Tactician","floor":53,"key":"SMITH"}],"circlet_count":0,"master_deck":["AscendersBane","Acrobatics+1","Body Slam+1","Body Slam+1","Shrug It Off+1","Prostrate+1","Prostrate+1","Acrobatics+1","Evolve","Tactician+1"],"relics":["Burning Blood","Blue Candle","Lizard Tail","Peace Pipe","Lantern","Prayer Wheel","Red Mask","Torii","Sundial","WingedGreaves","Red Skull","Centennial Puzzle","Empty Cage","Mummified Hand","War Paint","Old Coin","Du-Vu Doll","PreservedInsect","Girya","Art of War","Pocketwatch","Self Forming Clay","Toy Ornithopter","Bag of Preparation"],"acts_visited":["Exordium","TheCity","TheBeyond","TheEnding"],"potions_floor_usage":[16,22,28,56,56],"damage_taken":[{"damage":0,"enemies":"2 Louse","floor":1,"turns":2},{"damage":0,"enemies":"Cultist","floor":3,"turns":2},{"damage":5,"enemies":"Jaw Worm","floor":4,"turns":2},{"damage":20,"enemies":"3 Sentries","floor":6,"turns":9},{"damage":0,"enemies":"3 Louse","floor":8,"turns":4},{"damage":0,"enemies":"Lagavulin","floor":11,"turns":3},{"damage":21,"enemies":"3 Sentries","floor":13,"turns":10},{"damage":0,"enemies":"Lagavulin","floor":14,"turns":5},{"damage":0,"enemies":"Hexaghost","floor":16,"turns":3},{"damage":0,"enemies":"3 Byrds","floor":18,"turns":3},{"damage":0,"enemies":"Spheric Guardian","floor":19,"turns":3},{"damage":40,"enemies":"Cultist and Chosen","floor":21,"turns":4},{"damage":6,"enemies":"Masked Bandits","floor":22,"turns":4},{"damage":10,"enemies":"Gremlin Leader","floor":23,"turns":3},{"damage":12,"enemies":"Snecko","floor":25,"turns":6},{"damage":0,"enemies":"Slavers","floor":28,"turns":2},{"damage":14,"enemies":"Book of Stabbing","floor":29,"turns":3},{"damage":1,"enemies":"Gremlin Leader","floor":30,"turns":3},{"damage":1,"enemies":"Slavers","floor":31,"turns":3},{"damage":0,"enemies":"Champ","floor":33,"turns":3},{"damage":0,"enemies":"3 Darklings","floor":35,"turns":1},{"damage":37,"enemies":"Nemesis","floor":37,"turns":3},{"damage":0,"enemies":"3 Shapes","floor":39,"turns":2},{"damage":0,"enemies":"Reptomancer","floor":40,"turns":1},{"damage":0,"enemies":"Giant Head","floor":41,"turns":1},{"damage":1,"enemies":"Nemesis","floor":42,"turns":3},{"damage":0,"enemies":"Giant Head","floor":44,"turns":1},{"damage":0,"enemies":"Sphere and 2 Shapes","floor":45,"turns":1},{"damage":0,"enemies":"Nemesis","floor":46,"turns":1},{"damage":0,"enemies":"Maw","floor":47,"turns":1},{"damage":0,"enemies":"Reptomancer","floor":48,"turns":1},{"damage":0,"enemies":"Time Eater","floor":50,"turns":2},{"damage":0,"enemies":"Donu and Deca","floor":51,"turns":1},{"damage":0,"enemies":"Shield and Spear","floor":55,"turns":2},{"damage":5,"enemies":"The Heart","floor":56,"turns":4}],"seed_played":"1402348514535688245","potions_obtained":[{"floor":8,"key":"Ancient Potion"},{"floor":13,"key":"Block Potion"},{"floor":18,"key":"Weak Potion"},{"floor":22,"key":"DistilledChaos"},{"floor":30,"key":"Dexterity Potion"}],"is_trial":true,"path_per_floor":["M","?","M","M","$","E","$","M","T","$","E","R","E","E","R","B",null,"M","M","?","M","?","E","R","M","T","R","E","E","E","E","R","B",null,"M","?","E","$","M","E","E","E","T","E","M","E","M","E","R","B","B",null,"R","$","E","B",null],"character_chosen":"IRONCLAD","items_purchased":["War Paint","Self Forming Clay","Toy Ornithopter"],"campfire_rested":0,"item_purchase_floors":[38,54,54],"current_hp_per_floor":[74,74,75,75,75,61,61,67,67,67,73,73,58,64,64,70,74,75,75,75,41,41,37,37,31,31,31,37,29,34,39,39,45,68,74,74,43,43,49,55,61,66,66,72,75,75,75,75,75,75,75,75,75,75,75,75],"gold":399,"neow_bonus":"","is_daily":false,"chose_seed":false,"campfire_upgraded":5,"win_rate":0.0,"timestamp":1609082115,"path_taken":["M","?","M","?","$","E","$","?","T","?","E","R","E","?","R","BOSS","M","M","?","M","?","E","R","?","T","R","?","E","E","?","R","BOSS","M","?","?","$","M","E","E","E","T","E","M","E","?","E","R","BOSS","BOSS","R","$","E","BOSS"],"items_purchased_type":["Relic","Relic","Relic"],"build_version":"2020-12-22","purchased_purges":3,"victory":true,"max_hp_per_floor":[75,75,75,75,75,75,75,75,75,75,75,75,75,75,75,75,75,75,75,75,75,75,75,75,75,75,75,75,75,75,75,75,75,75,75,75,75,75,75,75,75,75,75,75,75,75,75,75,75,75,75,75,75,75,75,75],"relic_stats":{"Torii":12,"counters":[35,102],"Self Forming Clay":[15],"Blue Candle":[0],"PreservedInsect":318,"Bag of Preparation":[2],"War Paint":["Acrobatics","Shrug It Off"],"Burning Blood":153,"Peace Pipe":1,"Lizard Tail":0,"Centennial Puzzle":[9],"Sundial":[62],"Mummified Hand":[11],"Prayer Wheel":8,"Art of War":[0],"obtain_stats":[{"Girya":44,"Lantern":13,"Torii":26,"Self Forming Clay":54,"Blue Candle":6,"PreservedInsect":42,"Bag of Preparation":55,"War Paint":38,"Empty Cage":34,"Burning Blood":0,"Old Coin":40,"Peace Pipe":11,"Du-Vu Doll":41,"Lizard Tail":9,"Centennial Puzzle":31,"Sundial":28,"Mummified Hand":37,"Prayer Wheel":14,"WingedGreaves":29,"Red Mask":22,"Art of War":46,"Red Skull":30,"Toy Ornithopter":54,"Pocketwatch":48},{"Girya":27,"Lantern":7,"Torii":15,"Self Forming Clay":33,"Blue Candle":4,"PreservedInsect":26,"Bag of Preparation":34,"War Paint":22,"Empty Cage":20,"Burning Blood":0,"Old Coin":24,"Peace Pipe":6,"Du-Vu Doll":25,"Lizard Tail":5,"Centennial Puzzle":19,"Sundial":16,"Mummified Hand":22,"Prayer Wheel":8,"WingedGreaves":17,"Red Mask":13,"Art of War":29,"Red Skull":18,"Toy Ornithopter":33,"Pocketwatch":31},{"Girya":89,"Lantern":32,"Torii":63,"Self Forming Clay":96,"Blue Candle":15,"PreservedInsect":88,"Bag of Preparation":98,"War Paint":81,"Empty Cage":77,"Burning Blood":0,"Old Coin":84,"Peace Pipe":22,"Du-Vu Doll":85,"Lizard Tail":19,"Centennial Puzzle":74,"Sundial":65,"Mummified Hand":81,"Prayer Wheel":37,"WingedGreaves":68,"Red Mask":54,"Art of War":91,"Red Skull":71,"Toy Ornithopter":96,"Pocketwatch":93}],"Toy Ornithopter":0,"Pocketwatch":[0]},"card_choices":[{"not_picked":["ClearTheMind","Combust","Dagger Spray"],"picked":"SKIP","floor":1},{"not_picked":["Dual Wield","Blade Dance","SashWhip"],"picked":"SKIP","floor":3},{"not_picked":["Predator","Escape Plan"],"picked":"Prostrate","floor":4},{"not_picked":["Bouncing Flask","Clothesline"],"picked":"Prostrate","floor":6},{"not_picked":["SandsOfTime","Underhanded Strike","Go for the Eyes"],"picked":"SKIP","floor":8},{"not_picked":["Underhanded Strike","After Image","Cloak And Dagger"],"picked":"SKIP","floor":11},{"not_picked":["Sword Boomerang","Perfected Strike","SpiritShield"],"picked":"SKIP","floor":13},{"not_picked":["Evaluate","Endless Agony","Protect"],"picked":"SKIP","floor":14},{"not_picked":["Deflect+1","Blade Dance","Pommel Strike"],"picked":"SKIP","floor":18},{"not_picked":["Halt","Crescendo","Rebound+1"],"picked":"SKIP","floor":18},{"not_picked":["Second Wind","Seeing Red","Barrage"],"picked":"SKIP","floor":19},{"not_picked":["Shrug It Off","Worship","Crescendo"],"picked":"SKIP","floor":19},{"not_picked":["Steam","ThirdEye+1","All Out Attack"],"picked":"SKIP","floor":21},{"not_picked":["Undo","Hologram","Blade Dance"],"picked":"SKIP","floor":21},{"not_picked":["Prostrate+1","Conclude","Self Repair"],"picked":"SKIP","floor":23},{"not_picked":["Consecrate","Inflame+1","Blood for Blood"],"picked":"SKIP","floor":25},{"not_picked":["Pray","Dodge and Roll","Clothesline"],"picked":"SKIP","floor":25},{"not_picked":["Body Slam","Shockwave","Coolheaded"],"picked":"SKIP","floor":28},{"not_picked":["Burst","Intimidate","BootSequence"],"picked":"SKIP","floor":29},{"not_picked":["Burst","Intimidate","BootSequence"],"picked":"SKIP","floor":29},{"not_picked":["Eviscerate","Thunderclap"],"picked":"Acrobatics","floor":30},{"not_picked":["Bludgeon","Rebound"],"picked":"Evolve","floor":31},{"not_picked":["Deadly Poison","Ball Lightning+1","Combust"],"picked":"SKIP","floor":35},{"not_picked":["Deadly Poison","FlyingSleeves","Crescendo+1"],"picked":"SKIP","floor":35},{"not_picked":["Hologram+1","Evaluate+1","Sucker Punch"],"picked":"SKIP","floor":37},{"not_picked":["Anger","Pommel Strike","Recycle"],"picked":"SKIP","floor":39},{"not_picked":["Coolheaded","Clash","Seeing Red"],"picked":"SKIP","floor":39},{"not_picked":["EmptyBody","Buffer","Distraction"],"picked":"SKIP","floor":40},{"not_picked":["Meditate+1","Pommel Strike+1","Burning Pact"],"picked":"SKIP","floor":41},{"not_picked":["Sword Boomerang+1","Corruption","Consecrate"],"picked":"SKIP","floor":42},{"not_picked":["Deadly Poison","Rupture","Turbo"],"picked":"SKIP","floor":44},{"not_picked":["Shockwave","Searing Blow+1","Wallop"],"picked":"SKIP","floor":45},{"not_picked":["Consecrate","Deflect+1","Cloak And Dagger"],"picked":"SKIP","floor":45},{"not_picked":["Rainbow","BowlingBash","Prostrate+1"],"picked":"SKIP","floor":46},{"not_picked":["Flex","Perfected Strike+1"],"picked":"Tactician","floor":47},{"not_picked":["Havoc","Pommel Strike","Dagger Spray"],"picked":"SKIP","floor":47},{"not_picked":["Storm of Steel","Prepared","Cloak And Dagger"],"picked":"SKIP","floor":48},{"not_picked":["Corpse Explosion","EmptyMind","Rage+1"],"picked":"SKIP","floor":55}],"player_experience":1609828,"relics_obtained":[{"floor":6,"key":"Blue Candle"},{"floor":9,"key":"Lizard Tail"},{"floor":11,"key":"Peace Pipe"},{"floor":13,"key":"Lantern"},{"floor":14,"key":"Prayer Wheel"},{"floor":22,"key":"Red Mask"},{"floor":26,"key":"Torii"},{"floor":28,"key":"Sundial"},{"floor":29,"key":"WingedGreaves"},{"floor":30,"key":"Red Skull"},{"floor":31,"key":"Centennial Puzzle"},{"floor":37,"key":"Mummified Hand"},{"floor":40,"key":"Old Coin"},{"floor":41,"key":"Du-Vu Doll"},{"floor":42,"key":"PreservedInsect"},{"floor":44,"key":"Girya"},{"floor":46,"key":"Art of War"},{"floor":48,"key":"Pocketwatch"},{"floor":55,"key":"Bag of Preparation"}],"event_choices":[{"damage_healed":0,"gold_gain":0,"player_choice":"Forge","damage_taken":0,"max_hp_gain":0,"max_hp_loss":0,"event_name":"Accursed Blacksmith","floor":2,"gold_loss":0,"cards_upgraded":["Body Slam"]},{"damage_healed":15,"gold_gain":0,"player_choice":"Heal","damage_taken":0,"max_hp_gain":0,"max_hp_loss":0,"event_name":"The Library","floor":20,"gold_loss":0},{"damage_healed":0,"gold_gain":0,"player_choice":"Fought Bandits","damage_taken":0,"max_hp_gain":0,"max_hp_loss":0,"event_name":"Masked Bandits","floor":22,"gold_loss":0},{"damage_healed":0,"gold_gain":50,"player_choice":"Pray","damage_taken":0,"max_hp_gain":0,"max_hp_loss":0,"event_name":"Golden Shrine","floor":36,"gold_loss":0}],"is_beta":false,"boss_relics":[{"not_picked":["Velvet Choker","Mark of Pain","Ectoplasm"]},{"not_picked":["Tiny House","Runic Dome"],"picked":"Empty Cage"}],"items_purged_floors":[5,10,54],"is_endless":false,"potions_floor_spawned":[8,13,14,18,21,22,25,30,33,37,40,41,44,47,48,55],"ascension_level":20}}