{"host":"Zion","time":1609082816,"event":{"mods":["AchievementEnabler","BaseMod","Colored Map","DeckTracker","Minty Spire (QoL Compilation)","Quick Restart","Rare Cards Sparkle"],"gold_per_floor":[109,126,126,187,237,237,162,179,179,179,229,245,104,154,154,256,256,273,323,385,117,131,131,271,283,283,311,311,326,336,349,349,453,453,471,521,535,602,652,652,682,695,695,721,721,681,681,743,743,743,743,743,16,46,46],"floor_reached":56,"playtime":4669,"items_purged":["Strike_B","Strike_B","Defend_B","Defend_B"],"score":1447,"play_id":"e8558bc8-59e3-4d4e-bb48-7a61a91ffc89","local_time":"20201228002656","is_ascension_mode":true,"campfire_choices":[{"data":"Zap","floor":6.0,"key":"SMITH"},{"data":"Coolheaded","floor":10.0,"key":"SMITH"},{"data":"Dualcast","floor":15.0,"key":"SMITH"},{"data":"Coolheaded","floor":23.0,"key":"SMITH"},{"data":"Electrodynamics","floor":28.0,"key":"SMITH"},{"data":"Chill","floor":32.0,"key":"SMITH"},{"data":"Capacitor","floor":40.0,"key":"SMITH"},{"data":"Coolheaded","floor":45.0,"key":"SMITH"},{"data":"Buffer","floor":47.0,"key":"SMITH"},{"floor":49.0,"key":"RECALL"},{"data":"Thunder Strike","floor":52.0,"key":"SMITH"}],"circlet_count":0,"master_deck":["Defend_B","Zap+1","Dualcast+1","Coolheaded+1","Capacitor+1","Electrodynamics+1","Chill+1","Buffer+1","Coolheaded+1","Gash+1","Thunder Strike+1","Double Energy+1","Coolheaded+1","Loop+1","Defragment","Buffer+1","Recycle+1"],"relics":["Cracked Core","NeowsBlessing","SsserpentHead","Cables","Sundial","White Beast Statue","Runic Pyramid","DataDisk","Whetstone","Torii","Sozu","Letter Opener","DollysMirror","Bag of Marbles","HornCleat","Strawberry"],"acts_visited":["Exordium","TheCity","TheBeyond","TheEnding"],"potions_floor_usage":[55,55],"damage_taken":[{"damage":0.0,"enemies":"Jaw Worm","floor":1.0,"turns":1.0},{"damage":0.0,"enemies":"Cultist","floor":2.0,"turns":1.0},{"damage":0.0,"enemies":"2 Louse","floor":4.0,"turns":1.0},{"damage":4.0,"enemies":"Exordium Wildlife","floor":8.0,"turns":3.0},{"damage":4.0,"enemies":"Looter","floor":12.0,"turns":2.0},{"damage":44.0,"enemies":"Slime Boss","floor":16.0,"turns":13.0},{"damage":6.0,"enemies":"3 Byrds","floor":18.0,"turns":2.0},{"damage":0.0,"enemies":"Spheric Guardian","floor":20.0,"turns":4.0},{"damage":0.0,"enemies":"3 Cultists","floor":22.0,"turns":2.0},{"damage":6.0,"enemies":"Cultist and Chosen","floor":25.0,"turns":3.0},{"damage":0.0,"enemies":"Gremlin Leader","floor":27.0,"turns":3.0},{"damage":7.0,"enemies":"Chosen and Byrds","floor":29.0,"turns":3.0},{"damage":0.0,"enemies":"3 Cultists","floor":30.0,"turns":3.0},{"damage":7.0,"enemies":"Cultist and Chosen","floor":31.0,"turns":4.0},{"damage":0.0,"enemies":"Automaton","floor":33.0,"turns":5.0},{"damage":0.0,"enemies":"3 Darklings","floor":35.0,"turns":2.0},{"damage":0.0,"enemies":"3 Shapes","floor":37.0,"turns":2.0},{"damage":0.0,"enemies":"Sphere and 2 Shapes","floor":38.0,"turns":2.0},{"damage":0.0,"enemies":"Reptomancer","floor":41.0,"turns":4.0},{"damage":8.0,"enemies":"Jaw Worm Horde","floor":42.0,"turns":2.0},{"damage":14.0,"enemies":"Nemesis","floor":44.0,"turns":7.0},{"damage":0.0,"enemies":"4 Shapes","floor":48.0,"turns":3.0},{"damage":1.0,"enemies":"Time Eater","floor":50.0,"turns":5.0},{"damage":10.0,"enemies":"Shield and Spear","floor":54.0,"turns":4.0},{"damage":12,"enemies":"The Heart","floor":55,"turns":7}],"seed_played":"-4327761158039975039","potions_obtained":[{"floor":1.0,"key":"FearPotion"},{"floor":8.0,"key":"Regen Potion"},{"floor":16.0,"key":"Regen Potion"},{"floor":20.0,"key":"Swift Potion"},{"floor":22.0,"key":"PowerPotion"}],"is_trial":false,"path_per_floor":["M","M","?","M","?","R","$","M","T","R","T","M","$","?","R","B",null,"M","?","M","$","M","R","?","M","T","E","R","M","M","M","R","B",null,"M","?","M","M","?","R","E","M","T","E","R","?","R","M","R","B",null,"R","$","E","B",null],"character_chosen":"DEFECT","items_purchased":["Capacitor","DataDisk","Defragment","DollysMirror","Bag of Marbles","HornCleat"],"campfire_rested":0,"item_purchase_floors":[13,21,53,53,53,53],"current_hp_per_floor":[75,75,75,75,75,75,75,71,71,71,71,67,67,55,55,11,75,69,69,75,75,75,75,63,57,57,57,57,50,50,43,43,43,75,75,75,75,75,75,75,75,67,67,53,53,53,53,53,53,61,75,75,75,72,60],"gold":46,"neow_bonus":"THREE_ENEMY_KILL","is_daily":false,"chose_seed":false,"campfire_upgraded":10,"win_rate":0.0,"timestamp":1609082816,"path_taken":["M","M","?","?","?","R","$","M","T","R","?","M","$","?","R","BOSS","M","?","?","$","M","R","?","M","T","E","R","M","M","M","R","BOSS","M","?","M","?","?","R","E","M","T","E","R","?","R","?","R","BOSS","R","$","E","BOSS"],"items_purchased_type":["Card","Relic","Card","Relic","Relic","Relic"],"build_version":"2020-12-18","purchased_purges":4,"victory":true,"max_hp_per_floor":[75,75,75,75,75,75,75,75,75,75,75,75,75,75,75,75,75,75,75,75,75,75,75,75,75,75,75,75,75,75,75,75,75,75,75,75,75,75,75,75,75,75,75,75,75,75,75,75,75,75,75,75,75,82,82],"card_choices":[{"not_picked":["Reinforced Body","Steam","Streamline"],"picked":"SKIP","floor":1.0},{"not_picked":["Heatsinks","Leap","Storm"],"picked":"SKIP","floor":2.0},{"not_picked":["Turbo","Beam Cell","Go for the Eyes"],"picked":"SKIP","floor":4.0},{"not_picked":["Heatsinks","Leap"],"picked":"Coolheaded","floor":8.0},{"not_picked":["Storm","Doom and Gloom","Stack"],"picked":"SKIP","floor":12.0},{"not_picked":["Buffer","Reboot"],"picked":"Electrodynamics","floor":16.0},{"not_picked":["Streamline","Darkness"],"picked":"Chill","floor":18.0},{"not_picked":["Recycle","Aggregate+1","Streamline+1"],"picked":"SKIP","floor":20.0},{"not_picked":["Compile Driver","Steam+1"],"picked":"Coolheaded","floor":22.0},{"not_picked":["Ball Lightning","Steam Power"],"picked":"Gash","floor":25.0},{"not_picked":["Storm","Stack","Multi-Cast"],"picked":"SKIP","floor":27.0},{"not_picked":["Barrage","Turbo","Sweeping Beam"],"picked":"SKIP","floor":29.0},{"not_picked":["Beam Cell+1","Fusion+1","Compile Driver"],"picked":"SKIP","floor":30.0},{"not_picked":["Leap","Go for the Eyes","Streamline"],"picked":"SKIP","floor":31.0},{"not_picked":["Machine Learning","Biased Cognition"],"picked":"Thunder Strike","floor":33.0},{"not_picked":["Storm+1","Go for the Eyes+1","Stack"],"picked":"SKIP","floor":35.0},{"not_picked":["Cold Snap+1","Sweeping Beam","Coolheaded"],"picked":"SKIP","floor":37.0},{"not_picked":["Ball Lightning","Hologram+1"],"picked":"Double Energy+1","floor":38.0},{"not_picked":["Thunder Strike","Barrage+1"],"picked":"Coolheaded","floor":41.0},{"not_picked":["Cold Snap+1","Turbo","Static Discharge+1"],"picked":"SKIP","floor":42.0},{"not_picked":["Coolheaded","Gash"],"picked":"Loop","floor":44.0},{"not_picked":["Redo","Barrage","Chill+1"],"picked":"SKIP","floor":48.0},{"not_picked":["Go for the Eyes+1","Redo"],"picked":"Recycle+1","floor":54.0}],"player_experience":164637,"relics_obtained":[{"floor":9.0,"key":"Cables"},{"floor":11.0,"key":"Sundial"},{"floor":26.0,"key":"Whetstone"},{"floor":27.0,"key":"Torii"},{"floor":44.0,"key":"Letter Opener"},{"floor":54.0,"key":"Strawberry"}],"event_choices":[{"damage_healed":0.0,"max_hp_gain":0.0,"max_hp_loss":0.0,"gold_gain":0.0,"event_name":"FaceTrader","player_choice":"Trade","floor":3.0,"gold_loss":0.0,"damage_taken":0.0,"relics_obtained":["SsserpentHead"]},{"damage_healed":0.0,"max_hp_gain":0.0,"max_hp_loss":0.0,"gold_gain":0.0,"event_name":"Liars Game","player_choice":"Ignored","floor":5.0,"gold_loss":0.0,"damage_taken":0.0},{"damage_healed":0.0,"max_hp_gain":0.0,"max_hp_loss":0.0,"gold_gain":0.0,"event_name":"Scrap Ooze","player_choice":"Success","floor":14.0,"gold_loss":0.0,"damage_taken":12.0,"relics_obtained":["White Beast Statue"]},{"damage_healed":0.0,"max_hp_gain":0.0,"max_hp_loss":0.0,"gold_gain":0.0,"cards_transformed":["Strike_B"],"event_name":"Transmorgrifier","player_choice":"Transformed","floor":19.0,"gold_loss":0.0,"damage_taken":0.0,"cards_obtained":["Buffer"]},{"damage_healed":0.0,"max_hp_gain":0.0,"max_hp_loss":0.0,"gold_gain":90.0,"event_name":"Knowing Skull","player_choice":"GOLD ","floor":24.0,"potions_obtained":[],"gold_loss":0.0,"damage_taken":12.0,"cards_obtained":[]},{"cards_removed":["Defend_B"],"damage_healed":0.0,"max_hp_gain":0.0,"max_hp_loss":0.0,"gold_gain":0.0,"event_name":"Bonfire Elementals","player_choice":"Offered Basic","floor":36.0,"gold_loss":0.0,"damage_taken":0.0},{"damage_healed":0.0,"max_hp_gain":0.0,"max_hp_loss":0.0,"gold_gain":0.0,"event_name":"SensoryStone","player_choice":"Memory 1","floor":39.0,"gold_loss":0.0,"damage_taken":0.0},{"cards_removed":["Strike_B"],"damage_healed":0.0,"max_hp_gain":0.0,"max_hp_loss":0.0,"gold_gain":0.0,"event_name":"Designer","player_choice":"Upgrade and Remove","floor":46.0,"gold_loss":90.0,"damage_taken":0.0,"cards_upgraded":["Loop"]}],"is_beta":true,"boss_relics":[{"not_picked":["Velvet Choker","Astrolabe"],"picked":"Runic Pyramid"},{"not_picked":["Calling Bell","SacredBark"],"picked":"Sozu"}],"items_purged_floors":[7,13,21,53],"is_endless":false,"potions_floor_spawned":[1,8,16,18,20,22,25,27,29,30,31,33,35,37,38,41,42,44,48,54],"ascension_level":3}}