{"host":"vc42n08di9czm3e7","time":1609112812,"event":{"mods":["AchievementEnabler","Act Like it!","BaseMod","BetterRewards","Colored Powertips","Downfall","Friendly Minions","GifTheSpireLib","Minty Spire (QoL Compilation)","Quick Restart","Rare Cards Sparkle","StSLib","The Construct","The Jungle"],"gold_per_floor":[109,125,144,161,161,161,161,161],"floor_reached":7,"playtime":597,"items_purged":[],"score":43,"play_id":"1d655275-b551-4099-be03-3804a0212657","local_time":"20201227184652","is_ascension_mode":false,"campfire_choices":[{"data":"construct:AttackMode","floor":6,"key":"SMITH"}],"circlet_count":0,"master_deck":["construct:Strike_Gold","construct:Strike_Gold","construct:Strike_Gold","construct:Strike_Gold","construct:Strike_Gold","construct:Defend_Gold","construct:Defend_Gold","construct:Defend_Gold","construct:Defend_Gold","construct:Defend_Gold","construct:AttackMode+1","construct:DefenseMode","construct:Autoturret","construct:ShiftGuard","construct:Boost","construct:ElectricArmor"],"relics":["construct:Cogwheel"],"acts_visited":["Exordium"],"potions_floor_usage":[7],"damage_taken":[{"damage":10,"enemies":"Small Slimes","floor":1,"turns":5},{"damage":29,"enemies":"Jaw Worm","floor":2,"turns":15},{"damage":0,"enemies":"Cultist","floor":3,"turns":4},{"damage":8,"enemies":"Blue Slaver","floor":4,"turns":7},{"damage":40,"enemies":"Lagavulin","floor":7,"turns":8}],"seed_played":"7106803078285806030","potions_obtained":[{"floor":2,"key":"PowerPotion"},{"floor":4,"key":"EssenceOfSteel"}],"is_trial":false,"path_per_floor":["M","M","M","M","?","R","E"],"character_chosen":"THE_CONSTRUCT_MOD","items_purchased":["construct:Autoturret"],"campfire_rested":0,"item_purchase_floors":[0],"current_hp_per_floor":[75,46,46,38,38,38,0,0],"gold":161,"neow_bonus":"","is_daily":false,"chose_seed":false,"campfire_upgraded":1,"win_rate":0.0,"timestamp":1609112812,"path_taken":["M","M","M","M","?","R","E"],"items_purchased_type":["Card"],"build_version":"2020-12-22","purchased_purges":0,"victory":false,"max_hp_per_floor":[85,85,85,85,85,85,85,85],"card_choices":[{"not_picked":["construct:Disrupt","construct:Autoturret"],"picked":"construct:ShiftGuard","floor":1},{"not_picked":["construct:Construct_Overclock","construct:ChargeShot"],"picked":"construct:Boost","floor":2},{"not_picked":["construct:HeavyBolt","construct:UnbalancingBlast"],"picked":"construct:ElectricArmor","floor":3},{"not_picked":["construct:ElectricArmor","construct:Forcefield","construct:Backfire"],"picked":"SKIP","floor":4}],"player_experience":272977,"relics_obtained":[],"event_choices":[{"damage_healed":0,"gold_gain":0,"player_choice":"Ignored","damage_taken":0,"max_hp_gain":0,"max_hp_loss":0,"event_name":"Liars Game","floor":5,"gold_loss":0}],"is_beta":false,"boss_relics":[],"items_purged_floors":[],"is_endless":false,"potions_floor_spawned":[2,4],"killed_by":"Lagavulin","ascension_level":0}}