{"host":"0azimyi6n3ugndj4","time":1609059392,"event":{"mods":["2.2 Compatiblity","BaseMod","Bestiary","Conspire","Curses Come First","Defuse TimeMaze Blight","Hyrulean Relics","Infinite Spire","Minty Spire (QoL Compilation)","Relic Stats","Replay The Spire","StSLib","SuperFastMode","Uncapped","¡¼?Úª?ø«¡½REMEMod"],"gold_per_floor":[138,138,63,111,216,306,342,389,389,389,389],"floor_reached":10,"playtime":188,"items_purged":["Replay:AllIn"],"score":182,"play_id":"d3ef7e1c-77e1-421f-a201-dd37f8da9a9a","local_time":"20201227175632","daily_mods":["Shiny","Vintage","ControlledChaos","Diverse","Colorless Cards","Heirloom","Time Dilation","Flight","Elite Swarm","Lethality","Midas","Night Terrors","Binary"],"is_ascension_mode":true,"campfire_choices":[],"circlet_count":0,"master_deck":["AscendersBane","Brilliance+1","Devotion","LessonLearned","Vault","Alpha","Establishment","REME_WorshipGod","Replay:LoomingThreat","DeusExMachina","Judgement","ConjureBlade","REME_EmptyShield","MasterReality","Blasphemy","Ragnarok","REME_CRH","Scrawl","Wish","Omniscience","SpiritShield","DevaForm","Hyperbeam","REME_ForAll","Machine Learning","Buffer","Mirror Shield","Seek","Echo Form","All For One","Reboot","Fission","Core Surge","Multi-Cast","Thunder Strike","Biased Cognition","REME_Shoggoth","Electrodynamics","ReplayRNGCard","ReplayTheSpireMod:Omega Cannon","Rainbow","Meteor Strike","ReplayTheSpireMod:Fabricate Wheel","Amplify","Creative AI","REME_ShadowForm","ReplayTheSpireMod:Necrosis","Corpse Explosion","Die Die Die","Atom Bomb","ReplayTheSpireMod:From All Sides","Adrenaline","Envenom","Doppelganger","Burst","Wraith Form v2","REME_SpectralBlade","Tools of the Trade","REME_CopyPotion","After Image","Poison Darts","A Thousand Cuts","Venomology","Replay:Bag of Tricks","Malaise","Phantasmal Killer","Night Terror","infinitespire:Neurotoxin","Unload","REME_GrazeFinale","Bullet Time","Storm of Steel","Glass Knife","Grand Finale","Double Tap","Demon Form","REME_ACTH","Fiend Fire","Eclipse","conspire:Purge","Berserk","Impervious","Juggernaut","Brutality","Demonic Infusion","conspire:HitWhereItHurts","Exhume","Offering","REME_Fury","Bludgeon","Feed","Replay:Many Hands","Limit Break","Corruption","Barricade","Hemogenesis","REME_TheLastStrike","Reaper","Immolate","Thinking Ahead","Metamorphosis","Master of Strategy","Magnetism","REME_HeartOfCthun","Chrysalis","Mayhem","REME_PuzzleBox","Secret Weapon","Midas Touch","ReplayTheSpireMod:Brewmster","REME_AllRoundStrike","Poisoned Strike","REME_MawOfCthun","REME_EyeOfCthun","REME_WheelOfFate","Sadistic Nature","Replay:Dark Deal","REME_Flogging","ReplayUltimateDefense","Transmutation","REME_BattleFury","HandOfGreed","ReplayTheSpireMod:Necrogeddon","Apotheosis","Panache","Violence","Secret Technique","REME_BodyOfCthun","The Bomb","Crow Ritual","REME_BuildACard","REME_ProfessionalPlagiarism","REME_WorshipGod"],"relics":["Burning Blood","Frozen Eye","Busted Crown","REME_ComplimentaryCards","Bird Faced Urn","ReplayTheSpireMod:Spearhead","Pen Nib","REME_HandOfSuture","zeldaRelics:CourageTriforce","Peace Pipe"],"acts_visited":["Exordium"],"potions_floor_usage":[],"damage_taken":[{"damage":0,"enemies":"conspire:RoseBush","floor":1,"turns":3},{"damage":0,"enemies":"Cultist","floor":4,"turns":1},{"damage":46,"enemies":"Lagavulin","floor":6,"turns":5},{"damage":15,"enemies":"Jaw Worm","floor":7,"turns":3},{"damage":150,"enemies":"3 Sentries","floor":10,"turns":2}],"seed_played":"-1907625842917415050","potions_obtained":[{"floor":4,"key":"Fire Potion"},{"floor":5,"key":"Milkshake"},{"floor":7,"key":"ColorlessPotion"}],"is_trial":true,"path_per_floor":["M","?","$","M","?","E","M","T","T","E"],"character_chosen":"IRONCLAD","items_purchased":[],"campfire_rested":0,"item_purchase_floors":[],"current_hp_per_floor":[75,75,75,75,51,17,12,12,12,0,0],"gold":389,"neow_bonus":"","is_daily":false,"chose_seed":false,"campfire_upgraded":0,"win_rate":0.0,"timestamp":1609059392,"path_taken":["M","?","?","?","?","E","?","?","T","E"],"items_purchased_type":[],"build_version":"2020-12-22","purchased_purges":1,"victory":false,"max_hp_per_floor":[75,75,75,75,75,75,75,75,75,75,75],"relic_stats":{"Peace Pipe":0,"Busted Crown":8,"counters":[5,14],"Bird Faced Urn":[14],"Pen Nib":[0],"obtain_stats":[{"Peace Pipe":7,"Frozen Eye":0,"ReplayTheSpireMod:Spearhead":1,"Busted Crown":0,"Bird Faced Urn":0,"Pen Nib":4,"REME_HandOfSuture":5,"zeldaRelics:CouragePiece":6,"Burning Blood":0,"zeldaRelics:CourageTriforce":9,"REME_ComplimentaryCards":0},{"Peace Pipe":4,"Frozen Eye":0,"ReplayTheSpireMod:Spearhead":1,"Busted Crown":0,"Bird Faced Urn":0,"Pen Nib":2,"REME_HandOfSuture":2,"zeldaRelics:CouragePiece":3,"Burning Blood":0,"zeldaRelics:CourageTriforce":4,"REME_ComplimentaryCards":0},{"Peace Pipe":12,"Frozen Eye":0,"ReplayTheSpireMod:Spearhead":3,"Busted Crown":0,"Bird Faced Urn":0,"Pen Nib":4,"REME_HandOfSuture":4,"zeldaRelics:CouragePiece":9,"Burning Blood":0,"zeldaRelics:CourageTriforce":12,"REME_ComplimentaryCards":0}],"Burning Blood":17},"card_choices":[],"player_experience":1444895,"relics_obtained":[{"floor":1,"key":"ReplayTheSpireMod:Spearhead"},{"floor":4,"key":"Pen Nib"},{"floor":5,"key":"REME_HandOfSuture"},{"floor":6,"key":"zeldaRelics:CouragePiece"},{"floor":7,"key":"Peace Pipe"},{"floor":8,"key":"zeldaRelics:CouragePiece"},{"floor":9,"key":"zeldaRelics:CouragePiece"}],"event_choices":[{"damage_healed":0,"gold_gain":0,"player_choice":"Upgraded","damage_taken":0,"max_hp_gain":0,"max_hp_loss":0,"event_name":"Upgrade Shrine","floor":2,"gold_loss":0,"cards_upgraded":["Brilliance"]}],"is_beta":false,"boss_relics":[],"items_purged_floors":[3],"is_endless":false,"potions_floor_spawned":[4,7],"killed_by":"3 Sentries","ascension_level":20}}