{"host":"nmyw38vkdf8owddb","time":1609062182,"event":{"mods":["BaseMod","Bestiary","Colored Map","Colored Powertips","DeckTracker","Minty Spire (QoL Compilation)","Shade Mod","StSLib","The Caster","The Marked","Waifu the Spire"],"gold_per_floor":[111,125,125,225,237,237,253,253,253,265,265,41,41,41,41,138,138,158,171,171,189,205,205,220,220,247,247,281,281,295,329,329,433,433,444,53,64,64,80,114,133,168,168,180,180,198,198,209,209,209,209,209,12,47,47,47],"floor_reached":55,"playtime":3708,"items_purged":["theMarked:Strike","theMarked:Strike"],"score":711,"play_id":"6b5bf0cf-cb4c-4ed0-b063-13b1843acc4b","local_time":"20201227184302","is_ascension_mode":false,"campfire_choices":[{"data":"theMarked:HeritageOfTheMarked","floor":6,"key":"SMITH"},{"data":"theMarked:WardOff","floor":8,"key":"SMITH"},{"floor":11,"key":"REST"},{"data":"theMarked:SoldierOfQuellstein","floor":15,"key":"SMITH"},{"floor":23,"key":"REST"},{"data":"theMarked:ChannelForce","floor":25,"key":"SMITH"},{"floor":27,"key":"REST"},{"data":"theMarked:Panic","floor":29,"key":"SMITH"},{"floor":32,"key":"REST"},{"floor":45,"key":"REST"},{"floor":47,"key":"RECALL"},{"floor":49,"key":"REST"},{"data":"theMarked:DeterminationOfTheMarked","floor":52,"key":"SMITH"}],"circlet_count":0,"master_deck":["theMarked:Strike","theMarked:Strike","theMarked:Defend","theMarked:Defend","theMarked:Defend","theMarked:Defend","theMarked:SoldierOfQuellstein+1","theMarked:HeritageOfTheMarked+1","theMarked:Panic+1","theMarked:DeterminationOfTheMarked+1","theMarked:WardOff+1","theMarked:HeightenedSenses","theMarked:ChannelForce+1","theMarked:Frustration+1","theMarked:TwofoldDefense+1","theMarked:WastefulAttack","theMarked:Improvise+1","theMarked:Generate+1","theMarked:HeritageOfTheMarked","theMarked:TunnelVision+1","theMarked:TakeOffHeels","theMarked:TwofoldDefense+1","theMarked:TakeCover+1","theMarked:Overcharge+1","theMarked:Panic+1","theMarked:Indomitable+1"],"relics":["theMarked:ArtifactOfAir","Bottled Tornado","theMarked:DemonDagger","White Beast Statue","SacredBark","Bag of Marbles","Unceasing Top","Thread and Needle","Runic Pyramid","Gambling Chip","Gremlin Horn","Pen Nib","Lee\u0027s Waffle","Vajra"],"acts_visited":["Exordium","TheCity","TheBeyond","TheEnding"],"potions_floor_usage":[28,31,33,50,55,55,55],"damage_taken":[{"damage":0,"enemies":"Small Slimes","floor":1,"turns":4},{"damage":6,"enemies":"Jaw Worm","floor":2,"turns":4},{"damage":1,"enemies":"Cultist","floor":5,"turns":4},{"damage":18,"enemies":"Lots of Slimes","floor":7,"turns":5},{"damage":8,"enemies":"Exordium Thugs","floor":10,"turns":4},{"damage":12,"enemies":"Slime Boss","floor":16,"turns":6},{"damage":15,"enemies":"2 Thieves","floor":18,"turns":3},{"damage":0,"enemies":"Chosen","floor":19,"turns":4},{"damage":6,"enemies":"Snake Plant","floor":21,"turns":4},{"damage":22,"enemies":"Sentry and Sphere","floor":22,"turns":6},{"damage":9,"enemies":"Centurion and Healer","floor":24,"turns":4},{"damage":2,"enemies":"Book of Stabbing","floor":28,"turns":4},{"damage":4,"enemies":"Shelled Parasite and Fungi","floor":30,"turns":4},{"damage":29,"enemies":"Gremlin Leader","floor":31,"turns":6},{"damage":32,"enemies":"Champ","floor":33,"turns":10},{"damage":1,"enemies":"Orb Walker","floor":35,"turns":3},{"damage":0,"enemies":"3 Shapes","floor":37,"turns":4},{"damage":9,"enemies":"3 Darklings","floor":39,"turns":4},{"damage":22,"enemies":"Giant Head","floor":40,"turns":8},{"damage":6,"enemies":"Writhing Mass","floor":41,"turns":4},{"damage":11,"enemies":"Nemesis","floor":42,"turns":11},{"damage":0,"enemies":"4 Shapes","floor":44,"turns":4},{"damage":0,"enemies":"3 Darklings","floor":46,"turns":4},{"damage":0,"enemies":"Maw","floor":48,"turns":7},{"damage":11,"enemies":"Awakened One","floor":50,"turns":11},{"damage":49,"enemies":"Shield and Spear","floor":54,"turns":7},{"damage":37,"enemies":"The Heart","floor":55,"turns":5}],"seed_played":"-6011305533255674601","potions_obtained":[{"floor":1,"key":"SpeedPotion"},{"floor":10,"key":"Block Potion"},{"floor":16,"key":"SkillPotion"},{"floor":28,"key":"Swift Potion"},{"floor":31,"key":"EssenceOfSteel"},{"floor":33,"key":"GamblersBrew"},{"floor":35,"key":"SkillPotion"},{"floor":39,"key":"Weak Potion"}],"is_trial":false,"path_per_floor":["M","M","?","?","M","R","M","R","T","M","R","$","T","?","R","B",null,"M","M","?","M","M","R","M","R","T","R","E","R","M","E","R","B",null,"M","$","M","?","M","E","M","E","T","M","R","M","R","M","R","B",null,"R","$","E","B"],"character_chosen":"THE_DEFAULT","items_purchased":["theMarked:DemonDagger","Gambling Chip","Lee\u0027s Waffle","Fire Potion"],"campfire_rested":6,"item_purchase_floors":[12,36,53,53],"current_hp_per_floor":[70,64,57,57,56,56,38,38,38,30,51,51,51,51,51,39,70,55,55,55,49,27,48,39,39,39,60,58,58,54,25,46,14,70,69,69,69,69,60,38,32,21,21,21,42,42,42,42,63,52,70,70,77,28,0,0],"gold":47,"neow_bonus":"THREE_CARDS","is_daily":false,"chose_seed":false,"campfire_upgraded":6,"win_rate":0.0,"timestamp":1609062182,"path_taken":["M","M","?","?","M","R","?","R","T","M","R","?","?","?","R","BOSS","M","M","?","M","M","R","M","R","T","R","E","R","M","E","R","BOSS","M","$","M","?","M","E","M","E","T","?","R","M","R","M","R","BOSS","R","$","E","BOSS"],"items_purchased_type":["Relic","Relic","Relic","Potion"],"build_version":"2020-12-22","purchased_purges":2,"victory":false,"max_hp_per_floor":[70,70,70,70,70,70,70,70,70,70,70,70,70,70,70,70,70,70,70,70,70,70,70,70,70,70,70,70,70,70,70,70,70,70,70,70,70,70,70,70,70,70,70,70,70,70,70,70,70,70,70,70,77,77,77,77],"card_choices":[{"not_picked":["theMarked:Frustration","theMarked:RepellingDischarge"],"picked":"theMarked:HeritageOfTheMarked","floor":0},{"not_picked":["theMarked:Static","theMarked:ElectricStrings"],"picked":"theMarked:Panic","floor":1},{"not_picked":["theMarked:WardOff","theMarked:Aftermath"],"picked":"theMarked:DeterminationOfTheMarked","floor":2},{"not_picked":["theMarked:ParalyzingBlade","theMarked:Frustration"],"picked":"theMarked:WardOff","floor":5},{"not_picked":["theMarked:TwofoldDefense","theMarked:Static"],"picked":"theMarked:HeightenedSenses","floor":7},{"not_picked":["theMarked:MaelstromOfLightning","theMarked:HeightenedSenses","theMarked:RepellingDischarge"],"picked":"SKIP","floor":10},{"not_picked":["theMarked:SuspiciousRaven","theMarked:BindingBlade"],"picked":"theMarked:ChannelForce","floor":16},{"not_picked":["theMarked:DeterminationOfTheMarked+1","theMarked:SwordAndMagic"],"picked":"theMarked:Frustration+1","floor":18},{"not_picked":["theMarked:Polarize","theMarked:Convert"],"picked":"theMarked:TwofoldDefense+1","floor":19},{"not_picked":["theMarked:BanishingStrike","theMarked:WardOff"],"picked":"theMarked:WastefulAttack","floor":21},{"not_picked":["theMarked:MaelstromOfLightning+1","theMarked:EnhanceMovement"],"picked":"theMarked:Improvise+1","floor":22},{"not_picked":["theMarked:Electrocute+1","theMarked:Improvise"],"picked":"theMarked:Generate+1","floor":24},{"not_picked":["theMarked:GodGivenPower","theMarked:BanishingWave","theMarked:Aftermath"],"picked":"SKIP","floor":28},{"not_picked":["theMarked:BanishingStrike+1","theMarked:Overthink"],"picked":"theMarked:HeritageOfTheMarked","floor":30},{"not_picked":["theMarked:TwofoldDefense","theMarked:BanishingWave"],"picked":"theMarked:TunnelVision+1","floor":31},{"not_picked":["theMarked:TurnInvisible","theMarked:EternalStudent"],"picked":"theMarked:TakeOffHeels","floor":33},{"not_picked":["theMarked:KeepCalmAndFightOn+1","theMarked:Parkour+1","theMarked:HeightenedSenses+1"],"picked":"SKIP","floor":35},{"not_picked":["theMarked:ShockingTouch","theMarked:EnhancedHearing+1","theMarked:BanishingStrike+1"],"picked":"SKIP","floor":37},{"not_picked":["theMarked:ElectricStrings","theMarked:ChainLightning+1","theMarked:HeritageOfTheMarked"],"picked":"SKIP","floor":39},{"not_picked":["theMarked:Generate+1","theMarked:Improvise"],"picked":"theMarked:TwofoldDefense+1","floor":40},{"not_picked":["theMarked:DispelDoubt","theMarked:Aftermath+1"],"picked":"theMarked:TakeCover+1","floor":41},{"not_picked":["theMarked:ReduceFriction","theMarked:KeepCalmAndFightOn"],"picked":"theMarked:Overcharge+1","floor":42},{"not_picked":["theMarked:EmpowerWeapon","theMarked:ElectricStrings","theMarked:Convert+1"],"picked":"SKIP","floor":44},{"not_picked":["theMarked:BanishingWave+1","theMarked:RepellingDischarge+1"],"picked":"theMarked:Panic+1","floor":46},{"not_picked":["theMarked:Opportunist","theMarked:Frustration+1","theMarked:SwordAndMagic+1"],"picked":"SKIP","floor":48},{"not_picked":["theMarked:Aftermath+1","theMarked:EternalStudent"],"picked":"theMarked:Indomitable+1","floor":54}],"player_experience":325819,"relics_obtained":[{"floor":9,"key":"Bottled Tornado"},{"floor":13,"key":"White Beast Statue"},{"floor":26,"key":"Bag of Marbles"},{"floor":28,"key":"Unceasing Top"},{"floor":31,"key":"Thread and Needle"},{"floor":40,"key":"Gremlin Horn"},{"floor":42,"key":"Pen Nib"},{"floor":54,"key":"Vajra"}],"event_choices":[{"cards_removed":["theMarked:Strike"],"damage_healed":0,"gold_gain":0,"player_choice":"Card Removal","damage_taken":7,"max_hp_gain":0,"max_hp_loss":0,"event_name":"Golden Wing","floor":3,"gold_loss":0},{"damage_healed":0,"gold_gain":100,"player_choice":"Pray","damage_taken":0,"max_hp_gain":0,"max_hp_loss":0,"event_name":"Golden Shrine","floor":4,"gold_loss":0},{"damage_healed":0,"gold_gain":0,"player_choice":"Ignored","damage_taken":0,"max_hp_gain":0,"max_hp_loss":0,"event_name":"Liars Game","floor":14,"gold_loss":0},{"damage_healed":0,"gold_gain":0,"player_choice":"Ignored","damage_taken":0,"max_hp_gain":0,"max_hp_loss":0,"event_name":"Vampires","floor":20,"gold_loss":0},{"damage_healed":0,"gold_gain":0,"player_choice":"Bought 0 Potions","damage_taken":0,"max_hp_gain":0,"max_hp_loss":0,"event_name":"The Woman in Blue","floor":38,"gold_loss":0}],"is_beta":false,"boss_relics":[{"not_picked":["Ectoplasm","Black Star"],"picked":"SacredBark"},{"not_picked":["Snecko Eye","Velvet Choker"],"picked":"Runic Pyramid"}],"items_purged_floors":[12,36],"is_endless":false,"potions_floor_spawned":[1,10,16,18,19,21,22,24,28,30,31,33,35,37,39,40,41,42,44,46,48,54],"killed_by":"The Heart","ascension_level":0}}