{"host":"y89x8uui45kcjy42","time":1609041488,"event":{"mods":["2.2 Compatiblity","BaseMod","CapriCore","Colored Map","Colored Powertips","Custom Start","Friendly Minions","Hermit","Highlight Path","Keyboard Shortcuts","Minty Spire (QoL Compilation)","Relic Stats","Slay the Relics Exporter","StSLib","SuperFastMode","Waifu the Spire"],"gold_per_floor":[15,30,30,205,224,224,268,291,367,32,32,32],"floor_reached":11,"playtime":408,"items_purged":["hermit:Strike_Hermit"],"score":84,"play_id":"e52fd5cf-eabc-4329-87f7-f580e0d64d04","local_time":"20201227125808","is_ascension_mode":true,"campfire_choices":[{"data":"hermit:Covet","floor":6,"key":"SMITH"}],"circlet_count":0,"master_deck":["hermit:Strike_Hermit","hermit:Strike_Hermit","hermit:Defend_Hermit","hermit:Defend_Hermit","hermit:Defend_Hermit","hermit:Snapshot","hermit:Covet+1","hermit:Gestalt","hermit:ItchyTrigger","hermit:FlashPowder","Doubt","hermit:Enervate","hermit:Snipe","hermit:FlashPowder"],"relics":["hermit:Momento","Golden Idol","Du-Vu Doll","Toxic Egg 2","Molten Egg 2"],"acts_visited":["Exordium"],"potions_floor_usage":[11],"damage_taken":[{"damage":9,"enemies":"Small Slimes","floor":1,"turns":3},{"damage":1,"enemies":"Jaw Worm","floor":2,"turns":3},{"damage":4,"enemies":"Cultist","floor":5,"turns":4},{"damage":30,"enemies":"Gremlin Nob","floor":7,"turns":5},{"damage":1,"enemies":"Looter","floor":8,"turns":2},{"damage":15,"enemies":"3 Sentries","floor":11,"turns":4}],"seed_played":"4123768878713465162","potions_obtained":[{"floor":1,"key":"Strength Potion"},{"floor":2,"key":"BlessingOfTheForge"},{"floor":8,"key":"AttackPotion"}],"is_trial":false,"path_per_floor":["M","M","?","?","M","R","E","M","T","$","E"],"character_chosen":"HERMIT","items_purchased":["Molten Egg 2"],"campfire_rested":0,"item_purchase_floors":[10],"current_hp_per_floor":[66,65,47,47,43,43,13,12,12,12,0,0],"gold":32,"neow_bonus":"TRANSFORM_TWO_CARDS","is_daily":false,"chose_seed":false,"campfire_upgraded":1,"win_rate":0.0,"timestamp":1609041488,"path_taken":["M","M","?","?","M","R","E","M","T","?","E"],"items_purchased_type":["Relic"],"build_version":"2020-12-22","purchased_purges":1,"victory":false,"max_hp_per_floor":[75,75,75,75,75,75,75,75,75,75,75,75],"relic_stats":{"counters":[6,21],"Golden Idol":18,"obtain_stats":[{"Du-Vu Doll":7,"Golden Idol":3,"Molten Egg 2":10,"Toxic Egg 2":9,"hermit:Momento":0},{"Du-Vu Doll":4,"Golden Idol":2,"Molten Egg 2":5,"Toxic Egg 2":5,"hermit:Momento":0},{"Du-Vu Doll":15,"Golden Idol":6,"Molten Egg 2":17,"Toxic Egg 2":17,"hermit:Momento":0}]},"card_choices":[{"not_picked":["hermit:Shortfuse","hermit:EyeOfTheStorm","hermit:Virtue"],"picked":"SKIP","floor":1},{"not_picked":["hermit:Midnight","hermit:Snipe"],"picked":"hermit:FlashPowder","floor":2},{"not_picked":["hermit:Spite","hermit:Midnight"],"picked":"hermit:Enervate","floor":5},{"not_picked":["hermit:LoneWolf","hermit:Glare"],"picked":"hermit:Snipe","floor":7},{"not_picked":["hermit:Feint","hermit:Ricochet"],"picked":"hermit:FlashPowder","floor":8}],"player_experience":532410,"relics_obtained":[{"floor":7,"key":"Du-Vu Doll"},{"floor":9,"key":"Toxic Egg 2"}],"event_choices":[{"damage_healed":0,"gold_gain":0,"player_choice":"Take Damage","damage_taken":18,"relics_obtained":["Golden Idol"],"max_hp_gain":0,"max_hp_loss":0,"event_name":"Golden Idol","floor":3,"gold_loss":0},{"damage_healed":0,"gold_gain":175,"player_choice":"AGREE","damage_taken":0,"max_hp_gain":0,"max_hp_loss":0,"event_name":"Liars Game","floor":4,"gold_loss":0,"cards_obtained":["Doubt"]}],"is_beta":false,"boss_relics":[],"items_purged_floors":[10],"is_endless":false,"potions_floor_spawned":[1,2,8],"killed_by":"3 Sentries","ascension_level":3}}