{"host":"Connor","time":1609051092,"event":{"mods":["BaseMod","Downfall","Marisa????????","Minty Spire (QoL Compilation)","Replay The Spire","StSLib","The Animator","The Cursed","The Jungle","The Servant 0.9.4"],"gold_per_floor":[99,110,126,140,590,600,600,600,632,648,648,498,5,20,35,133,133,58,78,96,113,227,238,538,538,538,538,538,554,568,599,615,714,714,714,730,746,762,60,60,87,101,121,150,150,169,200,200,215,215],"floor_reached":51,"playtime":3158,"items_purged":["Slimebound:Icky"],"score":1462,"play_id":"dd9c6865-cc75-4c96-9765-5067aec87858","local_time":"20201226223812","is_ascension_mode":false,"campfire_choices":[{"floor":1,"key":"DIG"},{"floor":12,"key":"RECALL"},{"data":"champ:DefensiveShout","floor":18,"key":"SMITH"},{"data":"champ:DefensiveStyle","floor":26,"key":"SMITH"},{"data":"champ:SkillfulDodge","floor":35,"key":"SMITH"},{"data":"champ:CalledShot","floor":35,"key":"SMITH"},{"data":"Apotheosis","floor":45,"key":"SMITH"},{"data":"champ:TornadoPunch","floor":45,"key":"SMITH"}],"circlet_count":0,"master_deck":["champ:Strike+1","champ:Strike+1","champ:Strike+1","champ:Strike+1","champ:Defend+1","champ:Defend+1","champ:Defend+1","champ:Defend+1","champ:Execute+1","champ:Taunt+1","champ:FlashCut+1","champ:BringItOn+1","Slimebound:Icky","Slimebound:Icky","champ:TornadoPunch+1","champ:CalledShot+1","champ:Backstep+1","champ:DefensiveShout+1","champ:HoldFirm+1","champ:HoldFirm+1","champ:FlashCut+1","champ:HeavySlash+1","champ:HoldFirm+1","champ:FlashCut+1","Injury","champ:GladiatorsShout+1","champ:GladiatorStyle+1","champ:DefensiveStyle+1","champ:TornadoPunch+1","ReplayTheSpireMod:Doomed","Shame","ReplayTheSpireMod:Splinters","champ:ViciousMockery+1","champ:SkillfulDodge+1","champ:AdrenalArmor+1","champ:AdrenalArmor+1","champ:MurderStrike+1","Clumsy","animator:Curse_GriefSeed","Sickly","champ:SteelEdge+1","champ:Circumvent+1","champ:SkillfulDodge+1","champ:Riposte+1","Apotheosis+1","champ:DefensiveStyle+1","Replay:SS_forest_6+1","expansioncontent:SuperHexaguard+1","expansioncontent:DecasProtection+1","Hallucinations","Parasite","champ:CrookedStrike+1","champ:DefensiveShout+1","champ:Riposte+1","champ:ShieldWall+1"],"relics":["champ:ChampionCrown","Darkstone Periapt","Replay:Baseball","Bronze Scales","Thread and Needle","Cursed Key","Old Coin","Shuriken","Mummified Hand","Replay:Arrowhead","Replay:Ancient Bell","Happy Flower","ReplayTheSpireMod:Shallot","Ice Cream","champ:DefensiveTrainingManual","CaptainsWheel","Pen Nib","Oddly Smooth Stone","Dream Catcher"],"acts_visited":["Exordium","TheCity","TheBeyond"],"potions_floor_usage":[16,33,44],"damage_taken":[{"damage":10,"enemies":"Jaw Worm","floor":2,"turns":5},{"damage":0,"enemies":"2 Louse","floor":3,"turns":4},{"damage":10,"enemies":"Small Slimes","floor":4,"turns":3},{"damage":71,"enemies":"Gremlin Gang","floor":6,"turns":14},{"damage":48,"enemies":"Lagavulin","floor":9,"turns":9},{"damage":21,"enemies":"Large Slime","floor":10,"turns":4},{"damage":10,"enemies":"downfall:FleeingMerchant","floor":13,"turns":4},{"damage":0,"enemies":"3 Louse","floor":14,"turns":1},{"damage":0,"enemies":"2 Fungi Beasts","floor":15,"turns":3},{"damage":42,"enemies":"downfall:Ironclad","floor":16,"turns":11},{"damage":0,"enemies":"3 Byrds","floor":19,"turns":3},{"damage":0,"enemies":"Spheric Guardian","floor":20,"turns":4},{"damage":5,"enemies":"Chosen and Byrds","floor":21,"turns":5},{"damage":35,"enemies":"Cultist and Chosen","floor":23,"turns":8},{"damage":22,"enemies":"Shelled Parasite and Fungi","floor":29,"turns":4},{"damage":0,"enemies":"Snake Plant","floor":30,"turns":3},{"damage":0,"enemies":"Slavers","floor":31,"turns":6},{"damage":12,"enemies":"3 Cultists","floor":32,"turns":5},{"damage":41,"enemies":"downfall:Silent","floor":33,"turns":11},{"damage":4,"enemies":"3 Shapes","floor":36,"turns":6},{"damage":7,"enemies":"3 Darklings","floor":37,"turns":6},{"damage":7,"enemies":"Transient","floor":38,"turns":5},{"damage":5,"enemies":"downfall:FleeingMerchant","floor":39,"turns":4},{"damage":7,"enemies":"Writhing Mass","floor":42,"turns":7},{"damage":2,"enemies":"3 Darklings","floor":43,"turns":5},{"damage":15,"enemies":"Nemesis","floor":44,"turns":9},{"damage":2,"enemies":"Maw","floor":46,"turns":9},{"damage":15,"enemies":"Giant Head","floor":47,"turns":10},{"damage":4,"enemies":"Writhing Mass","floor":49,"turns":6},{"damage":24,"enemies":"downfall:Watcher","floor":50,"turns":10}],"seed_played":"6412276245089335342","potions_obtained":[{"floor":4,"key":"SteroidPotion"},{"floor":6,"key":"FairyPotion"},{"floor":14,"key":"LifebloodPotion"},{"floor":16,"key":"Strength Potion"},{"floor":20,"key":"Strength Potion"},{"floor":23,"key":"DistilledChaos"},{"floor":31,"key":"SkillPotion"},{"floor":33,"key":"Death Potion"},{"floor":43,"key":"EntropicBrew"},{"floor":46,"key":"Regen Potion"},{"floor":49,"key":"Languid Potion"}],"is_trial":false,"path_per_floor":["R","M","M","M","?","M","T","?","E","M","?","R","$","M","M","B",null,"R","M","M","M","?","M","T","?","R","?","T","M","M","E","M","B",null,"R","M","M","M","$","?","T","M","M","E","R","M","E","?","M","B",null],"character_chosen":"THE_CHAMP","items_purchased":["Thread and Needle","champ:HoldFirm","champ:DefensiveTrainingManual","Apotheosis","CaptainsWheel","champ:DefensiveStyle"],"campfire_rested":0,"item_purchase_floors":[13,13,39,39,39,39],"current_hp_per_floor":[99,99,99,94,112,60,60,53,15,40,117,127,127,127,127,85,127,127,127,127,127,133,106,112,118,118,118,124,102,102,102,97,72,169,169,169,166,161,161,151,157,169,169,171,171,179,179,179,181,177],"gold":215,"neow_bonus":"TEN_PERCENT_HP_BONUS","is_daily":false,"chose_seed":false,"campfire_upgraded":6,"win_rate":0.0,"timestamp":1609051092,"path_taken":["R","M","M","M","?","M","T","?","E","?","?","R","$","M","M","BOSS","R","M","?","M","?","M","T","?","R","?","?","M","M","E","M","BOSS","R","?","M","?","$","?","T","M","M","E","R","M","E","?","M","BOSS"],"items_purchased_type":["Relic","Card","Relic","Card","Relic","Card"],"build_version":"2020-12-18","purchased_purges":1,"victory":true,"max_hp_per_floor":[99,99,99,99,117,117,117,117,117,117,117,127,127,127,127,127,127,127,127,127,127,133,133,139,145,145,145,151,151,151,151,151,151,169,169,169,169,169,169,169,175,181,181,181,181,181,181,181,181,181],"card_choices":[{"not_picked":["champ:FocusedDefense","champ:AdrenalArmor"],"picked":"champ:FlashCut","floor":2},{"not_picked":["champ:GladiatorsShout","champ:Haymaker"],"picked":"champ:BringItOn","floor":3},{"not_picked":["champ:EnragedBash","champ:Encircle"],"picked":"champ:Lariat","floor":4},{"not_picked":["champ:SkillfulDodge","champ:BladeFlurry"],"picked":"champ:TornadoPunch","floor":6},{"not_picked":["champ:FalseCounter","champ:DeathBlow"],"picked":"champ:CalledShot","floor":9},{"not_picked":["champ:Encircle","champ:GladiatorsShout"],"picked":"champ:Backstep","floor":10},{"not_picked":["champ:PerfectedStrike","champ:TornadoPunch"],"picked":"champ:DefensiveShout","floor":13},{"not_picked":["champ:RapidStrikes","champ:BringItOn"],"picked":"champ:FlashCut","floor":14},{"not_picked":["champ:Shatter","champ:CalledShot"],"picked":"champ:HeavySlash","floor":15},{"not_picked":["champ:LastStand","champ:HeavySlash"],"picked":"champ:HoldFirm","floor":16},{"not_picked":["champ:PerfectedStrike","champ:HeartStrike","champ:AdrenalArmor"],"picked":"SKIP","floor":19},{"not_picked":["champ:FanOfKnives","champ:BringItOn","champ:CalledShot"],"picked":"SKIP","floor":20},{"not_picked":["champ:Haymaker","champ:Shatter"],"picked":"champ:FlashCut+1","floor":21},{"not_picked":["champ:CalledShot","champ:TornadoPunch"],"picked":"champ:GladiatorsShout+1","floor":22},{"not_picked":["champ:Backstep","champ:CrookedStrike"],"picked":"champ:GladiatorStyle","floor":22},{"not_picked":["champ:EndlessRage+1","champ:FocusedBerserking"],"picked":"champ:DefensiveStyle","floor":22},{"not_picked":["champ:FlashCut","champ:BladeFlurry"],"picked":"champ:TornadoPunch+1","floor":23},{"not_picked":["champ:StanceDance","champ:BringItOn+1"],"picked":"champ:ViciousMockery","floor":29},{"not_picked":["champ:Lariat","champ:BerserkerStyle"],"picked":"champ:SkillfulDodge","floor":30},{"not_picked":["champ:FocusedGladiator+1","champ:PreciseThrust"],"picked":"champ:AdrenalArmor","floor":31},{"not_picked":["champ:Devastate","champ:GladiatorsShout"],"picked":"champ:AdrenalArmor","floor":32},{"not_picked":["champ:CrownThrow","champ:VampiricStrike"],"picked":"champ:MurderStrike","floor":33},{"not_picked":["animator:Curse_Dizziness","Looming Evil"],"picked":"Clumsy","floor":34},{"not_picked":["Looming Evil","sneckomod:Bewildered"],"picked":"animator:Curse_GriefSeed","floor":34},{"not_picked":["Amnesia","Regret"],"picked":"Sickly","floor":34},{"not_picked":["champ:GladiatorsShout+1","champ:Riposte"],"picked":"champ:SteelEdge","floor":36},{"not_picked":["champ:FlashCut+1","champ:RisingSlash"],"picked":"champ:Circumvent","floor":37},{"not_picked":["champ:GladiatorsShout+1","champ:BerserkersShout"],"picked":"champ:SkillfulDodge+1","floor":38},{"not_picked":["champ:DeathBlow","champ:PreciseThrust+1"],"picked":"champ:Riposte+1","floor":39},{"not_picked":["expansioncontent:LastStand","Replay:SS_fish_3"],"picked":"Replay:SS_forest_6","floor":40},{"not_picked":["expansioncontent:YouAreMine","expansioncontent:Torchfire"],"picked":"expansioncontent:SuperHexaguard","floor":40},{"not_picked":["expansioncontent:ChargeUp","expansioncontent:DefensiveMode"],"picked":"expansioncontent:DecasProtection","floor":40},{"not_picked":["champ:FocusedBerserking+1","champ:PerfectedStrike"],"picked":"champ:CrookedStrike+1","floor":42},{"not_picked":["champ:AdrenalArmor","champ:FanOfKnives+1","champ:CrookedStrike"],"picked":"SKIP","floor":43},{"not_picked":["champ:CrookedStrike","champ:SwordThrow","champ:FightOn"],"picked":"SKIP","floor":44},{"not_picked":["champ:CrookedStrike+1","champ:EndlessRage"],"picked":"champ:DefensiveShout+1","floor":46},{"not_picked":["champ:CrookedStrike","champ:FaceSlap+1"],"picked":"champ:Riposte+1","floor":47},{"not_picked":["champ:Lariat+1","champ:DefensiveStyle+1"],"picked":"champ:ShieldWall+1","floor":49}],"player_experience":539976,"relics_obtained":[{"floor":1,"key":"Darkstone Periapt"},{"floor":9,"key":"Bronze Scales"},{"floor":24,"key":"Old Coin"},{"floor":28,"key":"Mummified Hand"},{"floor":31,"key":"Replay:Arrowhead"},{"floor":41,"key":"Pen Nib"},{"floor":44,"key":"Oddly Smooth Stone"},{"floor":47,"key":"Dream Catcher"}],"event_choices":[{"damage_healed":0,"gold_gain":0,"player_choice":"Success","damage_taken":7,"relics_obtained":["Replay:Baseball"],"max_hp_gain":0,"max_hp_loss":0,"event_name":"Scrap Ooze","floor":8,"gold_loss":0},{"cards_removed":["champ:Lariat"],"damage_healed":77,"gold_gain":0,"player_choice":"Offered Uncommon","damage_taken":0,"max_hp_gain":0,"max_hp_loss":0,"event_name":"Bonfire Elementals","floor":11,"gold_loss":0},{"damage_healed":0,"gold_gain":0,"player_choice":"Stole Relic","damage_taken":0,"relics_obtained":["Shuriken"],"max_hp_gain":0,"max_hp_loss":0,"event_name":"Addict","floor":25,"gold_loss":0,"cards_obtained":["Shame"]}],"is_beta":true,"boss_relics":[{"not_picked":["Replay:Wanted Poster","Empty Cage"],"picked":"Cursed Key"},{"not_picked":["Kintsugi","SlaversCollar"],"picked":"Replay:Ancient Bell"},{"not_picked":["Replay:Wax Seal","Replay:Mystery Machine"],"picked":"Happy Flower"},{"not_picked":["Garlic","ReplayTheSpireMod:Ninjato"],"picked":"ReplayTheSpireMod:Shallot"},{"not_picked":["Torii","Bird Faced Urn"],"picked":"Ice Cream"}],"items_purged_floors":[13],"is_endless":false,"potions_floor_spawned":[4,6,14,16,20,23,31,33,37,43,46,47,49],"ascension_level":0}}