{"host":"7pe9xwx78c6nlay8","time":1609096570,"event":{"mods":["BaseMod","Minty Spire (QoL Compilation)"],"gold_per_floor":[117,117,133,151,168,198,198,212,212,212,212,241,256,256,256,328,328,339,349,78,91,106,106,106],"floor_reached":23,"playtime":988,"items_purged":["Parasite"],"score":349,"play_id":"ac07135a-dc95-4f55-a6ef-e8441338a783","local_time":"20201228031610","is_ascension_mode":true,"campfire_choices":[{"data":"TalkToTheHand","floor":7.0,"key":"SMITH"},{"floor":10.0,"key":"DIG"},{"floor":15,"key":"DIG"}],"circlet_count":0,"master_deck":["AscendersBane","Strike_P","Strike_P","Strike_P","Defend_P","Defend_P","Defend_P","Eruption","Vigilance","Wallop","WreathOfFlame","EmptyBody","Evaluate","TalkToTheHand+1","PathToVictory","Alpha","Alpha","ThirdEye+1","JustLucky","Weave","PathToVictory"],"relics":["PureWater","Ornamental Fan","Shovel","Lizard Tail","Incense Burner","Strawberry","Bird Faced Urn","Sozu","Bronze Scales"],"acts_visited":["Exordium","TheCity"],"potions_floor_usage":[18],"damage_taken":[{"damage":0.0,"enemies":"Cultist","floor":1.0,"turns":3.0},{"damage":0.0,"enemies":"Small Slimes","floor":3.0,"turns":2.0},{"damage":0.0,"enemies":"2 Louse","floor":4.0,"turns":2.0},{"damage":0.0,"enemies":"2 Fungi Beasts","floor":5.0,"turns":3.0},{"damage":26.0,"enemies":"3 Sentries","floor":6.0,"turns":10.0},{"damage":0.0,"enemies":"3 Louse","floor":8.0,"turns":4.0},{"damage":7.0,"enemies":"Lagavulin","floor":12.0,"turns":5.0},{"damage":11,"enemies":"Lots of Slimes","floor":13,"turns":7},{"damage":21,"enemies":"Slime Boss","floor":16,"turns":7},{"damage":46,"enemies":"3 Byrds","floor":18,"turns":5},{"damage":0,"enemies":"Chosen","floor":19,"turns":4},{"damage":46,"enemies":"Shelled Parasite and Fungi","floor":21,"turns":5},{"damage":0,"enemies":"Snecko","floor":22,"turns":4},{"damage":43,"enemies":"Slavers","floor":23,"turns":3}],"seed_played":"7612451369255409506","potions_obtained":[{"floor":1.0,"key":"DistilledChaos"},{"floor":3.0,"key":"StancePotion"},{"floor":4.0,"key":"LiquidMemories"},{"floor":6.0,"key":"ColorlessPotion"},{"floor":16,"key":"BlessingOfTheForge"}],"is_trial":false,"path_per_floor":["M","?","M","M","M","E","R","M","T","R","?","E","M","?","R","B",null,"M","M","$","M","M","E"],"character_chosen":"WATCHER","items_purchased":["Bronze Scales","JustLucky"],"campfire_rested":0,"item_purchase_floors":[20,20],"current_hp_per_floor":[61,54,54,54,54,28,28,28,28,28,21,21,10,28,28,9,59,15,17,17,36,38,0,0],"gold":106,"neow_bonus":"TRANSFORM_TWO_CARDS","is_daily":false,"chose_seed":false,"campfire_upgraded":1,"win_rate":0.0,"timestamp":1609096570,"path_taken":["M","?","M","M","M","E","R","M","T","R","?","E","M","?","R","BOSS","M","M","$","M","M","E"],"items_purchased_type":["Relic","Card"],"build_version":"2020-12-22","purchased_purges":1,"victory":false,"max_hp_per_floor":[68,68,68,68,68,68,68,68,68,68,68,75,75,75,75,75,75,75,75,72,72,72,72,72],"card_choices":[{"not_picked":["CarveReality","Consecrate"],"picked":"EmptyBody","floor":1.0},{"not_picked":["Perseverance","Protect"],"picked":"Evaluate","floor":3.0},{"not_picked":["Wallop","PathToVictory"],"picked":"TalkToTheHand","floor":4.0},{"not_picked":["Omniscience","Crescendo"],"picked":"PathToVictory","floor":5.0},{"not_picked":["ClearTheMind","CutThroughFate"],"picked":"Alpha","floor":6.0},{"not_picked":["FlyingSleeves","Evaluate","SashWhip"],"picked":"SKIP","floor":8.0},{"not_picked":["Sanctity","Worship","ClearTheMind"],"picked":"SKIP","floor":12.0},{"not_picked":["Consecrate","CrushJoints"],"picked":"Alpha","floor":13},{"not_picked":["FearNoEvil","SashWhip"],"picked":"ThirdEye+1","floor":18},{"not_picked":["Halt","Evaluate","SandsOfTime"],"picked":"SKIP","floor":19},{"not_picked":["FearNoEvil","JustLucky"],"picked":"Weave","floor":21},{"not_picked":["InnerPeace","EmptyMind+1"],"picked":"PathToVictory","floor":22}],"player_experience":1570232,"relics_obtained":[{"floor":6.0,"key":"Ornamental Fan"},{"floor":9.0,"key":"Shovel"},{"floor":10.0,"key":"Lizard Tail"},{"floor":12.0,"key":"Strawberry"},{"floor":15,"key":"Bird Faced Urn"}],"event_choices":[{"cards_removed":["Clumsy"],"damage_healed":0.0,"max_hp_gain":0.0,"max_hp_loss":0.0,"gold_gain":0.0,"event_name":"Golden Wing","player_choice":"Card Removal","floor":2.0,"gold_loss":0.0,"damage_taken":7.0},{"damage_healed":0.0,"max_hp_gain":0.0,"max_hp_loss":0.0,"gold_gain":0.0,"event_name":"Scrap Ooze","player_choice":"Success","floor":11.0,"gold_loss":0.0,"damage_taken":7.0,"relics_obtained":["Incense Burner"]},{"damage_healed":18,"gold_gain":0,"player_choice":"Healed and dodged fight","damage_taken":0,"max_hp_gain":0,"max_hp_loss":0,"event_name":"Mushrooms","floor":14,"gold_loss":0,"cards_obtained":["Parasite"]}],"is_beta":false,"boss_relics":[{"not_picked":["Pandora\u0027s Box","Ectoplasm"],"picked":"Sozu"}],"items_purged_floors":[20],"is_endless":false,"potions_floor_spawned":[1,3,4,6,16,19],"killed_by":"Slavers","ascension_level":14}}