{"host":"mwqnlghgfp5mgeui","time":1609100120,"event":{"mods":["2.2 Compatiblity","BaseMod","DeckTracker","Highlight Path","Minty Spire (QoL Compilation)","SuperFastMode","everything is the same but u backflip on backflip"],"gold_per_floor":[117,135,148,128,147,181,181,191,215,215,226,226,226,239,239,339,339,354,364,383,152,152,152,252,264,264,264,264],"floor_reached":27,"playtime":1271,"items_purged":[],"score":217,"play_id":"d8a568b4-0b16-4317-8f5e-c4f47809b17e","local_time":"20201228051520","is_ascension_mode":false,"campfire_choices":[{"floor":7,"key":"REST"},{"floor":10,"key":"REST"},{"floor":15,"key":"REST"},{"floor":23,"key":"REST"}],"circlet_count":0,"master_deck":["Strike_G","Strike_G","Strike_G","Strike_G","Defend_G","Defend_G","Defend_G","Defend_G","Survivor","Neutralize","Crippling Poison","Cloak And Dagger+1","Riddle With Holes","Bane","Concentrate","Corpse Explosion","Backstab","Bouncing Flask","Night Terror","Bane+1","Dodge and Roll+1","Deadly Poison","Poisoned Stab","Terror","Infinite Blades","Calculated Gamble","Corpse Explosion"],"relics":["Ring of the Snake","Bottled Flame","Tiny Chest","Runic Pyramid","Shuriken","Letter Opener"],"acts_visited":["Exordium","TheCity"],"potions_floor_usage":[16,16,20,20],"damage_taken":[{"damage":0,"enemies":"Cultist","floor":1,"turns":4},{"damage":4,"enemies":"Jaw Worm","floor":2,"turns":5},{"damage":0,"enemies":"2 Louse","floor":3,"turns":3},{"damage":9,"enemies":"Exordium Thugs","floor":5,"turns":7},{"damage":21,"enemies":"3 Sentries","floor":6,"turns":12},{"damage":4,"enemies":"Blue Slaver","floor":8,"turns":5},{"damage":4,"enemies":"3 Louse","floor":11,"turns":3},{"damage":13,"enemies":"Exordium Thugs","floor":14,"turns":4},{"damage":31,"enemies":"Hexaghost","floor":16,"turns":9},{"damage":15,"enemies":"Shell Parasite","floor":18,"turns":6},{"damage":18,"enemies":"2 Thieves","floor":19,"turns":4},{"damage":19,"enemies":"3 Cultists","floor":20,"turns":6},{"damage":23,"enemies":"Snake Plant","floor":25,"turns":5},{"damage":22,"enemies":"Cultist and Chosen","floor":27,"turns":4}],"seed_played":"6000173512074949761","potions_obtained":[{"floor":5,"key":"Poison Potion"},{"floor":6,"key":"AttackPotion"},{"floor":8,"key":"FearPotion"},{"floor":18,"key":"Fire Potion"}],"is_trial":false,"path_per_floor":["M","M","M","?","M","E","R","M","T","R","M","?","?","M","R","B",null,"M","M","M","$","T","R","?","M","T","M"],"character_chosen":"THE_SILENT","items_purchased":["Poisoned Stab","Terror","Infinite Blades","Calculated Gamble"],"campfire_rested":4,"item_purchase_floors":[21,21,21,21],"current_hp_per_floor":[70,66,66,66,57,36,57,53,53,70,66,66,66,53,70,39,70,55,37,18,18,18,39,39,16,16,0,0],"gold":264,"neow_bonus":"REMOVE_CARD","is_daily":false,"chose_seed":false,"campfire_upgraded":0,"win_rate":0.0,"timestamp":1609100120,"path_taken":["M","?","M","?","M","E","R","M","T","R","M","?","?","?","R","BOSS","M","M","M","$","?","R","?","M","T","M"],"items_purchased_type":["Card","Card","Card","Card"],"build_version":"2020-12-22","purchased_purges":0,"victory":false,"max_hp_per_floor":[70,70,70,70,70,70,70,70,70,70,70,70,70,70,70,70,70,70,70,70,70,70,70,70,70,70,70,70],"card_choices":[{"not_picked":["Acrobatics","Prepared"],"picked":"Crippling Poison","floor":1},{"not_picked":["Concentrate","Predator"],"picked":"Cloak And Dagger","floor":2},{"not_picked":["Acrobatics","Underhanded Strike"],"picked":"Riddle With Holes","floor":3},{"not_picked":["Blade Dance","Cloak And Dagger"],"picked":"Bane","floor":5},{"not_picked":["Infinite Blades","Sucker Punch"],"picked":"Concentrate","floor":6},{"not_picked":["Flying Knee","Infinite Blades"],"picked":"Corpse Explosion","floor":8},{"not_picked":["Sucker Punch","Dagger Spray"],"picked":"Backstab","floor":11},{"not_picked":["Leg Sweep","Sucker Punch"],"picked":"Bouncing Flask","floor":14},{"not_picked":["Adrenaline","A Thousand Cuts"],"picked":"Night Terror","floor":16},{"not_picked":["Tactician+1","Expertise"],"picked":"Bane+1","floor":18},{"not_picked":["Footwork+1","Blade Dance"],"picked":"Dodge and Roll+1","floor":19},{"not_picked":["Flechettes","Heel Hook"],"picked":"Deadly Poison","floor":20},{"not_picked":["Deadly Poison","Leg Sweep"],"picked":"Corpse Explosion","floor":25}],"player_experience":119623,"relics_obtained":[{"floor":6,"key":"Bottled Flame"},{"floor":9,"key":"Tiny Chest"},{"floor":22,"key":"Shuriken"},{"floor":26,"key":"Letter Opener"}],"event_choices":[{"damage_healed":0,"gold_gain":0,"player_choice":"Left Gold","damage_taken":0,"max_hp_gain":0,"max_hp_loss":0,"event_name":"World of Goop","floor":4,"gold_loss":20},{"damage_healed":0,"gold_gain":0,"player_choice":"Grow","damage_taken":0,"max_hp_gain":0,"max_hp_loss":0,"event_name":"Living Wall","floor":12,"gold_loss":0,"cards_upgraded":["Cloak And Dagger"]},{"cards_removed":["Strike_G"],"damage_healed":0,"gold_gain":0,"player_choice":"Purged","damage_taken":0,"max_hp_gain":0,"max_hp_loss":0,"event_name":"Purifier","floor":13,"gold_loss":0},{"damage_healed":0,"gold_gain":100,"player_choice":"Pray","damage_taken":0,"max_hp_gain":0,"max_hp_loss":0,"event_name":"Golden Shrine","floor":24,"gold_loss":0}],"is_beta":false,"boss_relics":[{"not_picked":["Fusion Hammer","Tiny House"],"picked":"Runic Pyramid"}],"items_purged_floors":[],"is_endless":false,"potions_floor_spawned":[5,6,8,11,14,18],"killed_by":"Cultist and Chosen","ascension_level":0}}