{"host":"qrbkigq52dd42dk0","time":1609106926,"event":{"mods":["AchievementEnabler","BaseMod","Colored Map","Colored Powertips","Downfall","Minty Spire (QoL Compilation)","Quick Restart","StSLib","SuperFastMode"],"gold_per_floor":[99,110,210,210,150,164,164,164,177,127,37,57,7,21,35,131,131,6,25,43,55,155,255,255,92,92,92,92],"floor_reached":26,"playtime":1332,"items_purged":["Regret"],"score":223,"play_id":"3632e57b-4df8-488c-86ab-aef99247047a","local_time":"20201227230846","is_ascension_mode":false,"campfire_choices":[{"floor":1.0,"key":"RECALL"},{"data":"Slimebound:GrowthPunch","floor":10.0,"key":"SMITH"},{"data":"Slimebound:LevelUp","floor":13.0,"key":"SMITH"},{"data":"Slimebound:OozeBath","floor":18.0,"key":"SMITH"}],"circlet_count":0,"master_deck":["Slimebound:Strike_Slimebound","Slimebound:Strike_Slimebound+1","Slimebound:Tackle+1","Slimebound:Defend_Slimebound","Slimebound:Defend_Slimebound","Slimebound:Defend_Slimebound","Slimebound:Split+1","Slimebound:CorrosiveSpit","Slimebound:SamplingLick","Slimebound:MinionMaster","Slimebound:SamplingLick","Slimebound:LeechingTouch","Slimebound:GrowthPunch+1","Slimebound:LevelUp+1","Slimebound:HauntingLick","Slimebound:Gluttony","Slimebound:SamplingLick","Slimebound:OozeBath+1","Slimebound:SplitMire","Slimebound:ViciousTackle","Slimebound:SlimeSpikes","Slimebound:Prepare","J.A.X.","Slimebound:ProtectTheBoss+1","Slimebound:LeechingTouch+1","Slimebound:MassFeed"],"relics":["Slimebound:AbsorbEndCombat","Slimebound:GreedOozeRelic","Velvet Choker","downfall:HeartBlessingBlue","MutagenicStrength","Unceasing Top","Eternal Feather","Juzu Bracelet","Oddly Smooth Stone"],"acts_visited":["Exordium","TheCity"],"potions_floor_usage":[],"damage_taken":[{"damage":4.0,"enemies":"2 Louse","floor":2.0,"turns":2.0},{"damage":7.0,"enemies":"downfall:FleeingMerchant","floor":5.0,"turns":4.0},{"damage":4.0,"enemies":"Small Slimes","floor":6.0,"turns":2.0},{"damage":18.0,"enemies":"Jaw Worm","floor":9.0,"turns":2.0},{"damage":10.0,"enemies":"downfall:FleeingMerchant","floor":11.0,"turns":4.0},{"damage":12.0,"enemies":"2 Fungi Beasts","floor":12.0,"turns":3.0},{"damage":13.0,"enemies":"Large Slime","floor":14.0,"turns":4.0},{"damage":11.0,"enemies":"3 Louse","floor":15.0,"turns":4.0},{"damage":57.0,"enemies":"downfall:Silent","floor":16.0,"turns":9.0},{"damage":24.0,"enemies":"Spheric Guardian","floor":19.0,"turns":4.0},{"damage":8.0,"enemies":"Snecko","floor":20.0,"turns":4.0},{"damage":16.0,"enemies":"Snake Plant","floor":21.0,"turns":3.0},{"damage":51.0,"enemies":"downfall:Augmenter","floor":22.0,"turns":5.0},{"damage":21.0,"enemies":"downfall:Ironclad","floor":23.0,"turns":4.0},{"damage":15.0,"enemies":"downfall:FleeingMerchant","floor":25.0,"turns":4.0},{"damage":0,"enemies":"Book of Stabbing","floor":26,"turns":1}],"seed_played":"6437336795624016891","potions_obtained":[{"floor":6.0,"key":"Energy Potion"},{"floor":9.0,"key":"EntropicBrew"},{"floor":12.0,"key":"sneckomod:MuddlingPotion"}],"is_trial":false,"path_per_floor":["R","M","?","?","$","M","T","?","M","R","$","M","R","M","M","B",null,"R","M","M","M","?","?","T","$","E"],"character_chosen":"SLIMEBOUND","items_purchased":["Slimebound:SamplingLick","Oddly Smooth Stone"],"campfire_rested":0,"item_purchase_floors":[5,25],"current_hp_per_floor":[66,66,66,66,65,66,66,66,58,58,64,62,62,61,58,23,66,76,66,70,66,29,26,26,27,27,27,27],"gold":92,"neow_bonus":"TEN_PERCENT_HP_BONUS","is_daily":false,"chose_seed":false,"campfire_upgraded":3,"win_rate":0.0,"timestamp":1609106926,"path_taken":["R","M","?","?","$","M","T","?","M","R","?","M","R","M","M","BOSS","R","M","M","M","?","?","T","$","E"],"items_purchased_type":["Card","Relic"],"build_version":"2020-12-22","purchased_purges":1,"victory":false,"max_hp_per_floor":[66,66,66,66,66,66,66,66,66,66,66,66,66,66,66,66,66,76,76,76,76,76,76,76,76,76,76,76],"card_choices":[{"not_picked":["Slimebound:Nibble","Slimebound:SplitAcid"],"picked":"Slimebound:SamplingLick","floor":2.0},{"not_picked":["Slimebound:GrowthPunch","Slimebound:GoopTackle"],"picked":"Slimebound:MinionMaster","floor":5.0},{"not_picked":["Slimebound:SlimeSpikes","Slimebound:FinishingTackle"],"picked":"Slimebound:LeechingTouch","floor":6.0},{"not_picked":["Slimebound:SplitAcid","Slimebound:LeadByExample"],"picked":"Slimebound:GrowthPunch","floor":9.0},{"not_picked":["Slimebound:GrowthPunch","Slimebound:SlimeSpikes"],"picked":"Slimebound:LevelUp","floor":11.0},{"not_picked":["Slimebound:Grow","Slimebound:DisruptingSlam"],"picked":"Slimebound:HauntingLick","floor":12.0},{"not_picked":["Slimebound:FormOfPuddle","Slimebound:FinishingTackle"],"picked":"Slimebound:Gluttony","floor":14.0},{"not_picked":["Slimebound:HauntingLick","Slimebound:GoopSpray"],"picked":"Slimebound:SamplingLick","floor":15.0},{"not_picked":["Slimebound:OneTwoCombo","Slimebound:RallyTheTroops"],"picked":"Slimebound:OozeBath","floor":16.0},{"not_picked":["Slimebound:SplitBruiser","Slimebound:FinishingTackle"],"picked":"Slimebound:SplitMire","floor":19.0},{"not_picked":["Slimebound:SlimeSpikes","Slimebound:SplitAcid","Slimebound:ProtectTheBoss"],"picked":"SKIP","floor":20.0},{"not_picked":["Slimebound:LeadByExample","Slimebound:SplitMire"],"picked":"Slimebound:ViciousTackle","floor":21.0},{"not_picked":[],"picked":"J.A.X.","floor":22.0},{"not_picked":["Slimebound:SplitAcid","Slimebound:ComboTackle"],"picked":"Slimebound:ProtectTheBoss+1","floor":22.0},{"not_picked":["Slimebound:ComboTackle","Slimebound:GrowthPunch"],"picked":"Slimebound:LeechingTouch+1","floor":23.0},{"not_picked":["Slimebound:Nibble+1","Slimebound:SplitAcid+1"],"picked":"Slimebound:MassFeed","floor":25.0}],"player_experience":104113,"relics_obtained":[{"floor":22.0,"key":"MutagenicStrength"},{"floor":23.0,"key":"Unceasing Top"},{"floor":23.0,"key":"Eternal Feather"},{"floor":24.0,"key":"Juzu Bracelet"}],"event_choices":[],"is_beta":false,"boss_relics":[{"not_picked":["Busted Crown","Astrolabe"],"picked":"Velvet Choker"}],"items_purged_floors":[11],"is_endless":false,"potions_floor_spawned":[6,9,12,14,16,21],"killed_by":"Book of Stabbing","ascension_level":0}}