{"host":"yvoppmyq353hf3pf","time":1609055040,"event":{"mods":["BaseMod","Colored Map","Colored Powertips","Downfall","Minty Spire (QoL Compilation)","StSLib"],"gold_per_floor":[99,119,138,155,255,255,255,255,255,84,114,130,130,141,152,257,257,257,269,281,48,62,62,87,115,139,164,197,221,158,204,238,358,420,432,462,9,9,30,30,84,102,126,140,165,189,114,48,71,71],"floor_reached":51,"playtime":3758,"items_purged":["hexamod:Strike","hexamod:Strike"],"score":709,"play_id":"83e85993-a8c8-4c86-9c40-50f8f3378001","local_time":"20201227014400","is_ascension_mode":false,"campfire_choices":[{"data":"hexamod:Float","floor":1.0,"key":"SMITH"},{"data":"hexamod:Sear","floor":9.0,"key":"SMITH"},{"floor":13.0,"key":"REST"},{"floor":18.0,"key":"RECALL"},{"floor":30.0,"key":"REST"},{"floor":35,"key":"REST"},{"floor":47,"key":"REST"}],"circlet_count":0,"master_deck":["hexamod:Strike+1","hexamod:Defend+1","hexamod:Defend+1","hexamod:Defend+1","hexamod:Sear+1","hexamod:Float+1","expansioncontent:YouAreMine+1","hexamod:EtherealExpedition+1","hexamod:HauntingEcho+1","hexamod:HeatMetal+1","hexamod:BurningTouch+1","hexamod:VolcanoVisage+1","hexamod:BurningTouch+1","hexamod:SearingWound+1","hexamod:GhostOfSpirePresent+1","hexamod:FirstSeal","hexamod:ExtraCrispy+1","hexamod:PhantomFireball+1","hexamod:FastForward+1","hexamod:PhantomFireball+1","hexamod:StepThrough+1","hexamod:PhantomFireball+1","hexamod:SearingWound+1","hexamod:AdvancingGuard+1","hexamod:Hexaguard+1","hexamod:SpectersWail+1","expansioncontent:QuickStudy+1","expansioncontent:Chronoboost+1","hexamod:Again+1","hexamod:FastForward+1"],"relics":["hexamod:SpiritBrand","TungstenRod","Pear","Lantern","Oddly Smooth Stone","Fusion Hammer","MawBank","downfall:HeartBlessingRed","Red Mask","Tiny House","Toxic Egg 2","Centennial Puzzle","downfall:HeartBlessingBlue","Mango","hexamod:TheBrokenSeal"],"acts_visited":["Exordium","TheCity","TheBeyond"],"potions_floor_usage":[42,42,42,50,50,50],"damage_taken":[{"damage":0.0,"enemies":"Small Slimes","floor":2.0,"turns":3.0},{"damage":1.0,"enemies":"Jaw Worm","floor":3.0,"turns":4.0},{"damage":0.0,"enemies":"Cultist","floor":4.0,"turns":3.0},{"damage":31.0,"enemies":"downfall:Heads","floor":5.0,"turns":9.0},{"damage":0.0,"enemies":"downfall:FleeingMerchant","floor":10.0,"turns":4.0},{"damage":16.0,"enemies":"3 Sentries","floor":11.0,"turns":5.0},{"damage":3.0,"enemies":"Large Slime","floor":12.0,"turns":3.0},{"damage":0.0,"enemies":"Blue Slaver","floor":14.0,"turns":3.0},{"damage":4.0,"enemies":"Gremlin Gang","floor":15.0,"turns":4.0},{"damage":40.0,"enemies":"downfall:Watcher","floor":16.0,"turns":9.0},{"damage":13.0,"enemies":"Shell Parasite","floor":19.0,"turns":5.0},{"damage":10.0,"enemies":"3 Byrds","floor":20.0,"turns":4.0},{"damage":0.0,"enemies":"downfall:FleeingMerchant","floor":21.0,"turns":4.0},{"damage":0.0,"enemies":"Sentry and Sphere","floor":22.0,"turns":3.0},{"damage":22.0,"enemies":"Cultist and Chosen","floor":25.0,"turns":7.0},{"damage":10.0,"enemies":"Centurion and Healer","floor":26.0,"turns":7.0},{"damage":12.0,"enemies":"Shelled Parasite and Fungi","floor":27.0,"turns":5.0},{"damage":11.0,"enemies":"Chosen and Byrds","floor":28.0,"turns":5.0},{"damage":4.0,"enemies":"Sentry and Sphere","floor":29.0,"turns":4.0},{"damage":41.0,"enemies":"Masked Bandits","floor":31.0,"turns":5.0},{"damage":23.0,"enemies":"Shelled Parasite and Fungi","floor":32.0,"turns":4.0},{"damage":58.0,"enemies":"downfall:Silent","floor":33.0,"turns":8.0},{"damage":22,"enemies":"3 Darklings","floor":36,"turns":4},{"damage":1,"enemies":"downfall:FleeingMerchant","floor":37,"turns":4},{"damage":13,"enemies":"3 Shapes","floor":39,"turns":5},{"damage":7,"enemies":"Writhing Mass","floor":42,"turns":5},{"damage":14,"enemies":"Sphere and 2 Shapes","floor":43,"turns":6},{"damage":13,"enemies":"3 Darklings","floor":44,"turns":6},{"damage":16,"enemies":"Writhing Mass","floor":46,"turns":4},{"damage":0,"enemies":"downfall:FleeingMerchant","floor":48,"turns":2},{"damage":27,"enemies":"4 Shapes","floor":49,"turns":7},{"damage":39,"enemies":"downfall:Ironclad","floor":50,"turns":10}],"seed_played":"5877720524549436988","potions_obtained":[{"floor":3.0,"key":"PowerPotion"},{"floor":11.0,"key":"Slimebound:ThreeZeroPotion"},{"floor":12.0,"key":"DuplicationPotion"},{"floor":20.0,"key":"Fire Potion"},{"floor":22.0,"key":"hexamod:EctoCoolerPotion"},{"floor":27.0,"key":"EntropicBrew"},{"floor":29.0,"key":"CultistPotion"},{"floor":32.0,"key":"FairyPotion"},{"floor":33.0,"key":"champ:CounterPotion"},{"floor":33.0,"key":"SkillPotion"},{"floor":34,"key":"Slimebound:ThreeZeroPotion"},{"floor":39,"key":"DistilledChaos"},{"floor":42,"key":"Slimebound:ThreeZeroPotion"},{"floor":43,"key":"Slimebound:ThreeZeroPotion"},{"floor":43,"key":"Strength Potion"}],"is_trial":false,"path_per_floor":["R","M","M","M","?","?","T","?","R","$","E","M","R","M","M","B",null,"R","M","M","$","M","?","T","M","M","M","M","M","R","?","M","B",null,"R","M","$","?","M","?","T","M","M","M","T","M","R","$","M","B",null],"character_chosen":"THE_SPIRIT","items_purchased":["Lantern","hexamod:ExtraCrispy","hexamod:PhantomFireball","Toxic Egg 2","expansioncontent:QuickStudy+1","Mango"],"campfire_rested":4,"item_purchase_floors":[10,21,21,37,37,48],"current_hp_per_floor":[70,70,69,69,38,35,45,39,39,46,37,41,65,72,75,35,80,80,74,78,80,80,80,80,65,69,71,74,80,80,53,37,19,85,85,77,83,83,84,84,84,85,85,85,85,83,95,109,96,119],"gold":71,"neow_bonus":"RANDOM_COLORLESS","is_daily":false,"chose_seed":false,"campfire_upgraded":2,"win_rate":0.0,"timestamp":1609055040,"path_taken":["R","M","M","M","?","?","T","?","R","$","E","M","R","M","M","BOSS","R","M","M","$","M","?","T","M","M","?","M","M","R","?","M","BOSS","R","M","$","?","M","?","T","M","M","M","?","?","R","$","M","BOSS"],"items_purchased_type":["Relic","Card","Card","Relic","Card","Relic"],"build_version":"2020-12-22","purchased_purges":2,"victory":true,"max_hp_per_floor":[70,70,70,70,70,70,80,80,80,80,80,80,80,80,80,80,80,80,80,80,80,80,80,80,80,80,80,80,80,80,80,80,80,85,85,85,85,85,85,85,85,85,85,85,85,85,95,109,109,119],"card_choices":[{"not_picked":["Forethought","expansioncontent:SlimeTackle"],"picked":"expansioncontent:YouAreMine","floor":0.0},{"not_picked":["hexamod:ThermalTransfer","hexamod:Hexaguard"],"picked":"hexamod:EtherealExpedition","floor":2.0},{"not_picked":["hexamod:Incineration","hexamod:EmpoweredFlame","hexamod:HeatShield"],"picked":"SKIP","floor":3.0},{"not_picked":["hexamod:Hexaguard","hexamod:BurningTouch"],"picked":"hexamod:HauntingEcho","floor":4.0},{"not_picked":["hexamod:NightmareGuise","hexamod:HeatCrush"],"picked":"hexamod:BurningTouch","floor":5.0},{"not_picked":["hexamod:InspiringFlames","hexamod:RainOfEmbers"],"picked":"hexamod:VolcanoVisage","floor":10.0},{"not_picked":["hexamod:Firestarter","hexamod:HauntingEcho"],"picked":"hexamod:BurningTouch","floor":11.0},{"not_picked":["hexamod:GhostOfSpireFuture","hexamod:SwordOfDarkness","hexamod:EmpoweredFlame"],"picked":"SKIP","floor":12.0},{"not_picked":["hexamod:SwordOfDarkness","hexamod:RainOfEmbers"],"picked":"hexamod:SearingWound","floor":14.0},{"not_picked":["hexamod:HauntingEcho","hexamod:BurningTouch"],"picked":"hexamod:GhostOfSpirePresent","floor":15.0},{"not_picked":["hexamod:SearingWound","hexamod:HexaLevel"],"picked":"hexamod:SixthSeal","floor":16.0},{"not_picked":["hexamod:ThermalTransfer","hexamod:GhostLash"],"picked":"hexamod:FirstSeal","floor":19.0},{"not_picked":["hexamod:ShieldOfDarkness","hexamod:Firestarter","hexamod:Hexaguard"],"picked":"SKIP","floor":20.0},{"not_picked":["hexamod:GhostLash","hexamod:BacktrackSmack","hexamod:Firestarter"],"picked":"SKIP","floor":21.0},{"not_picked":["hexamod:SwordOfDarkness","hexamod:Hexaguard"],"picked":"hexamod:FastForward","floor":22.0},{"not_picked":["hexamod:NecessarySacrifice","hexamod:PhantomCloak","hexamod:NightmareStrike"],"picked":"SKIP","floor":25.0},{"not_picked":["hexamod:ThirdSeal","hexamod:RadiantFlame"],"picked":"hexamod:FourthSeal","floor":26.0},{"not_picked":["hexamod:ThermalTransfer","hexamod:GhostflameInferno"],"picked":"hexamod:SecondSeal","floor":27.0},{"not_picked":["hexamod:Rewind","hexamod:SkipABeat+1"],"picked":"hexamod:PhantomFireball","floor":28.0},{"not_picked":["hexamod:GhostOfSpirePast","hexamod:GhostOfSpirePresent","hexamod:SkipABeat"],"picked":"SKIP","floor":29.0},{"not_picked":["hexamod:RecurringNightmare+1","hexamod:GhostOfSpirePresent"],"picked":"hexamod:StepThrough+1","floor":31.0},{"not_picked":["hexamod:Hexaguard","hexamod:FastForward"],"picked":"hexamod:PhantomFireball","floor":32.0},{"not_picked":["hexamod:CrushingStance","hexamod:GhostflameInferno"],"picked":"hexamod:SearingWound","floor":33.0},{"not_picked":["hexamod:InspiringFlames","hexamod:NightmareStrike+1"],"picked":"hexamod:AdvancingGuard+1","floor":34},{"not_picked":["hexamod:SpectralAdrenaline+1","hexamod:HeatCrush"],"picked":"hexamod:Hexaguard+1","floor":36},{"not_picked":["hexamod:SkipABeat+1","hexamod:UnleashSpirits"],"picked":"hexamod:SpectersWail+1","floor":37},{"not_picked":["expansioncontent:DefensiveMode","expansioncontent:ManipulateTime+1"],"picked":"expansioncontent:Chronoboost","floor":38},{"not_picked":["hexamod:GhostOfSpirePresent+1","hexamod:HauntingEcho"],"picked":"hexamod:Again+1","floor":39},{"not_picked":["hexamod:NightmareStrike","hexamod:ShieldOfDarkness+1","hexamod:RadiantFlame"],"picked":"SKIP","floor":42},{"not_picked":["hexamod:EmpoweredFlame+1","hexamod:RainOfEmbers","hexamod:HeatShield+1"],"picked":"SKIP","floor":43},{"not_picked":["hexamod:RetreatToShadows+1","hexamod:GhostLash"],"picked":"hexamod:FastForward+1","floor":44},{"not_picked":["hexamod:GhostLash","hexamod:BurningTouch+1"],"picked":"hexamod:FifthSeal","floor":46},{"not_picked":["hexamod:BacktrackSmack+1","hexamod:AdvancingGuard+1","hexamod:NightmareStrike+1"],"picked":"SKIP","floor":48},{"not_picked":["hexamod:FirstSeal","hexamod:SixthSeal"],"picked":"hexamod:ThirdSeal","floor":49},{"not_picked":["hexamod:SecondSeal","hexamod:GhostLash+1","hexamod:DynamicBlow"],"picked":"SKIP","floor":49}],"player_experience":1579712,"relics_obtained":[{"floor":7.0,"key":"Pear"},{"floor":11.0,"key":"Oddly Smooth Stone"},{"floor":24.0,"key":"MawBank"},{"floor":31.0,"key":"Red Mask"},{"floor":41,"key":"Centennial Puzzle"}],"event_choices":[{"damage_healed":0.0,"max_hp_gain":0.0,"max_hp_loss":0.0,"gold_gain":0.0,"event_name":"Scrap Ooze","player_choice":"Success","floor":6.0,"gold_loss":0.0,"damage_taken":3.0,"relics_obtained":["TungstenRod"]},{"damage_healed":0.0,"max_hp_gain":0.0,"max_hp_loss":0.0,"gold_gain":0.0,"event_name":"NoteForYourself","player_choice":"Ignored","floor":23.0,"gold_loss":0.0,"damage_taken":0.0},{"damage_healed":0.0,"max_hp_gain":0.0,"max_hp_loss":0.0,"gold_gain":0.0,"event_name":"Masked Bandits","player_choice":"Fought Bandits","floor":31.0,"gold_loss":0.0,"damage_taken":0.0}],"is_beta":false,"boss_relics":[{"not_picked":["Snecko Eye","Philosopher\u0027s Stone"],"picked":"Fusion Hammer"},{"not_picked":["Coffee Dripper","Pandora\u0027s Box"],"picked":"Tiny House"}],"items_purged_floors":[21,48],"is_endless":false,"potions_floor_spawned":[3,11,12,14,20,22,29,31,32,33,39,43,46],"ascension_level":0}}