{"host":"fa96ppy4vc5r7pma","time":1609070042,"event":{"mods":["BaseMod","Best Route Mod","Bestiary","Block Reminder","Colored Map","Dota2Spire","Ekko","GungeonMod","Hermit","Highlight Path","Hubris","Minty Spire (QoL Compilation)","Permanent Neow","Quick Restart","Random Character Button","Relic Stats","Replay The Spire","StSLib","The Blue Laboratory","The Servant 0.9.4"],"gold_per_floor":[139,159,159,201,213,213,270,76,101,117,166,89,89,99,99,224,224,235,235,435,478,525,586,586,612,612,612,654,665,712,759,771,771,771,771],"floor_reached":34,"playtime":1640,"items_purged":[],"score":350,"play_id":"769bdabf-1d2b-45b3-809d-f8b555b9ae9d","local_time":"20201227065402","is_ascension_mode":false,"campfire_choices":[{"data":"Eruption","floor":6,"key":"SMITH"},{"floor":13,"key":"REST"},{"data":"FlurryOfBlows","floor":15,"key":"SMITH"},{"floor":24,"key":"REST"},{"data":"Replay:AtTheReady","floor":27,"key":"SMITH"},{"floor":33,"key":"REST"}],"circlet_count":0,"master_deck":["Strike_P","Strike_P","Strike_P","Strike_P","Defend_P","Defend_P","Defend_P","Defend_P","Eruption+1","Vigilance","Consecrate","BattleHymn","Pain","PathToVictory","FlurryOfBlows+1","Evaluate","LikeWater","Prostrate","Conclude","ReplayTheSpireMod:Doomed","EmptyBody","EmptyBody","EmptyFist","PathToVictory","DeusExMachina","Prostrate+1","Replay:AtTheReady+1","Ragnarok","CrushJoints+1","SashWhip+1","Replay:BluntJabs","Crescendo+1","DeceiveReality+1","Consecrate"],"relics":["PureWater","Dota2Spire:HandOfMidas","WarpedTongs","Lantern","Blood Vial","ReplayTheSpireMod:CursedCoin","Nunchaku","Busted Crown","DemoMod:DecoyRelic","Replay:Ringing Soul","DemoMod:GlassGuonStoneRelic"],"acts_visited":["Exordium","TheCity","TheCity"],"potions_floor_usage":[22,23,25],"damage_taken":[{"damage":0,"enemies":"2 Louse","floor":1,"turns":2},{"damage":7,"enemies":"Cultist","floor":2,"turns":3},{"damage":2,"enemies":"Small Slimes","floor":4,"turns":2},{"damage":3,"enemies":"3 Louse","floor":5,"turns":3},{"damage":23,"enemies":"Lagavulin","floor":7,"turns":4},{"damage":3,"enemies":"2 Fungi Beasts","floor":10,"turns":2},{"damage":8,"enemies":"Blue Slaver","floor":11,"turns":3},{"damage":13,"enemies":"Lots of Slimes","floor":14,"turns":3},{"damage":9,"enemies":"Hexaghost","floor":16,"turns":9},{"damage":4,"enemies":"Chosen","floor":18,"turns":4},{"damage":27,"enemies":"Spheric Guardian","floor":21,"turns":6},{"damage":18,"enemies":"Chosen and Byrds","floor":22,"turns":7},{"damage":17,"enemies":"Gremlin Leader","floor":23,"turns":6},{"damage":23,"enemies":"Slavers","floor":25,"turns":4},{"damage":12,"enemies":"DemoMod:Veteran_shot_gun_kin_and_bullet_kin","floor":28,"turns":2},{"damage":2,"enemies":"DemoMod:2_Veteran_bullet_kins_and_red_shotgun_kin","floor":29,"turns":2},{"damage":10,"enemies":"DemoMod:Veteran_shot_gun_kin_and_red_shotgun_kin_with_gunsinger","floor":30,"turns":2},{"damage":51,"enemies":"DemoMod:Veteran_shot_gun_kin_and_blue_shotgun_kin_with_gunsinger","floor":31,"turns":6},{"damage":6,"enemies":"DemoMod:2_Mousers","floor":32,"turns":4},{"damage":65,"enemies":"DemoMod:ResourcefulRat","floor":34,"turns":5}],"seed_played":"-8225837636238081636","potions_obtained":[{"floor":5,"key":"SpeedPotion"},{"floor":7,"key":"blueLaboratory:EmptyBottle"},{"floor":14,"key":"blueLaboratory:PhilterOfMotion"},{"floor":16,"key":"Energy Potion"},{"floor":18,"key":"blueLaboratory:BubblePotion"},{"floor":23,"key":"blueLaboratory:BottleOfRum"},{"floor":32,"key":"BlessingOfTheForge"}],"is_trial":false,"path_per_floor":["M","M","?","M","M","R","E","$","T","M","M","$","R","M","R_BF","B",null,"M","?","?","M","M","E","R","E","T","R","M","M","M","M","M","R","B"],"character_chosen":"WATCHER","items_purchased":["DemoMod:GnawedKey","LikeWater","ReplayTheSpireMod:CursedCoin","Nunchaku","EmptyBody","EmptyFist"],"campfire_rested":3,"item_purchase_floors":[8,8,12,12,12,12],"current_hp_per_floor":[72,65,65,63,60,60,37,37,37,36,30,30,51,40,40,33,72,68,68,68,43,27,12,33,15,75,75,66,69,64,18,17,44,0,0],"gold":771,"neow_bonus":"RANDOM_COMMON_RELIC","is_daily":false,"chose_seed":false,"campfire_upgraded":3,"win_rate":0.0,"timestamp":1609070042,"path_taken":["M","M","?","M","?","R","E","?","T","M","M","$","R","M","R_BF","BOSS","M","?","?","M","M","E","R","E","T","R","M","M","M","M","M","R","BOSS"],"items_purchased_type":["Relic","Card","Relic","Relic","Card","Card"],"build_version":"2020-12-22","purchased_purges":0,"victory":false,"max_hp_per_floor":[72,72,72,72,72,72,72,72,72,72,72,72,72,72,72,72,72,72,72,72,72,72,72,72,75,75,75,78,81,84,87,90,90,90,90],"relic_stats":{"Blood Vial":26,"Nunchaku":[11],"Busted Crown":34,"counters":[20,79],"obtain_stats":[{"Blood Vial":9,"Dota2Spire:HandOfMidas":0,"Replay:Ringing Soul":25,"Lantern":7,"Nunchaku":12,"Busted Crown":17,"ReplayTheSpireMod:CursedCoin":12,"DemoMod:DecoyRelic":23,"DemoMod:GlassGuonStoneRelic":10,"DemoMod:GnawedKey":8,"PureWater":0,"WarpedTongs":3},{"Blood Vial":5,"Dota2Spire:HandOfMidas":0,"Replay:Ringing Soul":14,"Lantern":5,"Nunchaku":7,"Busted Crown":9,"ReplayTheSpireMod:CursedCoin":7,"DemoMod:DecoyRelic":13,"DemoMod:GlassGuonStoneRelic":6,"DemoMod:GnawedKey":5,"PureWater":0,"WarpedTongs":2},{"Blood Vial":14,"Dota2Spire:HandOfMidas":0,"Replay:Ringing Soul":58,"Lantern":14,"Nunchaku":19,"Busted Crown":31,"ReplayTheSpireMod:CursedCoin":19,"DemoMod:DecoyRelic":54,"DemoMod:GlassGuonStoneRelic":16,"DemoMod:GnawedKey":14,"PureWater":0,"WarpedTongs":5}],"WarpedTongs":[74]},"card_choices":[{"not_picked":["PathToVictory","Replay:AtTheReady"],"picked":"Consecrate","floor":1},{"not_picked":["Wallop","Replay:Cycle"],"picked":"BattleHymn","floor":2},{"not_picked":["FlurryOfBlows","Evaluate"],"picked":"PathToVictory","floor":4},{"not_picked":["BowlingBash","LessonLearned"],"picked":"FlurryOfBlows","floor":5},{"not_picked":["Wallop","Weave"],"picked":"Evaluate","floor":7},{"not_picked":["CrushJoints","ClearTheMind"],"picked":"Prostrate","floor":10},{"not_picked":["EmptyMind","ReachHeaven"],"picked":"Conclude","floor":11},{"not_picked":["Crescendo","Consecrate"],"picked":"PathToVictory","floor":14},{"not_picked":["Replay:LoomingThreat","Ragnarok"],"picked":"DeusExMachina","floor":16},{"not_picked":[],"picked":"Prostrate+1","floor":18},{"not_picked":["Replay:Cycle"],"picked":"SKIP","floor":21},{"not_picked":["CutThroughFate"],"picked":"SKIP","floor":22},{"not_picked":[],"picked":"Ragnarok","floor":23},{"not_picked":[],"picked":"CrushJoints+1","floor":25},{"not_picked":[],"picked":"SashWhip+1","floor":28},{"not_picked":[],"picked":"Replay:BluntJabs","floor":29},{"not_picked":[],"picked":"Crescendo+1","floor":30},{"not_picked":[],"picked":"DeceiveReality+1","floor":31},{"not_picked":[],"picked":"Consecrate","floor":32}],"player_experience":93881,"relics_obtained":[{"floor":7,"key":"Lantern"},{"floor":9,"key":"Blood Vial"},{"floor":23,"key":"DemoMod:DecoyRelic"},{"floor":25,"key":"Replay:Ringing Soul"}],"event_choices":[{"damage_healed":0,"gold_gain":0,"player_choice":"Rummage","damage_taken":0,"relics_obtained":["WarpedTongs"],"max_hp_gain":0,"max_hp_loss":0,"event_name":"Accursed Blacksmith","floor":3,"gold_loss":0,"cards_obtained":["Pain"]},{"damage_healed":0,"gold_gain":0,"player_choice":"Read","damage_taken":0,"max_hp_gain":0,"max_hp_loss":0,"event_name":"The Library","floor":19,"gold_loss":0,"cards_obtained":["Replay:AtTheReady"]},{"damage_healed":0,"gold_gain":250,"player_choice":"Bet on Owner","damage_taken":0,"max_hp_gain":0,"max_hp_loss":0,"event_name":"The Joust","floor":20,"gold_loss":50}],"is_beta":false,"boss_relics":[{"not_picked":["Runic Dome","hubris:TerracottaHorce"],"picked":"Busted Crown"}],"items_purged_floors":[],"is_endless":false,"potions_floor_spawned":[5,7,14,16,18,21,23,32],"killed_by":"DemoMod:ResourcefulRat","ascension_level":0}}