{"host":"lonmk01vm2mxu21j","time":1609075126,"event":{"mods":["BaseMod","Colored Map","Downfall","Infinite Spire","Marisa£®ÏF”Í°°ƒß¿Ì…≥£©","Minty Spire (QoL Compilation)","Remilia£®¿Ÿ√◊¿Ú—«£©","Replay The Spire","StSLib","SuperFastMode","The Bug Knight","The Cursed","The Hierophant","The Poker Player","The Runesmith","Youmu£®ªÍ∆«—˝√Œ£©","[IsaacMod]“‘»ˆº‚À˛"],"gold_per_floor":[119,188,188,198,214,214,214,243,298,298,56,96,119,136,136,247,247,277,305,5,30,30,38,38],"floor_reached":23,"playtime":1475,"items_purged":[],"score":237,"play_id":"3c5bc27b-818d-411e-8484-2e745e920f65","local_time":"20201227211846","is_ascension_mode":true,"campfire_choices":[{"data":"HollowMod:ChannelNail","floor":6,"key":"SMITH"},{"data":"HollowMod:GoodIntentions","floor":10,"key":"SMITH"},{"data":"ReplayTheSpireMod:Brewmster","floor":15,"key":"SMITH"}],"circlet_count":0,"master_deck":["HollowMod:NailStrikeStart","HollowMod:NailStrikeStart","HollowMod:NailStrikeStart","HollowMod:QuickDashStart","HollowMod:QuickDashStart","HollowMod:QuickDashStart","HollowMod:QuickDashStart","HollowMod:FocusHealStart","HollowMod:PogoStrike","EpicFetus+1","infinitespire:FutureSight","HollowMod:GoodIntentions+1","HollowMod:ChannelNail+1","HollowMod:SoulVessel","HollowMod:SoulSplash","ReplayTheSpireMod:Brewmster+1","HollowMod:SoulEater","HollowMod:NewLastStag","HollowMod:CloakDash+1"],"relics":["HollowMod:VesselMask","HushsDoor","KeepersGift","White Beast Statue","Replay:Bandana","Anchor","infinitespire:WardingShard","SlaversCollar"],"acts_visited":["Exordium","TheCity"],"potions_floor_usage":[8,13,13,14,14,14,16,16,16,16,16,16,16,18,18,19,19,21,21,21,21,23,23,23,23,23,23],"damage_taken":[{"damage":1,"enemies":"Cultist","floor":1,"turns":3},{"damage":2,"enemies":"2 Louse","floor":4,"turns":3},{"damage":1,"enemies":"Jaw Worm","floor":5,"turns":4},{"damage":11,"enemies":"Lagavulin","floor":8,"turns":5},{"damage":0,"enemies":"3 Sentries","floor":12,"turns":1},{"damage":8,"enemies":"Lots of Slimes","floor":13,"turns":4},{"damage":0,"enemies":"Large Slime","floor":14,"turns":4},{"damage":15,"enemies":"Hexaghost","floor":16,"turns":8},{"damage":152,"enemies":"Shell Parasite","floor":18,"turns":4},{"damage":6,"enemies":"2 Thieves","floor":19,"turns":5},{"damage":7,"enemies":"Snake Plant","floor":21,"turns":5},{"damage":61,"enemies":"Gremlin Leader","floor":23,"turns":5}],"seed_played":"-6735259478206985753","potions_obtained":[{"floor":1,"key":"SmokeBomb"},{"floor":4,"key":"Venom Potion"},{"floor":5,"key":"Fire Potion"},{"floor":8,"key":"Strength Potion"},{"floor":12,"key":"AttackPotion"},{"floor":14,"key":"AttackPotion"},{"floor":16,"key":"FairyPotion"},{"floor":18,"key":"Fire Potion"},{"floor":19,"key":"Regen Potion"}],"is_trial":false,"path_per_floor":["M","T","?","M","M","R","?","E","T","R","$","E","M","M","R","B",null,"M","M","?","M","?","E"],"character_chosen":"THE_BUGKNIGHT","items_purchased":["HollowMod:SoulSplash","ReplayTheSpireMod:Brewmster"],"campfire_rested":0,"item_purchase_floors":[11,11],"current_hp_per_floor":[74,74,56,60,65,65,65,60,60,60,60,60,52,58,58,49,75,22,22,22,36,36,0,0],"gold":38,"neow_bonus":"UPGRADE_CARD","is_daily":false,"chose_seed":false,"campfire_upgraded":3,"win_rate":0.0,"timestamp":1609075126,"path_taken":["M","?","?","?","M","R","?","E","T","R","$","E","M","M","R","BOSS","M","?","?","M","?","E"],"items_purchased_type":["Card","Card"],"build_version":"2020-12-22","purchased_purges":0,"victory":false,"max_hp_per_floor":[75,75,75,75,75,75,75,75,75,75,75,75,75,75,75,75,75,75,75,75,75,75,75,75],"card_choices":[{"not_picked":[],"picked":"EpicFetus","floor":0},{"not_picked":["HollowMod:NewLittleFool","HollowMod:BaldurShell"],"picked":"Bomb","floor":1},{"not_picked":["infinitespire:Gouge","infinitespire:Fortify"],"picked":"infinitespire:FutureSight","floor":3},{"not_picked":["HollowMod:WraithStrike","HollowMod:TaintedHusks"],"picked":"HollowMod:GoodIntentions","floor":4},{"not_picked":["HollowMod:InfectedAttack","Bomb"],"picked":"HollowMod:ChannelNail","floor":5},{"not_picked":["HollowMod:NewGlowingWomb","HollowMod:MidwifesHunger"],"picked":"HollowMod:SoulVessel","floor":8},{"not_picked":["HollowMod:LifebloodCocoon","HollowMod:SoulVessel","HollowMod:VengefulVoid"],"picked":"SKIP","floor":12},{"not_picked":["HollowMod:MantisMark","HollowMod:SiblingsSouls","HollowMod:TaintedHusks"],"picked":"SKIP","floor":13},{"not_picked":["HollowMod:MawleksShell","HollowMod:MonarchWings","HollowMod:SiblingsSouls"],"picked":"SKIP","floor":14},{"not_picked":["HollowMod:InfectedAttack","HollowMod:FallenFury","HollowMod:InfectionAssault"],"picked":"SKIP","floor":18},{"not_picked":["HollowMod:LifebloodCocoon","HollowMod:HeavyBlow"],"picked":"HollowMod:SoulEater","floor":19},{"not_picked":["HollowMod:WraithStrike","HollowMod:SharpenedShadows+1"],"picked":"HollowMod:CloakDash+1","floor":21}],"player_experience":393259,"relics_obtained":[{"floor":2,"key":"White Beast Statue"},{"floor":8,"key":"Replay:Bandana"},{"floor":9,"key":"Anchor"},{"floor":12,"key":"infinitespire:WardingShard"}],"event_choices":[{"cards_removed":["HollowMod:NailStrikeStart"],"damage_healed":0,"gold_gain":0,"player_choice":"Elegance","damage_taken":0,"max_hp_gain":0,"max_hp_loss":0,"event_name":"Back to Basics","floor":22,"gold_loss":0}],"is_beta":false,"boss_relics":[{"not_picked":["ReplayTheSpireMod:SealedPack","Sozu"],"picked":"SlaversCollar"},{"not_picked":[]}],"items_purged_floors":[],"is_endless":false,"potions_floor_spawned":[1,4,5,8,12,13,14,16,18,19,21],"killed_by":"Gremlin Leader","ascension_level":1}}