{"host":"3a1ypf1irl30q4k8","time":1609102091,"event":{"mods":["AchievementEnabler","BaseMod","Bestiary","Colored Map","Minty Spire (QoL Compilation)","Relic Stats"],"gold_per_floor":[212,226,226,226,251,251,26,61,61,96,115,115,156,177,177,306,306,324,338,13,33,10,44,68,82,82,82,117,117,35,51,51,51,51],"floor_reached":33,"playtime":2366,"items_purged":["Strike_B","Strike_B"],"score":670,"play_id":"818edd04-25f6-402e-9c96-5da9ee6417d0","local_time":"20201227204811","is_ascension_mode":true,"campfire_choices":[{"floor":6.0,"key":"REST"},{"floor":12.0,"key":"REST"},{"data":"Glacier","floor":15.0,"key":"SMITH"},{"data":"Amplify","floor":27.0,"key":"SMITH"},{"floor":32,"key":"REST"}],"circlet_count":0,"master_deck":["AscendersBane","Strike_B","Strike_B","Defend_B","Defend_B","Defend_B","Defend_B","Zap","Dualcast","Coolheaded","FTL+1","Gash","Conserve Battery","Self Repair","Sweeping Beam","Defragment","Leap","Glacier+1","Rainbow","Cold Snap","Biased Cognition","Hologram+1","Glacier","Tempest","Barrage+1","Turbo","Amplify+1","Glacier+1","Loop+1","Barrage"],"relics":["Cracked Core","Golden Idol","CaptainsWheel","TungstenRod","Lantern","Torii","Inserter","Omamori","Blue Candle","Frozen Egg 2","Bottled Tornado"],"acts_visited":["Exordium","TheCity"],"potions_floor_usage":[],"damage_taken":[{"damage":4.0,"enemies":"Jaw Worm","floor":1.0,"turns":3.0},{"damage":3.0,"enemies":"Small Slimes","floor":2.0,"turns":3.0},{"damage":4.0,"enemies":"Cultist","floor":5.0,"turns":4.0},{"damage":24.0,"enemies":"Lagavulin","floor":8.0,"turns":7.0},{"damage":14.0,"enemies":"Gremlin Nob","floor":10.0,"turns":4.0},{"damage":10.0,"enemies":"Looter","floor":11.0,"turns":3.0},{"damage":14.0,"enemies":"3 Sentries","floor":13.0,"turns":9.0},{"damage":0.0,"enemies":"Gremlin Gang","floor":14.0,"turns":6.0},{"damage":9.0,"enemies":"Hexaghost","floor":16.0,"turns":16.0},{"damage":0.0,"enemies":"3 Byrds","floor":18.0,"turns":6.0},{"damage":0.0,"enemies":"Spheric Guardian","floor":19.0,"turns":7.0},{"damage":0.0,"enemies":"Snecko","floor":21.0,"turns":8.0},{"damage":0.0,"enemies":"Book of Stabbing","floor":23.0,"turns":8.0},{"damage":13.0,"enemies":"Snake Plant","floor":24.0,"turns":6.0},{"damage":16.0,"enemies":"Centurion and Healer","floor":25.0,"turns":9.0},{"damage":37.0,"enemies":"Slavers","floor":28.0,"turns":6.0},{"damage":5.0,"enemies":"Shelled Parasite and Fungi","floor":31.0,"turns":9.0},{"damage":54,"enemies":"Collector","floor":33,"turns":9}],"seed_played":"-9065826606359031018","potions_obtained":[{"floor":5.0,"key":"DuplicationPotion"},{"floor":8.0,"key":"PowerPotion"},{"floor":13.0,"key":"SpeedPotion"},{"floor":14.0,"key":"Dexterity Potion"},{"floor":19.0,"key":"DistilledChaos"},{"floor":25.0,"key":"DuplicationPotion"}],"is_trial":false,"path_per_floor":["M","M","?","?","M","R","$","E","T","E","M","R","E","M","R","B",null,"M","M","$","M","$","E","M","M","T","R","E","?","$","M","R","B"],"character_chosen":"DEFECT","items_purchased":["Conserve Battery","Self Repair","Sweeping Beam","Tempest","Omamori","Turbo","Loop+1"],"campfire_rested":3,"item_purchase_floors":[7,7,7,20,20,22,30],"current_hp_per_floor":[64,61,43,43,39,61,61,44,44,37,34,56,49,56,56,54,70,75,75,75,75,75,75,69,60,60,60,23,23,23,25,47,0,0],"gold":51,"neow_bonus":"HUNDRED_GOLD","is_daily":false,"chose_seed":false,"campfire_upgraded":2,"win_rate":0.0,"timestamp":1609102091,"path_taken":["M","M","?","?","M","R","$","E","T","E","M","R","E","M","R","BOSS","M","M","$","M","$","E","M","M","T","R","E","?","?","M","R","BOSS"],"items_purchased_type":["Card","Card","Card","Card","Relic","Card","Card"],"build_version":"2020-12-22","purchased_purges":2,"victory":false,"max_hp_per_floor":[75,75,75,75,75,75,75,75,75,75,75,75,75,75,75,75,75,75,75,75,75,75,75,75,75,75,75,75,75,75,75,75,75,75],"relic_stats":{"Inserter":[34],"Torii":39,"counters":[18,123],"Golden Idol":104,"Blue Candle":[0],"obtain_stats":[{"CaptainsWheel":8,"Lantern":10,"Inserter":17,"Torii":13,"Golden Idol":3,"Blue Candle":23,"Omamori":20,"Frozen Egg 2":26,"Bottled Tornado":28,"Cracked Core":0,"TungstenRod":9},{"CaptainsWheel":4,"Lantern":5,"Inserter":9,"Torii":7,"Golden Idol":2,"Blue Candle":13,"Omamori":11,"Frozen Egg 2":15,"Bottled Tornado":16,"Cracked Core":0,"TungstenRod":4},{"CaptainsWheel":17,"Lantern":21,"Inserter":55,"Torii":33,"Golden Idol":6,"Blue Candle":84,"Omamori":68,"Frozen Egg 2":99,"Bottled Tornado":105,"Cracked Core":0,"TungstenRod":17}],"TungstenRod":38},"card_choices":[{"not_picked":["Leap","Redo"],"picked":"Coolheaded","floor":1.0},{"not_picked":["Barrage","Turbo"],"picked":"FTL","floor":2.0},{"not_picked":["Streamline","Aggregate"],"picked":"Gash","floor":5.0},{"not_picked":["Go for the Eyes","Conserve Battery"],"picked":"Defragment","floor":8.0},{"not_picked":["Melter","Sweeping Beam"],"picked":"Leap","floor":10.0},{"not_picked":["Hologram","Fission"],"picked":"Glacier","floor":11.0},{"not_picked":["Leap","Turbo"],"picked":"Rainbow","floor":13.0},{"not_picked":["Darkness","Hologram"],"picked":"Cold Snap","floor":14.0},{"not_picked":["Thunder Strike","Echo Form"],"picked":"Biased Cognition","floor":16.0},{"not_picked":["Aggregate","Ball Lightning"],"picked":"Hologram+1","floor":18.0},{"not_picked":["Stack","Gash"],"picked":"Glacier","floor":19.0},{"not_picked":["Hologram","Beam Cell"],"picked":"Barrage+1","floor":21.0},{"not_picked":["Coolheaded","Static Discharge+1"],"picked":"Amplify","floor":23.0},{"not_picked":["Hologram","Melter"],"picked":"Glacier+1","floor":24.0},{"not_picked":["Reprogram","Compile Driver","Coolheaded"],"picked":"SKIP","floor":25.0},{"not_picked":["Auto Shields","Beam Cell+1","Ball Lightning+1"],"picked":"SKIP","floor":28.0},{"not_picked":["Rip and Tear","Ball Lightning"],"picked":"Barrage","floor":31.0}],"player_experience":893306,"relics_obtained":[{"floor":8.0,"key":"CaptainsWheel"},{"floor":9.0,"key":"TungstenRod"},{"floor":10.0,"key":"Lantern"},{"floor":13.0,"key":"Torii"},{"floor":23.0,"key":"Blue Candle"},{"floor":26.0,"key":"Frozen Egg 2"},{"floor":28.0,"key":"Bottled Tornado"}],"event_choices":[{"damage_healed":0.0,"max_hp_gain":0.0,"max_hp_loss":0.0,"gold_gain":0.0,"event_name":"Golden Idol","player_choice":"Take Damage","floor":3.0,"gold_loss":0.0,"damage_taken":18.0,"relics_obtained":["Golden Idol"]},{"damage_healed":0.0,"max_hp_gain":0.0,"max_hp_loss":0.0,"gold_gain":0.0,"event_name":"Living Wall","player_choice":"Grow","floor":4.0,"gold_loss":0.0,"damage_taken":0.0,"cards_upgraded":["FTL"]},{"damage_healed":0.0,"max_hp_gain":0.0,"max_hp_loss":0.0,"gold_gain":0.0,"event_name":"Wheel of Change","player_choice":"Cursed","floor":29.0,"gold_loss":0.0,"damage_taken":0.0,"cards_obtained":["Decay"]}],"is_beta":false,"boss_relics":[{"not_picked":["Cursed Key","Tiny House"],"picked":"Inserter"}],"items_purged_floors":[7,20],"is_endless":false,"potions_floor_spawned":[5,8,13,14,19,25],"killed_by":"Collector","ascension_level":11}}