{"host":"cz3p2o9n3b1gdmkz","time":1609081166,"event":{"mods":["AchievementEnabler","BaseMod","CapriCore","GungeonMod","Hermit","Lobotomy","Minty Spire (QoL Compilation)","Replay The Spire","Shop Mod","StSLib","SuperFastMode","The Cursed","The Dragon Tamer","The Gatherer","The Jungle","The Poker Player","The Runesmith"],"gold_per_floor":[110,120,195,195,48,83,83,111,111,139,139,157,157,174,174,247,247,257,257,276,276,201,201,218,218,242,260,160,259,259,273,273,345,345,362,362,380,395,270,270,286,286,286,301,328,14,33,33,33,33,33],"floor_reached":52,"playtime":2363,"items_purged":["Writhe","Gatherer:Strike_Gatherer","Gatherer:Defend_Gatherer"],"score":1214,"play_id":"e24aa104-c3bb-457b-90e8-a697d752f59f","local_time":"20201227235926","is_ascension_mode":true,"metric_token":1117,"campfire_choices":[{"data":"Gatherer:FlowerWhip+1","floor":7.0,"key":"SMITH"},{"data":"Gatherer:FlowerWhip+2","floor":11.0,"key":"SMITH"},{"data":"Gatherer:FlowerBeam","floor":15.0,"key":"SMITH"},{"data":"Gatherer:FlowerBeam+1","floor":23.0,"key":"SMITH"},{"data":"Gatherer:FlowerBeam+2","floor":25.0,"key":"SMITH"},{"data":"Gatherer:Centralize","floor":32.0,"key":"SMITH"},{"data":"Gatherer:Overflowing","floor":40.0,"key":"SMITH"},{"floor":49,"key":"REST"}],"circlet_count":0,"master_deck":["AscendersBane","Gatherer:Strike_Gatherer","Gatherer:Strike_Gatherer","Gatherer:Defend_Gatherer","Gatherer:Defend_Gatherer","Gatherer:Defend_Gatherer","Gatherer:Defend_Gatherer","Gatherer:Centralize+1","Gatherer:FlowerWhip+3","Gatherer:WitheringStrike","Gatherer:WitheringStrike","Gatherer:FlowerBeam+3","Gatherer:Overflowing+1"],"relics":["Gatherer:AlchemyBag","DemoMod:BlueGuonStone","Bronze Scales","HornCleat","Odd Mushroom","Garlic","Replay:Baseball","Runic Pyramid","Enchiridion","Sundial","Vajra","DemoMod:WaxWing","Nunchaku","DemoMod:GlassGuonStoneRelic","Bag of Marbles","DemoMod:Antibody"],"acts_visited":["Exordium","TheCity","TheBeyond"],"potions_floor_usage":[45],"damage_taken":[{"damage":0.0,"enemies":"2 Louse","floor":1.0,"turns":3.0},{"damage":1.0,"enemies":"Jaw Worm","floor":2.0,"turns":5.0},{"damage":6.0,"enemies":"Gremlin Nob","floor":6.0,"turns":5.0},{"damage":7.0,"enemies":"The Mushroom Lair","floor":8.0,"turns":4.0},{"damage":7.0,"enemies":"3 Sentries","floor":10.0,"turns":9.0},{"damage":0.0,"enemies":"Small Slimes","floor":12.0,"turns":2.0},{"damage":0.0,"enemies":"Blue Slaver","floor":14.0,"turns":3.0},{"damage":37.0,"enemies":"Fading Forest","floor":16.0,"turns":11.0},{"damage":0.0,"enemies":"Shell Parasite","floor":18.0,"turns":3.0},{"damage":0.0,"enemies":"Spheric Guardian","floor":20.0,"turns":3.0},{"damage":6.0,"enemies":"Snecko","floor":24.0,"turns":4.0},{"damage":0.0,"enemies":"Centurion and Healer","floor":27.0,"turns":4.0},{"damage":0.0,"enemies":"Snake Plant","floor":31.0,"turns":3.0},{"damage":50.0,"enemies":"Champ","floor":33.0,"turns":12.0},{"damage":0.0,"enemies":"3 Darklings","floor":35.0,"turns":3.0},{"damage":0.0,"enemies":"3 Shapes","floor":37.0,"turns":4.0},{"damage":0.0,"enemies":"Jaw Worm Horde","floor":38.0,"turns":3.0},{"damage":5.0,"enemies":"4 Shapes","floor":41.0,"turns":4.0},{"damage":0,"enemies":"Spire Growth","floor":44,"turns":3},{"damage":44,"enemies":"Giant Head","floor":45,"turns":9},{"damage":0,"enemies":"Writhing Mass","floor":47,"turns":8},{"damage":0,"enemies":"Time Eater","floor":50,"turns":14}],"seed_played":"-8272395930119288537","potions_obtained":[{"floor":8.0,"key":"Languid Potion"},{"floor":16.0,"key":"Elixir"},{"floor":20.0,"key":"Toxic Potion"},{"floor":33.0,"key":"AttackPotion"},{"floor":37.0,"key":"FearPotion"}],"is_trial":false,"path_per_floor":["M","M","?","T","$","E","R","?","T","E","R","M","?","M","R","B",null,"M","?","M","?","$","R","M","R","T","M","$","?","?","M","R","B",null,"M","?","M","M","$","R","M","?","T","M","E","$","M","$","R","B",null,null],"character_chosen":"THE_GATHERER","items_purchased":["Bronze Scales","DemoMod:Antibody"],"campfire_rested":1,"item_purchase_floors":[5,46],"current_hp_per_floor":[65,64,53,53,53,47,47,40,40,33,33,33,33,33,33,8,56,56,40,40,40,40,40,34,34,34,34,34,34,58,58,58,8,56,56,56,56,56,56,56,51,51,51,51,7,7,7,7,28,28,28],"gold":33,"neow_bonus":"RANDOM_EVENT","is_daily":false,"chose_seed":false,"campfire_upgraded":7,"win_rate":0.0,"timestamp":1609081166,"path_taken":["M","M","?","?","$","E","R","?","T","E","R","?","?","?","R","BOSS","M","?","M","?","$","R","M","R","T","M","$","?","?","?","R","BOSS","M","?","?","M","$","R","M","?","T","M","E","$","M","?","R","BOSS"],"items_purchased_type":["Relic","Relic"],"build_version":"2020-12-22","purchased_purges":3,"victory":true,"max_hp_per_floor":[72,72,72,72,72,72,72,72,72,72,72,72,72,72,72,72,72,72,72,72,72,72,72,72,72,72,72,72,72,72,72,72,72,72,72,72,72,72,72,72,72,72,72,72,72,72,72,72,72,72,72],"card_choices":[{"not_picked":["Gatherer:TacticalStrike","Gatherer:AromaProtection"],"picked":"Gatherer:WitheringStrike","floor":1.0},{"not_picked":["Gatherer:Liquidism","Gatherer:AromaProtection"],"picked":"Gatherer:WitheringStrike","floor":2.0},{"not_picked":["Gatherer:ScherryThrow","Gatherer:AromaProtection","Gatherer:FlowerShield"],"picked":"SKIP","floor":6.0},{"not_picked":["Gatherer:Polymorphism","Gatherer:Nutrients","Gatherer:BambuSword"],"picked":"SKIP","floor":10.0},{"not_picked":["Gatherer:FlowerShield","Gatherer:GatherMaterial"],"picked":"Gatherer:FlowerBeam","floor":12.0},{"not_picked":["Gatherer:MindSearch","Gatherer:ScrollOfWall","Gatherer:Frenzy"],"picked":"SKIP","floor":14.0},{"not_picked":["Gatherer:GlowingPlant+1","Gatherer:BigPouch","Gatherer:Convert"],"picked":"SKIP","floor":18.0},{"not_picked":["Gatherer:AcidicSpray+1","Gatherer:FlowerShield","Gatherer:CollectorsShot"],"picked":"SKIP","floor":20.0},{"not_picked":["Gatherer:AlchemyTrial","Gatherer:Solidify","Gatherer:Convert"],"picked":"SKIP","floor":24.0},{"not_picked":["Gatherer:Frenzy","Gatherer:SaveValuables+1","Gatherer:Duplicator"],"picked":"SKIP","floor":27.0},{"not_picked":["Gatherer:FlamingBottle","Gatherer:FlowerShield","Gatherer:TreeGrowth"],"picked":"SKIP","floor":31.0},{"not_picked":["Gatherer:CursedBlade","Gatherer:FinishingStrike"],"picked":"Gatherer:Overflowing","floor":33.0},{"not_picked":["Gatherer:CollectorsShot+1","Gatherer:Frenzy","Gatherer:EchoOfNature"],"picked":"SKIP","floor":35.0},{"not_picked":["Gatherer:TreeGrowth","Gatherer:Polymorphism","Gatherer:WoolGloves"],"picked":"SKIP","floor":37.0},{"not_picked":["Gatherer:AlchemyTrial","Gatherer:QuickSynthesis+1","Gatherer:TacticalStrike"],"picked":"SKIP","floor":38.0},{"not_picked":["Gatherer:GatherMaterial","Gatherer:TreeGrowth","Gatherer:EnergyBasket+1"],"picked":"SKIP","floor":41.0},{"not_picked":["Gatherer:BalancedGrowth","Gatherer:VenomBarrier+1","Gatherer:SaveValuables"],"picked":"SKIP","floor":44},{"not_picked":["Gatherer:ScherryThrow","Gatherer:FlowerPower+1","Gatherer:Polymorphism+1"],"picked":"SKIP","floor":45},{"not_picked":["Gatherer:Frenzy","Gatherer:Convert","Gatherer:BalancedGrowth"],"picked":"SKIP","floor":47}],"player_experience":1040129,"relics_obtained":[{"floor":4.0,"key":"DemoMod:BlueGuonStone"},{"floor":6.0,"key":"HornCleat"},{"floor":8.0,"key":"Odd Mushroom"},{"floor":9.0,"key":"Garlic"},{"floor":10.0,"key":"Replay:Baseball"},{"floor":19.0,"key":"Enchiridion"},{"floor":26.0,"key":"Vajra"},{"floor":43,"key":"Nunchaku"},{"floor":45,"key":"Bag of Marbles"}],"event_choices":[{"damage_healed":0.0,"max_hp_gain":0.0,"max_hp_loss":0.0,"gold_gain":0.0,"event_name":"Living Wall","player_choice":"Grow","floor":0.0,"gold_loss":0.0,"damage_taken":0.0,"cards_upgraded":["Gatherer:FlowerWhip"]},{"damage_healed":0.0,"max_hp_gain":0.0,"max_hp_loss":0.0,"gold_gain":75.0,"event_name":"World of Goop","player_choice":"Gather Gold","floor":3.0,"gold_loss":0.0,"damage_taken":11.0},{"damage_healed":0.0,"max_hp_gain":0.0,"max_hp_loss":0.0,"gold_gain":0.0,"event_name":"Mushrooms","player_choice":"Fought Mushrooms","floor":8.0,"gold_loss":0.0,"damage_taken":0.0},{"cards_removed":["Gatherer:Strike_Gatherer"],"damage_healed":0.0,"max_hp_gain":0.0,"max_hp_loss":0.0,"gold_gain":0.0,"event_name":"Purifier","player_choice":"Purged","floor":13.0,"gold_loss":0.0,"damage_taken":0.0},{"damage_healed":0.0,"max_hp_gain":0.0,"max_hp_loss":0.0,"gold_gain":0.0,"event_name":"Cursed Tome","player_choice":"Obtained Book","floor":19.0,"gold_loss":0.0,"damage_taken":16.0},{"damage_healed":0.0,"max_hp_gain":0.0,"max_hp_loss":0.0,"gold_gain":0.0,"event_name":"The Mausoleum","player_choice":"Opened","floor":21.0,"gold_loss":0.0,"damage_taken":0.0,"relics_obtained":["Sundial"],"cards_obtained":["Writhe"]},{"damage_healed":0.0,"max_hp_gain":0.0,"max_hp_loss":0.0,"gold_gain":99.0,"event_name":"Nest","player_choice":"Stole From Cult","floor":29.0,"gold_loss":0.0,"damage_taken":0.0},{"damage_healed":24.0,"max_hp_gain":0.0,"max_hp_loss":0.0,"gold_gain":0.0,"event_name":"The Library","player_choice":"Heal","floor":30.0,"gold_loss":0.0,"damage_taken":0.0},{"cards_removed":["Gatherer:Strike_Gatherer"],"damage_healed":0.0,"max_hp_gain":0.0,"max_hp_loss":0.0,"gold_gain":0.0,"event_name":"Purifier","player_choice":"Purged","floor":36.0,"gold_loss":0.0,"damage_taken":0.0}],"is_beta":false,"boss_relics":[{"not_picked":["Philosopher\u0027s Stone","Coffee Dripper"],"picked":"Runic Pyramid"},{"not_picked":["SlaversCollar","Cursed Key"],"picked":"DemoMod:WaxWing"}],"items_purged_floors":[22,28,39],"is_endless":false,"potions_floor_spawned":[8,16,20,33,37,38],"ascension_level":13}}