{"host":"96bpdudduaq3ttpf","time":1609034035,"event":{"mods":["Act Like it!","Astrologer","Bard","Bartender","BaseMod","BetterRewards","CapriCore","Challenge The Spire","Chen","Downfall","Elementarium","Friendly Minions","GifTheSpireLib","Hallownest","Hermit","Jorbs\u0027s Wanderer Trilogy","KinomotoSakuraMod(????)","Koishi","KomeijiMod","Mari Mod (Legacy)","Mari\u0027s V1 Patch","Marisa????????","Mimic Mod","Minty Spire (QoL Compilation)","Prisma Mod","Replay The Spire","Shade Mod","StSLib","Td1madao Mod","The Administrix","The Animator","The Bug Knight","The Construct","The Cursed","The Factory","The Gatherer","The Hierophant","The Immortal","The IronCluck","The Jungle","The Mystic","The Necromancer","The Runesmith","The Senshi","The Servant 0.9.4","WarShipGirlsR/????R mod","Yohane!","Yuyuko"],"gold_per_floor":[111,122,140,18,30,61,61,61,135,169,188,188,30,50,50,151,151,164,14,14,27,44,44,70,87,142,142,152,152,152,167,167,167,167],"floor_reached":33,"playtime":1729,"items_purged":["Chen:Strike","Chen:Strike"],"score":279,"play_id":"c9c5125c-25ae-431a-985b-21b39d7bac16","local_time":"20201226185355","is_ascension_mode":false,"campfire_choices":[{"floor":7,"key":"REST"},{"floor":15,"key":"REST"},{"floor":23,"key":"REST"},{"floor":27,"key":"REST"},{"floor":29,"key":"REST"},{"floor":32,"key":"REST"}],"circlet_count":0,"master_deck":["Chen:Strike","Chen:Strike+1","Chen:Strike","Chen:Defend","Chen:Defend","Chen:Defend","Chen:PounceTurnTail+1","Chen:GlitterPoke","Chen:Spray+1","Chen:Deceitful","Chen:Flicker","Chen:Scratch","Chen:Adaptability","Chen:Shapeshift","Chen:Sweep","Chen:Recuperate","Chen:Frivolous","Chen:Frivolous","Chen:GuardCounter","Chen:WhateverWorks","Chen:Panic","Chen:CatPunch","Chen:Honk+1","Chen:Unpredictable+1","Chen:MisdirectSwipe","Voices","Chen:Nimbleness"],"relics":["Chen:SacredCatnip","NeowsBlessing","Replay:Towering Pillar of Hats","Letter Opener","Whetstone","Membership Card","Runesmith:Nanobots","Smiling Mask","ReplayTheSpireMod:Ring of Exchange","Ring of Hypnosis"],"acts_visited":["Exordium","TheCity"],"potions_floor_usage":[6,11,18,22,24,28,31,33],"damage_taken":[{"damage":0,"enemies":"Jaw Worm","floor":1,"turns":1},{"damage":0,"enemies":"Cultist","floor":2,"turns":1},{"damage":0,"enemies":"2 Louse","floor":3,"turns":2},{"damage":15,"enemies":"Large Slime","floor":5,"turns":6},{"damage":37,"enemies":"HollowMod:MossKnight","floor":6,"turns":12},{"damage":18,"enemies":"Lagavulin","floor":10,"turns":6},{"damage":0,"enemies":"Looter","floor":11,"turns":3},{"damage":16,"enemies":"3 Louse","floor":14,"turns":4},{"damage":8,"enemies":"Hexaghost","floor":16,"turns":9},{"damage":0,"enemies":"3 Byrds","floor":18,"turns":3},{"damage":29,"enemies":"2 Thieves","floor":21,"turns":4},{"damage":35,"enemies":"Cultist and Chosen","floor":22,"turns":7},{"damage":6,"enemies":"HollowMod:Nosk","floor":24,"turns":10},{"damage":26,"enemies":"Sentry and Sphere","floor":25,"turns":5},{"damage":18,"enemies":"Shelled Parasite and Fungi","floor":28,"turns":3},{"damage":21,"enemies":"Centurion and Healer","floor":31,"turns":7},{"damage":30,"enemies":"Pondfish","floor":33,"turns":5}],"seed_played":"-7560283434112977130","potions_obtained":[{"floor":3,"key":"Venom Potion"},{"floor":6,"key":"Doom Potion"},{"floor":10,"key":"Weak Potion"},{"floor":16,"key":"Fire Potion"},{"floor":21,"key":"Adrenaline Potion"},{"floor":22,"key":"ColorlessPotion"},{"floor":25,"key":"Adrenaline Potion"},{"floor":28,"key":"Adrenaline Potion"}],"is_trial":false,"path_per_floor":["M","M","M","$","M","E","R","?","T","E","M","?","$","M","R","B",null,"M","$","?","M","M","R","E","M","T","R","M","R","?","M","R","B"],"character_chosen":"CHEN","items_purchased":["Chen:Scratch","Chen:Frivolous","Membership Card"],"campfire_rested":6,"item_purchase_floors":[4,13,19],"current_hp_per_floor":[70,70,70,70,55,18,39,39,39,21,21,21,21,5,26,18,70,70,70,70,41,6,27,29,3,3,24,6,27,27,6,27,0,0],"gold":167,"neow_bonus":"THREE_ENEMY_KILL","is_daily":false,"chose_seed":false,"campfire_upgraded":0,"win_rate":0.0,"timestamp":1609034035,"path_taken":["M","M","M","$","M","E","R","?","T","E","?","?","$","M","R","BOSS","M","$","?","M","M","R","E","M","T","R","M","R","?","M","R","BOSS"],"items_purchased_type":["Card","Card","Relic"],"build_version":"2020-12-22","purchased_purges":2,"victory":false,"max_hp_per_floor":[70,70,70,70,70,70,70,70,70,70,70,70,70,70,70,70,70,70,70,70,70,70,70,70,70,70,70,70,70,70,70,70,70,70],"card_choices":[{"not_picked":["Chen:PentagramFlight","Chen:Instinct"],"picked":"Chen:Spray","floor":1},{"not_picked":["Chen:Barrier","Chen:Flicker"],"picked":"Chen:Deceitful","floor":2},{"not_picked":["Chen:PentagramFlight","Chen:Adaptability"],"picked":"Chen:Flicker","floor":3},{"not_picked":["Chen:Sidestep","Chen:Spray"],"picked":"Chen:Adaptability","floor":5},{"not_picked":["Chen:Rush","Chen:Frivolous"],"picked":"Chen:Shapeshift","floor":6},{"not_picked":["Chen:Clarity","Chen:FinalSpellCard"],"picked":"Chen:Sweep","floor":10},{"not_picked":["Chen:Sweep","Chen:Adaptability"],"picked":"Chen:Recuperate","floor":11},{"not_picked":["Chen:Sidestep","Chen:Flit"],"picked":"Chen:GuardCounter","floor":14},{"not_picked":["Chen:Stability","Chen:FlankingStrike"],"picked":"Chen:WhateverWorks","floor":16},{"not_picked":["Chen:RecklessLeap+1","Chen:Sneak+1"],"picked":"Chen:Panic","floor":18},{"not_picked":["Chen:Adaptability","Chen:Exploit","Chen:Barrier+1"],"picked":"SKIP","floor":21},{"not_picked":["Chen:Shot","Chen:Rush"],"picked":"Chen:CatPunch","floor":22},{"not_picked":["Chen:TauntHiss","Chen:Spray"],"picked":"Chen:Honk+1","floor":24},{"not_picked":["Chen:Adaptability+1","Chen:PentagramFlight"],"picked":"Chen:Unpredictable+1","floor":25},{"not_picked":["Chen:GuardCounter+1","Chen:RecklessLeap"],"picked":"Chen:MisdirectSwipe","floor":28},{"not_picked":["Chen:Flit","Chen:BlueOniRedOni"],"picked":"Chen:Nimbleness","floor":31}],"player_experience":742197,"relics_obtained":[{"floor":6,"key":"Replay:Towering Pillar of Hats"},{"floor":9,"key":"Letter Opener"},{"floor":10,"key":"Whetstone"},{"floor":24,"key":"Runesmith:Nanobots"},{"floor":26,"key":"Smiling Mask"},{"floor":30,"key":"ReplayTheSpireMod:Ring of Exchange"},{"floor":30,"key":"Ring of Hypnosis"}],"event_choices":[{"damage_healed":0,"gold_gain":0,"player_choice":"Upgraded","damage_taken":0,"max_hp_gain":0,"max_hp_loss":0,"event_name":"Upgrade Shrine","floor":8,"gold_loss":0,"cards_upgraded":["Chen:PounceTurnTail"]},{"damage_healed":0,"gold_gain":0,"player_choice":"Ignored","damage_taken":0,"max_hp_gain":0,"max_hp_loss":0,"event_name":"Ghosts","floor":20,"gold_loss":0}],"is_beta":false,"boss_relics":[{"not_picked":["Calling Bell","Cursed Key"],"picked":"Chen:SacredCatnip"}],"items_purged_floors":[4,13],"is_endless":false,"potions_floor_spawned":[3,6,10,16,21,22,25,28],"killed_by":"Pondfish","ascension_level":0}}