{"host":"dcj2yvrgcvh5dl2s","time":1609052919,"event":{"mods":["BaseMod","Better Note","Block Reminder","Colored Powertips","DeckTracker","Minty Spire (QoL Compilation)","Quick Restart","Rare Cards Sparkle","Relic Stats","StSLib"],"gold_per_floor":[114,132,132,132,132,161,161,191,214,242,0,0,13,13,13,87,87,99,118,143,143,143],"floor_reached":21,"playtime":474,"items_purged":[],"score":396,"play_id":"720e3fa6-2342-4ab2-91fa-c6b6e0201dad","local_time":"20201227170839","is_ascension_mode":true,"campfire_choices":[{"data":"Flex","floor":7,"key":"SMITH"},{"floor":15,"key":"REST"}],"circlet_count":0,"master_deck":["AscendersBane","Strike_R","Strike_R","Defend_R","Defend_R","Defend_R","Bash","Heavy Blade","Fire Breathing","Regret","Flex+1","True Grit+1","Pommel Strike","Inflame","Berserk","Spot Weakness+1","Combust+1","Havoc+1","Flex","Thunderclap+1","Uppercut"],"relics":["Burning Blood","NeowsBlessing","Paper Frog","Lantern","Juzu Bracelet","Toy Ornithopter","Akabeko","MealTicket","Membership Card","Boot","Astrolabe","Red Mask"],"acts_visited":["Exordium","TheCity"],"potions_floor_usage":[20,21],"damage_taken":[{"damage":0,"enemies":"Cultist","floor":1,"turns":1},{"damage":0,"enemies":"2 Louse","floor":2,"turns":1},{"damage":0,"enemies":"Lagavulin","floor":6,"turns":1},{"damage":27,"enemies":"3 Sentries","floor":8,"turns":6},{"damage":46,"enemies":"Gremlin Nob","floor":10,"turns":5},{"damage":0,"enemies":"Jaw Worm","floor":13,"turns":1},{"damage":24,"enemies":"Slime Boss","floor":16,"turns":7},{"damage":3,"enemies":"Chosen","floor":18,"turns":3},{"damage":45,"enemies":"3 Byrds","floor":19,"turns":7},{"damage":26,"enemies":"Masked Bandits","floor":20,"turns":4},{"damage":25,"enemies":"Snake Plant","floor":21,"turns":3}],"seed_played":"4582556299741642002","potions_obtained":[{"floor":8,"key":"DuplicationPotion"},{"floor":10,"key":"Weak Potion"}],"is_trial":false,"path_per_floor":["M","M","T","?","?","E","R","E","T","E","$","$","M","?","R","B",null,"M","M","?","M"],"character_chosen":"IRONCLAD","items_purchased":["Membership Card","Boot"],"campfire_rested":1,"item_purchase_floors":[11,11],"current_hp_per_floor":[74,75,75,68,68,74,74,53,53,13,28,43,49,49,71,53,70,73,34,19,0,0],"gold":143,"neow_bonus":"THREE_ENEMY_KILL","is_daily":false,"chose_seed":false,"campfire_upgraded":1,"win_rate":0.0,"timestamp":1609052919,"path_taken":["M","M","?","?","?","E","R","E","T","E","?","$","M","?","R","BOSS","M","M","?","M"],"items_purchased_type":["Relic","Relic"],"build_version":"2020-12-22","purchased_purges":0,"victory":false,"max_hp_per_floor":[75,75,75,75,75,75,75,75,75,75,75,75,75,75,75,75,75,75,75,75,75,75],"relic_stats":{"counters":[11,39],"Astrolabe":["Spot Weakness","Combust","Havoc"],"MealTicket":30,"Juzu Bracelet":1,"Boot":[0],"obtain_stats":[{"Lantern":5,"NeowsBlessing":0,"Astrolabe":17,"MealTicket":10,"Juzu Bracelet":6,"Red Mask":20,"Membership Card":11,"Boot":11,"Burning Blood":0,"Toy Ornithopter":8,"Akabeko":9,"Paper Frog":3},{"Lantern":2,"NeowsBlessing":0,"Astrolabe":7,"MealTicket":5,"Juzu Bracelet":3,"Red Mask":10,"Membership Card":5,"Boot":5,"Burning Blood":0,"Toy Ornithopter":4,"Akabeko":4,"Paper Frog":2},{"Lantern":2,"NeowsBlessing":0,"Astrolabe":22,"MealTicket":14,"Juzu Bracelet":3,"Red Mask":36,"Membership Card":14,"Boot":14,"Burning Blood":0,"Toy Ornithopter":9,"Akabeko":9,"Paper Frog":2}],"Burning Blood":55,"Toy Ornithopter":10},"card_choices":[{"not_picked":["Havoc","Wild Strike"],"picked":"Heavy Blade","floor":1},{"not_picked":["Dark Embrace","Anger"],"picked":"Fire Breathing","floor":2},{"not_picked":["Clothesline","Armaments"],"picked":"Flex","floor":6},{"not_picked":["Wild Strike","Anger"],"picked":"True Grit","floor":8},{"not_picked":["Impervious","Twin Strike"],"picked":"Pommel Strike","floor":10},{"not_picked":["Body Slam","Metallicize"],"picked":"Inflame","floor":13},{"not_picked":["Juggernaut","Bludgeon"],"picked":"Berserk","floor":16},{"not_picked":["Infernal Blade","Shockwave"],"picked":"Flex","floor":18},{"not_picked":["Anger","True Grit"],"picked":"Thunderclap+1","floor":19},{"not_picked":["Body Slam","Ghostly Armor"],"picked":"Uppercut","floor":20}],"player_experience":2059033,"relics_obtained":[{"floor":3,"key":"Paper Frog"},{"floor":6,"key":"Juzu Bracelet"},{"floor":8,"key":"Toy Ornithopter"},{"floor":9,"key":"Akabeko"},{"floor":10,"key":"MealTicket"},{"floor":20,"key":"Red Mask"}],"event_choices":[{"cards_removed":["Strike_R"],"damage_healed":0,"gold_gain":0,"player_choice":"Card Removal","damage_taken":7,"max_hp_gain":0,"max_hp_loss":0,"event_name":"Golden Wing","floor":4,"gold_loss":0},{"damage_healed":0,"gold_gain":0,"player_choice":"Box","damage_taken":0,"relics_obtained":["Lantern"],"max_hp_gain":0,"max_hp_loss":0,"event_name":"Big Fish","floor":5,"gold_loss":0,"cards_obtained":["Regret"]},{"damage_healed":0,"gold_gain":0,"player_choice":"Grow","damage_taken":0,"max_hp_gain":0,"max_hp_loss":0,"event_name":"Living Wall","floor":14,"gold_loss":0,"cards_upgraded":["True Grit"]},{"damage_healed":0,"gold_gain":0,"player_choice":"Fought Bandits","damage_taken":0,"max_hp_gain":0,"max_hp_loss":0,"event_name":"Masked Bandits","floor":20,"gold_loss":0}],"is_beta":false,"boss_relics":[{"not_picked":["Velvet Choker","Snecko Eye"],"picked":"Astrolabe"}],"items_purged_floors":[],"is_endless":false,"potions_floor_spawned":[8,10,13,19],"killed_by":"Snake Plant","ascension_level":16}}