{"host":"uv231blk40vjdojr","time":1609070623,"event":{"mods":["BaseMod","Minty Spire (QoL Compilation)","Relic Stats"],"gold_per_floor":[114,134,134,157,172,172,209,209,236,236,236],"floor_reached":10,"playtime":349,"items_purged":[],"score":126,"play_id":"9f96bdb1-a237-42c8-9125-856b2d311033","local_time":"20201227130343","is_ascension_mode":true,"campfire_choices":[{"data":"Carnage","floor":6,"key":"SMITH"},{"data":"Bash","floor":8,"key":"SMITH"}],"circlet_count":0,"master_deck":["AscendersBane","Strike_R","Strike_R","Strike_R","Strike_R","Strike_R","Defend_R","Defend_R","Defend_R","Defend_R","Bash+1","Master of Strategy","Thunderclap","Wild Strike","Carnage+1","Dropkick"],"relics":["Burning Blood","CeramicFish","Art of War","Juzu Bracelet"],"acts_visited":["Exordium"],"potions_floor_usage":[4],"damage_taken":[{"damage":10,"enemies":"Small Slimes","floor":1,"turns":3},{"damage":7,"enemies":"Cultist","floor":2,"turns":4},{"damage":9,"enemies":"Jaw Worm","floor":4,"turns":4},{"damage":13,"enemies":"Red Slaver","floor":5,"turns":3},{"damage":35,"enemies":"Lagavulin","floor":7,"turns":5},{"damage":32,"enemies":"Gremlin Nob","floor":10,"turns":3}],"seed_played":"-680834363378245764","potions_obtained":[{"floor":1,"key":"Dexterity Potion"},{"floor":2,"key":"Regen Potion"},{"floor":7,"key":"LiquidBronze"}],"is_trial":false,"path_per_floor":["M","M","?","M","M","R","E","R","T","E"],"character_chosen":"IRONCLAD","items_purchased":[],"campfire_rested":0,"item_purchase_floors":[],"current_hp_per_floor":[64,63,45,54,47,47,18,18,18,0,0],"gold":236,"neow_bonus":"RANDOM_COLORLESS_2","is_daily":false,"chose_seed":false,"campfire_upgraded":2,"win_rate":0.0,"timestamp":1609070623,"path_taken":["M","M","?","M","M","R","E","R","T","E"],"items_purchased_type":[],"build_version":"2020-12-22","purchased_purges":0,"victory":false,"max_hp_per_floor":[68,68,68,68,68,68,68,68,68,68,68],"relic_stats":{"counters":[6,22],"CeramicFish":18,"Art of War":[0],"Juzu Bracelet":0,"obtain_stats":[{"CeramicFish":3,"Art of War":7,"Juzu Bracelet":9,"Burning Blood":0},{"CeramicFish":2,"Art of War":5,"Juzu Bracelet":5,"Burning Blood":0},{"CeramicFish":7,"Art of War":19,"Juzu Bracelet":19,"Burning Blood":0}],"Burning Blood":30},"card_choices":[{"not_picked":["Thinking Ahead","Panache"],"picked":"Master of Strategy","floor":0},{"not_picked":["Dark Embrace","Power Through"],"picked":"Thunderclap","floor":1},{"not_picked":["True Grit","Havoc"],"picked":"Wild Strike","floor":2},{"not_picked":["Spot Weakness","Perfected Strike"],"picked":"Carnage","floor":4},{"not_picked":["Rampage","Clash","Infernal Blade"],"picked":"SKIP","floor":5},{"not_picked":["Iron Wave","Whirlwind"],"picked":"Dropkick","floor":7}],"player_experience":535961,"relics_obtained":[{"floor":7,"key":"Art of War"},{"floor":9,"key":"Juzu Bracelet"}],"event_choices":[{"damage_healed":0,"gold_gain":0,"player_choice":"Success","damage_taken":18,"relics_obtained":["CeramicFish"],"max_hp_gain":0,"max_hp_loss":0,"event_name":"Scrap Ooze","floor":3,"gold_loss":0}],"is_beta":false,"boss_relics":[],"items_purged_floors":[],"is_endless":false,"potions_floor_spawned":[1,2,7],"killed_by":"Gremlin Nob","ascension_level":17}}