{"host":"52zmxm0oht7x0uft","time":1609095045,"event":{"mods":["AchievementEnabler","BaseMod","Minty Spire (QoL Compilation)","Quick Restart"],"gold_per_floor":[117,42,61,75,75,104,104,4,57,57,67,99,113,63,63,166,166,176,176,46,60,60,60,93,93,146,146,158,158,158],"floor_reached":29,"playtime":1063,"items_purged":["Strike_R","Bash","Heavy Blade","Defend_R"],"score":301,"play_id":"3a82dc81-7819-4684-90c8-aeb065e08013","local_time":"20201227195045","is_ascension_mode":true,"campfire_choices":[{"data":"Perfected Strike","floor":7,"key":"SMITH"},{"data":"Dramatic Entrance","floor":10,"key":"SMITH"},{"data":"Inflame","floor":15,"key":"SMITH"},{"floor":23,"key":"REST"},{"data":"Armaments","floor":25,"key":"SMITH"},{"floor":27,"key":"REST"}],"circlet_count":0,"master_deck":["Strike_R","Strike_R","Strike_R","Strike_R","Defend_R","Defend_R","Dramatic Entrance+1","Perfected Strike+1","Inflame+1","Pommel Strike","Feed","Cleave","Armaments+1","Wild Strike"],"relics":["Burning Blood","Potion Belt","Smiling Mask","Juzu Bracelet","SlaversCollar","MutagenicStrength","Bird Faced Urn","Orichalcum"],"acts_visited":["Exordium","TheCity"],"potions_floor_usage":[12,18,24,28],"damage_taken":[{"damage":5,"enemies":"Small Slimes","floor":1,"turns":3},{"damage":1,"enemies":"Cultist","floor":3,"turns":3},{"damage":2,"enemies":"2 Louse","floor":4,"turns":2},{"damage":25,"enemies":"3 Sentries","floor":6,"turns":8},{"damage":0,"enemies":"2 Fungi Beasts","floor":11,"turns":2},{"damage":16,"enemies":"Gremlin Nob","floor":12,"turns":3},{"damage":9,"enemies":"Red Slaver","floor":13,"turns":3},{"damage":28,"enemies":"Slime Boss","floor":16,"turns":9},{"damage":35,"enemies":"3 Byrds","floor":18,"turns":3},{"damage":25,"enemies":"Spheric Guardian","floor":21,"turns":4},{"damage":41,"enemies":"Book of Stabbing","floor":24,"turns":4},{"damage":33,"enemies":"Centurion and Healer","floor":28,"turns":4},{"damage":18,"enemies":"Sentry and Sphere","floor":29,"turns":3}],"seed_played":"60506080968605658","potions_obtained":[{"floor":1,"key":"ColorlessPotion"},{"floor":4,"key":"BloodPotion"},{"floor":12,"key":"BlessingOfTheForge"},{"floor":16,"key":"LiquidBronze"},{"floor":24,"key":"ColorlessPotion"},{"floor":28,"key":"BlessingOfTheForge"}],"is_trial":false,"path_per_floor":["M","$","M","M","?","E","R","$","T","R","M","E","M","$","R","B",null,"M","?","$","M","?","R","E","R","T","R","M","M"],"character_chosen":"IRONCLAD","items_purchased":["Cleave","Armaments"],"campfire_rested":2,"item_purchase_floors":[20,20],"current_hp_per_floor":[80,80,80,80,80,61,61,61,61,61,67,57,54,54,54,32,80,54,54,54,35,19,45,10,10,10,36,11,0,0],"gold":158,"neow_bonus":"RANDOM_COLORLESS","is_daily":false,"chose_seed":false,"campfire_upgraded":4,"win_rate":0.0,"timestamp":1609095045,"path_taken":["M","$","M","M","?","E","R","$","T","R","?","E","M","?","R","BOSS","M","?","$","M","?","R","E","R","T","R","M","M"],"items_purchased_type":["Card","Card"],"build_version":"2020-12-22","purchased_purges":4,"victory":false,"max_hp_per_floor":[80,80,80,80,80,80,80,80,80,80,80,80,80,80,80,80,80,83,83,83,83,88,88,88,88,88,88,88,88,88],"card_choices":[{"not_picked":["Dark Shackles","Finesse"],"picked":"Dramatic Entrance","floor":0},{"not_picked":["Second Wind","Sever Soul","Warcry"],"picked":"SKIP","floor":1},{"not_picked":["Warcry","Anger","Shrug It Off"],"picked":"SKIP","floor":3},{"not_picked":["Iron Wave","Battle Trance"],"picked":"Perfected Strike","floor":4},{"not_picked":["Searing Blow","Power Through"],"picked":"Heavy Blade","floor":6},{"not_picked":["Burning Pact","Flame Barrier"],"picked":"Inflame","floor":11},{"not_picked":["Power Through","Whirlwind"],"picked":"Pommel Strike","floor":12},{"not_picked":["Flex","Sentinel","Warcry"],"picked":"SKIP","floor":13},{"not_picked":["Fiend Fire","Reaper"],"picked":"Feed","floor":16},{"not_picked":["Bloodletting","Heavy Blade","Anger+1"],"picked":"SKIP","floor":18},{"not_picked":["Metallicize","Sword Boomerang"],"picked":"Wild Strike","floor":21},{"not_picked":["Shockwave","Bloodletting","Immolate"],"picked":"SKIP","floor":24},{"not_picked":["Reckless Charge","Warcry+1","Feel No Pain"],"picked":"SKIP","floor":28}],"player_experience":321108,"relics_obtained":[{"floor":6,"key":"Potion Belt"},{"floor":9,"key":"Smiling Mask"},{"floor":12,"key":"Juzu Bracelet"},{"floor":24,"key":"Bird Faced Urn"},{"floor":26,"key":"Orichalcum"}],"event_choices":[{"cards_removed":["Defend_R"],"damage_healed":0,"gold_gain":0,"player_choice":"Purged","damage_taken":0,"max_hp_gain":0,"max_hp_loss":0,"event_name":"Purifier","floor":5,"gold_loss":0},{"damage_healed":0,"gold_gain":0,"player_choice":"Inject Mutagens","damage_taken":0,"relics_obtained":["MutagenicStrength"],"max_hp_gain":0,"max_hp_loss":0,"event_name":"Drug Dealer","floor":19,"gold_loss":0},{"damage_healed":0,"gold_gain":0,"player_choice":"Shed Blood","damage_taken":21,"max_hp_gain":5,"max_hp_loss":0,"event_name":"Forgotten Altar","floor":22,"gold_loss":0}],"is_beta":false,"boss_relics":[{"not_picked":["Ectoplasm","Pandora\u0027s Box"],"picked":"SlaversCollar"}],"items_purged_floors":[2,8,14,20],"is_endless":false,"potions_floor_spawned":[1,4,12,16,24,28],"killed_by":"Sentry and Sphere","ascension_level":4}}