{"host":"s0rqbuvjzggdtc2s","time":1609054418,"event":{"mods":["ATMod(°¢èªMod)","BaseMod","Minty Spire (QoL Compilation)","StSLib","The Bug Knight","¡¾ÒÅÎï¿¨ÅÆ¡¿REMEMod"],"gold_per_floor":[117,134,134,147,160,160,179,179,250,250,132,132,132,149,149,254,254,266,266,13,0,0],"floor_reached":21,"playtime":633,"items_purged":[],"score":169,"play_id":"f901e9b6-f91d-4035-ad80-b6ef40ed4b03","local_time":"20201227153338","is_ascension_mode":false,"campfire_choices":[{"data":"HollowMod:FocusHealStart","floor":6,"key":"SMITH"},{"data":"HollowMod:theNailsmith","floor":8,"key":"SMITH"},{"data":"HollowMod:CrystalDash","floor":10,"key":"SMITH"},{"floor":15,"key":"REST"}],"circlet_count":0,"master_deck":["HollowMod:NailStrikeStart","HollowMod:NailStrikeStart","HollowMod:NailStrikeStart","HollowMod:NailStrikeStart","HollowMod:QuickDashStart","HollowMod:QuickDashStart","HollowMod:QuickDashStart","HollowMod:FocusHealStart+1","HollowMod:PogoStrike","AT_WindFlip","HollowMod:theNailsmith+1","HollowMod:BlackTendrils","HollowMod:QuickDashStart","HollowMod:MonarchWings","HollowMod:MantisMark","HollowMod:CrystalDash+1","HollowMod:SiblingsSouls","HollowMod:ZotesMagnificence","HollowMod:DescendingDark","HollowMod:LordofShades+1","CurseOfTheBell"],"relics":["HollowMod:VesselMask","AT_ATBox","REME_ComplimentaryCards","Dream Catcher","InkBottle","Mercury Hourglass","Calling Bell","Bronze Scales","Frozen Egg 2","Calipers","Toxic Egg 2"],"acts_visited":["Exordium","TheCity"],"potions_floor_usage":[],"damage_taken":[{"damage":6,"enemies":"Jaw Worm","floor":1,"turns":2},{"damage":2,"enemies":"Cultist","floor":2,"turns":3},{"damage":0,"enemies":"Small Slimes","floor":4,"turns":2},{"damage":13,"enemies":"Blue Slaver","floor":5,"turns":5},{"damage":16,"enemies":"Large Slime","floor":7,"turns":4},{"damage":11,"enemies":"2 Fungi Beasts","floor":14,"turns":3},{"damage":9,"enemies":"Slime Boss","floor":16,"turns":7},{"damage":29,"enemies":"Shell Parasite","floor":18,"turns":4},{"damage":57,"enemies":"2 Thieves","floor":21,"turns":3}],"seed_played":"902348337808847694","potions_obtained":[{"floor":4,"key":"Dexterity Potion"},{"floor":7,"key":"Weak Potion"},{"floor":16,"key":"Energy Potion"}],"is_trial":false,"path_per_floor":["M","M","?","M","M","R","M","R","T","R","$","T","$","M","R","B",null,"M","?","$","M"],"character_chosen":"THE_BUGKNIGHT","items_purchased":["HollowMod:SiblingsSouls","HollowMod:ZotesMagnificence","Toxic Egg 2"],"campfire_rested":1,"item_purchase_floors":[11,11,20],"current_hp_per_floor":[69,69,69,71,60,60,52,52,52,52,52,52,52,49,71,66,75,48,48,48,0,0],"gold":0,"neow_bonus":"RANDOM_COMMON_RELIC","is_daily":false,"chose_seed":false,"campfire_upgraded":3,"win_rate":0.0,"timestamp":1609054418,"path_taken":["M","M","?","?","M","R","M","R","T","R","$","?","$","M","R","BOSS","M","?","$","?"],"items_purchased_type":["Card","Card","Relic"],"build_version":"2020-12-22","purchased_purges":0,"victory":false,"max_hp_per_floor":[75,75,75,75,75,75,75,75,75,75,75,75,75,75,75,75,75,75,75,75,75,75],"card_choices":[{"not_picked":["HollowMod:GoodIntentions","HollowMod:VengefulVoid"],"picked":"HollowMod:BlackTendrils","floor":1},{"not_picked":["HollowMod:SoulSplash","HollowMod:BaldurShell","HollowMod:SoulStrike"],"picked":"SKIP","floor":2},{"not_picked":["HollowMod:NewJinnsSoul","HollowMod:TaintedHusks"],"picked":"HollowMod:MonarchWings","floor":4},{"not_picked":["HollowMod:NewJinnsSoul","HollowMod:CrystalDash"],"picked":"HollowMod:MantisMark","floor":5},{"not_picked":["HollowMod:GoodIntentions","HollowMod:SoulStrike"],"picked":"HollowMod:CrystalDash","floor":7},{"not_picked":["HollowMod:Hiveblood","HollowMod:InfectedAttack","HollowMod:NewGlowingWomb"],"picked":"SKIP","floor":14},{"not_picked":["HollowMod:BrokenVessel","HollowMod:CycloneSlash"],"picked":"HollowMod:DescendingDark","floor":15},{"not_picked":["HollowMod:ZotesMagnificence","HollowMod:Hiveblood"],"picked":"HollowMod:LordofShades","floor":16},{"not_picked":["HollowMod:NewJinnsSoul","HollowMod:TaintedHusks+1","HollowMod:DoubleDash"],"picked":"SKIP","floor":18}],"player_experience":193875,"relics_obtained":[{"floor":9,"key":"InkBottle"},{"floor":12,"key":"Mercury Hourglass"},{"floor":17,"key":"Bronze Scales"},{"floor":17,"key":"Frozen Egg 2"},{"floor":17,"key":"Calipers"}],"event_choices":[{"cards_removed":["HollowMod:QuickDashStart"],"damage_healed":0,"gold_gain":0,"player_choice":"Took Card","damage_taken":0,"max_hp_gain":0,"max_hp_loss":0,"event_name":"NoteForYourself","floor":3,"gold_loss":0,"cards_obtained":["HollowMod:QuickDashStart"]},{"damage_healed":0,"gold_gain":0,"player_choice":"Upgraded","damage_taken":0,"max_hp_gain":0,"max_hp_loss":0,"event_name":"Upgrade Shrine","floor":19,"gold_loss":0,"cards_upgraded":["HollowMod:LordofShades"]}],"is_beta":false,"boss_relics":[{"not_picked":["Fusion Hammer","SlaversCollar"],"picked":"Calling Bell"}],"items_purged_floors":[],"is_endless":false,"potions_floor_spawned":[4,7,16],"killed_by":"2 Thieves","ascension_level":0}}