{"host":"zsm7nv3crm3m4x5c","time":1609028459,"event":{"mods":["AchievementEnabler","BaseMod","Colored Map","Colored Powertips","Minty Spire (QoL Compilation)","Shop Mod"],"gold_per_floor":[110,185,31,31,31,31,42,42,42,76,41,51,51,65,65,160,160,170,170,85,10,10,10,26,56,56,56,66,166,179,179,179],"floor_reached":31,"playtime":986,"items_purged":["Strike_B"],"score":402,"play_id":"f356b556-7098-4b86-bc9b-3c1328c55976","local_time":"20201226192059","is_ascension_mode":true,"campfire_choices":[{"floor":6,"key":"REST"},{"data":"Apotheosis","floor":8,"key":"SMITH"},{"data":"Genetic Algorithm","floor":13,"key":"SMITH"},{"floor":15,"key":"REST"},{"data":"Defragment","floor":23,"key":"SMITH"},{"floor":27,"key":"REST"}],"circlet_count":0,"master_deck":["AscendersBane","Strike_B","Strike_B","Strike_B","Defend_B","Defend_B","Defend_B","Defend_B","Zap","Dualcast+1","Apotheosis+1","Doom and Gloom+1","Defragment+1","Genetic Algorithm+1","Ball Lightning","Echo Form","White Noise"],"relics":["Cracked Core","Bronze Scales","Shuriken","Oddly Smooth Stone","Busted Crown","Anchor","Calipers","Bag of Marbles","Lizard Tail","Singing Bowl"],"acts_visited":["Exordium","TheCity"],"potions_floor_usage":[10,16,25,25,29],"damage_taken":[{"damage":7,"enemies":"Jaw Worm","floor":1,"turns":4},{"damage":0,"enemies":"Cultist","floor":7,"turns":3},{"damage":28,"enemies":"Gremlin Nob","floor":10,"turns":4},{"damage":0,"enemies":"Small Slimes","floor":12,"turns":2},{"damage":17,"enemies":"Looter","floor":14,"turns":2},{"damage":7,"enemies":"Slime Boss","floor":16,"turns":7},{"damage":27,"enemies":"Spheric Guardian","floor":18,"turns":4},{"damage":12,"enemies":"2 Thieves","floor":24,"turns":3},{"damage":34,"enemies":"Slavers","floor":25,"turns":5},{"damage":14,"enemies":"Shelled Parasite and Fungi","floor":28,"turns":4},{"damage":0,"enemies":"Colosseum Slavers","floor":29,"turns":2},{"damage":10,"enemies":"Colosseum Nobs","floor":29,"turns":4},{"damage":25,"enemies":"Centurion and Healer","floor":30,"turns":4},{"damage":24,"enemies":"Snake Plant","floor":31,"turns":3}],"seed_played":"2490506953557098777","potions_obtained":[{"floor":7,"key":"Regen Potion"},{"floor":10,"key":"ColorlessPotion"},{"floor":16,"key":"FearPotion"},{"floor":18,"key":"Energy Potion"},{"floor":28,"key":"DistilledChaos"}],"is_trial":false,"path_per_floor":["M","?","$","?","$","R","M","R","T","E","?","M","R","M","R","B",null,"M","?","?","$","?","R","M","E","T","R","M","?","M","M"],"character_chosen":"DEFECT","items_purchased":["Bronze Scales"],"campfire_rested":3,"item_purchase_floors":[3],"current_hp_per_floor":[61,55,55,41,41,61,61,61,61,43,60,60,60,43,63,56,65,38,38,38,38,60,60,48,14,14,34,20,10,24,0,0],"gold":179,"neow_bonus":"RANDOM_COLORLESS_2","is_daily":false,"chose_seed":false,"campfire_upgraded":3,"win_rate":0.0,"timestamp":1609028459,"path_taken":["M","?","?","?","$","R","M","R","T","E","?","M","R","M","R","BOSS","M","?","?","$","?","R","?","E","T","R","M","?","M","M"],"items_purchased_type":["Relic"],"build_version":"2020-12-22","purchased_purges":1,"victory":false,"max_hp_per_floor":[68,68,68,68,68,68,68,68,68,68,68,68,68,68,68,68,68,68,68,68,68,68,68,68,68,68,68,68,68,70,70,70],"card_choices":[{"not_picked":["Thinking Ahead","Mayhem"],"picked":"Apotheosis","floor":0},{"not_picked":["Coolheaded","Undo"],"picked":"Doom and Gloom","floor":1},{"not_picked":["Rebound","FTL"],"picked":"Defragment","floor":7},{"not_picked":["Redo","Streamline"],"picked":"Genetic Algorithm","floor":10},{"not_picked":["Steam","Gash","Redo"],"picked":"SKIP","floor":12},{"not_picked":["BootSequence","Hologram"],"picked":"Ball Lightning","floor":14},{"not_picked":["Reboot","Machine Learning"],"picked":"Echo Form","floor":16},{"not_picked":["Darkness"],"picked":"SKIP","floor":18},{"not_picked":["Beam Cell"],"picked":"SKIP","floor":24},{"not_picked":["Compile Driver"],"picked":"SKIP","floor":25},{"not_picked":["Defragment"],"picked":"SKIP","floor":28},{"not_picked":[],"picked":"White Noise","floor":29},{"not_picked":["Compile Driver"],"picked":"Singing Bowl","floor":30}],"player_experience":522753,"relics_obtained":[{"floor":9,"key":"Shuriken"},{"floor":10,"key":"Oddly Smooth Stone"},{"floor":25,"key":"Calipers"},{"floor":26,"key":"Bag of Marbles"},{"floor":29,"key":"Lizard Tail"},{"floor":29,"key":"Singing Bowl"}],"event_choices":[{"damage_healed":0,"gold_gain":75,"player_choice":"Touch","damage_taken":6,"max_hp_gain":0,"max_hp_loss":0,"event_name":"FaceTrader","floor":2,"gold_loss":0},{"damage_healed":0,"gold_gain":0,"player_choice":"Entered Light","damage_taken":14,"max_hp_gain":0,"max_hp_loss":0,"event_name":"Shining Light","floor":4,"gold_loss":0,"cards_upgraded":["Doom and Gloom","Dualcast"]},{"damage_healed":17,"gold_gain":0,"player_choice":"Healed","damage_taken":0,"max_hp_gain":0,"max_hp_loss":0,"event_name":"The Cleric","floor":11,"gold_loss":35},{"damage_healed":0,"gold_gain":0,"player_choice":"Ignored","damage_taken":0,"max_hp_gain":0,"max_hp_loss":0,"event_name":"Vampires","floor":19,"gold_loss":0},{"damage_healed":0,"gold_gain":0,"player_choice":"Obtained Relic","damage_taken":0,"relics_obtained":["Anchor"],"max_hp_gain":0,"max_hp_loss":0,"event_name":"Addict","floor":20,"gold_loss":85},{"damage_healed":22,"gold_gain":0,"player_choice":"Heal","damage_taken":0,"max_hp_gain":0,"max_hp_loss":0,"event_name":"The Library","floor":22,"gold_loss":0},{"damage_healed":0,"gold_gain":0,"player_choice":"Fight","damage_taken":0,"max_hp_gain":0,"max_hp_loss":0,"event_name":"Colosseum","floor":29,"gold_loss":0},{"damage_healed":0,"gold_gain":0,"player_choice":"Fought Nobs","damage_taken":0,"max_hp_gain":0,"max_hp_loss":0,"event_name":"Colosseum","floor":29,"gold_loss":0}],"is_beta":false,"boss_relics":[{"not_picked":["Ectoplasm","SlaversCollar"],"picked":"Busted Crown"}],"items_purged_floors":[21],"is_endless":false,"potions_floor_spawned":[7,10,16,18,28],"killed_by":"Snake Plant","ascension_level":12}}