{"host":"k9laiz0l4dd0ezpa","time":1609039361,"event":{"mods":["BaseMod","Marisa£®ÏF”Í°°ƒß¿Ì…≥£©","Minty Spire (QoL Compilation)","Quick Restart","Replay The Spire","StSLib","The Cursed","The Servant 0.9.4"],"gold_per_floor":[116,66,66,66,66,66,84,84,84,84,123,123,123,123,42,42,61,61,181,244,260,34,69,92,92,92],"floor_reached":25,"playtime":1181,"items_purged":["Strike_MRS"],"score":222,"play_id":"a5776cd9-6cf1-47d2-a305-0d1d114878f3","local_time":"20201227112241","is_ascension_mode":false,"campfire_choices":[{"data":"MasterSpark","floor":6.0,"key":"SMITH"},{"data":"ChargeUpSpray","floor":13.0,"key":"SMITH"},{"data":"EnergyFlow","floor":16.0,"key":"SMITH"},{"floor":18.0,"key":"REST"}],"circlet_count":0,"master_deck":["Strike_MRS","Strike_MRS","Defend_MRS+1","Defend_MRS","Defend_MRS+1","Defend_MRS","MasterSpark+1","UpSweep+1","ChargeUpSpray+1","AsteroidBelt","EventHorizon","EnergyFlow+1","GrandCross","ChargingUp","WitchOfGreed","MagicChant+1"],"relics":["MiniHakkero","NeowsBlessing","Golden Idol","Mirror","Matryoshka","Potion Belt","Darkstone Periapt","Tiny House","MealTicket"],"acts_visited":["Exordium","TheCity"],"potions_floor_usage":[19,19],"damage_taken":[{"damage":0.0,"enemies":"2 Louse","floor":1.0,"turns":1.0},{"damage":0.0,"enemies":"Small Slimes","floor":7.0,"turns":2.0},{"damage":0.0,"enemies":"3 Sentries","floor":11.0,"turns":1.0},{"damage":12.0,"enemies":"Jaw Worm","floor":17.0,"turns":4.0},{"damage":55,"enemies":"The Guardian","floor":19,"turns":7},{"damage":38,"enemies":"2 Thieves","floor":21,"turns":5},{"damage":5,"enemies":"Chosen","floor":23,"turns":5},{"damage":21,"enemies":"Snake Plant","floor":24,"turns":3},{"damage":20,"enemies":"Shelled Parasite and Fungi","floor":25,"turns":2}],"seed_played":"-6143015071336143962","potions_obtained":[{"floor":1.0,"key":"Strength Potion"},{"floor":11.0,"key":"DuplicationPotion"},{"floor":20,"key":"Death Potion"},{"floor":21,"key":"Milkshake"},{"floor":23,"key":"FearPotion"},{"floor":23,"key":"Regen Potion"}],"is_trial":false,"path_per_floor":["M","?","?","?","T","R","M","PTL","PTL","PTL","E","T","R","?","$","R","M","R","B",null,"M","$","M","M","M"],"character_chosen":"MARISA","items_purchased":["EnergyFlow","MealTicket"],"campfire_rested":1,"item_purchase_floors":[15,22],"current_hp_per_floor":[75,75,69,74,74,74,74,74,74,74,74,74,74,59,59,59,47,69,14,79,41,41,36,15,0,0],"gold":92,"neow_bonus":"THREE_ENEMY_KILL","is_daily":false,"chose_seed":false,"campfire_upgraded":3,"win_rate":0.0,"timestamp":1609039361,"path_taken":["M","?","?","?","?","R","M","PTL","PTL","PTL","E","T","R","?","$","R","M","R","BOSS","M","$","M","M","M"],"items_purchased_type":["Card","Relic"],"build_version":"2020-12-22","purchased_purges":1,"victory":false,"max_hp_per_floor":[75,75,69,74,74,74,74,74,74,74,74,74,74,74,74,74,74,74,74,79,79,79,79,79,79,79],"card_choices":[{"not_picked":["EnergyRecoil","Acceleration"],"picked":"ChargeUpSpray","floor":1.0},{"not_picked":["SuperPerseids","GravityBeat"],"picked":"AsteroidBelt","floor":7.0},{"not_picked":["LuminesStrike","MaximisePower"],"picked":"EventHorizon","floor":11.0},{"not_picked":["GalacticHalo","FairyDestructionRay"],"picked":"GrandCross","floor":17.0},{"not_picked":["MeteoricShower","IllusionStar"],"picked":"ChargingUp","floor":20},{"not_picked":["ShootingEcho+1","DarkMatter"],"picked":"WitchOfGreed","floor":21},{"not_picked":["LuminesStrike","FairyDestructionRay+1"],"picked":"MagicChant+1","floor":23},{"not_picked":["MysteriousBeam","StarlightTyphoon","GalacticHalo+1"],"picked":"SKIP","floor":24}],"player_experience":181282,"relics_obtained":[{"floor":5.0,"key":"Mirror"},{"floor":11.0,"key":"Matryoshka"},{"floor":12.0,"key":"Potion Belt"},{"floor":12.0,"key":"Darkstone Periapt"}],"event_choices":[{"cards_removed":["Strike_MRS"],"damage_healed":0.0,"max_hp_gain":0.0,"max_hp_loss":0.0,"gold_gain":0.0,"event_name":"The Cleric","player_choice":"Card Removal","floor":2.0,"gold_loss":50.0,"damage_taken":0.0},{"damage_healed":0.0,"max_hp_gain":0.0,"max_hp_loss":6.0,"gold_gain":0.0,"event_name":"Golden Idol","player_choice":"Lose Max HP","floor":3.0,"gold_loss":0.0,"damage_taken":0.0,"relics_obtained":["Golden Idol"]},{"damage_healed":0.0,"max_hp_gain":5.0,"max_hp_loss":0.0,"gold_gain":0.0,"event_name":"Big Fish","player_choice":"Donut","floor":4.0,"gold_loss":0.0,"damage_taken":0.0},{"damage_healed":0.0,"max_hp_gain":0.0,"max_hp_loss":0.0,"gold_gain":0.0,"event_name":"Shining Light","player_choice":"Entered Light","floor":14.0,"gold_loss":0.0,"damage_taken":15.0,"cards_upgraded":["UpSweep","Defend_MRS"]}],"is_beta":false,"boss_relics":[{"not_picked":["Cursed Key","Ectoplasm"],"picked":"Tiny House"}],"items_purged_floors":[22],"is_endless":false,"potions_floor_spawned":[1,11,21,23],"killed_by":"Shelled Parasite and Fungi","ascension_level":0}}