{"host":"Stein","time":1609027844,"event":{"mods":["BaseMod","Colored Map","Downfall","Minty Spire (QoL Compilation)","StSLib"],"gold_per_floor":[99,115,26,38,55,88,165,165,315,327,357,357,282,311,321,421,421,346,359,359,373,458,221,272,301,311,311,325,28,55,70,89,194,194,119,133,145,158,75,75,124,124,141,168,185,185,485,520,534,534,534,566,29,29,29],"floor_reached":56,"playtime":4030,"items_purged":["Slimebound:Icky","Slimebound:Icky","champ:Strike","Pain"],"score":1448,"play_id":"9a24c914-4836-4116-9efa-cb0a6414165c","local_time":"20201226191044","is_ascension_mode":true,"campfire_choices":[{"data":"champ:Taunt","floor":1.0,"key":"SMITH"},{"data":"champ:ShieldThrow","floor":8.0,"key":"SMITH"},{"floor":13.0,"key":"RECALL"},{"data":"champ:PerfectForm","floor":18.0,"key":"SMITH"},{"data":"champ:DancingMaster","floor":35,"key":"SMITH"},{"data":"expansioncontent:DashGenerateEvil","floor":42,"key":"SMITH"},{"data":"champ:CrownThrow","floor":46,"key":"SMITH"},{"data":"expansioncontent:DecasProtection","floor":54,"key":"SMITH"}],"circlet_count":0,"master_deck":["champ:Strike","champ:Defend","champ:Defend","champ:Defend","champ:Execute","champ:Taunt+1","champ:TornadoPunch","champ:Duel","champ:DefensiveStyle","champ:Balance","champ:GutPunch","champ:ShieldThrow+1","champ:DefensiveStyle","champ:Balance","champ:PerfectForm+1","champ:CrookedStrike","champ:CrownThrow","champ:FocusedBerserking+1","champ:AdrenalArmor+1","champ:EnGarde+1","champ:Backstep","Slimebound:CheckThePlaybook","champ:GladiatorsShout+1","champ:Encircle","champ:Aggression+1","expansioncontent:DashGenerateEvil+1","champ:ShieldWall+1","champ:CrownThrow+1","champ:DancingMaster+1","champ:ArenaPreparation+1","Slimebound:RollThrough+1","Noxious Fumes+1","Conserve Battery+1","Blur+1","expansioncontent:DecasProtection+1","Inflame","champ:EnchantCrown"],"relics":["Coffee Dripper","Blood Vial","Pantograph","Meat on the Bone","downfall:HeartBlessingGreen","Ancient Tea Set","Astrolabe","downfall:HeartBlessingRed","Guardian:BottledAnomaly","Mercury Hourglass","Enchiridion","Bag of Preparation","SacredBark","downfall:HeartBlessingBlue","PrismaticShard","Toy Ornithopter","WarpedTongs","Akabeko","Bottled Lightning","Anchor","FossilizedHelix","Vajra"],"acts_visited":["Exordium","TheCity","TheBeyond","TheEnding"],"potions_floor_usage":[55,55],"damage_taken":[{"damage":11.0,"enemies":"Cultist","floor":2.0,"turns":4.0},{"damage":10.0,"enemies":"downfall:FleeingMerchant","floor":3.0,"turns":4.0},{"damage":0.0,"enemies":"2 Louse","floor":4.0,"turns":2.0},{"damage":0.0,"enemies":"Small Slimes","floor":5.0,"turns":2.0},{"damage":21.0,"enemies":"Lagavulin","floor":6.0,"turns":5.0},{"damage":11.0,"enemies":"Exordium Thugs","floor":10.0,"turns":3.0},{"damage":22.0,"enemies":"3 Sentries","floor":11.0,"turns":5.0},{"damage":24.0,"enemies":"Lagavulin","floor":14.0,"turns":6.0},{"damage":10.0,"enemies":"Large Slime","floor":15.0,"turns":3.0},{"damage":61.0,"enemies":"downfall:Silent","floor":16.0,"turns":9.0},{"damage":4.0,"enemies":"Chosen","floor":19.0,"turns":3.0},{"damage":17.0,"enemies":"Shelled Parasite and Fungi","floor":21.0,"turns":3.0},{"damage":0.0,"enemies":"downfall:FleeingMerchant","floor":23.0,"turns":4.0},{"damage":40.0,"enemies":"Gremlin Leader","floor":25.0,"turns":6.0},{"damage":24.0,"enemies":"Centurion and Healer","floor":26.0,"turns":4.0},{"damage":12.0,"enemies":"Chosen and Byrds","floor":28.0,"turns":4.0},{"damage":25.0,"enemies":"downfall:FleeingMerchant","floor":29.0,"turns":4.0},{"damage":30.0,"enemies":"Slavers","floor":30.0,"turns":3.0},{"damage":20.0,"enemies":"Shelled Parasite and Fungi","floor":31.0,"turns":3.0},{"damage":13.0,"enemies":"Snake Plant","floor":32.0,"turns":2.0},{"damage":42.0,"enemies":"downfall:Ironclad","floor":33.0,"turns":5.0},{"damage":9,"enemies":"Orb Walker","floor":36,"turns":1},{"damage":21,"enemies":"3 Darklings","floor":37,"turns":4},{"damage":48,"enemies":"Transient","floor":38,"turns":5},{"damage":15,"enemies":"downfall:FleeingMerchant","floor":39,"turns":3},{"damage":37,"enemies":"Writhing Mass","floor":43,"turns":4},{"damage":36,"enemies":"Reptomancer","floor":44,"turns":5},{"damage":32,"enemies":"Sphere and 2 Shapes","floor":45,"turns":3},{"damage":38,"enemies":"Nemesis","floor":48,"turns":5},{"damage":51,"enemies":"Transient","floor":49,"turns":5},{"damage":56,"enemies":"downfall:Watcher","floor":50,"turns":4},{"damage":77,"enemies":"downfall:CharBossMerchant","floor":52,"turns":7},{"damage":143,"enemies":"downfall:NeowBoss","floor":55,"turns":15}],"seed_played":"5344269083294510687","potions_obtained":[{"floor":2.0,"key":"PowerPotion"},{"floor":5.0,"key":"FearPotion"},{"floor":6.0,"key":"Guardian:BlockOnCardUsePotion"},{"floor":12.0,"key":"PowerPotion"},{"floor":26.0,"key":"champ:OpenerPotion"},{"floor":31.0,"key":"SpeedPotion"},{"floor":49,"key":"LiquidMemories"}],"is_trial":false,"path_per_floor":["R","M","$","M","M","E","T","R","?","M","E","?","R","E","M","B",null,"R","M","?","M","?","$","T","E","M","?","M","$","E","M","M","B",null,"R","M","M","M","$","?","T","R","M","E","M","R","?","E","M","B",null,"E","$","R","B",null],"character_chosen":"THE_CHAMP","items_purchased":["champ:DefensiveStyle","Guardian:BottledAnomaly","expansioncontent:DashGenerateEvil","PrismaticShard","Toy Ornithopter","champ:EnchantCrown","CultistPotion","Vajra"],"campfire_rested":0,"item_purchase_floors":[3,23,29,39,39,53,53,53],"current_hp_per_floor":[90,84,84,84,84,76,76,76,76,72,62,62,62,65,67,56,90,90,86,86,80,62,64,64,54,53,37,51,57,55,55,69,68,90,100,100,100,82,84,84,84,84,83,77,80,80,80,80,89,98,100,73,73,73,87],"gold":29,"neow_bonus":"BOSS_RELIC","is_daily":false,"chose_seed":false,"campfire_upgraded":7,"win_rate":0.0,"timestamp":1609027844,"path_taken":["R","M","?","M","M","E","T","R","?","M","E","?","R","E","M","BOSS","R","M","?","M","?","$","T","E","M","?","M","$","E","M","M","BOSS","R","M","M","M","$","?","T","R","M","E","?","R","?","E","M","BOSS","E","$","R","BOSS"],"items_purchased_type":["Card","Relic","Card","Relic","Relic","Card","Potion","Relic"],"build_version":"2020-12-18","purchased_purges":4,"victory":true,"max_hp_per_floor":[90,90,90,90,90,90,90,90,90,90,90,90,90,90,90,90,90,90,90,90,90,90,90,90,90,90,90,90,90,90,90,90,90,90,100,100,100,100,100,100,100,100,100,100,100,100,100,100,100,100,100,100,100,100,100],"card_choices":[{"not_picked":["champ:BerserkersShout","champ:FanOfKnives"],"picked":"champ:TornadoPunch","floor":2.0},{"not_picked":["champ:DefensiveShout","champ:Riposte"],"picked":"champ:Duel","floor":3.0},{"not_picked":["champ:PerfectedStrike","champ:RapidStrikes"],"picked":"champ:Balance","floor":4.0},{"not_picked":["champ:Shatter","champ:Haymaker"],"picked":"champ:GutPunch","floor":5.0},{"not_picked":["champ:TornadoPunch","champ:IronFortress"],"picked":"champ:ShieldThrow","floor":6.0},{"not_picked":["champ:AdrenalArmor","champ:Haymaker"],"picked":"champ:DefensiveStyle","floor":10.0},{"not_picked":["champ:BladeFlurry","champ:FocusedBerserking"],"picked":"champ:Balance","floor":11.0},{"not_picked":["champ:HeartStrike","champ:Balance"],"picked":"champ:PerfectForm","floor":14.0},{"not_picked":["champ:RageSigil","champ:BladeFlurry"],"picked":"champ:CrookedStrike","floor":15.0},{"not_picked":["champ:IgnorePain","champ:HeavySlash"],"picked":"champ:CrownThrow","floor":16.0},{"not_picked":["champ:PerfectedStrike","champ:TornadoPunch"],"picked":"champ:Backstep","floor":19.0},{"not_picked":["champ:FanOfKnives+1","champ:ViciousMockery","champ:Lariat"],"picked":"SKIP","floor":21.0},{"not_picked":["champ:FanOfKnives","champ:RageSigil+1"],"picked":"champ:GladiatorsShout+1","floor":23.0},{"not_picked":["champ:BerserkersShout","champ:FlashCut+1","champ:Backstep"],"picked":"SKIP","floor":25.0},{"not_picked":["champ:FocusedDefense","champ:BringItOn","champ:HeartStrike"],"picked":"SKIP","floor":26.0},{"not_picked":["champ:Shatter","champ:FlashCut"],"picked":"champ:Encircle","floor":28.0},{"not_picked":["champ:RageSigil","champ:FalseCounter"],"picked":"champ:Aggression+1","floor":29.0},{"not_picked":["champ:Encircle","champ:ShieldWall","champ:GutPunch"],"picked":"SKIP","floor":30.0},{"not_picked":["champ:HeartStrike","champ:Balance"],"picked":"champ:ShieldWall+1","floor":31.0},{"not_picked":["champ:Backstep+1","champ:AdrenalArmor"],"picked":"champ:CrownThrow","floor":32.0},{"not_picked":["champ:SwordThrow","champ:HeavySlash"],"picked":"champ:DancingMaster","floor":33.0},{"not_picked":["champ:CrookedStrike","champ:RageSigil"],"picked":"champ:ArenaPreparation+1","floor":36},{"not_picked":["champ:BringItOn+1","champ:BerserkersShout+1","champ:RageSigil+1"],"picked":"SKIP","floor":37},{"not_picked":["champ:BladeFlurry","champ:BerserkerStyle","champ:FalseCounter"],"picked":"SKIP","floor":38},{"not_picked":["champ:DefensiveStyle+1","champ:Encircle+1","champ:GutPunch"],"picked":"SKIP","floor":39},{"not_picked":["Endless Agony+1","sneckomod:Unknown1Cost"],"picked":"Slimebound:RollThrough+1","floor":43},{"not_picked":["Whirlwind","champ:RapidStrikes"],"picked":"Noxious Fumes+1","floor":44},{"not_picked":["Slimebound:SlimeSpikes","WreathOfFlame+1"],"picked":"Conserve Battery+1","floor":45},{"not_picked":["hexamod:AdvancingGuard+1","Enlightenment"],"picked":"Blur+1","floor":48},{"not_picked":["hexamod:Hexaguard+1","champ:TornadoPunch+1"],"picked":"expansioncontent:DecasProtection","floor":49},{"not_picked":["Flame Barrier","Guardian:CrystalBeam+1"],"picked":"Inflame","floor":52}],"player_experience":839816,"relics_obtained":[{"floor":6.0,"key":"Blood Vial"},{"floor":7.0,"key":"Pantograph"},{"floor":11.0,"key":"Meat on the Bone"},{"floor":14.0,"key":"Ancient Tea Set"},{"floor":25.0,"key":"Mercury Hourglass"},{"floor":27.0,"key":"Enchiridion"},{"floor":30.0,"key":"Bag of Preparation"},{"floor":41,"key":"Akabeko"},{"floor":44,"key":"Bottled Lightning"},{"floor":48,"key":"Anchor"},{"floor":52,"key":"FossilizedHelix"}],"event_choices":[{"damage_healed":0.0,"max_hp_gain":0.0,"max_hp_loss":0.0,"gold_gain":0.0,"event_name":"Lab","player_choice":"Got Potions","floor":12.0,"gold_loss":0.0,"damage_taken":0.0},{"damage_healed":0,"gold_gain":0,"player_choice":"Rummage","damage_taken":0,"relics_obtained":["WarpedTongs"],"max_hp_gain":0,"max_hp_loss":0,"event_name":"Accursed Blacksmith","floor":40,"gold_loss":0,"cards_obtained":["Pain"]},{"damage_healed":0,"gold_gain":300,"player_choice":"Gold","damage_taken":0,"max_hp_gain":0,"max_hp_loss":0,"event_name":"Wheel of Change","floor":47,"gold_loss":0}],"is_beta":true,"boss_relics":[{"not_picked":["Sozu","Empty Cage"],"picked":"Astrolabe"},{"not_picked":["Runic Pyramid","Runic Dome"],"picked":"SacredBark"}],"items_purged_floors":[23,29,39,53],"is_endless":false,"potions_floor_spawned":[2,5,6,16,19,21,26,31,33,43,44,48,49,52],"ascension_level":2}}