{"host":"i09pxcjttd31eh4q","time":1609073324,"event":{"mods":["AchievementEnabler","BaseMod","Colored Map","Keyboard Shortcuts","Minty Spire (QoL Compilation)","StSLib","SuperFastMode"],"gold_per_floor":[14,34,44,61,72,102,114,114,114,131,142,142,142,67,67,141,141,141,91,91,5,5,5,5,5,5,5,5,5],"floor_reached":28,"playtime":661,"items_purged":["Strike_B"],"score":473,"play_id":"fa06dcbd-238a-450e-b42c-5e4fb09b71c7","local_time":"20201227214844","is_ascension_mode":true,"campfire_choices":[{"data":"Consume","floor":8.0,"key":"SMITH"},{"floor":12.0,"key":"REST"},{"data":"Darkness","floor":15.0,"key":"SMITH"},{"data":"Capacitor","floor":23.0,"key":"SMITH"},{"data":"Redo","floor":25.0,"key":"SMITH"}],"circlet_count":0,"master_deck":["AscendersBane","Strike_B+1","Strike_B+1","Defend_B","Defend_B","Defend_B","Zap","Dualcast","Redo+1","Cold Snap","Sweeping Beam","Conserve Battery","Darkness+1","Consume+1","Capacitor+1","Rainbow","Double Energy+1","Glacier","Reboot","Go for the Eyes+1","Redo+1"],"relics":["Cracked Core","Whetstone","Mango","Ectoplasm","Shovel"],"acts_visited":["Exordium","TheCity"],"potions_floor_usage":[28],"damage_taken":[{"damage":3.0,"enemies":"Small Slimes","floor":1.0,"turns":4.0},{"damage":2.0,"enemies":"Jaw Worm","floor":2.0,"turns":3.0},{"damage":0.0,"enemies":"Cultist","floor":3.0,"turns":3.0},{"damage":8.0,"enemies":"Exordium Thugs","floor":4.0,"turns":4.0},{"damage":0.0,"enemies":"Blue Slaver","floor":5.0,"turns":3.0},{"damage":27.0,"enemies":"3 Sentries","floor":6.0,"turns":8.0},{"damage":8.0,"enemies":"Large Slime","floor":7.0,"turns":4.0},{"damage":17.0,"enemies":"Gremlin Gang","floor":10.0,"turns":5.0},{"damage":9.0,"enemies":"Exordium Wildlife","floor":11.0,"turns":2.0},{"damage":26.0,"enemies":"Slime Boss","floor":16.0,"turns":6.0},{"damage":0.0,"enemies":"Chosen","floor":18.0,"turns":3.0},{"damage":21.0,"enemies":"3 Byrds","floor":20.0,"turns":5.0},{"damage":18.0,"enemies":"Shelled Parasite and Fungi","floor":24.0,"turns":5.0},{"damage":1.0,"enemies":"Snake Plant","floor":27.0,"turns":4.0},{"damage":32,"enemies":"Gremlin Leader","floor":28,"turns":5}],"seed_played":"4040278583693582951","potions_obtained":[{"floor":4.0,"key":"Strength Potion"},{"floor":5.0,"key":"PowerPotion"},{"floor":10.0,"key":"Explosive Potion"},{"floor":11.0,"key":"LiquidBronze"},{"floor":20.0,"key":"Ancient Potion"}],"is_trial":false,"path_per_floor":["M","M","M","M","M","E","M","R","T","M","M","R","?","$","R","B",null,"M","?","M","$","$","R","M","R","T","M","E"],"character_chosen":"DEFECT","items_purchased":["Reboot"],"campfire_rested":1,"item_purchase_floors":[21],"current_hp_per_floor":[61,59,59,51,51,24,16,16,30,13,4,29,34,34,34,8,70,70,70,49,49,49,49,31,31,31,30,0,0],"gold":5,"neow_bonus":"TRANSFORM_TWO_CARDS","is_daily":false,"chose_seed":false,"campfire_upgraded":4,"win_rate":0.0,"timestamp":1609073324,"path_taken":["M","M","M","M","M","E","M","R","T","M","M","R","?","$","R","BOSS","M","?","M","?","$","R","M","R","T","M","E"],"items_purchased_type":["Card"],"build_version":"2020-12-22","purchased_purges":1,"victory":false,"max_hp_per_floor":[71,71,71,71,71,71,71,71,85,85,85,85,90,90,90,90,90,90,90,90,90,90,90,90,90,90,90,90,90],"card_choices":[{"not_picked":["Turbo","Leap","Force Field"],"picked":"SKIP","floor":1.0},{"not_picked":["Aggregate","Cold Snap"],"picked":"Sweeping Beam","floor":2.0},{"not_picked":["Redo","Reinforced Body"],"picked":"Conserve Battery","floor":3.0},{"not_picked":["Tempest","Hologram","Force Field"],"picked":"SKIP","floor":4.0},{"not_picked":["Gash","Static Discharge","Redo"],"picked":"SKIP","floor":5.0},{"not_picked":["Amplify","Compile Driver"],"picked":"Darkness","floor":6.0},{"not_picked":["Turbo","Leap"],"picked":"Consume","floor":7.0},{"not_picked":["Gash","Undo"],"picked":"Capacitor","floor":10.0},{"not_picked":["Go for the Eyes","Fusion","Loop"],"picked":"SKIP","floor":11.0},{"not_picked":["Core Surge","Amplify"],"picked":"Rainbow","floor":16.0},{"not_picked":["Ball Lightning","Redo"],"picked":"Double Energy+1","floor":18.0},{"not_picked":["Gash","Steam"],"picked":"Glacier","floor":20.0},{"not_picked":["Go for the Eyes+1","Doom and Gloom+1","Steam"],"picked":"SKIP","floor":24.0},{"not_picked":["Doom and Gloom+1","Steam"],"picked":"Go for the Eyes+1","floor":24.0},{"not_picked":["Leap","Force Field"],"picked":"Redo+1","floor":27.0}],"player_experience":781095,"relics_obtained":[{"floor":6.0,"key":"Whetstone"},{"floor":9.0,"key":"Mango"},{"floor":26.0,"key":"Shovel"}],"event_choices":[{"damage_healed":0.0,"max_hp_gain":5.0,"max_hp_loss":0.0,"gold_gain":0.0,"event_name":"Big Fish","player_choice":"Donut","floor":13.0,"gold_loss":0.0,"damage_taken":0.0},{"damage_healed":0.0,"max_hp_gain":0.0,"max_hp_loss":0.0,"gold_gain":100.0,"event_name":"The Joust","player_choice":"Bet on Murderer","floor":19.0,"gold_loss":50.0,"damage_taken":0.0}],"is_beta":false,"boss_relics":[{"not_picked":["Busted Crown","Runic Pyramid"],"picked":"Ectoplasm"}],"items_purged_floors":[14],"is_endless":false,"potions_floor_spawned":[4,5,10,11,20,24],"killed_by":"Gremlin Leader","ascension_level":20}}