{"host":"59ckh7bj2z84pzgo","time":1609059580,"event":{"mods":["BaseMod","Better Vampires","Marked Mod","Minty Spire (QoL Compilation)","Replay The Spire","Spicy Shops","StSLib","TestMod","TheWitcher","【遗物卡牌】REMEMod","残留之物"],"gold_per_floor":[119,119,130,130,130,130,230,230,254,312,340,374,419,473,473,612,612,625,625,655,688,726,726,770,770,813,938,971,994,958,242,242,389,389,432,464,92,120,30,30,54,122,122,122,155,108,43,52,52,52],"floor_reached":51,"playtime":5514,"items_purged":["SnafuTest:DefaultCommonAttack","SnafuTest:DefaultCommonAttack","Pot Of Greed"],"score":713,"play_id":"11a67bd5-d1ae-42b4-91f9-8ac24485fd32","local_time":"20201227165940","is_ascension_mode":false,"campfire_choices":[{"data":"PlaceholderMod:Crystallization","floor":6.0,"key":"SMITH"},{"data":"SnafuTest:BountyHunt","floor":8.0,"key":"SMITH"},{"data":"SnafuTest:BlackSunReturn","floor":15.0,"key":"SMITH"},{"data":"SnafuTest:SpellCalcinedMetamorphism","floor":23.0,"key":"SMITH"},{"floor":25.0,"key":"REST"},{"floor":32.0,"key":"REST"},{"data":"SnafuTest:SignYrden","floor":40.0,"key":"SMITH"},{"data":"SnafuTest:PowerEternalFlame","floor":40.0,"key":"SMITH"},{"data":"Finesse","floor":44.0,"key":"SMITH"},{"data":"SnafuTest:MCSuccubusSeduction","floor":44.0,"key":"SMITH"},{"data":"REME_FirmDetermination","floor":49,"key":"SMITH"},{"data":"SnafuTest:PowerFireDamnation","floor":49,"key":"SMITH"}],"circlet_count":0,"master_deck":["SnafuTest:DefaultCommonAttack","SnafuTest:BountyHunt+1","SnafuTest:DefaultCommonSkill","SnafuTest:DefaultCommonSkill","SnafuTest:SignIgni+1","Exhume+1","SnafuTest:NoPass","PlaceholderMod:Crystallization+1","SnafuTest:MCSuccubusSeduction+1","SnafuTest:BombMoonDust","SnafuTest:SignYrden+1","SnafuTest:Shooting","SnafuTest:BlackSunReturn+1","SnafuTest:SpellCalcinedMetamorphism+1","SnafuTest:PowerCrimsonRitual+1","SnafuTest:SwordDance+1","SnafuTest:FirstAid+1","Pot Of Greed+1","Pot Of Greed+1","SnafuTest:BombDancingStar+1","SnafuTest:CalculatingAmbition","SnafuTest:ArmoredSortie+1","SnafuTest:PowerEternalFlame+1","SnafuTest:PayWeaponSmith","Deep Breath+1","SnafuTest:SpellIncendiaryShower+1","Finesse+1","REME_FirmDetermination+1","SnafuTest:PowerFireDamnation+1","Doubt"],"relics":["SnafuTest:UnstableMutagenRelic","testmod-TestBox","testmod-RealStoneCalender","NeowsBlessing","REME_ComplimentaryCards","Golden Idol","CeramicFish","testmod-IntensifyImprint","Unceasing Top","ChewingGum","Nilry\u0027s Codex","testmod-Antiphasic","Grinning Jar","SnafuTest:AxiiRelic","War Paint","Bag of Marbles","Onion Ring","Replay:Arrowhead","REME_LowDesire","Anchor","Simple Rune","Lantern","Letter Opener","testmod-OneHitWonder"],"acts_visited":["Exordium","TheCity","TheBeyond"],"potions_floor_usage":[50,50],"damage_taken":[{"damage":0.0,"enemies":"Small Slimes","floor":1.0,"turns":1.0},{"damage":0.0,"enemies":"2 Louse","floor":3.0,"turns":1.0},{"damage":0.0,"enemies":"3 Sentries","floor":10.0,"turns":1.0},{"damage":0.0,"enemies":"Cultist","floor":11.0,"turns":4.0},{"damage":7.0,"enemies":"Blue Slaver","floor":12.0,"turns":4.0},{"damage":12.0,"enemies":"Gremlin Nob","floor":13.0,"turns":4.0},{"damage":3.0,"enemies":"Lots of Slimes","floor":14.0,"turns":3.0},{"damage":14.0,"enemies":"Slime Boss","floor":16.0,"turns":5.0},{"damage":5.0,"enemies":"3 Byrds","floor":18.0,"turns":3.0},{"damage":4.0,"enemies":"Spheric Guardian","floor":20.0,"turns":4.0},{"damage":10.0,"enemies":"Snecko","floor":21.0,"turns":5.0},{"damage":14.0,"enemies":"3 Cultists","floor":22.0,"turns":3.0},{"damage":19.0,"enemies":"Slavers","floor":24.0,"turns":3.0},{"damage":9.0,"enemies":"Snake Plant","floor":27.0,"turns":3.0},{"damage":13.0,"enemies":"Sentry and Sphere","floor":28.0,"turns":5.0},{"damage":11.0,"enemies":"Snecko","floor":29.0,"turns":4.0},{"damage":1.0,"enemies":"Cultist and Chosen","floor":30.0,"turns":5.0},{"damage":1.0,"enemies":"Collector","floor":33.0,"turns":8.0},{"damage":24.0,"enemies":"3 Darklings","floor":35.0,"turns":3.0},{"damage":0.0,"enemies":"Orb Walker","floor":36.0,"turns":2.0},{"damage":26.0,"enemies":"Writhing Mass","floor":38.0,"turns":5.0},{"damage":12.0,"enemies":"Maw","floor":41.0,"turns":6.0},{"damage":12.0,"enemies":"R_Hoarder","floor":42.0,"turns":5.0},{"damage":21.0,"enemies":"Transient","floor":45.0,"turns":5.0},{"damage":5.0,"enemies":"Writhing Mass","floor":46.0,"turns":5.0},{"damage":32,"enemies":"Time Eater","floor":50,"turns":8}],"seed_played":"-491514093225405290","potions_obtained":[{"floor":10.0,"key":"AttackPotion"},{"floor":12.0,"key":"SpeedPotion"},{"floor":14.0,"key":"Venom Potion"},{"floor":16.0,"key":"AttackPotion"},{"floor":18.0,"key":"SkillPotion"},{"floor":27.0,"key":"LifebloodPotion"},{"floor":29.0,"key":"LifebloodPotion"},{"floor":36.0,"key":"Venom Potion"},{"floor":38.0,"key":"DistilledChaos"},{"floor":45.0,"key":"Doom Potion"},{"floor":46.0,"key":"Block Potion"}],"is_trial":false,"path_per_floor":["M","?","M","?","?","R","?","R","T","E","M","M","E","M","R","B",null,"M","?","M","M","M","R","E","R","T","M","M","M","M","$","R","B",null,"M","M","$","M","?","R","M","E","T","R","M","M","$","?","R","B",null],"character_chosen":"THE_WITCHER","items_purchased":["War Paint","Bag of Marbles","Onion Ring","Replay:Arrowhead","Lantern","SnafuTest:PowerFireDamnation"],"campfire_rested":2,"item_purchase_floors":[31,31,31,31,37,47],"current_hp_per_floor":[75,75,75,57,57,57,57,57,57,57,57,50,38,35,35,21,75,70,54,50,40,44,44,25,47,47,38,25,14,13,13,35,52,75,69,75,75,49,49,49,37,43,43,43,27,22,22,80,80,48],"gold":52,"neow_bonus":"THREE_ENEMY_KILL","is_daily":false,"chose_seed":false,"campfire_upgraded":10,"win_rate":0.0,"timestamp":1609059580,"path_taken":["M","?","M","?","?","R","?","R","T","E","M","M","E","M","R","BOSS","M","?","M","M","M","R","E","R","T","M","M","M","M","$","R","BOSS","M","M","$","M","?","R","M","E","T","R","M","?","?","?","R","BOSS"],"items_purchased_type":["Relic","Relic","Relic","Relic","Relic","Card"],"build_version":"2020-12-22","purchased_purges":3,"victory":true,"max_hp_per_floor":[75,75,75,75,75,75,75,75,75,75,75,75,75,75,75,75,75,75,75,75,75,75,75,75,75,75,75,75,75,75,75,75,75,75,75,75,75,75,75,75,75,75,75,75,80,80,80,80,80,80],"card_choices":[{"not_picked":["SnafuTest:BlueWhale","SnafuTest:SpellBlindFury"],"picked":"SnafuTest:NoPass","floor":1.0},{"not_picked":["SnafuTest:PowerProbingFeint","SnafuTest:PowerAlwaysAWay"],"picked":"SnafuTest:MCSuccubusSeduction","floor":3.0},{"not_picked":["SnafuTest:BombSamum","SnafuTest:NoPass"],"picked":"SnafuTest:BombMoonDust","floor":10.0},{"not_picked":["SnafuTest:BombDancingStar","SnafuTest:PowerHangmenTree"],"picked":"SnafuTest:SignYrden","floor":11.0},{"not_picked":["SnafuTest:SpellLifeDrain","SnafuTest:PowerTrialOfGrasses"],"picked":"SnafuTest:Shooting","floor":12.0},{"not_picked":["SnafuTest:PowerProbingFeint","SnafuTest:BlueWhale"],"picked":"SnafuTest:GetPaid","floor":13.0},{"not_picked":["SnafuTest:SignYrden","SnafuTest:CareTaker"],"picked":"SnafuTest:BlackSunReturn","floor":14.0},{"not_picked":["SnafuTest:TradeOrTrick","SnafuTest:DecisiveOpportunity"],"picked":"SnafuTest:SpellCalcinedMetamorphism","floor":16.0},{"not_picked":["SnafuTest:DesperateRemediation","SnafuTest:ScholarsIntrigue","SnafuTest:SpellButterflyIllusion"],"picked":"SKIP","floor":18.0},{"not_picked":["SnafuTest:PowerFireDamnation","SnafuTest:SpellHellfire"],"picked":"SnafuTest:PowerCrimsonRitual+1","floor":20.0},{"not_picked":["SnafuTest:PayHappyHour","SnafuTest:PowerAlwaysAWay","SnafuTest:PowerTrialOfGrasses"],"picked":"SKIP","floor":21.0},{"not_picked":["SnafuTest:DesperateRemediation+1","SnafuTest:MCSongOfPeace"],"picked":"SnafuTest:SwordDance+1","floor":22.0},{"not_picked":["SnafuTest:BlackSunRise","SnafuTest:ScholarsIntrigue"],"picked":"SnafuTest:FirstAid+1","floor":24.0},{"not_picked":["SnafuTest:MCMockAndRun","SnafuTest:PowerCrimsonRitual","SnafuTest:BlueWhale"],"picked":"SKIP","floor":27.0},{"not_picked":["SnafuTest:NoPass","SnafuTest:WeddingDance"],"picked":"SnafuTest:BombDancingStar+1","floor":28.0},{"not_picked":["SnafuTest:SignAard","SnafuTest:MCSongOfPeace"],"picked":"SnafuTest:CalculatingAmbition","floor":29.0},{"not_picked":["SnafuTest:ScholarsIntrigue+1","SnafuTest:SignYrden"],"picked":"SnafuTest:ArmoredSortie+1","floor":30.0},{"not_picked":["SnafuTest:PayExoticTreasure","SnafuTest:SweetHome"],"picked":"SnafuTest:PowerEternalFlame","floor":33.0},{"not_picked":["SnafuTest:PowerAlwaysAWay+1","SnafuTest:FlashingEvasion+1","testmod-RepeatForm"],"picked":"SnafuTest:PayWeaponSmith","floor":35.0},{"not_picked":["SnafuTest:Shooting+1","SnafuTest:ShoulderSlam","SnafuTest:ExcessiveLevies"],"picked":"Deep Breath+1","floor":36.0},{"not_picked":["SnafuTest:MCSongOfPeace+1","SnafuTest:SneakKill+1","testmod-LimitFlipper"],"picked":"SnafuTest:SpellIncendiaryShower+1","floor":38.0},{"not_picked":["SnafuTest:FlashingRaid","SnafuTest:BlackSunReturn","SnafuTest:SpellBlindFury","testmod-TaurusBlackCat"],"picked":"SKIP","floor":41.0},{"not_picked":["SnafuTest:BlueWhale+1","SnafuTest:BombDimeritium+1","SnafuTest:SpellBlindFury+1"],"picked":"Finesse","floor":42.0},{"not_picked":["SnafuTest:ScholarsIntrigue","SnafuTest:SpellArcaneDomain+1","SnafuTest:PaySmithWorkshop+1"],"picked":"REME_FirmDetermination","floor":45.0},{"not_picked":["SnafuTest:MCPlayGwent+1","SnafuTest:PayHappyHour","SnafuTest:MCSuccubusSeduction","Midas Touch"],"picked":"SKIP","floor":46.0}],"player_experience":193879,"relics_obtained":[{"floor":9.0,"key":"CeramicFish"},{"floor":10.0,"key":"testmod-IntensifyImprint"},{"floor":13.0,"key":"Unceasing Top"},{"floor":19.0,"key":"Nilry\u0027s Codex"},{"floor":24.0,"key":"testmod-Antiphasic"},{"floor":26.0,"key":"Grinning Jar"},{"floor":34.0,"key":"Anchor"},{"floor":34.0,"key":"Simple Rune"},{"floor":42.0,"key":"Letter Opener"}],"event_choices":[{"damage_healed":0.0,"max_hp_gain":0.0,"max_hp_loss":0.0,"gold_gain":0.0,"event_name":"给自己的盒子","player_choice":"Swap Relic","floor":2.0,"relics_lost":["REME_ComplimentaryCards"],"gold_loss":0.0,"damage_taken":0.0,"relics_obtained":["REME_ComplimentaryCards"]},{"damage_healed":0.0,"max_hp_gain":0.0,"max_hp_loss":0.0,"gold_gain":0.0,"event_name":"Golden Idol","player_choice":"Take Damage","floor":4.0,"gold_loss":0.0,"damage_taken":18.0,"relics_obtained":["Golden Idol"]},{"damage_healed":0.0,"max_hp_gain":0.0,"max_hp_loss":0.0,"gold_gain":100.0,"event_name":"Golden Shrine","player_choice":"Pray","floor":7.0,"gold_loss":0.0,"damage_taken":0.0},{"damage_healed":0.0,"max_hp_gain":0.0,"max_hp_loss":0.0,"gold_gain":0.0,"event_name":"Cursed Tome","player_choice":"Obtained Book","floor":19.0,"gold_loss":0.0,"damage_taken":16.0},{"cards_removed":["SnafuTest:DefaultCommonSkill"],"damage_healed":0.0,"max_hp_gain":0.0,"max_hp_loss":0.0,"gold_gain":0.0,"event_name":"Designer","player_choice":"Upgrade and Remove","floor":39.0,"gold_loss":90.0,"damage_taken":0.0,"cards_upgraded":["Exhume"]},{"damage_healed":58,"gold_gain":0,"player_choice":"Heal","damage_taken":0,"max_hp_gain":0,"max_hp_loss":0,"event_name":"MindBloom","floor":48,"gold_loss":0,"cards_obtained":["Doubt"]}],"is_beta":false,"boss_relics":[{"not_picked":["Black Star","Cursed Key"],"picked":"ChewingGum"},{"not_picked":["ReplayTheSpireMod:DimensionalGlitch","Ring of Chaos"],"picked":"REME_LowDesire"}],"items_purged_floors":[31,37,37],"is_endless":false,"potions_floor_spawned":[10,12,14,16,18,27,29,36,38,45,46],"ascension_level":0}}