{"host":"qj91dvco5uhu9oti","time":1609095140,"event":{"mods":["BaseMod","Colored Map","Keyboard Shortcuts","Minty Spire (QoL Compilation)","Permanent Neow","Relic Stats","StSLib","SuperFastMode","everything is the same but u backflip on backflip"],"gold_per_floor":[117,117,42,52,52,52,87,97,151,163,188,214,226,238,250,336,348,375,127,141,155,170,170,170,170],"floor_reached":24,"playtime":540,"items_purged":["Strike_R","Defend_R"],"score":396,"play_id":"30b57764-f7a5-4ad1-97f6-ce02d89ee2be","local_time":"20201228035220","is_ascension_mode":true,"campfire_choices":[{"data":"Flex","floor":6.0,"key":"SMITH"},{"data":"Twin Strike","floor":10.0,"key":"SMITH"},{"data":"Inflame","floor":15.0,"key":"SMITH"},{"data":"Flex","floor":23.0,"key":"SMITH"}],"circlet_count":0,"master_deck":["AscendersBane","Strike_R","Strike_R","Defend_R+1","Defend_R","Defend_R","Bash","Reaper","Twin Strike+1","Flex+1","Heavy Blade","Headbutt","Shrug It Off+1","Inflame+1","Reaper","Burning Pact","Impervious","Flex+1"],"relics":["Burning Blood","Art of War","MawBank","Sozu"],"acts_visited":["Exordium","TheCity"],"potions_floor_usage":[24],"damage_taken":[{"damage":12.0,"enemies":"Small Slimes","floor":1.0,"turns":6.0},{"damage":10.0,"enemies":"2 Louse","floor":4.0,"turns":3.0},{"damage":30.0,"enemies":"Lagavulin","floor":7.0,"turns":5.0},{"damage":12.0,"enemies":"Cultist","floor":8.0,"turns":4.0},{"damage":16.0,"enemies":"Exordium Wildlife","floor":11.0,"turns":4.0},{"damage":15.0,"enemies":"3 Louse","floor":12.0,"turns":3.0},{"damage":35.0,"enemies":"Slime Boss","floor":16.0,"turns":9.0},{"damage":7.0,"enemies":"Chosen","floor":18.0,"turns":5.0},{"damage":34.0,"enemies":"3 Byrds","floor":20.0,"turns":5.0},{"damage":19.0,"enemies":"Snake Plant","floor":21.0,"turns":4.0},{"damage":12.0,"enemies":"Centurion and Healer","floor":22.0,"turns":6.0},{"damage":76,"enemies":"Slavers","floor":24,"turns":5}],"seed_played":"5622277615329280569","potions_obtained":[{"floor":1.0,"key":"FearPotion"},{"floor":12.0,"key":"GamblersBrew"}],"is_trial":false,"path_per_floor":["M","?","$","M","?","R","E","M","T","R","M","M","?","?","R","B",null,"M","$","M","M","M","R","E"],"character_chosen":"IRONCLAD","items_purchased":["Impervious"],"campfire_rested":0,"item_purchase_floors":[19],"current_hp_per_floor":[66,66,66,70,70,70,52,58,58,58,56,66,43,43,43,42,67,75,75,57,55,75,75,0,0],"gold":170,"neow_bonus":"ONE_RANDOM_RARE_CARD","is_daily":false,"chose_seed":false,"campfire_upgraded":4,"win_rate":0.0,"timestamp":1609095140,"path_taken":["M","?","$","M","?","R","E","M","T","R","M","M","?","?","R","BOSS","M","$","M","M","?","R","E"],"items_purchased_type":["Card"],"build_version":"2020-12-22","purchased_purges":2,"victory":false,"max_hp_per_floor":[75,75,75,75,75,75,75,75,75,75,75,75,75,75,75,75,75,75,75,75,75,75,75,75,75],"relic_stats":{"Sozu":1,"counters":[12,59],"Art of War":[2],"MawBank":120,"obtain_stats":[{"Sozu":17,"Art of War":7,"MawBank":9,"Burning Blood":0},{"Sozu":7,"Art of War":3,"MawBank":4,"Burning Blood":0},{"Sozu":34,"Art of War":14,"MawBank":18,"Burning Blood":0}],"Burning Blood":55},"card_choices":[{"not_picked":["Rampage","Bloodletting"],"picked":"Twin Strike","floor":1.0},{"not_picked":["Armaments","Pommel Strike"],"picked":"Flex","floor":4.0},{"not_picked":["Anger","Seeing Red"],"picked":"Heavy Blade","floor":7.0},{"not_picked":["Body Slam","Perfected Strike"],"picked":"Headbutt","floor":8.0},{"not_picked":["Carnage","Armaments"],"picked":"Shrug It Off","floor":11.0},{"not_picked":["Shrug It Off","Flame Barrier"],"picked":"Inflame","floor":12.0},{"not_picked":["Feed","Berserk"],"picked":"Reaper","floor":16.0},{"not_picked":["Cleave","Clothesline"],"picked":"Burning Pact","floor":18.0},{"not_picked":["Entrench","Flame Barrier","Clothesline"],"picked":"SKIP","floor":20.0},{"not_picked":["Anger","Armaments","Clothesline"],"picked":"SKIP","floor":21.0},{"not_picked":["Iron Wave+1","Thunderclap"],"picked":"Flex","floor":22.0}],"player_experience":306568,"relics_obtained":[{"floor":7.0,"key":"Art of War"},{"floor":9.0,"key":"MawBank"}],"event_choices":[{"damage_healed":0.0,"max_hp_gain":0.0,"max_hp_loss":0.0,"gold_gain":0.0,"event_name":"Liars Game","player_choice":"Ignored","floor":2.0,"gold_loss":0.0,"damage_taken":0.0},{"cards_removed":["Strike_R"],"damage_healed":0.0,"max_hp_gain":0.0,"max_hp_loss":0.0,"gold_gain":0.0,"event_name":"Living Wall","player_choice":"Forget","floor":5.0,"gold_loss":0.0,"damage_taken":0.0},{"damage_healed":0.0,"max_hp_gain":0.0,"max_hp_loss":0.0,"gold_gain":0.0,"event_name":"Shining Light","player_choice":"Entered Light","floor":13.0,"gold_loss":0.0,"damage_taken":23.0,"cards_upgraded":["Defend_R","Shrug It Off"]},{"cards_removed":["Strike_R"],"damage_healed":0.0,"max_hp_gain":0.0,"max_hp_loss":0.0,"gold_gain":0.0,"event_name":"Purifier","player_choice":"Purged","floor":14.0,"gold_loss":0.0,"damage_taken":0.0}],"is_beta":false,"boss_relics":[{"not_picked":["Snecko Eye","Velvet Choker"],"picked":"Sozu"}],"items_purged_floors":[3,19],"is_endless":false,"potions_floor_spawned":[1,12,21],"killed_by":"Slavers","ascension_level":20}}