{"host":"ayh4nqhr0ddw4ozv","time":1609029176,"event":{"mods":["BaseMod","Minty Spire (QoL Compilation)","Relic Stats","Robot Space Explorer","StSLib"],"gold_per_floor":[12,23,23,33,48,48,75,75,99,163,163,163,189,203,203,299,299,313,313,330,349,264,264,290,304,350,383,85,104,104,138,138,238,238,253,303,323,323,342,375,389,56,83,83,98,98,98,123,123,123,123,123,21,50,50],"floor_reached":56,"playtime":3563,"items_purged":["RobotSpaceExplorer:Defend","RobotSpaceExplorer:Strike"],"score":1760,"play_id":"0c05ee26-47d7-4316-aaf7-b0b798be5bbb","local_time":"20201226163256","is_ascension_mode":true,"campfire_choices":[{"data":"Metamorphosis","floor":6,"key":"SMITH"},{"data":"RobotSpaceExplorer:RigExplosive","floor":8,"key":"SMITH"},{"floor":11,"key":"REST"},{"data":"RobotSpaceExplorer:SelfCleaning","floor":15,"key":"SMITH"},{"data":"RobotSpaceExplorer:Blaster","floor":23,"key":"SMITH"},{"data":"RobotSpaceExplorer:TurboDodge","floor":32,"key":"SMITH"},{"data":"RobotSpaceExplorer:Strike","floor":44,"key":"PURGE"},{"floor":46,"key":"RECALL"},{"data":"RobotSpaceExplorer:Strike","floor":49,"key":"PURGE"},{"data":"RobotSpaceExplorer:Strike","floor":52,"key":"PURGE"}],"circlet_count":0,"master_deck":["RobotSpaceExplorer:Defend","RobotSpaceExplorer:Defend","RobotSpaceExplorer:Scan","RobotSpaceExplorer:MiniLasers+1","Metamorphosis+1","RobotSpaceExplorer:SelfCleaning+1","RobotSpaceExplorer:SurgingStrike+1","RobotSpaceExplorer:LuckyStrike","RobotSpaceExplorer:JunkDive","RobotSpaceExplorer:RigExplosive+1","RobotSpaceExplorer:DoubleBlock","RobotSpaceExplorer:Blaster+1","RobotSpaceExplorer:Calculate","RobotSpaceExplorer:SurgingStrike+1","RobotSpaceExplorer:Electropulse","RobotSpaceExplorer:RigExplosive+1","RobotSpaceExplorer:TurboDodge+1","RobotSpaceExplorer:Multitool","RobotSpaceExplorer:ScrapShield","RobotSpaceExplorer:ChargingLaser","RobotSpaceExplorer:IronShell+1","RobotSpaceExplorer:Electropulse+1"],"relics":["RobotSpaceExplorer:RoboCore","Nunchaku","Toy Ornithopter","MealTicket","RobotSpaceExplorer:ClockworkSextant","StrikeDummy","Coffee Dripper","MutagenicStrength","Orichalcum","Art of War","Omamori","FossilizedHelix","Potion Belt","Bottled Lightning","Black Star","Peace Pipe","Toxic Egg 2","Ancient Tea Set","Centennial Puzzle","RobotSpaceExplorer:PlasmaHourglass","Juzu Bracelet","Pen Nib","Whetstone"],"acts_visited":["Exordium","TheCity","TheBeyond","TheEnding"],"potions_floor_usage":[5,10,13,13,16,16,18,18,21,24,27,29,33,33,33,33,35,35,36,36,37,39,40,40,40,40,40,41,41,48,48,50,50,50,50,50,50,54,54,55,55,55,55,55,55,55,55,55],"damage_taken":[{"damage":0,"enemies":"Cultist","floor":1,"turns":3},{"damage":0,"enemies":"2 Louse","floor":2,"turns":4},{"damage":0,"enemies":"Jaw Worm","floor":4,"turns":3},{"damage":31,"enemies":"Exordium Thugs","floor":5,"turns":6},{"damage":8,"enemies":"Lagavulin","floor":7,"turns":5},{"damage":15,"enemies":"3 Sentries","floor":10,"turns":6},{"damage":0,"enemies":"Gremlin Nob","floor":13,"turns":2},{"damage":1,"enemies":"Blue Slaver","floor":14,"turns":3},{"damage":0,"enemies":"Slime Boss","floor":16,"turns":5},{"damage":0,"enemies":"2 Thieves","floor":18,"turns":3},{"damage":0,"enemies":"Spheric Guardian","floor":20,"turns":3},{"damage":0,"enemies":"Snecko","floor":21,"turns":4},{"damage":0,"enemies":"Gremlin Leader","floor":24,"turns":4},{"damage":0,"enemies":"Sentry and Sphere","floor":25,"turns":2},{"damage":1,"enemies":"Slavers","floor":27,"turns":4},{"damage":0,"enemies":"Centurion and Healer","floor":29,"turns":4},{"damage":4,"enemies":"Book of Stabbing","floor":31,"turns":3},{"damage":0,"enemies":"Collector","floor":33,"turns":9},{"damage":35,"enemies":"3 Darklings","floor":35,"turns":5},{"damage":5,"enemies":"Mind Bloom Boss Battle","floor":36,"turns":5},{"damage":0,"enemies":"3 Shapes","floor":37,"turns":3},{"damage":18,"enemies":"Spire Growth","floor":39,"turns":3},{"damage":48,"enemies":"Giant Head","floor":40,"turns":8},{"damage":17,"enemies":"4 Shapes","floor":41,"turns":7},{"damage":0,"enemies":"3 Darklings","floor":45,"turns":4},{"damage":19,"enemies":"Reptomancer","floor":48,"turns":5},{"damage":79,"enemies":"Time Eater","floor":50,"turns":11},{"damage":40,"enemies":"Shield and Spear","floor":54,"turns":5},{"damage":44,"enemies":"The Heart","floor":55,"turns":6}],"seed_played":"1102503839187570059","potions_obtained":[{"floor":4,"key":"DistilledChaos"},{"floor":7,"key":"Weak Potion"},{"floor":14,"key":"Ancient Potion"},{"floor":16,"key":"SkillPotion"},{"floor":21,"key":"AttackPotion"},{"floor":33,"key":"Block Potion"},{"floor":37,"key":"Weak Potion"},{"floor":45,"key":"Weak Potion"},{"floor":48,"key":"Swift Potion"}],"is_trial":false,"path_per_floor":["M","M","?","M","M","R","E","R","T","?","R","?","E","M","R","B",null,"M","?","M","M","?","R","E","M","T","E","$","M","?","E","R","B",null,"M","?","M","?","M","E","M","$","T","R","M","R","?","E","R","B",null,"R","$","E","B",null],"character_chosen":"RobotSpaceExplorer","items_purchased":["Potion Belt","DistilledChaos","RobotSpaceExplorer:IronShell+1","Centennial Puzzle","EntropicBrew"],"campfire_rested":1,"item_purchase_floors":[28,28,42,42,53],"current_hp_per_floor":[68,68,68,68,37,37,29,29,29,19,41,29,39,38,38,48,68,75,75,75,75,75,75,75,75,75,74,75,75,61,57,57,77,79,54,59,64,64,51,28,21,36,36,36,36,36,70,56,56,7,54,54,69,35,31],"gold":50,"neow_bonus":"RANDOM_COLORLESS_2","is_daily":false,"chose_seed":false,"campfire_upgraded":5,"win_rate":0.0,"timestamp":1609029176,"path_taken":["M","M","?","M","?","R","E","R","T","?","R","?","E","M","R","BOSS","M","?","M","M","?","R","E","M","T","E","?","?","?","E","R","BOSS","M","?","M","?","M","E","M","$","T","R","M","R","?","E","R","BOSS","R","$","E","BOSS"],"items_purchased_type":["Relic","Potion","Card","Relic","Potion"],"build_version":"2020-12-22","purchased_purges":2,"victory":true,"max_hp_per_floor":[75,75,75,75,75,75,75,75,75,75,75,75,75,75,75,75,75,75,75,75,75,75,75,75,75,75,75,75,75,80,80,80,80,80,80,80,80,80,80,80,80,80,80,80,80,80,70,70,70,70,70,70,70,70,70],"relic_stats":{"counters":[29,135],"Pen Nib":[2],"Juzu Bracelet":0,"Whetstone":["RobotSpaceExplorer:MiniLasers","RobotSpaceExplorer:SurgingStrike"],"Orichalcum":[72],"Peace Pipe":3,"Nunchaku":[34],"Centennial Puzzle":[12],"MealTicket":31,"Art of War":[6],"Black Star":3,"obtain_stats":[{"RobotSpaceExplorer:ClockworkSextant":12,"Potion Belt":28,"RobotSpaceExplorer:PlasmaHourglass":48,"RobotSpaceExplorer:RoboCore":0,"Pen Nib":54,"Omamori":26,"Juzu Bracelet":48,"Whetstone":54,"Orichalcum":22,"Ancient Tea Set":40,"Peace Pipe":36,"Nunchaku":7,"Centennial Puzzle":42,"MutagenicStrength":19,"MealTicket":10,"Coffee Dripper":17,"Art of War":24,"Black Star":34,"Bottled Lightning":31,"Toxic Egg 2":40,"StrikeDummy":13,"Toy Ornithopter":9,"FossilizedHelix":27},{"RobotSpaceExplorer:ClockworkSextant":6,"Potion Belt":15,"RobotSpaceExplorer:PlasmaHourglass":26,"RobotSpaceExplorer:RoboCore":0,"Pen Nib":28,"Omamori":14,"Juzu Bracelet":26,"Whetstone":28,"Orichalcum":12,"Ancient Tea Set":23,"Peace Pipe":20,"Nunchaku":5,"Centennial Puzzle":24,"MutagenicStrength":10,"MealTicket":6,"Coffee Dripper":9,"Art of War":13,"Black Star":18,"Bottled Lightning":17,"Toxic Egg 2":23,"StrikeDummy":7,"Toy Ornithopter":5,"FossilizedHelix":15},{"RobotSpaceExplorer:ClockworkSextant":27,"Potion Belt":57,"RobotSpaceExplorer:PlasmaHourglass":113,"RobotSpaceExplorer:RoboCore":0,"Pen Nib":129,"Omamori":53,"Juzu Bracelet":113,"Whetstone":129,"Orichalcum":47,"Ancient Tea Set":97,"Peace Pipe":83,"Nunchaku":21,"Centennial Puzzle":104,"MutagenicStrength":40,"MealTicket":27,"Coffee Dripper":37,"Art of War":51,"Black Star":73,"Bottled Lightning":64,"Toxic Egg 2":97,"StrikeDummy":29,"Toy Ornithopter":21,"FossilizedHelix":57}],"Toy Ornithopter":198},"card_choices":[{"not_picked":["Mayhem","Sadistic Nature"],"picked":"Metamorphosis","floor":0},{"not_picked":["RobotSpaceExplorer:SwiftStep","RobotSpaceExplorer:ScrapMissile"],"picked":"RobotSpaceExplorer:SelfCleaning","floor":1},{"not_picked":["RobotSpaceExplorer:Smokescreen","RobotSpaceExplorer:ImprovisedAttack"],"picked":"RobotSpaceExplorer:SurgingStrike","floor":2},{"not_picked":["RobotSpaceExplorer:MiniDrones","RobotSpaceExplorer:GearShield"],"picked":"RobotSpaceExplorer:JunkDive","floor":4},{"not_picked":["RobotSpaceExplorer:ScrapMissile","RobotSpaceExplorer:Wormhole"],"picked":"RobotSpaceExplorer:RigExplosive","floor":5},{"not_picked":["RobotSpaceExplorer:ScrapMissile","RobotSpaceExplorer:Ammunition","RobotSpaceExplorer:Discharger"],"picked":"SKIP","floor":7},{"not_picked":["RobotSpaceExplorer:Ammunition","RobotSpaceExplorer:LaserBurst","RobotSpaceExplorer:GlueShot"],"picked":"SKIP","floor":13},{"not_picked":["RobotSpaceExplorer:PlasmaMissile","RobotSpaceExplorer:DoubleFind"],"picked":"RobotSpaceExplorer:DoubleBlock","floor":14},{"not_picked":["RobotSpaceExplorer:Wormhole","RobotSpaceExplorer:BlastShield"],"picked":"RobotSpaceExplorer:Blaster","floor":16},{"not_picked":["RobotSpaceExplorer:Blitz+1","RobotSpaceExplorer:ShockKick","RobotSpaceExplorer:ImprovisedAttack+1"],"picked":"SKIP","floor":18},{"not_picked":["RobotSpaceExplorer:FrostMissile","RobotSpaceExplorer:Blitz","RobotSpaceExplorer:ImprovisedAttack"],"picked":"SKIP","floor":20},{"not_picked":["RobotSpaceExplorer:Blitz","RobotSpaceExplorer:ScrapMissile"],"picked":"RobotSpaceExplorer:Calculate","floor":21},{"not_picked":["RobotSpaceExplorer:ScrapToss","RobotSpaceExplorer:PowerCollector"],"picked":"RobotSpaceExplorer:SurgingStrike+1","floor":24},{"not_picked":["RobotSpaceExplorer:MetalStrike+1","RobotSpaceExplorer:ScrapMissile"],"picked":"RobotSpaceExplorer:Electropulse","floor":25},{"not_picked":["RobotSpaceExplorer:MiniDrones","RobotSpaceExplorer:Ammunition","RobotSpaceExplorer:StunGrenade"],"picked":"SKIP","floor":27},{"not_picked":["RobotSpaceExplorer:Comet","RobotSpaceExplorer:LuckyStrike"],"picked":"RobotSpaceExplorer:RigExplosive+1","floor":29},{"not_picked":["RobotSpaceExplorer:Pulsar","RobotSpaceExplorer:Counterblock"],"picked":"RobotSpaceExplorer:TurboDodge","floor":31},{"not_picked":["RobotSpaceExplorer:ChargingLaser","RobotSpaceExplorer:Explosion"],"picked":"RobotSpaceExplorer:Multitool","floor":33},{"not_picked":["RobotSpaceExplorer:GlueSpray","RobotSpaceExplorer:ImprovisedAttack"],"picked":"RobotSpaceExplorer:ScrapShield","floor":35},{"not_picked":["RobotSpaceExplorer:DualCore","RobotSpaceExplorer:StunGrenade+1","RobotSpaceExplorer:Electropulse+1"],"picked":"SKIP","floor":37},{"not_picked":["RobotSpaceExplorer:ImprovisedAttack+1","RobotSpaceExplorer:Electropulse","RobotSpaceExplorer:Discharger"],"picked":"SKIP","floor":39},{"not_picked":["RobotSpaceExplorer:SelfCleaning+1","RobotSpaceExplorer:Exploration+1"],"picked":"RobotSpaceExplorer:ChargingLaser","floor":40},{"not_picked":["RobotSpaceExplorer:GlueShot+1","RobotSpaceExplorer:Counterblock+1","RobotSpaceExplorer:Ammunition+1"],"picked":"SKIP","floor":41},{"not_picked":["RobotSpaceExplorer:Arsenal+1","RobotSpaceExplorer:ShovelStrike","RobotSpaceExplorer:MetalStrike+1"],"picked":"SKIP","floor":45},{"not_picked":["RobotSpaceExplorer:MetalStrike","RobotSpaceExplorer:ShockKick+1"],"picked":"RobotSpaceExplorer:Electropulse+1","floor":48},{"not_picked":["RobotSpaceExplorer:FreezeRay","RobotSpaceExplorer:SurgingStrike+1","RobotSpaceExplorer:Explosion"],"picked":"SKIP","floor":54}],"player_experience":236107,"relics_obtained":[{"floor":7,"key":"Nunchaku"},{"floor":9,"key":"Toy Ornithopter"},{"floor":10,"key":"MealTicket"},{"floor":13,"key":"StrikeDummy"},{"floor":24,"key":"Art of War"},{"floor":26,"key":"Omamori"},{"floor":27,"key":"FossilizedHelix"},{"floor":31,"key":"Bottled Lightning"},{"floor":36,"key":"Peace Pipe"},{"floor":40,"key":"Toxic Egg 2"},{"floor":40,"key":"Ancient Tea Set"},{"floor":48,"key":"RobotSpaceExplorer:PlasmaHourglass"},{"floor":48,"key":"Juzu Bracelet"},{"floor":54,"key":"Pen Nib"},{"floor":54,"key":"Whetstone"}],"event_choices":[{"damage_healed":0,"gold_gain":0,"player_choice":"1 cards matched","damage_taken":0,"max_hp_gain":0,"max_hp_loss":0,"event_name":"Match and Keep!","floor":3,"gold_loss":0,"cards_obtained":["RobotSpaceExplorer:LuckyStrike"]},{"damage_healed":0,"gold_gain":0,"player_choice":"Searched \u00271\u0027 times","damage_taken":0,"max_hp_gain":0,"max_hp_loss":0,"event_name":"Dead Adventurer","floor":10,"gold_loss":0},{"damage_healed":0,"gold_gain":0,"player_choice":"Success","damage_taken":12,"relics_obtained":["RobotSpaceExplorer:ClockworkSextant"],"max_hp_gain":0,"max_hp_loss":0,"event_name":"Scrap Ooze","floor":12,"gold_loss":0},{"damage_healed":0,"gold_gain":0,"player_choice":"Inject Mutagens","damage_taken":0,"relics_obtained":["MutagenicStrength"],"max_hp_gain":0,"max_hp_loss":0,"event_name":"Drug Dealer","floor":19,"gold_loss":0},{"damage_healed":0,"gold_gain":0,"player_choice":"Obtained Relic","damage_taken":0,"relics_obtained":["Orichalcum"],"max_hp_gain":0,"max_hp_loss":0,"event_name":"Addict","floor":22,"gold_loss":85},{"damage_healed":0,"gold_gain":0,"player_choice":"Shed Blood","damage_taken":19,"max_hp_gain":5,"max_hp_loss":0,"event_name":"Forgotten Altar","floor":30,"gold_loss":0},{"damage_healed":0,"gold_gain":0,"player_choice":"Fight","damage_taken":0,"max_hp_gain":0,"max_hp_loss":0,"event_name":"MindBloom","floor":36,"gold_loss":0},{"cards_removed":["RobotSpaceExplorer:Defend"],"damage_healed":0,"gold_gain":0,"player_choice":"Removed Skill","damage_taken":0,"max_hp_gain":0,"max_hp_loss":0,"event_name":"Falling","floor":38,"gold_loss":0},{"damage_healed":70,"gold_gain":0,"player_choice":"Heal","damage_taken":0,"max_hp_gain":0,"max_hp_loss":10,"event_name":"The Moai Head","floor":47,"gold_loss":0}],"is_beta":false,"boss_relics":[{"not_picked":["Velvet Choker","SlaversCollar"],"picked":"Coffee Dripper"},{"not_picked":["Pandora\u0027s Box","Snecko Eye"],"picked":"Black Star"}],"items_purged_floors":[28,42],"is_endless":false,"potions_floor_spawned":[4,7,14,16,20,21,24,33,37,45,48],"ascension_level":7}}