{"host":"tknto047uabgu3zm","time":1609094922,"event":{"mods":["AchievementEnabler","BaseMod","Bestiary","Block Reminder","Colored Map","Colored Powertips","Highlight Path","Minty Spire (QoL Compilation)","MonsterHotkey","Permanent Neow","Random Character Button","Rare Cards Sparkle","Relic Sorter","Relic Stats","StSLib"],"gold_per_floor":[109,109,124,274,288,302,320,343,397,472,497,497,205,240,240,240,240],"floor_reached":16,"playtime":1025,"items_purged":["Doubt"],"score":192,"play_id":"a40a64b7-a53b-4921-b69c-667019f7713f","local_time":"20201227104842","is_ascension_mode":true,"campfire_choices":[{"floor":15,"key":"REST"}],"circlet_count":0,"master_deck":["AscendersBane","Strike_G","Strike_G","Strike_G","Strike_G","Strike_G","Defend_G","Defend_G","Defend_G","Defend_G","Defend_G","Survivor","Neutralize","Backflip","Noxious Fumes","PiercingWail","Skewer","Masterful Stab","Leg Sweep","Envenom","Footwork"],"relics":["Cursed Key","Golden Idol","Toy Ornithopter","Oddly Smooth Stone","Eternal Feather"],"acts_visited":["Exordium"],"potions_floor_usage":[14,16],"damage_taken":[{"damage":8.0,"enemies":"Small Slimes","floor":1.0,"turns":5.0},{"damage":2.0,"enemies":"Jaw Worm","floor":3.0,"turns":6.0},{"damage":6.0,"enemies":"2 Louse","floor":5.0,"turns":3.0},{"damage":5.0,"enemies":"Exordium Thugs","floor":6.0,"turns":7.0},{"damage":2.0,"enemies":"3 Louse","floor":7.0,"turns":4.0},{"damage":6.0,"enemies":"Large Slime","floor":8.0,"turns":5.0},{"damage":0.0,"enemies":"Lots of Slimes","floor":11.0,"turns":5.0},{"damage":17,"enemies":"Gremlin Nob","floor":14,"turns":6},{"damage":54,"enemies":"Slime Boss","floor":16,"turns":12}],"seed_played":"-8870018700602238890","potions_obtained":[{"floor":1.0,"key":"EssenceOfSteel"},{"floor":3.0,"key":"Regen Potion"},{"floor":6.0,"key":"Weak Potion"},{"floor":8.0,"key":"Fire Potion"}],"is_trial":false,"path_per_floor":["M","?","M","?","M","M","M","M","T","?","M","?","$","E","R","B"],"character_chosen":"THE_SILENT","items_purchased":["Oddly Smooth Stone","Block Potion"],"campfire_rested":1,"item_purchase_floors":[13,13],"current_hp_per_floor":[51,51,49,49,43,38,36,44,44,33,38,31,31,19,49,0,0],"gold":240,"neow_bonus":"BOSS_RELIC","is_daily":false,"chose_seed":false,"campfire_upgraded":0,"win_rate":0.0,"timestamp":1609094922,"path_taken":["M","?","M","?","M","M","?","M","T","?","M","?","$","E","R","BOSS"],"items_purchased_type":["Relic","Potion"],"build_version":"2020-12-22","purchased_purges":1,"victory":false,"max_hp_per_floor":[66,60,60,60,60,60,60,60,60,60,60,60,60,60,60,60,60],"relic_stats":{"counters":[9,53],"Golden Idol":30,"Eternal Feather":12,"Cursed Key":1,"obtain_stats":[{"Golden Idol":2,"Oddly Smooth Stone":13,"Eternal Feather":14,"Cursed Key":0,"Toy Ornithopter":9,"Ring of the Snake":0},{"Golden Idol":1,"Oddly Smooth Stone":7,"Eternal Feather":8,"Cursed Key":0,"Toy Ornithopter":6,"Ring of the Snake":0},{"Golden Idol":5,"Oddly Smooth Stone":35,"Eternal Feather":41,"Cursed Key":0,"Toy Ornithopter":30,"Ring of the Snake":0}],"Toy Ornithopter":15},"card_choices":[{"not_picked":["Quick Slash","Flying Knee"],"picked":"Backflip","floor":1.0},{"not_picked":["Deflect","Catalyst"],"picked":"Noxious Fumes","floor":3.0},{"not_picked":["Prepared","Expertise"],"picked":"PiercingWail","floor":5.0},{"not_picked":["Cloak And Dagger","Poisoned Stab"],"picked":"Skewer","floor":6.0},{"not_picked":["Outmaneuver","All Out Attack"],"picked":"Masterful Stab","floor":7.0},{"not_picked":["Eviscerate","Well Laid Plans"],"picked":"Leg Sweep","floor":8.0},{"not_picked":["Accuracy","Calculated Gamble"],"picked":"Envenom","floor":11.0},{"not_picked":["Poisoned Stab","Sucker Punch"],"picked":"Footwork","floor":14}],"player_experience":486526,"relics_obtained":[{"floor":9.0,"key":"Toy Ornithopter"},{"floor":14,"key":"Eternal Feather"}],"event_choices":[{"damage_healed":0.0,"max_hp_gain":0.0,"max_hp_loss":6.0,"gold_gain":0.0,"event_name":"Golden Idol","player_choice":"Lose Max HP","floor":2.0,"gold_loss":0.0,"damage_taken":0.0,"relics_obtained":["Golden Idol"]},{"damage_healed":0.0,"max_hp_gain":0.0,"max_hp_loss":0.0,"gold_gain":150.0,"event_name":"Liars Game","player_choice":"AGREE","floor":4.0,"gold_loss":0.0,"damage_taken":0.0,"cards_obtained":["Doubt"]},{"damage_healed":0.0,"max_hp_gain":0.0,"max_hp_loss":0.0,"gold_gain":75.0,"event_name":"World of Goop","player_choice":"Gather Gold","floor":10.0,"gold_loss":0.0,"damage_taken":11.0},{"cards_removed":["Doubt"],"damage_healed":0.0,"max_hp_gain":0.0,"max_hp_loss":0.0,"gold_gain":0.0,"event_name":"Golden Wing","player_choice":"Card Removal","floor":12.0,"gold_loss":0.0,"damage_taken":7.0}],"is_beta":false,"boss_relics":[],"items_purged_floors":[13],"is_endless":false,"potions_floor_spawned":[1,3,6,8],"killed_by":"Slime Boss","ascension_level":17}}