{"host":"5cnm2qapaqj5mmu7","time":1609086453,"event":{"mods":["BaseMod","Bestiary","Colored Map","Minty Spire (QoL Compilation)","StSLib"],"gold_per_floor":[117,292,242,256,91,91,121,121,148,173,23,37,37,37,37,138,138,149,160,160,120,133,166,166,178,178,178,213,213,32,46,46,141,141,154,0,0,0,17,17,43,43,43,43,62,92,33,133,133,133],"floor_reached":51,"playtime":2330,"items_purged":[],"score":967,"play_id":"3c6af55a-b83b-413d-a5c8-3dcff9e06ce4","local_time":"20201227172733","is_ascension_mode":true,"campfire_choices":[{"data":"Apotheosis","floor":6.0,"key":"SMITH"},{"data":"Eruption","floor":8.0,"key":"SMITH"},{"data":"Crescendo","floor":13.0,"key":"SMITH"},{"data":"TalkToTheHand","floor":15.0,"key":"SMITH"},{"floor":24.0,"key":"REST"},{"floor":27.0,"key":"REST"},{"floor":29.0,"key":"REST"},{"floor":32.0,"key":"RECALL"},{"floor":40,"key":"REST"},{"floor":42,"key":"REST"},{"floor":44,"key":"REST"},{"floor":49,"key":"REST"}],"circlet_count":0,"master_deck":["Strike_P","Strike_P","Strike_P","Defend_P","Defend_P","Defend_P","Defend_P","Eruption+1","Vigilance","FlyingSleeves","Crescendo+1","Apotheosis+1","Indignation","TalkToTheHand","TalkToTheHand+1","Omniscience+1","Protect","ReachHeaven+1","Necronomicurse","ClearTheMind","EmptyBody","Tantrum+1","Ragnarok","EmptyFist","ClearTheMind","EmptyBody","Ragnarok","Deep Breath","Trip","InnerPeace+1","EmptyFist+1"],"relics":["PureWater","NeowsBlessing","Yang","Strawberry","Mercury Hourglass","Frozen Eye","Fusion Hammer","Necronomicon","Singing Bowl","Gremlin Horn","The Courier","Potion Belt","VioletLotus","ClockworkSouvenir","Oddly Smooth Stone","Orichalcum","CaptainsWheel"],"acts_visited":["Exordium","TheCity","TheBeyond"],"potions_floor_usage":[46,46,50,50],"damage_taken":[{"damage":0.0,"enemies":"Jaw Worm","floor":1.0,"turns":1.0},{"damage":0.0,"enemies":"2 Louse","floor":4.0,"turns":1.0},{"damage":0.0,"enemies":"Lagavulin","floor":7.0,"turns":1.0},{"damage":32.0,"enemies":"Gremlin Nob","floor":10.0,"turns":3.0},{"damage":0.0,"enemies":"Small Slimes","floor":12.0,"turns":3.0},{"damage":0.0,"enemies":"Slime Boss","floor":16.0,"turns":4.0},{"damage":22.0,"enemies":"Shell Parasite","floor":18.0,"turns":4.0},{"damage":5.0,"enemies":"Chosen","floor":19.0,"turns":4.0},{"damage":1.0,"enemies":"Centurion and Healer","floor":22.0,"turns":3.0},{"damage":8.0,"enemies":"Book of Stabbing","floor":23.0,"turns":4.0},{"damage":0.0,"enemies":"Snake Plant","floor":25.0,"turns":4.0},{"damage":11.0,"enemies":"Slavers","floor":28.0,"turns":3.0},{"damage":0.0,"enemies":"Cultist and Chosen","floor":31.0,"turns":3.0},{"damage":12.0,"enemies":"Automaton","floor":33.0,"turns":6.0},{"damage":9.0,"enemies":"3 Darklings","floor":35.0,"turns":2.0},{"damage":1,"enemies":"Orb Walker","floor":39,"turns":2},{"damage":0,"enemies":"Reptomancer","floor":41,"turns":2},{"damage":26,"enemies":"4 Shapes","floor":45,"turns":2},{"damage":10,"enemies":"Giant Head","floor":46,"turns":3},{"damage":22,"enemies":"Donu and Deca","floor":50,"turns":8}],"seed_played":"5767218510950016871","potions_obtained":[{"floor":4.0,"key":"Energy Potion"},{"floor":16.0,"key":"BlessingOfTheForge"},{"floor":19.0,"key":"Swift Potion"},{"floor":23.0,"key":"SteroidPotion"},{"floor":33.0,"key":"Swift Potion"},{"floor":45,"key":"SteroidPotion"},{"floor":46,"key":"BottledMiracle"}],"is_trial":false,"path_per_floor":["M","?","?","M","$","R","E","R","T","E","$","M","R","?","R","B",null,"M","M","?","?","M","E","R","M","T","R","E","R","$","M","R","B",null,"M","$","?","?","M","R","E","R","T","R","M","E","$","?","R","B",null],"character_chosen":"WATCHER","items_purchased":["Apotheosis","Frozen Eye","EmptyFist","ClearTheMind","Potion Belt","ClockworkSouvenir","Energy Potion","LiquidMemories"],"campfire_rested":7,"item_purchase_floors":[5,11,30,30,30,36,36,47],"current_hp_per_floor":[72,72,72,72,72,72,72,72,79,47,47,47,47,40,40,40,79,57,52,36,36,35,27,50,50,50,73,62,79,79,79,79,67,79,70,70,62,62,63,83,83,83,83,83,57,49,49,49,74,52],"gold":133,"neow_bonus":"THREE_ENEMY_KILL","is_daily":false,"chose_seed":false,"campfire_upgraded":4,"win_rate":0.0,"timestamp":1609086453,"path_taken":["M","?","?","M","$","R","E","R","T","E","$","?","R","?","R","BOSS","M","M","?","?","M","E","R","?","T","R","E","R","$","M","R","BOSS","M","$","?","?","M","R","E","R","T","R","?","E","$","?","R","BOSS"],"items_purchased_type":["Card","Relic","Card","Card","Relic","Relic","Potion","Potion"],"build_version":"2020-12-22","purchased_purges":0,"victory":true,"max_hp_per_floor":[72,72,72,72,72,72,72,72,79,79,79,79,79,79,79,79,79,79,79,79,79,79,79,79,79,79,79,79,79,79,79,79,79,79,79,79,81,81,83,83,83,83,83,83,83,85,85,85,85,85],"card_choices":[{"not_picked":["Evaluate","SashWhip"],"picked":"FlyingSleeves","floor":1.0},{"not_picked":["EmptyBody","Evaluate"],"picked":"Crescendo","floor":4.0},{"not_picked":["WaveOfTheHand","CutThroughFate"],"picked":"Indignation","floor":7.0},{"not_picked":["Scrawl","FlyingSleeves"],"picked":"TalkToTheHand","floor":10.0},{"not_picked":["Nirvana","BowlingBash"],"picked":"TalkToTheHand","floor":12.0},{"not_picked":["Brilliance","DevaForm"],"picked":"Omniscience","floor":16.0},{"not_picked":["JustLucky","Weave"],"picked":"Protect","floor":18.0},{"not_picked":["JustLucky","Halt"],"picked":"ReachHeaven+1","floor":19.0},{"not_picked":["EmptyBody","Wireheading"],"picked":"ClearTheMind","floor":22.0},{"not_picked":["Prostrate","BowlingBash"],"picked":"EmptyBody","floor":23.0},{"not_picked":["Perseverance","FollowUp"],"picked":"Tantrum+1","floor":25.0},{"not_picked":["TalkToTheHand+1","Nirvana"],"picked":"Ragnarok","floor":28.0},{"not_picked":["FlyingSleeves","FlurryOfBlows"],"picked":"EmptyBody","floor":31.0},{"not_picked":["Establishment","ConjureBlade"],"picked":"Ragnarok","floor":33.0},{"not_picked":["Halt+1","Crescendo"],"picked":"WindmillStrike+1","floor":35.0},{"not_picked":["Jack Of All Trades","Chrysalis"],"picked":"Deep Breath","floor":37},{"not_picked":["Deep Breath","Swift Strike","Flash of Steel"],"picked":"Singing Bowl","floor":37},{"not_picked":["Bandage Up","Mind Blast"],"picked":"Trip","floor":37},{"not_picked":["FlyingSleeves+1","Collect","ForeignInfluence"],"picked":"Singing Bowl","floor":39},{"not_picked":["Pray","Halt+1"],"picked":"InnerPeace+1","floor":41},{"not_picked":["FlurryOfBlows+1","Crescendo"],"picked":"EmptyFist+1","floor":45},{"not_picked":["InnerPeace","FlyingSleeves","Adaptation+1"],"picked":"Singing Bowl","floor":46}],"player_experience":532806,"relics_obtained":[{"floor":7.0,"key":"Yang"},{"floor":9.0,"key":"Strawberry"},{"floor":10.0,"key":"Mercury Hourglass"},{"floor":20.0,"key":"Necronomicon"},{"floor":23.0,"key":"Singing Bowl"},{"floor":26.0,"key":"Gremlin Horn"},{"floor":28.0,"key":"The Courier"},{"floor":41,"key":"Oddly Smooth Stone"},{"floor":43,"key":"Orichalcum"},{"floor":46,"key":"CaptainsWheel"}],"event_choices":[{"damage_healed":0.0,"max_hp_gain":0.0,"max_hp_loss":0.0,"gold_gain":175.0,"event_name":"Liars Game","player_choice":"AGREE","floor":2.0,"gold_loss":0.0,"damage_taken":0.0,"cards_obtained":["Doubt"]},{"cards_removed":["Doubt"],"damage_healed":0.0,"max_hp_gain":0.0,"max_hp_loss":0.0,"gold_gain":0.0,"event_name":"The Cleric","player_choice":"Card Removal","floor":3.0,"gold_loss":50.0,"damage_taken":0.0},{"cards_removed":["Strike_P"],"damage_healed":0.0,"max_hp_gain":0.0,"max_hp_loss":0.0,"gold_gain":0.0,"event_name":"Golden Wing","player_choice":"Card Removal","floor":14.0,"gold_loss":0.0,"damage_taken":7.0},{"damage_healed":0.0,"max_hp_gain":0.0,"max_hp_loss":0.0,"gold_gain":0.0,"event_name":"Cursed Tome","player_choice":"Obtained Book","floor":20.0,"gold_loss":0.0,"damage_taken":16.0},{"damage_healed":0.0,"max_hp_gain":0.0,"max_hp_loss":0.0,"gold_gain":0.0,"event_name":"Designer","player_choice":"Upgrade","floor":21.0,"gold_loss":40.0,"damage_taken":0.0,"cards_upgraded":["Omniscience"]},{"damage_healed":0,"gold_gain":0,"player_choice":"Memory 3","damage_taken":10,"max_hp_gain":0,"max_hp_loss":0,"event_name":"SensoryStone","floor":37,"gold_loss":0},{"cards_removed":["WindmillStrike"],"damage_healed":0,"gold_gain":0,"player_choice":"Removed Attack","damage_taken":0,"max_hp_gain":0,"max_hp_loss":0,"event_name":"Falling","floor":38,"gold_loss":0},{"damage_healed":0,"gold_gain":100,"player_choice":"Pray","damage_taken":0,"max_hp_gain":0,"max_hp_loss":0,"event_name":"Golden Shrine","floor":48,"gold_loss":0}],"is_beta":false,"boss_relics":[{"not_picked":["Calling Bell","SlaversCollar"],"picked":"Fusion Hammer"},{"not_picked":["Empty Cage","Snecko Eye"],"picked":"VioletLotus"}],"items_purged_floors":[],"is_endless":false,"potions_floor_spawned":[4,16,19,23,33,45,46],"ascension_level":3}}