{"host":"ec2wu4mdnvke243f","time":1609081485,"event":{"mods":["2.2 Compatiblity","AchievementEnabler","BaseMod","Defuse TimeMaze Blight","Downfall","Hermit","Infinite Spire","Minty Spire (QoL Compilation)","StSLib","The Cursed","The Disciple","The Jungle","The Servant 0.9.4"],"gold_per_floor":[99,112,123,139,139,139,139,439,439,439,470,114,127,142,159,263,313,313,327,343,343,343,343,396,396,410,335,347,172,198,198,212,311,311,311,330,239,291,310,235,306,231,231,231,263,273,273,103,114,114],"floor_reached":51,"playtime":3898,"items_purged":["Slimebound:Icky"],"score":776,"play_id":"8828193f-89e5-4d06-863d-a8f3f810de91","local_time":"20201227160445","is_ascension_mode":true,"campfire_choices":[{"floor":1,"key":"RECALL"},{"data":"infinitespire:SevenWalls","floor":10,"key":"SMITH"},{"data":"hermit:Magnum","floor":18,"key":"SMITH"},{"data":"hermit:Showdown","floor":23,"key":"SMITH"},{"data":"hermit:Quickdraw","floor":27,"key":"SMITH"},{"data":"infinitespire:SevenWalls","floor":35,"key":"SMITH"},{"data":"hermit:Glare","floor":40,"key":"SMITH"},{"floor":42,"key":"REST"},{"data":"hermit:Quickdraw","floor":44,"key":"SMITH"},{"floor":47,"key":"REST"}],"circlet_count":0,"master_deck":["hermit:Strike_Hermit","hermit:Strike_Hermit","hermit:Strike_Hermit","hermit:Strike_Hermit","hermit:Defend_Hermit","hermit:Defend_Hermit","hermit:Snapshot","hermit:Covet","hermit:Manifest","hermit:Glare+1","Shame","infinitespire:SevenWalls+1","hermit:Spite","hermit:TrackingShot","hermit:Showdown+1","hermit:BodyArmor+1","hermit:Quickdraw+1","hermit:Quickdraw+1","hermit:Magnum+1","hermit:Coalescence","hermit:CalledShot","hermit:Reprieve","Shame","hermit:Ricochet","hermit:Misfire+1","hermit:FullyLoaded","infinitespire:SevenWalls+1","infinitespire:Collect","hermit:HighCaliber","hermit:Gambit","hermit:WideOpen+1","hermit:Enervate","hermit:Glare+1","hermit:Grudge+1","hermit:SprayPray","hermit:TakeCover"],"relics":["hermit:Momento","Darkstone Periapt","infinitespire:ShieldingShard","Membership Card","infinitespire:CursedDice","Tiny House","theJungle:BirthdayCake","theJungle:SpiritDisease","Spirit Poop","theJungle:SneckoAutograph","downfall:HeartBlessingRed","theJungle:ShellPeas","Meat on the Bone","StrikeDummy","Strange Spoon","CaptainsWheel","downfall:HeartBlessingGreen","downfall:HeartBlessingBlue","Oddly Smooth Stone","Ginger"],"acts_visited":["Exordium","Exordium","TheBeyond"],"potions_floor_usage":[15,16,16,33,38,45,50],"damage_taken":[{"damage":1,"enemies":"Jaw Worm","floor":2,"turns":4},{"damage":3,"enemies":"Small Slimes","floor":3,"turns":3},{"damage":15,"enemies":"infinitespire:Voidling","floor":4,"turns":5},{"damage":14,"enemies":"Gremlin Nob","floor":11,"turns":5},{"damage":4,"enemies":"downfall:FleeingMerchant","floor":12,"turns":4},{"damage":1,"enemies":"Blue Slaver","floor":13,"turns":3},{"damage":7,"enemies":"2 Fungi Beasts","floor":14,"turns":3},{"damage":4,"enemies":"Large Slime","floor":15,"turns":5},{"damage":51,"enemies":"downfall:Ironclad","floor":16,"turns":14},{"damage":23,"enemies":"theJungle:5_Spyders","floor":19,"turns":10},{"damage":0,"enemies":"theJungle:MUSHROOMGANG","floor":20,"turns":4},{"damage":19,"enemies":"theJungle:SlimyTreeVines","floor":26,"turns":7},{"damage":7,"enemies":"theJungle:Lyon","floor":28,"turns":4},{"damage":26,"enemies":"theJungle:MamaSnecko","floor":30,"turns":7},{"damage":13,"enemies":"theJungle:Snecko_Cultist_And_Trap","floor":32,"turns":4},{"damage":16,"enemies":"downfall:Defect","floor":33,"turns":10},{"damage":19,"enemies":"Orb Walker","floor":36,"turns":4},{"damage":0,"enemies":"downfall:FleeingMerchant","floor":37,"turns":4},{"damage":58,"enemies":"2 Orb Walkers","floor":38,"turns":6},{"damage":4,"enemies":"3 Shapes","floor":39,"turns":3},{"damage":67,"enemies":"Reptomancer","floor":45,"turns":5},{"damage":0,"enemies":"Jaw Worm Horde","floor":46,"turns":4},{"damage":0,"enemies":"downfall:FleeingMerchant","floor":48,"turns":4},{"damage":5,"enemies":"Sphere and 2 Shapes","floor":49,"turns":6},{"damage":107,"enemies":"downfall:Silent","floor":50,"turns":11}],"seed_played":"6511646368917132175","potions_obtained":[{"floor":4,"key":"hermit:BlackBile"},{"floor":13,"key":"Explosive Potion"},{"floor":14,"key":"GamblersBrew"},{"floor":17,"key":"HauntedGourdPotion"},{"floor":20,"key":"Energy Potion"},{"floor":30,"key":"SteroidPotion"},{"floor":32,"key":"DistilledChaos"},{"floor":38,"key":"DistilledChaos"},{"floor":45,"key":"Dexterity Potion"},{"floor":46,"key":"FearPotion"}],"is_trial":false,"path_per_floor":["R","M","M","M","?","?","T","?","?","R","E","$","M","M","M","B",null,"R","M","M","?","?","R","T","?","M","R","M","?","E","AVR","M","B",null,"R","M","$","?","M","R","T","R","?","R","E","M","R","$","M","B",null],"character_chosen":"HERMIT","items_purchased":["Membership Card","infinitespire:CursedDice","Strange Spoon","Ginger"],"campfire_rested":2,"item_purchase_floors":[12,12,37,48],"current_hp_per_floor":[75,74,71,63,63,63,63,75,75,75,61,57,56,49,45,31,92,92,69,69,89,89,89,89,95,90,90,83,83,57,57,56,52,118,118,99,103,69,65,65,65,113,113,113,58,70,108,108,119,24],"gold":114,"neow_bonus":"TRANSFORM_CARD","is_daily":false,"chose_seed":false,"campfire_upgraded":7,"win_rate":0.0,"timestamp":1609081485,"path_taken":["R","M","M","M","?","?","T","?","?","R","E","$","?","M","M","BOSS","R","M","M","?","?","R","T","?","M","R","M","?","E","AVR","M","BOSS","R","M","$","?","M","R","T","R","?","R","E","M","R","?","M","BOSS"],"items_purchased_type":["Relic","Relic","Relic","Relic"],"build_version":"2020-12-22","purchased_purges":1,"victory":true,"max_hp_per_floor":[75,75,75,75,75,75,75,87,87,87,87,87,87,87,87,87,92,92,92,92,112,112,112,112,118,118,118,118,118,118,118,118,118,118,118,118,118,118,118,118,118,128,128,128,128,128,128,128,128,128],"card_choices":[{"not_picked":["hermit:Shortfuse","hermit:TakeAim"],"picked":"hermit:Combo","floor":2},{"not_picked":["hermit:CalledShot","hermit:PistolWhip"],"picked":"hermit:Manifest","floor":3},{"not_picked":["hermit:Feint","hermit:Desperado"],"picked":"hermit:Glare","floor":4},{"not_picked":["infinitespire:FutureSight","infinitespire:Punishment"],"picked":"infinitespire:SevenWalls","floor":5},{"not_picked":["hermit:Snipe","hermit:Cheat"],"picked":"hermit:TrackingShot","floor":11},{"not_picked":["hermit:CalledShot","hermit:RoundhouseKick"],"picked":"hermit:Showdown","floor":12},{"not_picked":["hermit:HoleUp","hermit:CalledShot"],"picked":"hermit:BodyArmor","floor":13},{"not_picked":["hermit:WideOpen","hermit:Feint"],"picked":"hermit:Quickdraw","floor":14},{"not_picked":["hermit:Snipe","hermit:Manifest"],"picked":"hermit:Quickdraw","floor":15},{"not_picked":["hermit:EternalForm","hermit:HeroicBravado"],"picked":"hermit:Magnum","floor":16},{"not_picked":["hermit:Feint","hermit:Determination"],"picked":"hermit:Coalescence","floor":17},{"not_picked":["hermit:TrackingShot","hermit:Feint+1"],"picked":"hermit:CalledShot","floor":19},{"not_picked":["hermit:ShadowCloak+1","hermit:Horror"],"picked":"hermit:Reprieve","floor":20},{"not_picked":["hermit:Desperado+1","hermit:TakeAim+1"],"picked":"hermit:Ricochet","floor":26},{"not_picked":["hermit:WideOpen","hermit:Snipe"],"picked":"hermit:Misfire+1","floor":28},{"not_picked":["hermit:Cheat+1","hermit:WideOpen"],"picked":"hermit:FullyLoaded","floor":30},{"not_picked":["hermit:ShadowCloak","hermit:Combo"],"picked":"hermit:HighCaliber","floor":32},{"not_picked":["hermit:FatalDesire","hermit:Adapt"],"picked":"hermit:Gambit","floor":33},{"not_picked":["hermit:LowProfile+1","hermit:Coalescence"],"picked":"hermit:WideOpen+1","floor":36},{"not_picked":["hermit:BodyArmor+1","hermit:Combo","hermit:Feint"],"picked":"SKIP","floor":37},{"not_picked":["hermit:HighCaliber","hermit:Malice+1"],"picked":"hermit:Enervate","floor":38},{"not_picked":["hermit:GoldenBullet+1","hermit:ItchyTrigger+1"],"picked":"hermit:Glare+1","floor":39},{"not_picked":["hermit:Glare+1","hermit:FatalDesire"],"picked":"hermit:Grudge+1","floor":45},{"not_picked":["hermit:BigShot+1","hermit:HoleUp+1"],"picked":"hermit:SprayPray","floor":46},{"not_picked":["hermit:TrackingShot+1","hermit:Snipe"],"picked":"hermit:TakeCover","floor":48},{"not_picked":["hermit:Feint","hermit:Misfire","hermit:Brawl+1"],"picked":"SKIP","floor":49}],"player_experience":528333,"relics_obtained":[{"floor":7,"key":"Darkstone Periapt"},{"floor":11,"key":"infinitespire:ShieldingShard"},{"floor":24,"key":"Spirit Poop"},{"floor":30,"key":"Meat on the Bone"},{"floor":38,"key":"CaptainsWheel"},{"floor":45,"key":"Oddly Smooth Stone"}],"event_choices":[{"damage_healed":0,"gold_gain":0,"cards_transformed":["hermit:Dissolve"],"player_choice":"Transformed","damage_taken":0,"max_hp_gain":0,"max_hp_loss":0,"event_name":"Transmorgrifier","floor":9,"gold_loss":0,"cards_obtained":["hermit:Spite"]},{"damage_healed":0,"gold_gain":0,"player_choice":"Fight","damage_taken":0,"max_hp_gain":0,"max_hp_loss":0,"event_name":"Mysterious Sphere","floor":38,"gold_loss":0},{"cards_removed":["hermit:Combo"],"damage_healed":0,"gold_gain":0,"player_choice":"Removed Power","damage_taken":0,"max_hp_gain":0,"max_hp_loss":0,"event_name":"Falling","floor":43,"gold_loss":0}],"is_beta":false,"boss_relics":[{"not_picked":["Philosopher\u0027s Stone","Empty Cage"],"picked":"Tiny House"},{"not_picked":["Fusion Hammer","Runic Dome","hermit:DentedPlate"]}],"items_purged_floors":[12],"is_endless":false,"potions_floor_spawned":[4,13,14,20,30,32,38,45,46],"ascension_level":1}}