{"host":"kh6fvhxn285ncg0o","time":1609054498,"event":{"mods":["Act Like it!","BaseMod","Colored Map","Friendly Minions","Keyboard Shortcuts","Minty Spire (QoL Compilation)","Quick Restart","Relic Stats","StSLib","SuperFastMode"],"gold_per_floor":[119,119,132,145,145,179,179,211,211,231,231,15,15,34,34,108,108,123,123,48,66,66,101,101,133,160,178,278,288,301,326,326,403,403,423,448,448,468,479,479,514,514,539,539,275,275,275,292,292,292,292],"floor_reached":50,"playtime":6206,"items_purged":["Strike_R","Strike_R"],"score":1261,"play_id":"4040dcf1-3ede-43c8-a333-0899aa63f305","local_time":"20201227163458","is_ascension_mode":true,"campfire_choices":[{"data":"Blood for Blood","floor":13.0,"key":"SMITH"},{"data":"Bash","floor":15.0,"key":"SMITH"},{"data":"Immolate","floor":24.0,"key":"SMITH"},{"data":"Power Through","floor":32.0,"key":"SMITH"},{"floor":40,"key":"DIG"},{"floor":42,"key":"DIG"},{"floor":44,"key":"DIG"},{"floor":49,"key":"RECALL"}],"circlet_count":0,"master_deck":["AscendersBane","Strike_R","Strike_R","Defend_R","Defend_R","Defend_R","Defend_R","Bash+1","Shrug It Off","Pain","Dropkick","Blood for Blood+1","Barricade","Body Slam","Power Through+1","Shockwave+1","Writhe","Offering+1","Bludgeon+1","Burning Pact","Dark Embrace"],"relics":["Burning Blood","NeowsBlessing","WarpedTongs","Blue Candle","Ancient Tea Set","Oddly Smooth Stone","Darkstone Periapt","Lantern","Snecko Eye","Eternal Feather","Vajra","Regal Pillow","Orichalcum","Bag of Preparation","Bird Faced Urn","Molten Egg 2","Happy Flower","SlaversCollar","Shovel","War Paint","Toy Ornithopter","Champion Belt","Akabeko","PreservedInsect","Bronze Scales"],"acts_visited":["Exordium","TheCity","TheBeyond"],"potions_floor_usage":[39,48],"damage_taken":[{"damage":0.0,"enemies":"Small Slimes","floor":1.0,"turns":1.0},{"damage":0.0,"enemies":"Cultist","floor":3.0,"turns":1.0},{"damage":2.0,"enemies":"2 Louse","floor":4.0,"turns":1.0},{"damage":25.0,"enemies":"Lagavulin","floor":6.0,"turns":6.0},{"damage":36.0,"enemies":"Gremlin Nob","floor":8.0,"turns":4.0},{"damage":8.0,"enemies":"Exordium Thugs","floor":10.0,"turns":5.0},{"damage":8.0,"enemies":"Large Slime","floor":14.0,"turns":4.0},{"damage":3.0,"enemies":"The Guardian","floor":16.0,"turns":6.0},{"damage":8.0,"enemies":"Spheric Guardian","floor":18.0,"turns":4.0},{"damage":1.0,"enemies":"2 Thieves","floor":21.0,"turns":3.0},{"damage":16.0,"enemies":"Book of Stabbing","floor":23.0,"turns":4.0},{"damage":19.0,"enemies":"Slavers","floor":25.0,"turns":3.0},{"damage":7.0,"enemies":"Snake Plant","floor":27.0,"turns":2.0},{"damage":2.0,"enemies":"Colosseum Slavers","floor":28.0,"turns":3.0},{"damage":12.0,"enemies":"Colosseum Nobs","floor":28.0,"turns":4.0},{"damage":9.0,"enemies":"Chosen and Byrds","floor":29.0,"turns":3.0},{"damage":8.0,"enemies":"Cultist and Chosen","floor":30.0,"turns":2.0},{"damage":25.0,"enemies":"Champ","floor":33.0,"turns":12.0},{"damage":1.0,"enemies":"Orb Walker","floor":35.0,"turns":2.0},{"damage":15.0,"enemies":"Mind Bloom Boss Battle","floor":36.0,"turns":3.0},{"damage":1,"enemies":"3 Shapes","floor":38,"turns":2},{"damage":12,"enemies":"3 Darklings","floor":39,"turns":7},{"damage":8,"enemies":"Reptomancer","floor":41,"turns":3},{"damage":23,"enemies":"Maw","floor":48,"turns":5},{"damage":13,"enemies":"Donu and Deca","floor":50,"turns":3}],"seed_played":"-3229423457722468084","potions_obtained":[{"floor":6.0,"key":"Regen Potion"},{"floor":8.0,"key":"HeartOfIron"},{"floor":10.0,"key":"GamblersBrew"},{"floor":14.0,"key":"SkillPotion"},{"floor":16.0,"key":"DistilledChaos"},{"floor":23.0,"key":"ElixirPotion"},{"floor":25.0,"key":"EssenceOfSteel"},{"floor":29.0,"key":"DistilledChaos"},{"floor":35.0,"key":"SkillPotion"},{"floor":36.0,"key":"SpeedPotion"},{"floor":41,"key":"Explosive Potion"}],"is_trial":false,"path_per_floor":["M","?","M","M","T","E","?","E","T","M","?","$","R","M","R","B",null,"M","?","$","M","?","E","R","E","T","M","?","M","M","T","R","B",null,"M","?","?","M","M","R","E","R","T","R","$","?","?","M","R","B"],"character_chosen":"IRONCLAD","items_purchased":["Lantern","Fire Potion","Bronze Scales"],"campfire_rested":0,"item_purchase_floors":[12,12,45],"current_hp_per_floor":[74,74,75,75,75,56,30,12,12,10,10,10,10,8,8,11,59,57,57,57,62,68,58,70,57,57,56,54,53,53,53,65,48,73,78,69,69,74,72,81,79,81,81,81,81,81,77,69,77,64,64],"gold":292,"neow_bonus":"THREE_ENEMY_KILL","is_daily":false,"chose_seed":false,"campfire_upgraded":4,"win_rate":0.0,"timestamp":1609054498,"path_taken":["M","?","M","?","?","E","?","E","T","M","?","$","R","?","R","BOSS","M","?","?","M","?","E","R","E","T","M","?","M","M","?","R","BOSS","M","?","?","M","M","R","E","R","T","R","$","?","?","?","R","BOSS"],"items_purchased_type":["Relic","Potion","Relic"],"build_version":"2020-12-22","purchased_purges":2,"victory":false,"max_hp_per_floor":[75,75,75,75,75,75,75,75,75,75,75,75,75,75,75,75,75,75,75,75,75,81,81,81,81,81,81,81,81,81,81,81,81,81,81,81,81,81,81,81,81,81,81,81,81,81,77,77,77,77,77],"relic_stats":{"Darkstone Periapt":6,"Regal Pillow":0,"Happy Flower":[12],"counters":[25,93],"Blue Candle":[27],"Eternal Feather":43,"PreservedInsect":0,"Bag of Preparation":[26],"Orichalcum":[48],"War Paint":["Offering","Shockwave"],"Burning Blood":135,"WarpedTongs":[89],"Shovel":3,"Bird Faced Urn":[14],"Bronze Scales":[21],"Snecko Eye":[107,129,129,107],"Champion Belt":[3],"obtain_stats":[{"Darkstone Periapt":8,"Lantern":12,"Regal Pillow":23,"Vajra":22,"Bag of Preparation":26,"Ancient Tea Set":6,"Burning Blood":0,"Shovel":36,"NeowsBlessing":0,"Happy Flower":31,"Blue Candle":5,"Oddly Smooth Stone":7,"Eternal Feather":19,"PreservedInsect":44,"Orichalcum":25,"War Paint":40,"Akabeko":43,"WarpedTongs":2,"SlaversCollar":34,"Bird Faced Urn":28,"Bronze Scales":45,"Snecko Eye":17,"Molten Egg 2":28,"Champion Belt":42,"Toy Ornithopter":41},{"Darkstone Periapt":5,"Lantern":6,"Regal Pillow":11,"Vajra":10,"Bag of Preparation":12,"Ancient Tea Set":4,"Burning Blood":0,"Shovel":20,"NeowsBlessing":0,"Happy Flower":17,"Blue Candle":3,"Oddly Smooth Stone":4,"Eternal Feather":9,"PreservedInsect":23,"Orichalcum":12,"War Paint":22,"Akabeko":23,"WarpedTongs":1,"SlaversCollar":18,"Bird Faced Urn":15,"Bronze Scales":23,"Snecko Eye":8,"Molten Egg 2":15,"Champion Belt":23,"Toy Ornithopter":23},{"Darkstone Periapt":13,"Lantern":18,"Regal Pillow":39,"Vajra":35,"Bag of Preparation":42,"Ancient Tea Set":9,"Burning Blood":0,"Shovel":73,"NeowsBlessing":0,"Happy Flower":56,"Blue Candle":3,"Oddly Smooth Stone":9,"Eternal Feather":32,"PreservedInsect":85,"Orichalcum":42,"War Paint":82,"Akabeko":85,"WarpedTongs":1,"SlaversCollar":68,"Bird Faced Urn":51,"Bronze Scales":85,"Snecko Eye":28,"Molten Egg 2":51,"Champion Belt":85,"Toy Ornithopter":85}],"Toy Ornithopter":5},"card_choices":[{"not_picked":["Iron Wave","Headbutt"],"picked":"Shrug It Off","floor":1.0},{"not_picked":["Pummel","Infernal Blade"],"picked":"Dropkick","floor":3.0},{"not_picked":["Thunderclap","Wild Strike","Pummel"],"picked":"SKIP","floor":4.0},{"not_picked":["Rampage","Carnage"],"picked":"Blood for Blood","floor":6.0},{"not_picked":["Wild Strike","Whirlwind"],"picked":"Barricade","floor":8.0},{"not_picked":["Warcry","Sword Boomerang"],"picked":"Body Slam","floor":10.0},{"not_picked":["Iron Wave","Clothesline"],"picked":"Shrug It Off","floor":14.0},{"not_picked":["Double Tap","Berserk"],"picked":"Immolate","floor":16.0},{"not_picked":["Cleave","True Grit+1"],"picked":"Power Through","floor":18.0},{"not_picked":["True Grit","Anger"],"picked":"Shockwave","floor":21.0},{"not_picked":["Reaper","Body Slam"],"picked":"Offering","floor":23.0},{"not_picked":["Armaments","Hemokinesis","Rampage"],"picked":"SKIP","floor":25.0},{"not_picked":["Armaments","Whirlwind","Warcry"],"picked":"SKIP","floor":27.0},{"not_picked":["Body Slam+1","Pummel+1","Clothesline+1"],"picked":"SKIP","floor":29.0},{"not_picked":["Havoc","Heavy Blade+1","Spot Weakness"],"picked":"SKIP","floor":30.0},{"not_picked":["Reaper+1","Double Tap"],"picked":"Bludgeon+1","floor":33.0},{"not_picked":["Cleave+1","Flame Barrier"],"picked":"Burning Pact","floor":35.0},{"not_picked":["Clash+1","Iron Wave+1"],"picked":"Dark Embrace","floor":38},{"not_picked":["Body Slam+1","Pommel Strike+1","Sentinel"],"picked":"SKIP","floor":39},{"not_picked":["Armaments","Brutality","Blood for Blood+1"],"picked":"SKIP","floor":41},{"not_picked":["Ghostly Armor","Rage","Havoc"],"picked":"SKIP","floor":48}],"player_experience":3273549,"relics_obtained":[{"floor":5.0,"key":"Blue Candle"},{"floor":6.0,"key":"Ancient Tea Set"},{"floor":8.0,"key":"Darkstone Periapt"},{"floor":23.0,"key":"Regal Pillow"},{"floor":25.0,"key":"Orichalcum"},{"floor":26.0,"key":"Bag of Preparation"},{"floor":28.0,"key":"Bird Faced Urn"},{"floor":28.0,"key":"Molten Egg 2"},{"floor":31.0,"key":"Happy Flower"},{"floor":36.0,"key":"Shovel"},{"floor":40,"key":"War Paint"},{"floor":41,"key":"Toy Ornithopter"},{"floor":42,"key":"Champion Belt"},{"floor":43,"key":"Akabeko"},{"floor":44,"key":"PreservedInsect"}],"event_choices":[{"damage_healed":0.0,"max_hp_gain":0.0,"max_hp_loss":0.0,"gold_gain":0.0,"event_name":"Accursed Blacksmith","player_choice":"Rummage","floor":2.0,"gold_loss":0.0,"damage_taken":0.0,"relics_obtained":["WarpedTongs"],"cards_obtained":["Pain"]},{"damage_healed":0.0,"max_hp_gain":0.0,"max_hp_loss":0.0,"gold_gain":0.0,"event_name":"Scrap Ooze","player_choice":"Success","floor":7.0,"gold_loss":0.0,"damage_taken":26.0,"relics_obtained":["Oddly Smooth Stone"]},{"cards_removed":["Strike_R"],"damage_healed":0.0,"max_hp_gain":0.0,"max_hp_loss":0.0,"gold_gain":0.0,"event_name":"Purifier","player_choice":"Purged","floor":11.0,"gold_loss":0.0,"damage_taken":0.0},{"cards_removed":["Shrug It Off"],"damage_healed":0.0,"max_hp_gain":0.0,"max_hp_loss":0.0,"gold_gain":0.0,"event_name":"WeMeetAgain","player_choice":"Gave Card","floor":19.0,"gold_loss":0.0,"damage_taken":0.0,"relics_obtained":["Eternal Feather"]},{"damage_healed":0.0,"max_hp_gain":0.0,"max_hp_loss":0.0,"gold_gain":0.0,"event_name":"The Mausoleum","player_choice":"Opened","floor":22.0,"gold_loss":0.0,"damage_taken":0.0,"relics_obtained":["Vajra"],"cards_obtained":["Writhe"]},{"damage_healed":0.0,"max_hp_gain":0.0,"max_hp_loss":0.0,"gold_gain":0.0,"event_name":"Colosseum","player_choice":"Fight","floor":28.0,"gold_loss":0.0,"damage_taken":0.0},{"damage_healed":0.0,"max_hp_gain":0.0,"max_hp_loss":0.0,"gold_gain":0.0,"event_name":"Colosseum","player_choice":"Fought Nobs","floor":28.0,"gold_loss":0.0,"damage_taken":0.0},{"damage_healed":0.0,"max_hp_gain":0.0,"max_hp_loss":0.0,"gold_gain":0.0,"event_name":"MindBloom","player_choice":"Fight","floor":36.0,"gold_loss":0.0,"damage_taken":0.0},{"damage_healed":0,"gold_gain":0,"player_choice":"Memory 1","damage_taken":0,"max_hp_gain":0,"max_hp_loss":0,"event_name":"SensoryStone","floor":37,"gold_loss":0},{"cards_removed":["Immolate"],"damage_healed":0,"gold_gain":0,"player_choice":"Removed Attack","damage_taken":0,"max_hp_gain":0,"max_hp_loss":0,"event_name":"Falling","floor":46,"gold_loss":0},{"damage_healed":0,"gold_gain":0,"player_choice":"Max HP","damage_taken":0,"max_hp_gain":0,"max_hp_loss":4,"event_name":"Winding Halls","floor":47,"gold_loss":0}],"is_beta":false,"boss_relics":[{"not_picked":["Philosopher\u0027s Stone","Black Blood"],"picked":"Snecko Eye"},{"not_picked":["Busted Crown","SacredBark"],"picked":"SlaversCollar"}],"items_purged_floors":[20,45],"is_endless":false,"potions_floor_spawned":[6,8,10,14,16,23,25,29,30,35,36,41],"killed_by":"Donu and Deca","ascension_level":20}}