{"host":"q8fgl2od8kqkd5ip","time":1609103640,"event":{"mods":["AchievementEnabler","BaseMod","Colored Map","Colored Powertips","Highlight Path","Minty Spire (QoL Compilation)","Rare Cards Sparkle","Replay The Spire","StSLib"],"gold_per_floor":[114,114,129,93,108,108,108,108,108,123,123,153,153,183,183,283,333,348,363,363,113,128,128,143,45,45,145,175,175,175,175,175,275,275,290,305,305,320,320,320],"floor_reached":39,"playtime":2911,"items_purged":[],"score":432,"play_id":"fe1214ed-c67d-49c7-993f-9db6283b106d","local_time":"20201227221400","daily_mods":["SealedDeck","Red Cards","Night Terrors"],"is_ascension_mode":false,"campfire_choices":[{"data":"Seeing Red","floor":6.0,"key":"SMITH"},{"data":"Clothesline","floor":8.0,"key":"SMITH"},{"data":"Conclude","floor":11.0,"key":"SMITH"},{"data":"CrushJoints","floor":13.0,"key":"SMITH"},{"data":"Berserk","floor":15.0,"key":"SMITH"},{"data":"Flex","floor":23.0,"key":"SMITH"},{"data":"Trip","floor":29.0,"key":"SMITH"},{"floor":32.0,"key":"REST"}],"circlet_count":0,"master_deck":["Iron Wave","FollowUp","Clothesline+1","Battle Trance","Conclude+1","FlyingSleeves+1","Ghostly Armor","Seeing Red+1","CrushJoints+1","Intimidate","Thunderclap","Berserk+1","Flex+1","Cleave+1","Trip+1","Ghostly Armor+1"],"relics":["PureWater","Mercury Hourglass","Blue Candle","Chameleon Ring","Tiny House","Yang","Pocketwatch","Turnip","Gremlin Horn","Ice Cream","Busted Crown"],"acts_visited":["Exordium","TheCity","TheBeyond"],"potions_floor_usage":[],"damage_taken":[{"damage":7.0,"enemies":"2 Louse","floor":1.0,"turns":2.0},{"damage":0.0,"enemies":"Jaw Worm","floor":3.0,"turns":2.0},{"damage":0.0,"enemies":"Small Slimes","floor":5.0,"turns":1.0},{"damage":0.0,"enemies":"2 Fungi Beasts","floor":10.0,"turns":1.0},{"damage":0.0,"enemies":"Replay:BlueRogue","floor":12.0,"turns":2.0},{"damage":8.0,"enemies":"Lagavulin","floor":14.0,"turns":3.0},{"damage":4.0,"enemies":"Hexaghost","floor":16.0,"turns":6.0},{"damage":0.0,"enemies":"Shell Parasite","floor":18.0,"turns":2.0},{"damage":14.0,"enemies":"3 Byrds","floor":19.0,"turns":3.0},{"damage":11.0,"enemies":"Snecko","floor":22.0,"turns":3.0},{"damage":6.0,"enemies":"Shelled Parasite and Fungi","floor":24.0,"turns":3.0},{"damage":0.0,"enemies":"Colosseum Slavers","floor":27.0,"turns":2.0},{"damage":7.0,"enemies":"Colosseum Nobs","floor":27.0,"turns":3.0},{"damage":18.0,"enemies":"Gremlin Leader","floor":28.0,"turns":4.0},{"damage":70.0,"enemies":"Champ","floor":33.0,"turns":9.0},{"damage":13.0,"enemies":"3 Shapes","floor":35.0,"turns":2.0},{"damage":7.0,"enemies":"3 Darklings","floor":36.0,"turns":3.0},{"damage":5.0,"enemies":"Transient","floor":38.0,"turns":5.0}],"seed_played":"4926568582952100995","potions_obtained":[{"floor":1.0,"key":"Flashbang"},{"floor":10.0,"key":"Block Potion"},{"floor":16.0,"key":"DistilledChaos"},{"floor":18.0,"key":"AttackPotion"},{"floor":24.0,"key":"LifebloodPotion"},{"floor":33.0,"key":"BlessingOfTheForge"},{"floor":36.0,"key":"EntropicBrew"}],"is_trial":false,"path_per_floor":["M","$","M","?","M","R","?","R","T","M","R","E","R","E","R","B",null,"M","M","?","$","M","R","M","$","T","?","E","R","?","?","R","B",null,"M","M","?","M","$"],"character_chosen":"WATCHER","items_purchased":["Yang","Trip"],"campfire_rested":1,"item_purchase_floors":[21,25],"current_hp_per_floor":[65,65,65,65,65,65,65,65,65,65,65,65,65,57,57,53,77,77,63,63,63,52,52,46,46,46,39,21,21,21,21,72,2,72,59,52,45,40,40,40],"gold":320,"neow_bonus":"","is_daily":true,"chose_seed":false,"campfire_upgraded":7,"win_rate":0.0,"timestamp":1609103640,"path_taken":["M","$","M","?","M","R","?","R","T","M","R","E","R","E","R","BOSS","M","M","?","$","M","R","M","$","T","?","E","R","?","?","R","BOSS","M","M","?","?","$"],"items_purchased_type":["Relic","Card"],"build_version":"2020-12-22","purchased_purges":0,"victory":false,"max_hp_per_floor":[72,72,72,72,72,72,72,72,72,72,72,72,72,72,72,72,77,77,77,77,77,77,77,77,77,77,77,77,77,77,77,72,72,72,72,72,72,72,72,72],"card_choices":[{"not_picked":["Blood for Blood","Evaluate"],"picked":"Intimidate","floor":1.0},{"not_picked":["Anger","Searing Blow"],"picked":"Thunderclap","floor":3.0},{"not_picked":["Cleave","Replay:BluntJabs","Warcry"],"picked":"SKIP","floor":5.0},{"not_picked":["Establishment","Body Slam","Rampage"],"picked":"SKIP","floor":10.0},{"not_picked":["Heavy Blade","ThirdEye","Disarm"],"picked":"SKIP","floor":12.0},{"not_picked":["FearNoEvil","Replay:ManipulateFuture"],"picked":"Berserk","floor":14.0},{"not_picked":["PathToVictory","Tantrum"],"picked":"Flex","floor":17.0},{"not_picked":["EmptyFist","Iron Wave","CutThroughFate"],"picked":"SKIP","floor":18.0},{"not_picked":["Conclude","Flex"],"picked":"Cleave+1","floor":19.0},{"not_picked":["Clothesline","LikeWater","Consecrate+1"],"picked":"SKIP","floor":22.0},{"not_picked":["CutThroughFate","FlyingSleeves+1","Pray"],"picked":"SKIP","floor":24.0},{"not_picked":["WreathOfFlame","Clothesline"],"picked":"Ghostly Armor+1","floor":27.0},{"not_picked":["Halt","Replay:Anticipation","FlurryOfBlows"],"picked":"SKIP","floor":28.0},{"not_picked":["WreathOfFlame"],"picked":"SKIP","floor":35.0},{"not_picked":["Defy Death"],"picked":"SKIP","floor":36.0},{"not_picked":["Consecrate"],"picked":"SKIP","floor":38.0}],"player_experience":390741,"relics_obtained":[{"floor":9.0,"key":"Mercury Hourglass"},{"floor":12.0,"key":"Blue Candle"},{"floor":14.0,"key":"Chameleon Ring"},{"floor":26.0,"key":"Pocketwatch"},{"floor":27.0,"key":"Turnip"},{"floor":27.0,"key":"Gremlin Horn"},{"floor":28.0,"key":"Ice Cream"}],"event_choices":[{"damage_healed":0.0,"max_hp_gain":0.0,"max_hp_loss":0.0,"gold_gain":0.0,"event_name":"World of Goop","player_choice":"Left Gold","floor":4.0,"gold_loss":36.0,"damage_taken":0.0},{"cards_removed":["FollowUp"],"damage_healed":0.0,"max_hp_gain":0.0,"max_hp_loss":0.0,"gold_gain":0.0,"event_name":"Back to Basics","player_choice":"Elegance","floor":20.0,"gold_loss":0.0,"damage_taken":0.0},{"damage_healed":0.0,"max_hp_gain":0.0,"max_hp_loss":0.0,"gold_gain":0.0,"event_name":"Colosseum","player_choice":"Fight","floor":27.0,"gold_loss":0.0,"damage_taken":0.0},{"damage_healed":0.0,"max_hp_gain":0.0,"max_hp_loss":0.0,"gold_gain":0.0,"event_name":"Colosseum","player_choice":"Fought Nobs","floor":27.0,"gold_loss":0.0,"damage_taken":0.0},{"damage_healed":0.0,"max_hp_gain":0.0,"max_hp_loss":0.0,"gold_gain":0.0,"event_name":"Beggar","player_choice":"Ignored","floor":31.0,"gold_loss":0.0,"damage_taken":0.0},{"damage_healed":0.0,"max_hp_gain":0.0,"max_hp_loss":0.0,"gold_gain":0.0,"event_name":"Wheel of Change","player_choice":"Damaged","floor":37.0,"gold_loss":0.0,"damage_taken":7.0}],"is_beta":false,"boss_relics":[{"not_picked":["Replay:Drink Me","Cursed Key"],"picked":"Tiny House"},{"not_picked":["Empty Cage","Ring of Chaos"],"picked":"Busted Crown"}],"items_purged_floors":[],"is_endless":false,"potions_floor_spawned":[1,10,16,18,19,22,24,33,36],"ascension_level":0}}