{"host":"ptvbuawyvnztju27","time":1609092660,"event":{"mods":["BaseMod","Minty Spire (QoL Compilation)","StSLib","The Wild Card","Unceasing Turn Reminder"],"gold_per_floor":[111,128,143,162,175,175,195,195,195,214,224,101,101,112,112,214,214,225,240,12,12,28,63,63,63,89,89,105,122,122,152,152,252,252,269,269,286,186,201,236,236,311,336,336,211,245,260,293,293,293],"floor_reached":51,"playtime":2069,"items_purged":["theWildCard:Michael+1","theWildCard:BasicStrike","theWildCard:Metatron+1"],"score":821,"play_id":"5e14971f-e583-4b8e-adce-e4953ba177fa","local_time":"20201227111100","is_ascension_mode":false,"campfire_choices":[{"data":"theWildCard:Metatron","floor":6,"key":"SMITH"},{"data":"theWildCard:SacrificialStroke","floor":8,"key":"SMITH"},{"data":"theWildCard:Michael","floor":13,"key":"SMITH"},{"data":"theWildCard:StingingStrike","floor":15,"key":"SMITH"},{"data":"theWildCard:Attunement","floor":25,"key":"SMITH"},{"data":"theWildCard:Attunement","floor":30,"key":"SMITH"},{"data":"theWildCard:EnergyTheft","floor":32,"key":"SMITH"},{"data":"theWildCard:Lucifer","floor":41,"key":"SMITH"},{"data":"1","floor":49,"key":"LIFT"}],"circlet_count":0,"master_deck":["theWildCard:BasicStrike","theWildCard:BasicDefend","theWildCard:BasicDefend","theWildCard:BasicDefend","theWildCard:BasicDefend","theWildCard:SacrificialStroke+1","theWildCard:PowerOfTheArcana","theWildCard:SeveringSlash","theWildCard:StingingStrike+1","theWildCard:Lucifer+1","theWildCard:ArcanaArtistry+1","theWildCard:Ruination+1","theWildCard:Michael+1","Writhe","theWildCard:Attunement+1","theWildCard:Attunement+1","theWildCard:EnergyTheft+1","theWildCard:TheUniverse"],"relics":["theWildCard:VelvetContract","NeowsBlessing","Torii","Singing Bowl","Astrolabe","Ancient Tea Set","theWildCard:Evoker","Girya","Centennial Puzzle","Bronze Scales","Runic Dome","Eternal Feather","White Beast Statue","Potion Belt","Strawberry","Lizard Tail"],"acts_visited":["Exordium","TheCity","TheBeyond"],"potions_floor_usage":[16,16,16,16,23,33],"damage_taken":[{"damage":0.0,"enemies":"2 Louse","floor":1.0,"turns":1.0},{"damage":0.0,"enemies":"Cultist","floor":2.0,"turns":1.0},{"damage":0,"enemies":"Jaw Worm","floor":3,"turns":1},{"damage":3,"enemies":"2 Fungi Beasts","floor":4,"turns":3},{"damage":14,"enemies":"Blue Slaver","floor":5,"turns":4},{"damage":0,"enemies":"Exordium Wildlife","floor":7,"turns":2},{"damage":1,"enemies":"Looter","floor":10,"turns":3},{"damage":0,"enemies":"2 Fungi Beasts","floor":11,"turns":1},{"damage":8,"enemies":"Exordium Wildlife","floor":14,"turns":3},{"damage":37,"enemies":"The Guardian","floor":16,"turns":9},{"damage":0,"enemies":"Spheric Guardian","floor":18,"turns":2},{"damage":12,"enemies":"2 Thieves","floor":19,"turns":2},{"damage":3,"enemies":"Centurion and Healer","floor":22,"turns":3},{"damage":21,"enemies":"Gremlin Leader","floor":23,"turns":4},{"damage":4,"enemies":"Cultist and Chosen","floor":28,"turns":4},{"damage":19,"enemies":"Snecko","floor":29,"turns":4},{"damage":26,"enemies":"Slavers","floor":31,"turns":3},{"damage":82,"enemies":"Champ","floor":33,"turns":9},{"damage":19,"enemies":"3 Darklings","floor":35,"turns":3},{"damage":34,"enemies":"Orb Walker","floor":37,"turns":3},{"damage":78,"enemies":"Spire Growth","floor":39,"turns":5},{"damage":126,"enemies":"Nemesis","floor":40,"turns":9},{"damage":93,"enemies":"Reptomancer","floor":46,"turns":7},{"damage":32,"enemies":"Transient","floor":47,"turns":5},{"damage":92,"enemies":"Giant Head","floor":48,"turns":8},{"damage":50,"enemies":"Time Eater","floor":50,"turns":7}],"seed_played":"3362678752033126988","potions_obtained":[{"floor":1.0,"key":"Energy Potion"},{"floor":2,"key":"EntropicBrew"},{"floor":10,"key":"Fruit Juice"},{"floor":18,"key":"PowerPotion"},{"floor":28,"key":"Energy Potion"},{"floor":33,"key":"SpeedPotion"},{"floor":37,"key":"DuplicationPotion"},{"floor":46,"key":"PowerPotion"},{"floor":47,"key":"PowerPotion"}],"is_trial":false,"path_per_floor":["M","M","M","M","M","R","M","R","T","M","M","?","R","M","R","B",null,"M","M","$","?","M","E","?","R","T","?","M","M","R","E","R","B",null,"M","?","M","$","M","E","R","T","T","?","$","E","M","E","R","B",null],"character_chosen":"THE_WILD_CARD","items_purchased":["Ancient Tea Set"],"campfire_rested":0,"item_purchase_floors":[20],"current_hp_per_floor":[60,60,60,57,43,43,43,43,43,42,42,42,42,36,36,4,67,69,59,59,59,56,37,37,37,37,61,59,75,75,49,49,21,75,58,54,22,22,50,59,71,71,71,71,71,74,44,102,102,100],"gold":293,"neow_bonus":"THREE_ENEMY_KILL","is_daily":false,"chose_seed":false,"campfire_upgraded":8,"win_rate":0.0,"timestamp":1609092660,"path_taken":["M","M","M","M","M","R","M","R","T","M","M","?","R","M","R","BOSS","M","M","$","?","M","E","?","R","T","?","M","M","R","E","R","BOSS","M","?","M","$","M","E","R","?","T","?","?","E","M","E","R","BOSS"],"items_purchased_type":["Relic"],"build_version":"2020-12-22","purchased_purges":3,"victory":true,"max_hp_per_floor":[60,60,60,60,60,60,60,60,60,60,60,60,60,62,62,67,67,69,71,71,71,71,73,73,73,73,73,75,75,75,75,75,75,75,77,83,85,85,87,89,89,89,89,89,89,98,100,102,102,102],"card_choices":[{"not_picked":["theWildCard:ManOfManyFaces","theWildCard:UnendingRitual"],"picked":"theWildCard:SacrificialStroke","floor":1.0},{"not_picked":["theWildCard:MaskChange","theWildCard:StalwartBlade","theWildCard:EnergizedStroke"],"picked":"SKIP","floor":2},{"not_picked":["theWildCard:ArcaneArts","theWildCard:BladeOfGenerations"],"picked":"theWildCard:PowerOfTheArcana","floor":3},{"not_picked":["theWildCard:UnendingRitual","theWildCard:Safeguard"],"picked":"theWildCard:SeveringSlash","floor":4},{"not_picked":["theWildCard:TheUniverse","theWildCard:Safeguard"],"picked":"theWildCard:Metatron","floor":5},{"not_picked":["theWildCard:MagicMettle","theWildCard:Unburden","theWildCard:EnergizedStroke"],"picked":"SKIP","floor":7},{"not_picked":["theWildCard:ArcaneArts","theWildCard:MasterPlan"],"picked":"theWildCard:StingingStrike","floor":10},{"not_picked":["theWildCard:ShieldOfMany","theWildCard:TheUniverse"],"picked":"theWildCard:Michael","floor":11},{"not_picked":["theWildCard:Michael","theWildCard:StingingStrike","theWildCard:ArcaneArts"],"picked":"Singing Bowl","floor":14},{"not_picked":["theWildCard:ChangingDestiny","theWildCard:Ruination"],"picked":"theWildCard:Lucifer","floor":16},{"not_picked":["theWildCard:ArcanaArtistry","theWildCard:ArcaneArts","theWildCard:Unburden"],"picked":"Singing Bowl","floor":18},{"not_picked":["theWildCard:LadyLuck","theWildCard:MagicMettle+1","theWildCard:EnergizedStroke"],"picked":"Singing Bowl","floor":19},{"not_picked":["theWildCard:EnergizedStroke","theWildCard:PowerOfTheArcana"],"picked":"theWildCard:Attunement","floor":22},{"not_picked":["theWildCard:MaskChange","theWildCard:StalwartBlade+1","theWildCard:Unburden"],"picked":"Singing Bowl","floor":23},{"not_picked":["theWildCard:ArcaneArts+1","theWildCard:StalwartBlade","theWildCard:ManOfManyFaces+1"],"picked":"Singing Bowl","floor":28},{"not_picked":["theWildCard:PowerOfTheArcana","theWildCard:MaskChange"],"picked":"theWildCard:Attunement","floor":29},{"not_picked":["theWildCard:MagicalMight+1","theWildCard:MaskChange+1"],"picked":"theWildCard:EnergyTheft","floor":31},{"not_picked":["theWildCard:Desolation","theWildCard:ChangingDestiny"],"picked":"theWildCard:TheUniverse","floor":33},{"not_picked":["theWildCard:ArcaneArts","theWildCard:Patience+1","theWildCard:Michael+1"],"picked":"Singing Bowl","floor":35},{"not_picked":["Chrysalis","The Bomb","Dramatic Entrance"],"picked":"Singing Bowl","floor":36},{"not_picked":["Bandage Up","Forethought","Deep Breath"],"picked":"Singing Bowl","floor":36},{"not_picked":["PanicButton","Discovery","Secret Weapon"],"picked":"Singing Bowl","floor":36},{"not_picked":["theWildCard:StingingStrike","theWildCard:Providence","theWildCard:PaleRider+1"],"picked":"Singing Bowl","floor":37},{"not_picked":["theWildCard:Proficiency+1","theWildCard:EnergyTheft+1","theWildCard:SeveringSlash+1"],"picked":"Singing Bowl","floor":39},{"not_picked":["theWildCard:ArcaneArts+1","theWildCard:Michael","theWildCard:SeveringSlash+1"],"picked":"Singing Bowl","floor":40},{"not_picked":["theWildCard:StingingStrike","theWildCard:EnergizedStroke","theWildCard:ManOfManyFaces"],"picked":"Singing Bowl","floor":46},{"not_picked":["theWildCard:ArcaneArts+1","theWildCard:Providence","theWildCard:Patience+1"],"picked":"Singing Bowl","floor":47},{"not_picked":["theWildCard:PaleRider","theWildCard:Providence","theWildCard:TheGreatSeal+1"],"picked":"Singing Bowl","floor":48}],"player_experience":70065,"relics_obtained":[{"floor":9,"key":"Torii"},{"floor":23,"key":"Girya"},{"floor":26,"key":"Centennial Puzzle"},{"floor":31,"key":"Bronze Scales"},{"floor":40,"key":"Eternal Feather"},{"floor":42,"key":"White Beast Statue"},{"floor":43,"key":"Potion Belt"},{"floor":46,"key":"Strawberry"},{"floor":48,"key":"Lizard Tail"}],"event_choices":[{"damage_healed":0,"gold_gain":0,"player_choice":"Paid Gold","damage_taken":0,"relics_obtained":["Singing Bowl"],"max_hp_gain":0,"max_hp_loss":0,"event_name":"WeMeetAgain","floor":12,"gold_loss":123},{"damage_healed":0,"gold_gain":0,"player_choice":"Opened","damage_taken":0,"relics_obtained":["theWildCard:Evoker"],"max_hp_gain":0,"max_hp_loss":0,"event_name":"The Mausoleum","floor":21,"gold_loss":0,"cards_obtained":["Writhe"]},{"damage_healed":0,"gold_gain":0,"player_choice":"Ignored","damage_taken":0,"max_hp_gain":0,"max_hp_loss":0,"event_name":"Vampires","floor":24,"gold_loss":0},{"damage_healed":24,"gold_gain":0,"player_choice":"Heal","damage_taken":0,"max_hp_gain":0,"max_hp_loss":0,"event_name":"The Library","floor":27,"gold_loss":0},{"damage_healed":0,"gold_gain":0,"player_choice":"Memory 3","damage_taken":10,"max_hp_gain":0,"max_hp_loss":0,"event_name":"SensoryStone","floor":36,"gold_loss":0},{"cards_removed":["theWildCard:CallToAdventure"],"damage_healed":0,"gold_gain":0,"player_choice":"Removed Attack","damage_taken":0,"max_hp_gain":0,"max_hp_loss":0,"event_name":"Falling","floor":44,"gold_loss":0}],"is_beta":false,"boss_relics":[{"not_picked":["Empty Cage","Fusion Hammer"],"picked":"Astrolabe"},{"not_picked":["Black Star","SacredBark"],"picked":"Runic Dome"}],"items_purged_floors":[20,38,45],"is_endless":false,"potions_floor_spawned":[1,2,10,11,14,18,28,33,37,46,47,48],"ascension_level":0}}