{"host":"newqdrzxfhh2im9e","time":1609050933,"event":{"mods":["AchievementEnabler","BaseMod","BetterRewards","Block Reminder","Colored Map","Jorbs\u0027s Wanderer Trilogy","Minty Spire (QoL Compilation)","Rare Cards Sparkle","Shop Mod","StSLib"],"gold_per_floor":[113,130,140,29,29,61,61,73,143,159,189,189,200,20,20,115,115,139,151,177,7,0,0,31,31,55,70,6,18,18,30,30,131,131,141,141,2,2,15,15,15],"floor_reached":40,"playtime":1603,"items_purged":[],"score":503,"play_id":"60b6e98c-45ef-4a39-9a9f-e1b68f704c15","local_time":"20201226223533","is_ascension_mode":true,"campfire_choices":[{"data":"Hyperbeam","floor":7,"key":"SMITH"},{"floor":12,"key":"REST"},{"data":"Dramatic Entrance","floor":15,"key":"SMITH"},{"data":"Buffer","floor":23,"key":"SMITH"},{"floor":30,"key":"REST"},{"floor":32,"key":"REST"}],"circlet_count":0,"master_deck":["Strike_B","Strike_B","Strike_B","Strike_B","Defend_B","Defend_B","Defend_B","Defend_B","Zap","Dualcast","White Noise","Auto Shields","Darkness","Defragment","Chill","Hyperbeam+1","FTL","Loop","Undo","Static Discharge","Buffer+1","Dramatic Entrance+1","Heatsinks","Compile Driver","Electrodynamics","CurseOfTheBell","Streamline+1","Chaos+1","Self Repair","Meteor Strike","Force Field","Leap+1","PanicButton","Lockon+1","Fission","Lockon+1","Seek","Hello World","Doom and Gloom+1","Core Surge+1","Rip and Tear+1","Sunder+1","Buffer+1","Loop","Genetic Algorithm+1","Heatsinks+1"],"relics":["Cracked Core","NeowsBlessing","Lizard Tail","Question Card","Oddly Smooth Stone","MawBank","Blue Candle","Prayer Wheel","Nloth\u0027s Gift","Membership Card","Molten Egg 2","Juzu Bracelet","Shuriken","Bottled Flame"],"acts_visited":["Exordium","TheCity","TheBeyond"],"potions_floor_usage":[6,6,16,24,24,24,24,27],"damage_taken":[{"damage":0,"enemies":"Jaw Worm","floor":1,"turns":1},{"damage":0,"enemies":"Cultist","floor":2,"turns":1},{"damage":0,"enemies":"2 Louse","floor":3,"turns":1},{"damage":16,"enemies":"Gremlin Nob","floor":6,"turns":3},{"damage":18,"enemies":"Lots of Slimes","floor":8,"turns":2},{"damage":0,"enemies":"Large Slime","floor":10,"turns":3},{"damage":10,"enemies":"Lagavulin","floor":11,"turns":8},{"damage":0,"enemies":"2 Fungi Beasts","floor":13,"turns":3},{"damage":40,"enemies":"Hexaghost","floor":16,"turns":7},{"damage":2,"enemies":"3 Byrds","floor":18,"turns":2},{"damage":25,"enemies":"Spheric Guardian","floor":20,"turns":4},{"damage":16,"enemies":"Slavers","floor":24,"turns":4},{"damage":6,"enemies":"Cultist and Chosen","floor":27,"turns":8},{"damage":22,"enemies":"Centurion and Healer","floor":29,"turns":6},{"damage":25,"enemies":"Shelled Parasite and Fungi","floor":31,"turns":4},{"damage":59,"enemies":"Collector","floor":33,"turns":12},{"damage":64,"enemies":"3 Shapes","floor":35,"turns":4},{"damage":25,"enemies":"Orb Walker","floor":39,"turns":3},{"damage":97,"enemies":"Giant Head","floor":40,"turns":8}],"seed_played":"4488348035236575933","potions_obtained":[{"floor":1,"key":"FearPotion"},{"floor":3,"key":"EssenceOfDarkness"},{"floor":6,"key":"EssenceOfSteel"},{"floor":8,"key":"EssenceOfDarkness"},{"floor":20,"key":"EntropicBrew"},{"floor":24,"key":"ColorlessPotion"}],"is_trial":false,"path_per_floor":["M","M","M","$","?","E","R","M","T","M","E","R","M","$","R","B",null,"M","?","M","$","?","R","E","?","T","M","?","M","R","M","R","B",null,"M","?","$","?","M","E"],"character_chosen":"DEFECT","items_purchased":["Defragment","Chill","Dramatic Entrance","Heatsinks","Compile Driver","Membership Card","Force Field","Bottled Flame","Loop"],"campfire_rested":3,"item_purchase_floors":[4,4,14,14,14,21,21,37,37],"current_hp_per_floor":[75,75,75,75,75,59,59,41,41,41,31,53,53,53,53,13,75,73,73,48,48,48,48,39,27,27,28,28,13,35,17,39,17,75,11,11,11,66,41,0,0],"gold":15,"neow_bonus":"THREE_ENEMY_KILL","is_daily":false,"chose_seed":false,"campfire_upgraded":3,"win_rate":0.0,"timestamp":1609050933,"path_taken":["M","M","M","$","?","E","R","M","T","M","E","R","M","?","R","BOSS","M","?","?","$","?","R","E","?","T","M","?","M","R","M","R","BOSS","M","?","$","?","M","E"],"items_purchased_type":["Card","Card","Card","Card","Card","Relic","Card","Relic","Card"],"build_version":"2020-12-22","purchased_purges":0,"victory":false,"max_hp_per_floor":[75,75,75,75,75,75,75,75,75,75,75,75,75,75,75,75,75,75,75,75,75,75,75,75,75,75,75,75,75,75,75,75,75,75,75,75,75,66,66,66,66],"card_choices":[{"not_picked":["Redo","Lockon"],"picked":"White Noise","floor":1},{"not_picked":["Turbo","Rebound"],"picked":"Auto Shields","floor":2},{"not_picked":["Coolheaded","Beam Cell"],"picked":"Darkness","floor":3},{"not_picked":["Ball Lightning","Redo"],"picked":"FTL","floor":6},{"not_picked":["Chill","Hologram"],"picked":"Loop","floor":8},{"not_picked":["Coolheaded","Reinforced Body","Ball Lightning"],"picked":"Undo","floor":10},{"not_picked":["Beam Cell","Ball Lightning","Undo"],"picked":"Static Discharge","floor":11},{"not_picked":["Go for the Eyes","Ball Lightning","Capacitor"],"picked":"Buffer","floor":13},{"not_picked":["Echo Form","Amplify","Meteor Strike"],"picked":"Electrodynamics","floor":16},{"not_picked":["Reboot","Conserve Battery","Barrage"],"picked":"Streamline+1","floor":18},{"not_picked":["Auto Shields","Conserve Battery+1","Ball Lightning"],"picked":"Chaos+1","floor":18},{"not_picked":["Steam","Turbo","Beam Cell"],"picked":"Self Repair","floor":20},{"not_picked":["Streamline","Reprogram","Stack"],"picked":"Meteor Strike","floor":20},{"not_picked":["Compile Driver+1","Go for the Eyes+1","Barrage+1"],"picked":"Leap+1","floor":24},{"not_picked":["Compile Driver+1","Redo","Steam Power"],"picked":"Lockon+1","floor":27},{"not_picked":["Conserve Battery","Stack","Consume"],"picked":"Fission","floor":27},{"not_picked":["Streamline+1","Gash+1","Redo"],"picked":"Lockon+1","floor":29},{"not_picked":["Reboot","Aggregate","Conserve Battery"],"picked":"Seek","floor":29},{"not_picked":["Steam","Streamline+1","Hologram"],"picked":"Hello World","floor":31},{"not_picked":["Skim+1","Melter+1","Rebound+1"],"picked":"Doom and Gloom+1","floor":31},{"not_picked":["Biased Cognition","Hyperbeam+1","Electrodynamics"],"picked":"Core Surge+1","floor":33},{"not_picked":["Hologram","Steam","Gash+1"],"picked":"Rip and Tear+1","floor":35},{"not_picked":["Cold Snap+1","Beam Cell+1","Streamline+1"],"picked":"Sunder+1","floor":35},{"not_picked":["Barrage+1","Go for the Eyes+1","Sunder+1"],"picked":"Genetic Algorithm+1","floor":39},{"not_picked":["Scrape+1","Turbo+1","Double Energy"],"picked":"Heatsinks+1","floor":39}],"player_experience":645321,"relics_obtained":[{"floor":6,"key":"Lizard Tail"},{"floor":9,"key":"Question Card"},{"floor":11,"key":"Oddly Smooth Stone"},{"floor":17,"key":"MawBank"},{"floor":17,"key":"Blue Candle"},{"floor":17,"key":"Prayer Wheel"},{"floor":24,"key":"Molten Egg 2"},{"floor":26,"key":"Juzu Bracelet"}],"event_choices":[{"damage_healed":0,"gold_gain":0,"player_choice":"1 cards matched","damage_taken":0,"max_hp_gain":0,"max_hp_loss":0,"event_name":"Match and Keep!","floor":5,"gold_loss":0,"cards_obtained":["Hyperbeam"]},{"damage_healed":0,"gold_gain":0,"player_choice":"Traded Relic","damage_taken":0,"relics_obtained":["Nloth\u0027s Gift"],"max_hp_gain":0,"max_hp_loss":0,"event_name":"N\u0027loth","floor":19,"relics_lost":["Calling Bell"],"gold_loss":0},{"damage_healed":0,"gold_gain":0,"player_choice":"Paid Fearfully","damage_taken":0,"max_hp_gain":0,"max_hp_loss":0,"event_name":"Masked Bandits","floor":22,"gold_loss":7},{"damage_healed":0,"gold_gain":0,"player_choice":"CARD ","damage_taken":12,"max_hp_gain":0,"max_hp_loss":0,"event_name":"Knowing Skull","floor":25,"potions_obtained":[],"gold_loss":0,"cards_obtained":["PanicButton"]},{"damage_healed":0,"gold_gain":0,"player_choice":"Paid Gold","damage_taken":0,"relics_obtained":["Shuriken"],"max_hp_gain":0,"max_hp_loss":0,"event_name":"WeMeetAgain","floor":28,"gold_loss":64},{"damage_healed":0,"gold_gain":0,"player_choice":"Copied","damage_taken":0,"max_hp_gain":0,"max_hp_loss":0,"event_name":"Duplicator","floor":36,"gold_loss":0,"cards_obtained":["Buffer"]},{"damage_healed":66,"gold_gain":0,"player_choice":"Heal","damage_taken":0,"max_hp_gain":0,"max_hp_loss":9,"event_name":"The Moai Head","floor":38,"gold_loss":0}],"is_beta":false,"boss_relics":[{"not_picked":["Sozu","Tiny House"],"picked":"Calling Bell"},{"not_picked":["Snecko Eye","Runic Pyramid","Fusion Hammer"]}],"items_purged_floors":[],"is_endless":false,"potions_floor_spawned":[1,3,6,8,20,24],"killed_by":"Giant Head","ascension_level":3}}