{"host":"rqd50iigewdjy74u","time":1609065145,"event":{"mods":["AchievementEnabler","BaseMod","BetterRewards","Custom Start","Minty Spire (QoL Compilation)","StSLib"],"gold_per_floor":[110,121,121,141,104,124,224,234,260,273,291,291,70,83,83,83,83],"floor_reached":16,"playtime":574,"items_purged":[],"score":96,"play_id":"d1215be6-9e0e-4803-8a59-bee1ffa5aefa","local_time":"20201227043225","is_ascension_mode":false,"campfire_choices":[{"data":"Infinite Blades","floor":12,"key":"SMITH"},{"data":"Burst","floor":15,"key":"SMITH"}],"circlet_count":0,"master_deck":["Strike_G","Strike_G","Strike_G","Strike_G","Strike_G","Defend_G","Defend_G","Defend_G","Defend_G","Defend_G","Survivor","Neutralize","Backstab+1","Dagger Spray","Endless Agony","Footwork","Flying Knee","Footwork","Infinite Blades+1","Burst+1","Footwork","Expertise"],"relics":["Ring of the Snake","NeowsBlessing","Ancient Tea Set","Vajra"],"acts_visited":["Exordium"],"potions_floor_usage":[16,16,16],"damage_taken":[{"damage":0,"enemies":"Jaw Worm","floor":1,"turns":1},{"damage":0,"enemies":"Small Slimes","floor":2,"turns":1},{"damage":0,"enemies":"Cultist","floor":4,"turns":1},{"damage":4,"enemies":"Red Slaver","floor":6,"turns":3},{"damage":2,"enemies":"Looter","floor":8,"turns":2},{"damage":0,"enemies":"3 Louse","floor":10,"turns":3},{"damage":14,"enemies":"Lots of Slimes","floor":11,"turns":4},{"damage":1,"enemies":"Exordium Thugs","floor":14,"turns":3},{"damage":49,"enemies":"Hexaghost","floor":16,"turns":9}],"seed_played":"-4690141865730844174","potions_obtained":[{"floor":1,"key":"LiquidBronze"},{"floor":6,"key":"Swift Potion"},{"floor":8,"key":"Poison Potion"},{"floor":11,"key":"SteroidPotion"}],"is_trial":false,"path_per_floor":["M","M","?","M","$","M","?","M","T","M","M","R","$","M","R","B"],"character_chosen":"THE_SILENT","items_purchased":["Footwork","Vajra","Footwork"],"campfire_rested":0,"item_purchase_floors":[5,13,13],"current_hp_per_floor":[70,70,70,70,70,66,66,64,64,64,50,50,50,49,49,0,0],"gold":83,"neow_bonus":"THREE_ENEMY_KILL","is_daily":false,"chose_seed":false,"campfire_upgraded":2,"win_rate":0.0,"timestamp":1609065145,"path_taken":["M","M","?","M","$","M","?","M","T","M","?","R","?","M","R","BOSS"],"items_purchased_type":["Card","Relic","Card"],"build_version":"2020-12-22","purchased_purges":0,"victory":false,"max_hp_per_floor":[70,70,70,70,70,70,70,70,70,70,70,70,70,70,70,70,70],"card_choices":[{"not_picked":["Underhanded Strike","Dodge and Roll"],"picked":"Backstab","floor":1},{"not_picked":["Backflip","Dash"],"picked":"Dagger Spray","floor":2},{"not_picked":["Calculated Gamble","Bane"],"picked":"Endless Agony","floor":4},{"not_picked":["Distraction","Well Laid Plans"],"picked":"Flying Knee","floor":6},{"not_picked":["Deflect","Terror"],"picked":"Footwork","floor":8},{"not_picked":["Underhanded Strike","Backflip"],"picked":"Infinite Blades","floor":10},{"not_picked":["Cloak And Dagger","Terror"],"picked":"Burst","floor":11},{"not_picked":["Reflex","Cloak And Dagger"],"picked":"Expertise","floor":14}],"player_experience":115996,"relics_obtained":[{"floor":9,"key":"Ancient Tea Set"}],"event_choices":[{"damage_healed":0,"gold_gain":0,"player_choice":"Grow","damage_taken":0,"max_hp_gain":0,"max_hp_loss":0,"event_name":"Living Wall","floor":3,"gold_loss":0,"cards_upgraded":["Backstab"]},{"damage_healed":0,"gold_gain":100,"player_choice":"Pray","damage_taken":0,"max_hp_gain":0,"max_hp_loss":0,"event_name":"Golden Shrine","floor":7,"gold_loss":0}],"is_beta":false,"boss_relics":[],"items_purged_floors":[],"is_endless":false,"potions_floor_spawned":[1,6,8,11,14],"killed_by":"Hexaghost","ascension_level":0}}