{"host":"1eo5f82aifdzd7pr","time":1609081704,"event":{"mods":["AchievementEnabler","BaseMod","Colored Map","Colored Powertips","DeckTracker","Minty Spire (QoL Compilation)","SuperFastMode"],"gold_per_floor":[116,135,155,167,181,181,196,196,221,221,256,256,286,286,286,363,413,430,403,422,347,364,364,364],"floor_reached":23,"playtime":2190,"items_purged":["Strike_B"],"score":371,"play_id":"6b680ae2-00de-4542-b91a-29747c039454","local_time":"20201227170824","is_ascension_mode":true,"campfire_choices":[{"data":"Zap","floor":6.0,"key":"SMITH"},{"data":"Chill","floor":8.0,"key":"SMITH"},{"floor":12.0,"key":"REST"},{"data":"Hologram","floor":15.0,"key":"SMITH"}],"circlet_count":0,"master_deck":["AscendersBane","Strike_B","Strike_B","Defend_B","Defend_B","Defend_B+1","Defend_B","Zap+1","Dualcast+1","Coolheaded","Cold Snap","Chill+1","Seek+1","Hologram+1","Self Repair+1","Capacitor+1","Loop+1","Blizzard"],"relics":["Cracked Core","Nunchaku","Frozen Egg 2","Art of War","Tiny House"],"acts_visited":["Exordium","TheCity"],"potions_floor_usage":[18,19,23,23],"damage_taken":[{"damage":4.0,"enemies":"Small Slimes","floor":1.0,"turns":4.0},{"damage":1.0,"enemies":"2 Louse","floor":2.0,"turns":3.0},{"damage":0.0,"enemies":"Cultist","floor":3.0,"turns":3.0},{"damage":9.0,"enemies":"Gremlin Gang","floor":4.0,"turns":5.0},{"damage":7.0,"enemies":"3 Louse","floor":5.0,"turns":4.0},{"damage":4.0,"enemies":"Blue Slaver","floor":7.0,"turns":4.0},{"damage":1.0,"enemies":"3 Sentries","floor":11.0,"turns":8.0},{"damage":36.0,"enemies":"Hexaghost","floor":16.0,"turns":13.0},{"damage":11,"enemies":"Spheric Guardian","floor":18,"turns":8},{"damage":11,"enemies":"2 Thieves","floor":19,"turns":4},{"damage":13,"enemies":"Snecko","floor":20,"turns":7},{"damage":11,"enemies":"Centurion and Healer","floor":22,"turns":13},{"damage":61,"enemies":"Gremlin Leader","floor":23,"turns":5}],"seed_played":"7642333413258495195","potions_obtained":[{"floor":4.0,"key":"DuplicationPotion"},{"floor":5.0,"key":"Fire Potion"},{"floor":11.0,"key":"PowerPotion"},{"floor":17.0,"key":"Ancient Potion"},{"floor":20,"key":"Dexterity Potion"},{"floor":22,"key":"LiquidMemories"}],"is_trial":false,"path_per_floor":["M","M","M","M","M","R","M","R","T","?","E","R","?","?","R","B",null,"M","M","M","$","M","E"],"character_chosen":"DEFECT","items_purchased":[],"campfire_rested":1,"item_purchase_floors":[],"current_hp_per_floor":[67,66,66,57,50,50,46,46,46,23,22,45,45,45,45,9,66,65,64,61,61,60,0,0],"gold":364,"neow_bonus":"TEN_PERCENT_HP_BONUS","is_daily":false,"chose_seed":false,"campfire_upgraded":3,"win_rate":0.0,"timestamp":1609081704,"path_taken":["M","M","M","M","M","R","M","R","T","?","E","R","?","?","R","BOSS","M","?","M","$","?","E"],"items_purchased_type":[],"build_version":"2020-12-22","purchased_purges":1,"victory":false,"max_hp_per_floor":[78,78,78,78,78,78,78,78,78,78,78,78,78,78,78,78,83,83,83,83,83,83,83,83],"card_choices":[{"not_picked":["Go for the Eyes","Beam Cell"],"picked":"Coolheaded","floor":1.0},{"not_picked":["Compile Driver","Double Energy"],"picked":"Cold Snap","floor":2.0},{"not_picked":["Beam Cell","Auto Shields"],"picked":"Chill","floor":3.0},{"not_picked":["Cold Snap","Redo","Barrage"],"picked":"SKIP","floor":4.0},{"not_picked":["Compile Driver","Beam Cell"],"picked":"Seek","floor":5.0},{"not_picked":["Ball Lightning","Melter","Steam"],"picked":"SKIP","floor":7.0},{"not_picked":["Sweeping Beam","Storm+1"],"picked":"Hologram","floor":11.0},{"not_picked":["Beam Cell","Turbo"],"picked":"Self Repair+1","floor":17.0},{"not_picked":["Coolheaded","Steam","Consume"],"picked":"SKIP","floor":18},{"not_picked":["Leap","Sunder"],"picked":"Capacitor+1","floor":19},{"not_picked":["Reboot","Heatsinks+1"],"picked":"Loop+1","floor":20},{"not_picked":["Auto Shields","Redo+1"],"picked":"Blizzard","floor":22}],"player_experience":699951,"relics_obtained":[{"floor":9.0,"key":"Nunchaku"},{"floor":11.0,"key":"Frozen Egg 2"}],"event_choices":[{"damage_healed":0.0,"max_hp_gain":0.0,"max_hp_loss":0.0,"gold_gain":0.0,"event_name":"Shining Light","player_choice":"Entered Light","floor":10.0,"gold_loss":0.0,"damage_taken":23.0,"cards_upgraded":["Defend_B","Dualcast"]},{"damage_healed":0.0,"max_hp_gain":0.0,"max_hp_loss":0.0,"gold_gain":30.0,"event_name":"Dead Adventurer","player_choice":"Searched \u00272\u0027 times","floor":13.0,"gold_loss":0.0,"damage_taken":0.0,"relics_obtained":["Art of War"]},{"cards_removed":["Strike_B"],"damage_healed":0.0,"max_hp_gain":0.0,"max_hp_loss":0.0,"gold_gain":0.0,"event_name":"Purifier","player_choice":"Purged","floor":14.0,"gold_loss":0.0,"damage_taken":0.0}],"is_beta":false,"boss_relics":[{"not_picked":["Pandora\u0027s Box","Coffee Dripper"],"picked":"Tiny House"}],"items_purged_floors":[21],"is_endless":false,"potions_floor_spawned":[4,5,11,20,22],"killed_by":"Gremlin Leader","ascension_level":18}}