{"host":"k85tjwrh7mjrrc9a","time":1609031467,"event":{"mods":["AchievementEnabler","BaseMod","Colored Powertips","Highlight Path","Minty Spire (QoL Compilation)","Rare Cards Sparkle","StSLib"],"gold_per_floor":[114,124,124,85,85,85,100,100,125,155,166,183,208,233,233,328,328,342,441,458,383,408,408,442,454,506,518,518,553,480,509,521,633,645,675,733,967,993,1017,1029,1041,1068,1080,52,52,52,66,97,97,97],"floor_reached":51,"playtime":5434,"items_purged":["Decay","Strike_G"],"score":838,"play_id":"50aaaa84-f12b-45e3-98ce-6bed8149bfde","local_time":"20201226201107","is_ascension_mode":true,"campfire_choices":[{"data":"Infinite Blades","floor":6,"key":"SMITH"},{"data":"Neutralize","floor":8,"key":"SMITH"},{"floor":15,"key":"REST"},{"data":"After Image","floor":23,"key":"SMITH"},{"floor":28,"key":"REST"},{"data":"Calculated Gamble","floor":32,"key":"SMITH"},{"floor":40,"key":"REST"},{"data":"Noxious Fumes","floor":45,"key":"SMITH"},{"data":"Well Laid Plans","floor":49,"key":"SMITH"}],"circlet_count":0,"master_deck":["Strike_G","Strike_G","Strike_G","Strike_G","Defend_G","Defend_G","Defend_G","Defend_G","Defend_G","Survivor","Neutralize+1","Flying Knee","Caltrops","Infinite Blades+1","Calculated Gamble+1","Cloak And Dagger","Escape Plan","Cloak And Dagger","Blur","Dodge and Roll","After Image+1","CurseOfTheBell","Escape Plan","Backflip","Flying Knee+1","Blade Dance+1","Backflip+1","Well Laid Plans+1","Blade Dance+1","Blade Dance+1","A Thousand Cuts","Prepared+1","Prepared+1","Madness+1","Madness+1","Noxious Fumes+1","Crippling Poison+1","Finesse+1","PiercingWail+1","Doubt","Prepared+1"],"relics":["Ring of the Snake","NeowsBlessing","Regal Pillow","Mummified Hand","Anchor","Odd Mushroom","Calling Bell","Blood Vial","Mercury Hourglass","Unceasing Top","Red Mask","Toxic Egg 2","Snake Skull","MawBank","Vajra","HoveringKite","Calipers","Oddly Smooth Stone","Dead Branch","TwistedFunnel","Singing Bowl","CaptainsWheel"],"acts_visited":["Exordium","TheCity","TheBeyond"],"potions_floor_usage":[13,36,50,50,50],"damage_taken":[{"damage":0,"enemies":"Cultist","floor":1,"turns":1},{"damage":0,"enemies":"2 Louse","floor":2,"turns":1},{"damage":0,"enemies":"Small Slimes","floor":7,"turns":1},{"damage":25,"enemies":"Lagavulin","floor":10,"turns":7},{"damage":3,"enemies":"Blue Slaver","floor":11,"turns":4},{"damage":5,"enemies":"2 Fungi Beasts","floor":12,"turns":3},{"damage":16,"enemies":"Gremlin Nob","floor":13,"turns":4},{"damage":10,"enemies":"The Mushroom Lair","floor":14,"turns":4},{"damage":33,"enemies":"Hexaghost","floor":16,"turns":15},{"damage":0,"enemies":"Shell Parasite","floor":18,"turns":6},{"damage":1,"enemies":"3 Byrds","floor":20,"turns":4},{"damage":20,"enemies":"Masked Bandits","floor":22,"turns":5},{"damage":20,"enemies":"Gremlin Leader","floor":24,"turns":10},{"damage":0,"enemies":"Centurion and Healer","floor":25,"turns":7},{"damage":0,"enemies":"Shelled Parasite and Fungi","floor":27,"turns":6},{"damage":3,"enemies":"Slavers","floor":29,"turns":6},{"damage":12,"enemies":"Snake Plant","floor":31,"turns":5},{"damage":44,"enemies":"Automaton","floor":33,"turns":12},{"damage":4,"enemies":"Orb Walker","floor":35,"turns":4},{"damage":47,"enemies":"2 Orb Walkers","floor":36,"turns":6},{"damage":0,"enemies":"3 Darklings","floor":38,"turns":4},{"damage":29,"enemies":"Maw","floor":39,"turns":8},{"damage":7,"enemies":"Sphere and 2 Shapes","floor":42,"turns":6},{"damage":0,"enemies":"Jaw Worm Horde","floor":47,"turns":3},{"damage":14,"enemies":"Nemesis","floor":48,"turns":7},{"damage":0,"enemies":"Donu and Deca","floor":50,"turns":6}],"seed_played":"-8455353816676252187","potions_obtained":[{"floor":2,"key":"EssenceOfSteel"},{"floor":7,"key":"CultistPotion"},{"floor":13,"key":"Swift Potion"},{"floor":14,"key":"Block Potion"},{"floor":22,"key":"DuplicationPotion"},{"floor":33,"key":"FairyPotion"},{"floor":39,"key":"Swift Potion"},{"floor":47,"key":"Fire Potion"},{"floor":48,"key":"Dexterity Potion"}],"is_trial":false,"path_per_floor":["M","M","?","$","?","R","M","R","T","E","M","M","E","?","R","B",null,"M","?","M","$","?","R","E","M","T","M","R","E","?","M","R","B",null,"M","?","?","M","M","R","?","M","T","$","R","?","M","E","R","B",null],"character_chosen":"THE_SILENT","items_purchased":["Infinite Blades","Noxious Fumes","Crippling Poison+1","Finesse+1","Dead Branch","TwistedFunnel","Singing Bowl","PiercingWail+1"],"campfire_rested":3,"item_purchase_floors":[4,44,44,44,44,44,44,44],"current_hp_per_floor":[70,70,70,70,70,70,70,70,70,45,42,37,21,11,47,14,70,70,70,69,69,50,50,32,34,34,36,70,67,67,57,57,15,70,66,21,21,23,21,57,48,43,43,43,43,70,70,58,58,60],"gold":97,"neow_bonus":"THREE_ENEMY_KILL","is_daily":false,"chose_seed":false,"campfire_upgraded":6,"win_rate":0.0,"timestamp":1609031467,"path_taken":["M","?","?","$","?","R","M","R","T","E","M","?","E","?","R","BOSS","M","?","M","$","?","R","E","M","T","M","R","E","?","M","R","BOSS","M","?","?","M","M","R","?","M","T","$","R","?","?","E","R","BOSS"],"items_purchased_type":["Card","Card","Card","Card","Relic","Relic","Relic","Card"],"build_version":"2020-12-22","purchased_purges":2,"victory":true,"max_hp_per_floor":[70,70,70,70,70,70,70,70,70,70,70,70,70,70,70,70,70,70,70,70,70,70,70,70,70,70,70,70,70,70,70,70,70,70,70,70,70,70,70,70,70,70,70,70,70,70,70,72,72,72],"card_choices":[{"not_picked":["Slice","Skewer"],"picked":"Flying Knee","floor":1},{"not_picked":["Choke","Flying Knee"],"picked":"Caltrops","floor":2},{"not_picked":["Flying Knee","Underhanded Strike"],"picked":"Calculated Gamble","floor":7},{"not_picked":["Prepared","Infinite Blades"],"picked":"Cloak And Dagger","floor":10},{"not_picked":["Poisoned Stab","Underhanded Strike"],"picked":"Escape Plan","floor":11},{"not_picked":["Finisher","Eviscerate"],"picked":"Cloak And Dagger","floor":12},{"not_picked":["Caltrops","Dagger Spray"],"picked":"Blur","floor":13},{"not_picked":["Poisoned Stab","Bane"],"picked":"Dodge and Roll","floor":14},{"not_picked":["Corpse Explosion","Wraith Form v2"],"picked":"After Image","floor":16},{"not_picked":["Choke+1","PiercingWail"],"picked":"Escape Plan","floor":18},{"not_picked":["Dodge and Roll","Terror"],"picked":"Backflip","floor":20},{"not_picked":["Heel Hook+1","Tactician"],"picked":"Flying Knee+1","floor":22},{"not_picked":["Deflect+1","Underhanded Strike"],"picked":"Blade Dance+1","floor":24},{"not_picked":["Night Terror+1","Infinite Blades"],"picked":"Backflip+1","floor":25},{"not_picked":["Heel Hook","Prepared+1"],"picked":"Well Laid Plans","floor":27},{"not_picked":["Deflect+1","Bullet Time+1"],"picked":"Blade Dance+1","floor":29},{"not_picked":["Dagger Throw","Infinite Blades"],"picked":"Blade Dance+1","floor":31},{"not_picked":["Adrenaline+1","Wraith Form v2"],"picked":"A Thousand Cuts","floor":33},{"not_picked":["Deflect+1","Deadly Poison+1","Catalyst+1"],"picked":"SKIP","floor":35},{"not_picked":["Dagger Throw+1","Leg Sweep+1"],"picked":"Prepared+1","floor":38},{"not_picked":["Dagger Spray","Calculated Gamble+1"],"picked":"Prepared+1","floor":39},{"not_picked":["Slice+1","Dodge and Roll+1","Distraction+1"],"picked":"SKIP","floor":42},{"not_picked":["Endless Agony","Underhanded Strike+1"],"picked":"Prepared+1","floor":47},{"not_picked":["Flechettes+1","Finisher+1","Tactician+1"],"picked":"Singing Bowl","floor":48}],"player_experience":61345,"relics_obtained":[{"floor":9,"key":"Regal Pillow"},{"floor":10,"key":"Mummified Hand"},{"floor":13,"key":"Anchor"},{"floor":14,"key":"Odd Mushroom"},{"floor":17,"key":"Blood Vial"},{"floor":17,"key":"Mercury Hourglass"},{"floor":17,"key":"Unceasing Top"},{"floor":22,"key":"Red Mask"},{"floor":24,"key":"Toxic Egg 2"},{"floor":26,"key":"Snake Skull"},{"floor":29,"key":"MawBank"},{"floor":36,"key":"Calipers"},{"floor":43,"key":"Oddly Smooth Stone"},{"floor":48,"key":"CaptainsWheel"}],"event_choices":[{"damage_healed":0,"gold_gain":0,"player_choice":"Leave","damage_taken":0,"max_hp_gain":0,"max_hp_loss":0,"event_name":"The Cleric","floor":3,"gold_loss":0},{"damage_healed":0,"gold_gain":0,"player_choice":"Cursed","damage_taken":0,"max_hp_gain":0,"max_hp_loss":0,"event_name":"Wheel of Change","floor":5,"gold_loss":0,"cards_obtained":["Decay"]},{"damage_healed":0,"gold_gain":0,"player_choice":"Fought Mushrooms","damage_taken":0,"max_hp_gain":0,"max_hp_loss":0,"event_name":"Mushrooms","floor":14,"gold_loss":0},{"damage_healed":0,"gold_gain":99,"player_choice":"Stole From Cult","damage_taken":0,"max_hp_gain":0,"max_hp_loss":0,"event_name":"Nest","floor":19,"gold_loss":0},{"damage_healed":0,"gold_gain":0,"player_choice":"Fought Bandits","damage_taken":0,"max_hp_gain":0,"max_hp_loss":0,"event_name":"Masked Bandits","floor":22,"gold_loss":0},{"damage_healed":0,"gold_gain":0,"player_choice":"Obtained Relic","damage_taken":0,"relics_obtained":["Vajra"],"max_hp_gain":0,"max_hp_loss":0,"event_name":"Addict","floor":30,"gold_loss":85},{"damage_healed":0,"gold_gain":0,"player_choice":"Fight","damage_taken":0,"max_hp_gain":0,"max_hp_loss":0,"event_name":"Mysterious Sphere","floor":36,"gold_loss":0},{"damage_healed":0,"gold_gain":222,"player_choice":"Wore Mask","damage_taken":0,"max_hp_gain":0,"max_hp_loss":0,"event_name":"Tomb of Lord Red Mask","floor":37,"gold_loss":0},{"damage_healed":0,"gold_gain":0,"player_choice":"Embrace Madness","damage_taken":9,"max_hp_gain":0,"max_hp_loss":0,"event_name":"Winding Halls","floor":41,"gold_loss":0,"cards_obtained":["Madness","Madness"]},{"damage_healed":27,"gold_gain":0,"player_choice":"Heal","damage_taken":0,"max_hp_gain":0,"max_hp_loss":0,"event_name":"MindBloom","floor":46,"gold_loss":0,"cards_obtained":["Doubt"]}],"is_beta":false,"boss_relics":[{"not_picked":["Snecko Eye","Busted Crown"],"picked":"Calling Bell"},{"not_picked":["Fusion Hammer","Runic Dome"],"picked":"HoveringKite"}],"items_purged_floors":[21,44],"is_endless":false,"potions_floor_spawned":[2,7,13,14,22,29,31,33,39,47,48],"ascension_level":1}}