{"host":"aukiz5jlacd3g5yc","time":1609050603,"event":{"mods":["2.2 Compatiblity","BaseMod","Bestiary","Colored Map","Colored Powertips","Downfall","GifTheSpireLib","Hermit","Highlight Path","Hubris","Infinite Spire","Minty Spire (QoL Compilation)","Permanent Neow","Quick Restart","Random Character Button","Rare Cards Sparkle","Relic Sorter","Relic Stats","Replay The Spire","StSLib","Unknown Chances","everything is the same but u backflip on backflip","slay the spire mod where everything is the same but ironclad has a cowboy hat"],"gold_per_floor":[119,139,154,164,180,180,180,180],"floor_reached":7,"playtime":314,"items_purged":[],"score":47,"play_id":"2f729476-da22-463b-81ad-adbf0392fbe4","local_time":"20201227003003","is_ascension_mode":true,"campfire_choices":[{"data":"infinitespire:OneForAll","floor":6,"key":"SMITH"}],"circlet_count":0,"master_deck":["Strike_R","Strike_R","Strike_R","Strike_R","Strike_R","Defend_R","Defend_R","Defend_R","Defend_R","Bash","Hemogenesis","Carnage","Evolve","Cleave","infinitespire:OneForAll+1"],"relics":["Burning Blood"],"acts_visited":["Exordium"],"potions_floor_usage":[],"damage_taken":[{"damage":10,"enemies":"Cultist","floor":1,"turns":4},{"damage":8,"enemies":"Jaw Worm","floor":2,"turns":3},{"damage":10,"enemies":"Small Slimes","floor":3,"turns":4},{"damage":13,"enemies":"3 Louse","floor":4,"turns":4},{"damage":29,"enemies":"Lots of Slimes","floor":5,"turns":5},{"damage":55,"enemies":"Lagavulin","floor":7,"turns":7}],"seed_played":"3729770044321611120","potions_obtained":[{"floor":1,"key":"SteroidPotion"},{"floor":4,"key":"Venom Potion"}],"is_trial":false,"path_per_floor":["M","M","M","M","M","R","E"],"character_chosen":"IRONCLAD","items_purchased":[],"campfire_rested":0,"item_purchase_floors":[],"current_hp_per_floor":[76,74,75,68,50,50,0,0],"gold":180,"neow_bonus":"ONE_RANDOM_RARE_CARD","is_daily":false,"chose_seed":false,"campfire_upgraded":1,"win_rate":0.0,"timestamp":1609050603,"path_taken":["M","M","M","?","M","R","E"],"items_purchased_type":[],"build_version":"2020-12-22","purchased_purges":0,"victory":false,"max_hp_per_floor":[80,80,80,80,80,80,80,80],"relic_stats":{"counters":[6,27],"obtain_stats":[{"Burning Blood":0},{"Burning Blood":0},{"Burning Blood":0}],"Burning Blood":30},"card_choices":[{"not_picked":["Headbutt","hubris:ReadiedAction"],"picked":"Carnage","floor":1},{"not_picked":["Reckless Charge","Cleave"],"picked":"Evolve","floor":2},{"not_picked":["Clothesline","Wild Strike","Heavy Blade"],"picked":"SKIP","floor":3},{"not_picked":["Anger","Wild Strike"],"picked":"Cleave","floor":4},{"not_picked":["ReplayTheSpireMod:Muscle Training","Reckless Charge"],"picked":"infinitespire:OneForAll","floor":5}],"player_experience":350967,"relics_obtained":[],"event_choices":[],"is_beta":false,"boss_relics":[],"items_purged_floors":[],"is_endless":false,"potions_floor_spawned":[1,4],"killed_by":"Lagavulin","ascension_level":1}}