{"host":"3y2rtlgteqp2nuo3","time":1609039087,"event":{"mods":["2.2 Compatiblity","AchievementEnabler","BaseMod","Colored Map","DeckTracker","Highlight Path","Keyboard Shortcuts","Minty Spire (QoL Compilation)","Permanent Neow","Quick Restart","StSLib","SuperFastMode","everything is the same but u backflip on backflip"],"gold_per_floor":[111,130,143,68,68,68,68,68,122,134,162,175,205,380,380,484,484,497,514,43,43,99,99,175,175,175,175,175,188,226,226,226,324,324,339,339,339],"floor_reached":36,"playtime":1073,"items_purged":["Strike_B"],"score":553,"play_id":"b0c81c2d-97bb-48b2-a417-822f0b205d93","local_time":"20201227121807","is_ascension_mode":true,"campfire_choices":[{"data":"Zap","floor":6.0,"key":"SMITH"},{"data":"Dualcast","floor":8.0,"key":"SMITH"},{"data":"Sunder","floor":15.0,"key":"SMITH"},{"data":"HandOfGreed","floor":23.0,"key":"SMITH"},{"floor":25.0,"key":"REST"},{"floor":27.0,"key":"REST"},{"floor":32.0,"key":"REST"}],"circlet_count":0,"master_deck":["Defend_B+1","Defend_B+1","Defend_B","Defend_B","Zap+1","Dualcast+1","Glacier+1","Rip and Tear+1","Steam","Sunder+1","Hologram","Coolheaded","Doom and Gloom","Sweeping Beam","Defragment+1","HandOfGreed+1","Go for the Eyes+1","Hologram+1","Core Surge","Steam+1"],"relics":["Cracked Core","Orichalcum","Oddly Smooth Stone","War Paint","Empty Cage","Medical Kit","Omamori","Nilry\u0027s Codex","Tiny Chest","The Courier","Bottled Tornado","Juzu Bracelet","Inserter"],"acts_visited":["Exordium","TheCity","TheBeyond"],"potions_floor_usage":[35],"damage_taken":[{"damage":4.0,"enemies":"Jaw Worm","floor":1.0,"turns":3.0},{"damage":0.0,"enemies":"Small Slimes","floor":2.0,"turns":3.0},{"damage":1.0,"enemies":"Cultist","floor":3.0,"turns":3.0},{"damage":0.0,"enemies":"Looter","floor":10.0,"turns":2.0},{"damage":0.0,"enemies":"Gremlin Nob","floor":11.0,"turns":3.0},{"damage":0.0,"enemies":"Blue Slaver","floor":12.0,"turns":2.0},{"damage":0.0,"enemies":"3 Sentries","floor":13.0,"turns":6.0},{"damage":13.0,"enemies":"Slime Boss","floor":16.0,"turns":10.0},{"damage":0.0,"enemies":"Spheric Guardian","floor":18.0,"turns":4.0},{"damage":0.0,"enemies":"Chosen","floor":19.0,"turns":5.0},{"damage":13.0,"enemies":"Centurion and Healer","floor":22.0,"turns":9.0},{"damage":25.0,"enemies":"Slavers","floor":24.0,"turns":7.0},{"damage":5.0,"enemies":"Snecko","floor":29.0,"turns":5.0},{"damage":13.0,"enemies":"3 Cultists","floor":30.0,"turns":6.0},{"damage":38.0,"enemies":"Collector","floor":33.0,"turns":17.0},{"damage":48,"enemies":"3 Darklings","floor":35,"turns":7},{"damage":17,"enemies":"Orb Walker","floor":36,"turns":3}],"seed_played":"-4094089101617629614","potions_obtained":[{"floor":2.0,"key":"FearPotion"},{"floor":3.0,"key":"Block Potion"},{"floor":19.0,"key":"Swift Potion"},{"floor":24.0,"key":"Regen Potion"}],"is_trial":false,"path_per_floor":["M","M","M","$","?","R","?","R","T","M","E","M","E","?","R","B",null,"M","M","$","?","M","R","E","R","T","R","T","M","M","?","R","B",null,"M","M"],"character_chosen":"DEFECT","items_purchased":["Medical Kit","Omamori","HandOfGreed"],"campfire_rested":3,"item_purchase_floors":[20,20,20],"current_hp_per_floor":[71,71,70,70,63,63,48,48,48,48,48,48,48,48,48,35,65,65,65,65,49,36,36,11,33,33,55,55,50,37,37,59,36,65,17,0,0],"gold":339,"neow_bonus":"REMOVE_CARD","is_daily":false,"chose_seed":false,"campfire_upgraded":4,"win_rate":0.0,"timestamp":1609039087,"path_taken":["M","M","M","$","?","R","?","R","T","M","E","M","E","?","R","BOSS","M","M","$","?","M","R","E","R","T","R","?","M","M","?","R","BOSS","M","M"],"items_purchased_type":["Relic","Relic","Card"],"build_version":"2020-12-22","purchased_purges":1,"victory":false,"max_hp_per_floor":[75,75,75,75,75,75,75,75,75,75,75,75,75,75,75,75,75,75,75,75,75,75,75,75,75,75,75,75,75,75,75,75,75,75,75,75,75],"card_choices":[{"not_picked":["Sweeping Beam","Heatsinks"],"picked":"Glacier","floor":1.0},{"not_picked":["Skim","Tempest"],"picked":"Rip and Tear","floor":2.0},{"not_picked":["Turbo","Blizzard"],"picked":"Steam","floor":3.0},{"not_picked":["Loop","Reinforced Body"],"picked":"Sunder","floor":10.0},{"not_picked":["White Noise","Biased Cognition"],"picked":"Hologram","floor":11.0},{"not_picked":["Streamline","Cold Snap"],"picked":"Coolheaded","floor":12.0},{"not_picked":["Leap","Coolheaded"],"picked":"Doom and Gloom","floor":13.0},{"not_picked":["Rip and Tear+1","Steam+1"],"picked":"Sweeping Beam","floor":18.0},{"not_picked":["Beam Cell+1","Steam"],"picked":"Defragment+1","floor":19.0},{"not_picked":["Blizzard","Streamline","Hello World+1"],"picked":"SKIP","floor":22.0},{"not_picked":["Static Discharge","Steam"],"picked":"Go for the Eyes+1","floor":24.0},{"not_picked":["Redo+1","Gash"],"picked":"Hologram+1","floor":29.0},{"not_picked":["Aggregate","BootSequence+1","Conserve Battery"],"picked":"SKIP","floor":30.0},{"not_picked":["Creative AI","Machine Learning"],"picked":"Core Surge","floor":33.0},{"not_picked":["Ball Lightning","Conserve Battery+1"],"picked":"Steam+1","floor":35}],"player_experience":656179,"relics_obtained":[{"floor":9.0,"key":"Orichalcum"},{"floor":11.0,"key":"Oddly Smooth Stone"},{"floor":13.0,"key":"War Paint"},{"floor":21.0,"key":"Nilry\u0027s Codex"},{"floor":24.0,"key":"Tiny Chest"},{"floor":26.0,"key":"The Courier"},{"floor":28.0,"key":"Bottled Tornado"},{"floor":31.0,"key":"Juzu Bracelet"}],"event_choices":[{"cards_removed":["Strike_B"],"damage_healed":0.0,"max_hp_gain":0.0,"max_hp_loss":0.0,"gold_gain":0.0,"event_name":"Golden Wing","player_choice":"Card Removal","floor":5.0,"gold_loss":0.0,"damage_taken":7.0},{"damage_healed":0.0,"max_hp_gain":0.0,"max_hp_loss":0.0,"gold_gain":0.0,"event_name":"Shining Light","player_choice":"Entered Light","floor":7.0,"gold_loss":0.0,"damage_taken":15.0,"cards_upgraded":["Defend_B","Rip and Tear"]},{"damage_healed":0.0,"max_hp_gain":0.0,"max_hp_loss":0.0,"gold_gain":175.0,"event_name":"Liars Game","player_choice":"AGREE","floor":14.0,"gold_loss":0.0,"damage_taken":0.0,"cards_obtained":["Doubt"]},{"damage_healed":0.0,"max_hp_gain":0.0,"max_hp_loss":0.0,"gold_gain":0.0,"event_name":"Cursed Tome","player_choice":"Obtained Book","floor":21.0,"gold_loss":0.0,"damage_taken":16.0},{"damage_healed":0.0,"max_hp_gain":0.0,"max_hp_loss":0.0,"gold_gain":0.0,"event_name":"Wheel of Change","player_choice":"Relic","floor":31.0,"gold_loss":0.0,"damage_taken":0.0}],"is_beta":false,"boss_relics":[{"not_picked":["SacredBark","Tiny House"],"picked":"Empty Cage"},{"not_picked":["Runic Pyramid","Runic Dome"],"picked":"Inserter"}],"items_purged_floors":[4],"is_endless":false,"potions_floor_spawned":[2,3,19,24],"killed_by":"Orb Walker","ascension_level":5}}