{"host":"9ndbo4kgsfoemf7y","time":1609054149,"event":{"mods":["AchievementEnabler","BaseMod","Colored Map","DeckTracker","Keyboard Shortcuts","Minty Spire (QoL Compilation)","Permanent Neow","Quick Restart","Relic Stats","StSLib","SuperFastMode"],"gold_per_floor":[114,114,126,126,51,51,86,113,150,162,192,276,250,19,19,19,19],"floor_reached":16,"playtime":428,"items_purged":["Strike_G"],"score":191,"play_id":"1baf887b-a331-4d6f-891a-ea07114d614b","local_time":"20201227162909","is_ascension_mode":true,"campfire_choices":[{"data":"Prepared","floor":6.0,"key":"SMITH"},{"floor":10,"key":"REST"},{"data":"Calculated Gamble","floor":15,"key":"SMITH"}],"circlet_count":0,"master_deck":["AscendersBane","Strike_G","Strike_G","Strike_G","Defend_G","Defend_G","Defend_G","Defend_G","Survivor","Neutralize","Unload","Prepared+1","Prepared","Calculated Gamble+1","Underhanded Strike"],"relics":["Ring of the Snake","MawBank","PreservedInsect","Paper Crane","Frozen Eye"],"acts_visited":["Exordium"],"potions_floor_usage":[7],"damage_taken":[{"damage":2.0,"enemies":"Jaw Worm","floor":1.0,"turns":5.0},{"damage":3.0,"enemies":"2 Louse","floor":3.0,"turns":3.0},{"damage":41,"enemies":"Lagavulin","floor":7,"turns":6},{"damage":2,"enemies":"Small Slimes","floor":8,"turns":3},{"damage":1,"enemies":"Exordium Wildlife","floor":11,"turns":3},{"damage":33,"enemies":"Slime Boss","floor":16,"turns":7}],"seed_played":"6856894916855895341","potions_obtained":[{"floor":3.0,"key":"SteroidPotion"},{"floor":7,"key":"Strength Potion"},{"floor":11,"key":"BlessingOfTheForge"}],"is_trial":false,"path_per_floor":["M","?","M","?","?","R","E","M","T","R","M","T","?","$","R","B"],"character_chosen":"THE_SILENT","items_purchased":["Frozen Eye"],"campfire_rested":1,"item_purchase_floors":[14],"current_hp_per_floor":[57,50,47,47,47,47,6,4,4,23,22,22,22,22,22,0,0],"gold":19,"neow_bonus":"ONE_RANDOM_RARE_CARD","is_daily":false,"chose_seed":false,"campfire_upgraded":2,"win_rate":0.0,"timestamp":1609054149,"path_taken":["M","?","M","?","?","R","E","M","T","R","?","?","?","?","R","BOSS"],"items_purchased_type":["Relic"],"build_version":"2020-12-22","purchased_purges":1,"victory":false,"max_hp_per_floor":[66,66,66,66,66,66,66,66,66,66,66,66,66,66,66,66,66],"relic_stats":{"counters":[6,27],"PreservedInsect":0,"MawBank":84,"obtain_stats":[{"Frozen Eye":14,"PreservedInsect":9,"Paper Crane":12,"MawBank":7,"Ring of the Snake":0},{"Frozen Eye":5,"PreservedInsect":4,"Paper Crane":5,"MawBank":3,"Ring of the Snake":0},{"Frozen Eye":20,"PreservedInsect":17,"Paper Crane":20,"MawBank":14,"Ring of the Snake":0}],"Ring of the Snake":[12]},"card_choices":[{"not_picked":["Underhanded Strike","Eviscerate"],"picked":"Prepared","floor":1.0},{"not_picked":["Setup","Slice"],"picked":"Prepared","floor":3.0},{"not_picked":["Distraction","Poisoned Stab","Endless Agony"],"picked":"SKIP","floor":7},{"not_picked":["Poisoned Stab","Tools of the Trade"],"picked":"Calculated Gamble","floor":8},{"not_picked":["Quick Slash","Dagger Spray"],"picked":"Underhanded Strike","floor":11}],"player_experience":748203,"relics_obtained":[{"floor":7,"key":"MawBank"},{"floor":9,"key":"PreservedInsect"},{"floor":12,"key":"Paper Crane"}],"event_choices":[{"cards_removed":["Strike_G"],"damage_healed":0.0,"max_hp_gain":0.0,"max_hp_loss":0.0,"gold_gain":0.0,"event_name":"Golden Wing","player_choice":"Card Removal","floor":2.0,"gold_loss":0.0,"damage_taken":7.0},{"damage_healed":0.0,"max_hp_gain":0.0,"max_hp_loss":0.0,"gold_gain":0.0,"event_name":"Liars Game","player_choice":"Ignored","floor":4.0,"gold_loss":0.0,"damage_taken":0.0},{"cards_removed":["Defend_G"],"damage_healed":0.0,"max_hp_gain":0.0,"max_hp_loss":0.0,"gold_gain":0.0,"event_name":"The Cleric","player_choice":"Card Removal","floor":5.0,"gold_loss":75.0,"damage_taken":0.0},{"damage_healed":0,"gold_gain":0,"player_choice":"Left Gold","damage_taken":0,"max_hp_gain":0,"max_hp_loss":0,"event_name":"World of Goop","floor":13,"gold_loss":38}],"is_beta":false,"boss_relics":[],"items_purged_floors":[14],"is_endless":false,"potions_floor_spawned":[3,7,11],"killed_by":"Slime Boss","ascension_level":19}}