{"host":"71h53w2p123dt4nv","time":1609105932,"event":{"mods":["AchievementEnabler","BaseMod","Better Third Choice","Minty Spire (QoL Compilation)","Rare Cards Sparkle","Shop Mod","StSLib","The Animator"],"gold_per_floor":[114,134,146,166,184,211,211,27,54,74,24,51,51,5,5,110,110,126,145,4,4,19,47,47,79,147,166,184,184,214,229,229,332,332,347,347,359,359,359,359,390,408,408,424,63,63,81,95,95,95],"floor_reached":51,"playtime":4515,"items_purged":["Strike_G","Defend_G"],"score":776,"play_id":"3d9d315f-0e7c-4ac4-a169-fe7b4303a963","local_time":"20201227225212","is_ascension_mode":false,"campfire_choices":[{"floor":7,"key":"REST"},{"floor":13,"key":"REST"},{"data":"Adrenaline","floor":15,"key":"SMITH"},{"data":"Terror","floor":24,"key":"SMITH"},{"floor":32,"key":"REST"},{"data":"Blade Dance","floor":40,"key":"SMITH"},{"data":"Blade Dance","floor":46,"key":"SMITH"},{"floor":49,"key":"REST"}],"circlet_count":0,"master_deck":["Strike_G","Strike_G","Strike_G","Defend_G","Defend_G","Defend_G","Defend_G","Survivor","Neutralize","Distraction+1","Blade Dance+1","Finisher","Deflect","Distraction+1","Adrenaline+1","Backstab","Terror+1","Dodge and Roll","Glass Knife","Sucker Punch","Dagger Spray","Die Die Die","Calculated Gamble+1","Dagger Throw","Glass Knife","Backflip","Sucker Punch+1","Adrenaline+1","Noxious Fumes+1","Blade Dance+1","After Image+1","Footwork+1","Underhanded Strike+1","Flash of Steel","Blind","Dash+1","Infinite Blades+1","Infinite Blades+1","Dagger Throw+1"],"relics":["Ring of the Snake","Omamori","Smiling Mask","Regal Pillow","Centennial Puzzle","PreservedInsect","Cursed Key","Bag of Preparation","Question Card","Frozen Egg 2","Ornamental Fan","WristBlade","Oddly Smooth Stone","Boot","Anchor","War Paint"],"acts_visited":["Exordium","TheCity","TheBeyond"],"potions_floor_usage":[6,6,12,12,19,23,28,33,33,33,50,50],"damage_taken":[{"damage":7,"enemies":"Cultist","floor":1,"turns":5},{"damage":3,"enemies":"Jaw Worm","floor":2,"turns":2},{"damage":0,"enemies":"Small Slimes","floor":3,"turns":2},{"damage":1,"enemies":"2 Fungi Beasts","floor":4,"turns":3},{"damage":0,"enemies":"Looter","floor":5,"turns":4},{"damage":36,"enemies":"Lagavulin","floor":6,"turns":7},{"damage":1,"enemies":"Exordium Wildlife","floor":10,"turns":2},{"damage":6,"enemies":"Gremlin Nob","floor":12,"turns":3},{"damage":5,"enemies":"The Guardian","floor":16,"turns":11},{"damage":1,"enemies":"Chosen","floor":18,"turns":3},{"damage":2,"enemies":"2 Thieves","floor":19,"turns":3},{"damage":0,"enemies":"Snecko","floor":22,"turns":1},{"damage":10,"enemies":"Gremlin Leader","floor":23,"turns":4},{"damage":15,"enemies":"Slavers","floor":25,"turns":3},{"damage":4,"enemies":"Cultist and Chosen","floor":27,"turns":3},{"damage":4,"enemies":"Snake Plant","floor":28,"turns":2},{"damage":0,"enemies":"Gremlin Leader","floor":30,"turns":3},{"damage":6,"enemies":"Chosen and Byrds","floor":31,"turns":2},{"damage":54,"enemies":"Champ","floor":33,"turns":11},{"damage":0,"enemies":"Orb Walker","floor":35,"turns":2},{"damage":0,"enemies":"3 Shapes","floor":37,"turns":1},{"damage":0,"enemies":"Giant Head","floor":41,"turns":5},{"damage":5,"enemies":"Spire Growth","floor":42,"turns":3},{"damage":3,"enemies":"4 Shapes","floor":44,"turns":3},{"damage":0,"enemies":"Jaw Worm Horde","floor":47,"turns":4},{"damage":0,"enemies":"Maw","floor":48,"turns":6},{"damage":31,"enemies":"Time Eater","floor":50,"turns":9}],"seed_played":"-1130765764041075079","potions_obtained":[{"floor":1,"key":"DuplicationPotion"},{"floor":2,"key":"DuplicationPotion"},{"floor":4,"key":"Swift Potion"},{"floor":5,"key":"AttackPotion"},{"floor":6,"key":"SteroidPotion"},{"floor":18,"key":"Energy Potion"},{"floor":19,"key":"Block Potion"},{"floor":22,"key":"BlessingOfTheForge"},{"floor":23,"key":"Weak Potion"},{"floor":30,"key":"SteroidPotion"},{"floor":31,"key":"Fire Potion"},{"floor":35,"key":"BlessingOfTheForge"},{"floor":42,"key":"Fire Potion"},{"floor":47,"key":"BlessingOfTheForge"}],"is_trial":false,"path_per_floor":["M","M","M","M","M","E","R","$","T","M","$","E","R","$","R","B",null,"M","M","$","$","M","E","R","E","T","M","M","?","E","M","R","B",null,"M","?","M","?","?","R","E","M","T","M","$","R","M","M","R","B",null],"character_chosen":"THE_SILENT","items_purchased":["Regal Pillow","Backstab","Dodge and Roll","Die Die Die","Calculated Gamble","Anchor","War Paint"],"campfire_rested":4,"item_purchase_floors":[8,8,14,20,20,45,45],"current_hp_per_floor":[63,60,60,59,59,23,44,44,44,43,43,37,70,70,70,65,70,69,67,67,67,67,57,57,42,42,38,34,34,34,28,64,10,70,70,70,70,65,65,65,65,60,60,57,57,57,57,57,70,39],"gold":95,"neow_bonus":"RANDOM_COMMON_RELIC","is_daily":false,"chose_seed":false,"campfire_upgraded":4,"win_rate":0.0,"timestamp":1609105932,"path_taken":["M","M","M","M","M","E","R","?","T","?","$","E","R","?","R","BOSS","M","M","?","$","M","E","R","E","T","M","M","?","E","M","R","BOSS","M","?","?","?","?","R","E","M","T","M","$","R","M","M","R","BOSS"],"items_purchased_type":["Relic","Card","Card","Card","Card","Relic","Relic"],"build_version":"2020-12-22","purchased_purges":2,"victory":true,"max_hp_per_floor":[70,70,70,70,70,70,70,70,70,70,70,70,70,70,70,70,70,70,70,70,70,70,70,70,70,70,70,70,70,70,70,70,70,70,70,70,70,70,70,70,70,70,70,70,70,70,70,70,70,70],"card_choices":[{"not_picked":["Outmaneuver","Backflip"],"picked":"Distraction","floor":1},{"not_picked":["Terror","Predator"],"picked":"Blade Dance","floor":2},{"not_picked":["Quick Slash","Dagger Spray"],"picked":"Finisher","floor":3},{"not_picked":["Choke","Flechettes"],"picked":"Deflect","floor":4},{"not_picked":["All Out Attack","Quick Slash"],"picked":"Distraction","floor":5},{"not_picked":["Dodge and Roll","Slice"],"picked":"Adrenaline","floor":6},{"not_picked":["Bane","Flying Knee"],"picked":"Terror","floor":10},{"not_picked":["Deflect","Terror","Crippling Poison"],"picked":"SKIP","floor":12},{"not_picked":["Envenom","Malaise"],"picked":"Glass Knife","floor":16},{"not_picked":["Poisoned Stab","Quick Slash"],"picked":"Sucker Punch","floor":18},{"not_picked":["Outmaneuver","PiercingWail"],"picked":"Dagger Spray","floor":19},{"not_picked":["Quick Slash","A Thousand Cuts"],"picked":"Dagger Throw","floor":22},{"not_picked":["Slice","Acrobatics","Predator"],"picked":"SKIP","floor":23},{"not_picked":["Distraction","Flechettes"],"picked":"Glass Knife","floor":25},{"not_picked":["Sucker Punch","Deflect","Tactician"],"picked":"Backflip","floor":27},{"not_picked":["Poisoned Stab","Quick Slash","Flying Knee"],"picked":"Sucker Punch+1","floor":28},{"not_picked":["Slice","Adrenaline","Corpse Explosion"],"picked":"Noxious Fumes+1","floor":30},{"not_picked":["Escape Plan","Bane","Calculated Gamble"],"picked":"Blade Dance","floor":31},{"not_picked":["Envenom+1","Unload","Malaise"],"picked":"After Image+1","floor":33},{"not_picked":["Escape Plan+1","Flying Knee+1","Dodge and Roll+1"],"picked":"Footwork+1","floor":35},{"not_picked":["Flying Knee","Predator","Deflect"],"picked":"Underhanded Strike+1","floor":37},{"not_picked":["Apotheosis","Secret Weapon","Blind"],"picked":"Flash of Steel","floor":38},{"not_picked":["Discovery","PanicButton","Panacea"],"picked":"Blind","floor":38},{"not_picked":["Deflect+1","Flying Knee","Slice"],"picked":"Dash+1","floor":41},{"not_picked":["Footwork+1","Heel Hook+1","Caltrops+1"],"picked":"Infinite Blades+1","floor":42},{"not_picked":["Sucker Punch","Catalyst+1","Blur+1"],"picked":"Infinite Blades+1","floor":44},{"not_picked":["Tactician+1","Bane+1","Acrobatics+1","Sucker Punch+1"],"picked":"SKIP","floor":47},{"not_picked":["Poisoned Stab","Distraction","Venomology"],"picked":"Dagger Throw+1","floor":48}],"player_experience":178425,"relics_obtained":[{"floor":6,"key":"Smiling Mask"},{"floor":9,"key":"Centennial Puzzle"},{"floor":12,"key":"PreservedInsect"},{"floor":23,"key":"Bag of Preparation"},{"floor":25,"key":"Question Card"},{"floor":26,"key":"Frozen Egg 2"},{"floor":30,"key":"Ornamental Fan"},{"floor":41,"key":"Oddly Smooth Stone"},{"floor":43,"key":"Boot"}],"event_choices":[{"damage_healed":0,"gold_gain":0,"player_choice":"Copied","damage_taken":0,"max_hp_gain":0,"max_hp_loss":0,"event_name":"Duplicator","floor":29,"gold_loss":0,"cards_obtained":["Adrenaline"]},{"damage_healed":0,"gold_gain":0,"player_choice":"Upgraded","damage_taken":0,"max_hp_gain":0,"max_hp_loss":0,"event_name":"Upgrade Shrine","floor":36,"gold_loss":0,"cards_upgraded":["Distraction"]},{"damage_healed":0,"gold_gain":0,"player_choice":"Memory 2","damage_taken":5,"max_hp_gain":0,"max_hp_loss":0,"event_name":"SensoryStone","floor":38,"gold_loss":0},{"cards_removed":["Strike_G"],"damage_healed":0,"gold_gain":0,"player_choice":"Removed Attack","damage_taken":0,"max_hp_gain":0,"max_hp_loss":0,"event_name":"Falling","floor":39,"gold_loss":0}],"is_beta":false,"boss_relics":[{"not_picked":["Calling Bell","Busted Crown"],"picked":"Cursed Key"},{"not_picked":["Coffee Dripper","Sozu"],"picked":"WristBlade"}],"items_purged_floors":[11,45],"is_endless":false,"potions_floor_spawned":[1,2,4,5,6,18,19,22,23,30,31,35,42,47],"ascension_level":0}}