{"host":"z9811rt50ti81n54","time":1609032787,"event":{"mods":["BaseMod","Minty Spire (QoL Compilation)"],"gold_per_floor":[109,123,25,25,25,25,42,57,57,157,167,184,184,264,264,369,369,379,112,128,138,148,176,190,206,256,256,256,266,21,48,48,150,150,168,168,168,183,1182,1182,1228,1228,1299,1314,1362,1374,1374,1393,1393,1393,1393],"floor_reached":50,"playtime":1898,"items_purged":["Strike_G","Strike_G"],"score":701,"play_id":"68f93c77-a774-484e-a35c-a63b6a1d0b28","local_time":"20201227103307","is_ascension_mode":true,"campfire_choices":[{"data":"Deadly Poison","floor":6.0,"key":"SMITH"},{"data":"Catalyst","floor":15.0,"key":"SMITH"},{"data":"After Image","floor":27.0,"key":"SMITH"},{"data":"Catalyst","floor":32.0,"key":"SMITH"},{"floor":40,"key":"RECALL"},{"data":"Glass Knife","floor":42,"key":"SMITH"},{"data":"After Image","floor":47,"key":"SMITH"},{"data":"Footwork","floor":49,"key":"SMITH"}],"circlet_count":0,"master_deck":["Survivor","Neutralize","Bullet Time","Deadly Poison+1","Dash","Blur","Poisoned Stab","Catalyst+1","Crippling Poison","Cloak And Dagger","Corpse Explosion","Adrenaline","After Image+1","Dash","Dash","Calculated Gamble","Ghostly","Ghostly","Ghostly","Ghostly","Ghostly","Blade Dance+1","Footwork+1","Catalyst+1","Bullet Time","Storm of Steel","Sucker Punch","After Image+1","Deflect","Corpse Explosion","Glass Knife+1","Setup","Predator","Purity","Bouncing Flask+1","Predator","Backflip+1"],"relics":["Ring of the Snake","Vajra","Matryoshka","Coffee Dripper","Membership Card","Nunchaku","Omamori","Lee\u0027s Waffle","MealTicket","Potion Belt","Pandora\u0027s Box","Akabeko","Bottled Flame","Blue Candle","Mango"],"acts_visited":["Exordium","TheCity","TheBeyond"],"potions_floor_usage":[45,50,50],"damage_taken":[{"damage":0.0,"enemies":"Small Slimes","floor":1.0,"turns":3.0},{"damage":1.0,"enemies":"Jaw Worm","floor":2.0,"turns":4.0},{"damage":0.0,"enemies":"2 Louse","floor":7.0,"turns":1.0},{"damage":11.0,"enemies":"Gremlin Gang","floor":8.0,"turns":6.0},{"damage":4.0,"enemies":"3 Louse","floor":11.0,"turns":3.0},{"damage":0.0,"enemies":"2 Fungi Beasts","floor":12.0,"turns":2.0},{"damage":7.0,"enemies":"The Guardian","floor":16.0,"turns":8.0},{"damage":0.0,"enemies":"Spheric Guardian","floor":18.0,"turns":3.0},{"damage":0.0,"enemies":"Chosen","floor":20.0,"turns":4.0},{"damage":12.0,"enemies":"Centurion and Healer","floor":21.0,"turns":3.0},{"damage":18.0,"enemies":"Sentry and Sphere","floor":22.0,"turns":6.0},{"damage":20.0,"enemies":"Gremlin Leader","floor":23.0,"turns":5.0},{"damage":0.0,"enemies":"Shelled Parasite and Fungi","floor":24.0,"turns":5.0},{"damage":0.0,"enemies":"Centurion and Healer","floor":25.0,"turns":4.0},{"damage":0.0,"enemies":"Snecko","floor":29.0,"turns":7.0},{"damage":10.0,"enemies":"Book of Stabbing","floor":31.0,"turns":6.0},{"damage":22.0,"enemies":"Champ","floor":33.0,"turns":8.0},{"damage":0,"enemies":"3 Darklings","floor":35,"turns":4},{"damage":5,"enemies":"Orb Walker","floor":38,"turns":3},{"damage":1,"enemies":"Maw","floor":44,"turns":7},{"damage":4,"enemies":"2 Orb Walkers","floor":45,"turns":4},{"damage":0,"enemies":"Spire Growth","floor":46,"turns":8},{"damage":0,"enemies":"Sphere and 2 Shapes","floor":48,"turns":7},{"damage":45,"enemies":"Awakened One","floor":50,"turns":14}],"seed_played":"-5233186804739963988","potions_obtained":[{"floor":7.0,"key":"SpeedPotion"},{"floor":11.0,"key":"FearPotion"},{"floor":16.0,"key":"Regen Potion"},{"floor":18.0,"key":"PowerPotion"},{"floor":23.0,"key":"Block Potion"},{"floor":25.0,"key":"Strength Potion"},{"floor":44,"key":"Weak Potion"},{"floor":45,"key":"SpeedPotion"},{"floor":48,"key":"Explosive Potion"}],"is_trial":false,"path_per_floor":["M","M","$","?","T","R","M","M","T","?","M","M","?","?","R","B",null,"M","$","M","M","M","E","M","M","T","R","?","M","$","E","R","B",null,"M","?","?","M","?","R","T","R","T","M","?","M","R","M","R","B"],"character_chosen":"THE_SILENT","items_purchased":["Blur","Poisoned Stab","Membership Card","After Image","Lee\u0027s Waffle","MealTicket","Footwork"],"campfire_rested":0,"item_purchase_floors":[3,3,19,19,30,30,30],"current_hp_per_floor":[49,48,48,34,34,34,34,23,23,23,19,19,42,42,42,35,61,61,61,61,49,31,26,26,26,26,26,26,26,42,32,32,10,34,34,34,34,29,29,29,29,29,29,28,38,38,38,38,38,0,0],"gold":1393,"neow_bonus":"THREE_RARE_CARDS","is_daily":false,"chose_seed":false,"campfire_upgraded":7,"win_rate":0.0,"timestamp":1609032787,"path_taken":["M","M","$","?","?","R","M","M","T","?","M","?","?","?","R","BOSS","M","$","M","M","M","E","M","M","T","R","?","M","$","E","R","BOSS","M","?","?","M","?","R","?","R","T","M","?","M","R","?","R","BOSS"],"items_purchased_type":["Card","Card","Relic","Card","Relic","Relic","Card"],"build_version":"2020-12-22","purchased_purges":2,"victory":false,"max_hp_per_floor":[70,70,70,70,70,70,70,70,70,70,70,70,70,70,70,70,70,70,70,70,70,70,70,70,70,70,70,35,35,42,42,42,42,42,42,42,40,40,40,40,40,40,40,40,54,54,54,54,54,54,54],"card_choices":[{"not_picked":["Grand Finale","Burst"],"picked":"Bullet Time","floor":0.0},{"not_picked":["Slice","Bane"],"picked":"Deadly Poison","floor":1.0},{"not_picked":["Dodge and Roll","Finisher"],"picked":"Dash","floor":2.0},{"not_picked":["Cloak And Dagger","Footwork"],"picked":"Catalyst","floor":7.0},{"not_picked":["Deflect","Flechettes"],"picked":"Crippling Poison","floor":8.0},{"not_picked":["Blade Dance","Prepared"],"picked":"Cloak And Dagger","floor":11.0},{"not_picked":["Cloak And Dagger","Dagger Spray"],"picked":"Corpse Explosion","floor":12.0},{"not_picked":["Phantasmal Killer","Grand Finale"],"picked":"Adrenaline","floor":16.0},{"not_picked":["Concentrate","Quick Slash+1","Dagger Spray"],"picked":"SKIP","floor":18.0},{"not_picked":["Concentrate","Quick Slash+1","Dagger Spray"],"picked":"SKIP","floor":18.0},{"not_picked":["Skewer","Cloak And Dagger"],"picked":"Dash","floor":20.0},{"not_picked":["Doppelganger","Deflect"],"picked":"Dash","floor":21.0},{"not_picked":["Flying Knee","Dagger Throw","Prepared"],"picked":"SKIP","floor":22.0},{"not_picked":["Caltrops","Deflect+1","Choke"],"picked":"SKIP","floor":23.0},{"not_picked":["Setup","Accuracy"],"picked":"Calculated Gamble","floor":24.0},{"not_picked":["Poisoned Stab","Flying Knee+1","Dagger Throw"],"picked":"SKIP","floor":25.0},{"not_picked":["Dodge and Roll","Dagger Throw"],"picked":"Blade Dance+1","floor":29.0},{"not_picked":["Escape Plan","Blade Dance"],"picked":"Catalyst","floor":31.0},{"not_picked":["Burst","Adrenaline"],"picked":"Bullet Time","floor":33.0},{"not_picked":["Choke","Distraction+1","Finisher"],"picked":"SKIP","floor":35},{"not_picked":["Mayhem","Madness"],"picked":"Purity","floor":36},{"not_picked":["Underhanded Strike+1","Dagger Spray+1","Deadly Poison"],"picked":"SKIP","floor":38},{"not_picked":["Heel Hook","Underhanded Strike","Cloak And Dagger"],"picked":"SKIP","floor":44},{"not_picked":["Calculated Gamble","Bane"],"picked":"Bouncing Flask+1","floor":45},{"not_picked":["Blade Dance","Bane+1"],"picked":"Predator","floor":46},{"not_picked":["Calculated Gamble","Finisher+1"],"picked":"Backflip+1","floor":48}],"player_experience":235409,"relics_obtained":[{"floor":5.0,"key":"Vajra"},{"floor":9.0,"key":"Matryoshka"},{"floor":23.0,"key":"Nunchaku"},{"floor":26.0,"key":"Omamori"},{"floor":31.0,"key":"Potion Belt"},{"floor":41,"key":"Akabeko"},{"floor":41,"key":"Bottled Flame"},{"floor":43,"key":"Blue Candle"},{"floor":45,"key":"Mango"}],"event_choices":[{"damage_healed":0.0,"max_hp_gain":0.0,"max_hp_loss":0.0,"gold_gain":0.0,"event_name":"Shining Light","player_choice":"Entered Light","floor":4.0,"gold_loss":0.0,"damage_taken":14.0,"cards_upgraded":["Defend_G","Strike_G"]},{"damage_healed":0.0,"max_hp_gain":0.0,"max_hp_loss":0.0,"gold_gain":100.0,"event_name":"Golden Shrine","player_choice":"Pray","floor":10.0,"gold_loss":0.0,"damage_taken":0.0},{"damage_healed":23.0,"max_hp_gain":0.0,"max_hp_loss":0.0,"gold_gain":0.0,"event_name":"Big Fish","player_choice":"Banana","floor":13.0,"gold_loss":0.0,"damage_taken":0.0},{"damage_healed":0.0,"max_hp_gain":0.0,"max_hp_loss":0.0,"gold_gain":80.0,"event_name":"Golden Wing","player_choice":"Gained Gold","floor":14.0,"gold_loss":0.0,"damage_taken":0.0},{"damage_healed":0.0,"max_hp_gain":0.0,"max_hp_loss":35.0,"gold_gain":0.0,"event_name":"Ghosts","player_choice":"Became a Ghost","floor":28.0,"gold_loss":0.0,"damage_taken":0.0,"cards_obtained":["Ghostly","Ghostly","Ghostly","Ghostly","Ghostly"]},{"damage_healed":0,"gold_gain":0,"player_choice":"Memory 1","damage_taken":0,"max_hp_gain":0,"max_hp_loss":0,"event_name":"SensoryStone","floor":36,"gold_loss":0},{"damage_healed":0,"gold_gain":0,"player_choice":"Max HP","damage_taken":0,"max_hp_gain":0,"max_hp_loss":2,"event_name":"Winding Halls","floor":37,"gold_loss":0},{"damage_healed":0,"gold_gain":999,"player_choice":"Gold","damage_taken":0,"max_hp_gain":0,"max_hp_loss":0,"event_name":"MindBloom","floor":39,"gold_loss":0,"cards_obtained":["Normality","Normality"]},{"damage_healed":0,"gold_gain":0,"player_choice":"Fight","damage_taken":0,"max_hp_gain":0,"max_hp_loss":0,"event_name":"Mysterious Sphere","floor":45,"gold_loss":0}],"is_beta":false,"boss_relics":[{"not_picked":["Philosopher\u0027s Stone","Runic Pyramid"],"picked":"Coffee Dripper"},{"not_picked":["Fusion Hammer","Black Star"],"picked":"Pandora\u0027s Box"}],"items_purged_floors":[19,30],"is_endless":false,"potions_floor_spawned":[7,11,16,18,23,25,44,45,48],"killed_by":"Awakened One","ascension_level":5}}