{"host":"uwh382mre4waz4ff","time":1609047657,"event":{"mods":["AchievementEnabler","BaseMod","Better Note","Better Third Choice","BetterRewards","Minty Spire (QoL Compilation)","Quick Restart","Shop Mod","StSLib"],"gold_per_floor":[110,210,36,50,50,50,0,14,93,103,113,124,172,183,183,313,325,351,363,391,115,115,115,128,144,220,220,236,250,250,267,267,368,368,378,378,59,59,9,9,21,21,46,46,56,68,68,84,84,84],"floor_reached":51,"playtime":3814,"items_purged":["Strike_G","Defend_G","Strike_G","Strike_G","Strike_G"],"score":668,"play_id":"7f63ed16-a2f3-4cd5-9618-805ae69b9223","local_time":"20201227134057","is_ascension_mode":false,"campfire_choices":[{"floor":6,"key":"DIG"},{"floor":15,"key":"DIG"},{"data":"Enlightenment","floor":23,"key":"SMITH"},{"data":"Enlightenment","floor":27,"key":"SMITH"},{"floor":30,"key":"REST"},{"data":"Acrobatics","floor":32,"key":"SMITH"},{"floor":40,"key":"DIG"},{"floor":42,"key":"DIG"},{"floor":44,"key":"DIG"},{"floor":49,"key":"DIG"}],"circlet_count":0,"master_deck":["Strike_G","Defend_G","Defend_G","Defend_G","Neutralize","Enlightenment+1","Blur","Backflip","Enlightenment+1","Bullet Time","Prepared+1","Riddle With Holes","Eviscerate","Die Die Die","Acrobatics+1","Eviscerate","Crippling Poison+1","Crippling Poison+1","Prepared+1","Bullet Time+1","Acrobatics+1","Secret Technique+1","Dash+1","Acrobatics+1","A Thousand Cuts+1","Backflip+1"],"relics":["Ring of the Snake","Pocketwatch","Tiny Chest","Ancient Tea Set","Shovel","Smiling Mask","Pear","Frozen Egg 2","Anchor","MawBank","Sozu","Oddly Smooth Stone","Molten Egg 2","Toxic Egg 2","Ornamental Fan","Coffee Dripper","Paper Crane","Singing Bowl","Bronze Scales","Nunchaku","Lizard Tail","Art of War"],"acts_visited":["Exordium","TheCity","TheBeyond"],"potions_floor_usage":[16,16,33,50],"damage_taken":[{"damage":2,"enemies":"Jaw Worm","floor":1,"turns":4},{"damage":0,"enemies":"Cultist","floor":4,"turns":4},{"damage":0,"enemies":"Small Slimes","floor":8,"turns":4},{"damage":5,"enemies":"3 Louse","floor":10,"turns":6},{"damage":7,"enemies":"Blue Slaver","floor":11,"turns":5},{"damage":3,"enemies":"Red Slaver","floor":12,"turns":3},{"damage":0,"enemies":"3 Louse","floor":14,"turns":3},{"damage":25,"enemies":"Hexaghost","floor":16,"turns":14},{"damage":0,"enemies":"Chosen","floor":18,"turns":4},{"damage":18,"enemies":"Spheric Guardian","floor":20,"turns":5},{"damage":16,"enemies":"Snake Plant","floor":24,"turns":5},{"damage":4,"enemies":"Centurion and Healer","floor":25,"turns":4},{"damage":0,"enemies":"Shelled Parasite and Fungi","floor":28,"turns":3},{"damage":9,"enemies":"Snake Plant","floor":29,"turns":4},{"damage":0,"enemies":"Centurion and Healer","floor":31,"turns":3},{"damage":45,"enemies":"Automaton","floor":33,"turns":7},{"damage":12,"enemies":"3 Darklings","floor":35,"turns":4},{"damage":0,"enemies":"3 Shapes","floor":41,"turns":2},{"damage":0,"enemies":"Writhing Mass","floor":45,"turns":4},{"damage":0,"enemies":"Sphere and 2 Shapes","floor":46,"turns":4},{"damage":0,"enemies":"Jaw Worm Horde","floor":48,"turns":2},{"damage":0,"enemies":"Awakened One","floor":50,"turns":9}],"seed_played":"-6601952929028117293","potions_obtained":[{"floor":1,"key":"Dexterity Potion"},{"floor":10,"key":"ColorlessPotion"},{"floor":12,"key":"DistilledChaos"},{"floor":16,"key":"SteroidPotion"}],"is_trial":false,"path_per_floor":["M","?","$","M","T","R","?","M","T","M","M","M","T","M","R","B",null,"M","T","M","$","T","R","M","M","T","R","M","M","R","M","R","B",null,"M","?","$","?","$","R","M","R","T","R","M","M","T","M","R","B",null],"character_chosen":"THE_SILENT","items_purchased":["Enlightenment","Blur","Molten Egg 2","Secret Technique+1","Dash+1"],"campfire_rested":1,"item_purchase_floors":[0,3,21,37,37],"current_hp_per_floor":[36,36,36,36,36,46,52,52,52,47,40,37,37,37,37,12,86,86,86,68,68,68,68,52,48,48,48,48,39,64,64,64,19,86,74,74,74,74,74,74,74,74,74,74,74,74,74,74,74,74],"gold":84,"neow_bonus":"","is_daily":false,"chose_seed":false,"campfire_upgraded":3,"win_rate":0.0,"timestamp":1609047657,"path_taken":["M","?","?","?","?","R","?","M","T","M","M","M","?","M","R","BOSS","M","?","M","$","?","R","M","M","T","R","M","M","R","M","R","BOSS","M","?","$","?","$","R","?","R","T","R","M","M","?","M","R","BOSS"],"items_purchased_type":["Card","Card","Relic","Card","Card"],"build_version":"2020-12-22","purchased_purges":5,"victory":true,"max_hp_per_floor":[70,70,70,70,70,80,86,86,86,86,86,86,86,86,86,86,86,86,86,86,86,86,86,86,86,86,86,86,86,86,86,86,86,86,86,86,86,86,86,86,86,86,86,86,86,86,86,86,86,86],"card_choices":[{"not_picked":["Riddle With Holes","Deadly Poison","Finisher"],"picked":"SKIP","floor":1},{"not_picked":["Quick Slash","Expertise"],"picked":"Backflip","floor":4},{"not_picked":["Deflect","Backflip"],"picked":"Bullet Time","floor":8},{"not_picked":["Slice","Outmaneuver"],"picked":"Prepared","floor":10},{"not_picked":["Cloak And Dagger","Slice"],"picked":"Riddle With Holes","floor":11},{"not_picked":["Escape Plan","Outmaneuver"],"picked":"Eviscerate","floor":12},{"not_picked":["Dagger Spray","Infinite Blades+1","Choke"],"picked":"SKIP","floor":14},{"not_picked":["Glass Knife","Phantasmal Killer"],"picked":"Die Die Die","floor":16},{"not_picked":["Deflect","Dagger Spray"],"picked":"Acrobatics","floor":18},{"not_picked":["Slice","Flying Knee"],"picked":"Eviscerate","floor":20},{"not_picked":["Backstab+1","Flying Knee+1"],"picked":"Crippling Poison+1","floor":24},{"not_picked":["Dagger Spray+1","Slice+1","Caltrops+1"],"picked":"SKIP","floor":25},{"not_picked":["Cloak And Dagger+1","PiercingWail+1"],"picked":"Crippling Poison+1","floor":28},{"not_picked":["Blade Dance+1","Deflect+1"],"picked":"Prepared+1","floor":29},{"not_picked":["Backstab+1","Caltrops+1","Sucker Punch+1"],"picked":"SKIP","floor":31},{"not_picked":["Phantasmal Killer+1","Glass Knife+1"],"picked":"Bullet Time+1","floor":33},{"not_picked":["PiercingWail+1","Flying Knee+1"],"picked":"Acrobatics+1","floor":35},{"not_picked":["Infinite Blades+1","Cloak And Dagger+1","Dagger Spray+1"],"picked":"SKIP","floor":41},{"not_picked":["Dodge and Roll+1","Footwork+1"],"picked":"Acrobatics+1","floor":45},{"not_picked":["Dagger Spray+1","Tactician+1"],"picked":"A Thousand Cuts+1","floor":46},{"not_picked":["Dodge and Roll+1","Outmaneuver+1"],"picked":"Backflip+1","floor":48}],"player_experience":107262,"relics_obtained":[{"floor":5,"key":"Smiling Mask"},{"floor":6,"key":"Pear"},{"floor":9,"key":"Frozen Egg 2"},{"floor":13,"key":"Anchor"},{"floor":15,"key":"MawBank"},{"floor":19,"key":"Oddly Smooth Stone"},{"floor":22,"key":"Toxic Egg 2"},{"floor":26,"key":"Ornamental Fan"},{"floor":40,"key":"Paper Crane"},{"floor":42,"key":"Singing Bowl"},{"floor":43,"key":"Bronze Scales"},{"floor":44,"key":"Nunchaku"},{"floor":47,"key":"Lizard Tail"},{"floor":49,"key":"Art of War"}],"event_choices":[{"damage_healed":0,"gold_gain":100,"player_choice":"Pray","damage_taken":0,"max_hp_gain":0,"max_hp_loss":0,"event_name":"Golden Shrine","floor":2,"gold_loss":0},{"damage_healed":0,"gold_gain":0,"player_choice":"RENOUNCE","damage_taken":50,"max_hp_gain":0,"max_hp_loss":0,"event_name":"betterThird:BetterSerpent","floor":7,"gold_loss":50,"cards_obtained":["Enlightenment"]},{"damage_healed":0,"gold_gain":0,"player_choice":"Ignored","damage_taken":0,"max_hp_gain":0,"max_hp_loss":0,"event_name":"Tomb of Lord Red Mask","floor":36,"gold_loss":0},{"damage_healed":0,"gold_gain":0,"player_choice":"Upgraded","damage_taken":0,"max_hp_gain":0,"max_hp_loss":0,"event_name":"Upgrade Shrine","floor":38,"gold_loss":0,"cards_upgraded":["Prepared"]}],"is_beta":false,"boss_relics":[{"not_picked":["Black Star","Runic Pyramid"],"picked":"Sozu"},{"not_picked":["Pandora\u0027s Box","WristBlade"],"picked":"Coffee Dripper"}],"items_purged_floors":[0,3,21,37,39],"is_endless":false,"potions_floor_spawned":[1,10,12,16,24,31,41,45,48],"ascension_level":0}}