{"host":"0ks5ukajtfxqh3g7","time":1609045150,"event":{"mods":["Act Like it!","BaseMod","Colored Powertips","Hallownest","Hermit","Highlight Path","Infinite Spire","Minty Spire (QoL Compilation)","Permanent Neow","Replay The Spire","SIMod","Shop Mod","StSLib","The Animator","The Bug Knight","The Construct","The Cursed","The Necromancer","The Servant 0.9.4","slay the spire mod where everything is the same but ironclad has a cowboy hat"],"gold_per_floor":[117,132,143,90,90,120,120,136,136,156,85,85,103,178,178,275,275,287,287,301,301,301,301],"floor_reached":22,"playtime":2110,"items_purged":[],"score":186,"play_id":"60f87505-f161-4408-b40b-8062d99e3c0f","local_time":"20201226235910","is_ascension_mode":false,"campfire_choices":[{"floor":7,"key":"REST"},{"floor":12,"key":"REST"},{"floor":15,"key":"REST"}],"circlet_count":0,"master_deck":["TheCursedMod:Strike_TheCursed","TheCursedMod:Strike_TheCursed","TheCursedMod:Strike_TheCursed","TheCursedMod:Strike_TheCursed","TheCursedMod:Defend_TheCursed","TheCursedMod:Defend_TheCursed","TheCursedMod:Defend_TheCursed","TheCursedMod:Defend_TheCursed","TheCursedMod:CursedWand+1","TheCursedMod:CleanUpWorkshop","TheCursedMod:Dregs","TheCursedMod:Mangle","TheCursedMod:CursedStaff","TheCursedMod:CircleOfFlame","TheCursedMod:SurpriseAttack","infinitespire:Execution","TheCursedMod:WearCloak","TheCursedMod:FleshFromBone","TheCursedMod:CursedBlade","TheCursedMod:ManaBullet","TheCursedMod:SpitefulPlan","TheCursedMod:OutForBlood","TheCursedMod:HellfireBreathing+1","TheCursedMod:CircleOfAmplification","J.A.X."],"relics":["TheCursedMod:BlackMagic101","ReplayTheSpireMod:Ninjato","Iron Hammer","SlaversCollar"],"acts_visited":["Exordium","TheCity"],"potions_floor_usage":[],"damage_taken":[{"damage":9,"enemies":"Jaw Worm","floor":1,"turns":5},{"damage":0,"enemies":"2 Louse","floor":2,"turns":4},{"damage":8,"enemies":"Small Slimes","floor":3,"turns":3},{"damage":21,"enemies":"Lagavulin","floor":6,"turns":5},{"damage":7,"enemies":"Looter","floor":8,"turns":3},{"damage":0,"enemies":"Lots of Slimes","floor":10,"turns":1},{"damage":0,"enemies":"3 Louse","floor":13,"turns":1},{"damage":42,"enemies":"Fading Forest","floor":16,"turns":11},{"damage":15,"enemies":"3 Byrds","floor":18,"turns":5},{"damage":42,"enemies":"2 Thieves","floor":20,"turns":4},{"damage":20,"enemies":"Sentry and Sphere","floor":22,"turns":3}],"seed_played":"2603636047042897105","potions_obtained":[{"floor":2,"key":"Dexterity Potion"},{"floor":6,"key":"Block Potion"},{"floor":13,"key":"Dexterity Potion"},{"floor":16,"key":"Adrenaline Potion"}],"is_trial":false,"path_per_floor":["M","M","M","$","?","E","R","M","T","M","$","R","M","?","R","B",null,"M","AVR","M","?","M"],"character_chosen":"THE_CURSED","items_purchased":["TheCursedMod:SurpriseAttack","TheCursedMod:ManaBullet"],"campfire_rested":3,"item_purchase_floors":[4,11],"current_hp_per_floor":[66,66,58,58,40,19,41,34,34,34,34,56,56,45,67,35,75,60,60,18,18,0,0],"gold":301,"neow_bonus":"UPGRADE_CARD","is_daily":false,"chose_seed":false,"campfire_upgraded":0,"win_rate":0.0,"timestamp":1609045150,"path_taken":["M","M","M","$","?","E","R","M","T","M","$","R","M","?","R","BOSS","M","AVR","M","?","M"],"items_purchased_type":["Card","Card"],"build_version":"2020-12-22","purchased_purges":0,"victory":false,"max_hp_per_floor":[75,75,75,75,75,75,75,75,75,75,75,75,75,75,75,75,75,75,75,75,75,75,75],"card_choices":[{"not_picked":["TheCursedMod:LuckyCharm","TheCursedMod:CircleOfWindfury"],"picked":"TheCursedMod:Mangle","floor":1},{"not_picked":["TheCursedMod:Stretching","TheCursedMod:RapidMovement"],"picked":"TheCursedMod:CursedStaff","floor":2},{"not_picked":["TheCursedMod:Stigma","TheCursedMod:Stretching"],"picked":"TheCursedMod:CircleOfFlame","floor":3},{"not_picked":["infinitespire:NeuralNetwork","infinitespire:TheBestDefense"],"picked":"infinitespire:Execution","floor":5},{"not_picked":["TheCursedMod:FleshFromBone","TheCursedMod:Stretching"],"picked":"TheCursedMod:WearCloak","floor":6},{"not_picked":["TheCursedMod:CircleOfWindfury","TheCursedMod:SoulCrush"],"picked":"TheCursedMod:FleshFromBone","floor":8},{"not_picked":["TheCursedMod:Wield","TheCursedMod:Stretching"],"picked":"TheCursedMod:CursedBlade","floor":10},{"not_picked":["TheCursedMod:HellfireBreathing","TheCursedMod:Stretching"],"picked":"TheCursedMod:SpitefulPlan","floor":13},{"not_picked":["TheCursedMod:ShockAndAwe","TheCursedMod:CircleOfAbyss"],"picked":"TheCursedMod:OutForBlood","floor":16},{"not_picked":["TheCursedMod:WearCloak","TheCursedMod:Evocation"],"picked":"TheCursedMod:HellfireBreathing+1","floor":18},{"not_picked":["TheCursedMod:CursedShiv+1","TheCursedMod:BlessingInDisguise"],"picked":"TheCursedMod:CircleOfAmplification","floor":20}],"player_experience":19153,"relics_obtained":[{"floor":6,"key":"ReplayTheSpireMod:Ninjato"},{"floor":9,"key":"Iron Hammer"}],"event_choices":[{"damage_healed":0,"gold_gain":75,"player_choice":"Gather Gold","damage_taken":11,"max_hp_gain":0,"max_hp_loss":0,"event_name":"World of Goop","floor":14,"gold_loss":0},{"damage_healed":0,"gold_gain":0,"player_choice":"Obtain J.A.X.","damage_taken":0,"max_hp_gain":0,"max_hp_loss":0,"event_name":"Drug Dealer","floor":21,"gold_loss":0,"cards_obtained":["J.A.X."]}],"is_beta":false,"boss_relics":[{"not_picked":["TheCursedMod:FourLeafCloverCharm","TheCursedMod:OminousMark"],"picked":"SlaversCollar"}],"items_purged_floors":[],"is_endless":false,"potions_floor_spawned":[2,6,13,16,20],"killed_by":"Sentry and Sphere","ascension_level":0}}