{"host":"lonmk01vm2mxu21j","time":1609057150,"event":{"mods":["BaseMod","Colored Map","Downfall","Infinite Spire","Marisa£®ÏF”Í°°ƒß¿Ì…≥£©","Minty Spire (QoL Compilation)","Remilia£®¿Ÿ√◊¿Ú—«£©","Replay The Spire","StSLib","SuperFastMode","The Bug Knight","The Cursed","The Hierophant","The Poker Player","The Runesmith","Youmu£®ªÍ∆«—˝√Œ£©","[IsaacMod]“‘»ˆº‚À˛"],"gold_per_floor":[161,177,190,210,41,41,119,119,144,160,4,16,16,36,52,155,155,155,172,172,172,185,185,185,185,235,247,258,290,21,31,31,31,42,42,42,42],"floor_reached":35,"playtime":1828,"items_purged":["Slimebound:Defend_Slimebound","Slimebound:Strike_Slimebound"],"score":381,"play_id":"4085a326-2b47-42bf-b797-88c4c812cbfe","local_time":"20201227161910","is_ascension_mode":false,"campfire_choices":[{"data":"Slimebound:Split","floor":8,"key":"SMITH"},{"floor":13,"key":"REST"},{"data":"Slimebound:Defend_Slimebound","floor":18,"key":"PURGE"},{"data":"Slimebound:SplitMire","floor":25,"key":"SMITH"},{"data":"Apotheosis","floor":32,"key":"SMITH"}],"circlet_count":0,"master_deck":["Slimebound:Strike_Slimebound","Slimebound:Strike_Slimebound","Slimebound:Tackle","Slimebound:Defend_Slimebound","Slimebound:Defend_Slimebound","Slimebound:Split+1","Slimebound:CorrosiveSpit","BloodyBrimstone","Slimebound:LeechEnergy","Slimebound:SplitBruiser","Slimebound:Prepare","Slimebound:FirmFortitude","Slimebound:OneTwoCombo","Slimebound:SplitMire","Slimebound:SlimeTap","Slimebound:SlimeTap","Slimebound:Repurpose","Slimebound:SplitMire+1","Slimebound:MassFeed","Slimebound:AcidTongue","Slimebound:Prepare","Slimebound:SplitLeeching","Slimebound:SplitMire","Pot Of Greed","Pot Of Greed","Pot Of Greed","Slimebound:SplitMire","Apotheosis+1"],"relics":["Cracked Core","HushsDoor","KeepersGift","PreservedInsect","infinitespire:Cubic Diamond","Replay:Bottled Steam","infinitespire:Joker Card","Matryoshka","BFFS","Runesmith:UraniumAnvil","MyShadow","Mercury Hourglass","infinitespire:Beetle Shell","Grinning Jar"],"acts_visited":["Exordium","TheCity"],"potions_floor_usage":[16,16],"damage_taken":[{"damage":5,"enemies":"Cultist","floor":2,"turns":3},{"damage":7,"enemies":"Small Slimes","floor":3,"turns":4},{"damage":5,"enemies":"2 Louse","floor":4,"turns":2},{"damage":16,"enemies":"downfall:FleeingMerchant","floor":5,"turns":4},{"damage":34,"enemies":"3 Sentries","floor":9,"turns":5},{"damage":0,"enemies":"Gremlin Gang","floor":10,"turns":1},{"damage":13,"enemies":"downfall:FleeingMerchant","floor":11,"turns":3},{"damage":19,"enemies":"Large Slime","floor":12,"turns":3},{"damage":16,"enemies":"Blue Slaver","floor":14,"turns":1},{"damage":12,"enemies":"Red Slaver","floor":15,"turns":2},{"damage":20,"enemies":"downfall:Watcher","floor":16,"turns":4},{"damage":8,"enemies":"3 Byrds","floor":19,"turns":2},{"damage":16,"enemies":"Centurion and Healer","floor":22,"turns":4},{"damage":10,"enemies":"Chosen and Byrds","floor":27,"turns":2},{"damage":14,"enemies":"Cultist and Chosen","floor":28,"turns":2},{"damage":13,"enemies":"Nightmare","floor":29,"turns":4},{"damage":24,"enemies":"Centurion and Healer","floor":31,"turns":2},{"damage":23,"enemies":"Snake Plant","floor":34,"turns":2},{"damage":39,"enemies":"downfall:Ironclad","floor":35,"turns":2}],"seed_played":"7754552738020719189","potions_obtained":[{"floor":4,"key":"CultistPotion"},{"floor":10,"key":"EssenceOfSteel"},{"floor":12,"key":"LiquidBronze"},{"floor":14,"key":"DistilledChaos"},{"floor":16,"key":"Elixir"},{"floor":19,"key":"SteroidPotion"}],"is_trial":false,"path_per_floor":["R_BF","M","M","M","$","?","T","R","E","M","$","M","R","M","M","B",null,"R_BF","M","PTL","PTL","M","?","?","R","T","M","M","NM","$","M","R","?","M","B"],"character_chosen":"SLIMEBOUND","items_purchased":["Slimebound:FirmFortitude","Matryoshka","BFFS","Slimebound:SlimeTap","MyShadow","Apotheosis"],"campfire_rested":1,"item_purchase_floors":[5,11,11,11,17,30],"current_hp_per_floor":[45,48,57,56,54,54,54,54,32,32,27,24,38,38,40,42,36,36,36,36,36,32,32,32,32,32,33,33,42,42,34,34,34,31,0,0,0],"gold":42,"neow_bonus":"RANDOM_COMMON_RELIC","is_daily":false,"chose_seed":false,"campfire_upgraded":3,"win_rate":0.0,"timestamp":1609057150,"path_taken":["R_BF","M","M","M","$","?","T","R","E","M","$","M","R","M","M","BOSS","R_BF","M","PTL","PTL","M","?","?","R","T","M","M","NM","$","M","R","?","M","BOSS"],"items_purchased_type":["Card","Relic","Relic","Card","Relic","Card"],"build_version":"2020-12-22","purchased_purges":2,"victory":false,"max_hp_per_floor":[60,57,57,57,54,54,54,54,54,51,48,48,48,48,48,48,36,36,36,36,36,36,36,36,36,36,39,39,42,42,42,42,42,42,42,42,42],"card_choices":[{"not_picked":[],"picked":"BloodyBrimstone","floor":0},{"not_picked":["Slimebound:GoopSpray","Slimebound:DisruptingSlam"],"picked":"Slimebound:LeechEnergy","floor":2},{"not_picked":["Slimebound:ComboTackle","Slimebound:SplitLeeching"],"picked":"Slimebound:SplitBruiser","floor":3},{"not_picked":["Slimebound:SlimeSpikes","Slimebound:PressTheAttack","Slimebound:TongueLash"],"picked":"SKIP","floor":4},{"not_picked":["Slimebound:LeadByExample","Slimebound:Schlurp"],"picked":"Slimebound:Prepare","floor":5},{"not_picked":["Slimebound:SlimeSpikes","Slimebound:RollThrough","Slimebound:GoopSpray"],"picked":"SKIP","floor":9},{"not_picked":["Slimebound:LeechEnergy","Slimebound:GrowthPunch"],"picked":"Slimebound:OneTwoCombo","floor":10},{"not_picked":["Slimebound:SamplingLick","Slimebound:TongueLash"],"picked":"Slimebound:SplitMire","floor":11},{"not_picked":["Slimebound:SplitMire","Slimebound:PressTheAttack"],"picked":"Slimebound:SlimeTap","floor":12},{"not_picked":["Slimebound:SlimeSpikes","Slimebound:FinishingTackle"],"picked":"Slimebound:Repurpose","floor":14},{"not_picked":["Slimebound:ComboTackle","Slimebound:Replication"],"picked":"Slimebound:SplitMire","floor":15},{"not_picked":["Slimebound:OozeBath","Slimebound:CheckThePlaybook"],"picked":"Slimebound:MassFeed","floor":16},{"not_picked":["Slimebound:PressTheAttack","Slimebound:LeechEnergy"],"picked":"Slimebound:AcidTongue","floor":19},{"not_picked":["Slimebound:FinishingTackle+1","Slimebound:Schlurp"],"picked":"Slimebound:Prepare","floor":22},{"not_picked":["Slimebound:FirmFortitude","Slimebound:SplitMire"],"picked":"Slimebound:SplitLeeching","floor":27},{"not_picked":["Slimebound:HauntingLick+1","Slimebound:Gluttony"],"picked":"Slimebound:SplitMire","floor":28},{"not_picked":["Slimebound:LeechLife","Slimebound:GrowthPunch"],"picked":"Slimebound:SplitMire","floor":29},{"not_picked":["Slimebound:SplitMire","Slimebound:SlimeSpikes+1","Slimebound:SamplingLick"],"picked":"SKIP","floor":31},{"not_picked":["Slimebound:Schlurp","Slimebound:ComboTackle","Slimebound:MegaLick"],"picked":"SKIP","floor":34}],"player_experience":376639,"relics_obtained":[{"floor":7,"key":"Replay:Bottled Steam"},{"floor":9,"key":"infinitespire:Joker Card"},{"floor":26,"key":"Mercury Hourglass"},{"floor":26,"key":"infinitespire:Beetle Shell"},{"floor":29,"key":"Grinning Jar"}],"event_choices":[],"is_beta":false,"boss_relics":[{"not_picked":["Replay:Grab Bag","Replay:Ancient Bell"],"picked":"Runesmith:UraniumAnvil"},{"not_picked":[]}],"items_purged_floors":[5,30],"is_endless":false,"potions_floor_spawned":[4,10,12,14,16,19,27],"killed_by":"downfall:Ironclad","ascension_level":0}}