{"host":"951sez6ulsv0fw1i","time":1609027477,"event":{"mods":["2.2 Compatiblity","Act Like it!","Aspiration","BaseMod","Better Third Choice","BetterRewards","CCEM","CapriCore","Conspire","Downfall","Gensokyo","Googly Eyes","Hermit","Infinite Spire","JesterMod","Luminous","Marisa????????","Minty Spire (QoL Compilation)","Potionbrewer","Reimu??????","Spicy Shops","StSLib","The Cursed","The Immortal","The Marked","The Runesmith","The Servant 0.9.4","TheVacant"],"gold_per_floor":[112,122,122,137,137,137,137],"floor_reached":6,"playtime":369,"items_purged":[],"score":38,"play_id":"2404c7dd-e473-428f-85e7-450f439bec77","local_time":"20201227010437","is_ascension_mode":true,"campfire_choices":[],"circlet_count":0,"master_deck":["theVacant:VacantStarterStrike","theVacant:VacantStarterStrike","theVacant:VacantStarterStrike","theVacant:VacantStarterStrike","theVacant:VacantStarterDefend","theVacant:VacantStarterDefend","theVacant:VacantStarterDefend","theVacant:VacantStarterDefend","theVacant:Release","theVacant:Crunch","theVacant:Spinshield","theVacant:OnSecondThought","infinitespire:NeuralNetwork","theVacant:EyePoke","Pain"],"relics":["SacredBark","Gensokyo:LunaticRedEyes"],"acts_visited":["Exordium"],"potions_floor_usage":[6],"damage_taken":[{"damage":0,"enemies":"Gensokyo:Python","floor":1,"turns":4},{"damage":1,"enemies":"Gensokyo:2_Kodama","floor":2,"turns":4},{"damage":2,"enemies":"Gensokyo:3_Fairies","floor":4,"turns":6},{"damage":73,"enemies":"Gensokyo:Mamizou","floor":6,"turns":11}],"seed_played":"2489189429879332706","potions_obtained":[{"floor":1,"key":"Swift Potion"},{"floor":4,"key":"Weak Potion"}],"is_trial":false,"path_per_floor":["M","M","?","M","?","E"],"character_chosen":"THE_VACANT","items_purchased":[],"campfire_rested":0,"item_purchase_floors":[],"current_hp_per_floor":[80,79,59,57,57,0,0],"gold":137,"neow_bonus":"BOSS_RELIC","is_daily":false,"chose_seed":false,"campfire_upgraded":0,"win_rate":0.0,"timestamp":1609027477,"path_taken":["M","M","?","M","?","E"],"items_purchased_type":[],"build_version":"2020-12-22","purchased_purges":0,"victory":false,"max_hp_per_floor":[80,80,80,80,80,80,80],"card_choices":[{"not_picked":["theVacant:Cower","theVacant:Husk"],"picked":"theVacant:Spinshield","floor":1},{"not_picked":["theVacant:Carve","theVacant:Snowball"],"picked":"theVacant:OnSecondThought","floor":2},{"not_picked":["infinitespire:Gouge","infinitespire:Menacing"],"picked":"infinitespire:NeuralNetwork","floor":3},{"not_picked":["theVacant:Snowball","theVacant:Cower"],"picked":"theVacant:EyePoke","floor":4}],"player_experience":541430,"relics_obtained":[],"event_choices":[],"is_beta":false,"boss_relics":[],"items_purged_floors":[],"is_endless":false,"potions_floor_spawned":[1,4],"killed_by":"Gensokyo:Mamizou","ascension_level":1}}