{"host":"a8rzj4nfw2w5de5r","time":1609095244,"event":{"mods":["BaseMod","Bestiary","Block Reminder","Colored Map","Downfall","Highlight Path","Minty Spire (QoL Compilation)","Relic Sorter","Relic Stats","StSLib"],"gold_per_floor":[0,12,12,29,29,29,55,69,101,101,131,56,70,82,95,194,194,194,194,209,223,223,250,250,43,77,26,26,54,68,145,159,257,257,182,194,194,208,220,145,145,176,226,226,45,61,61,81,97,97,97,131,11,11,11],"floor_reached":56,"playtime":4773,"items_purged":["Guardian:Strike_Guardian","Guardian:Strike_Guardian"],"score":1472,"play_id":"975fb47f-fb50-4b6c-a689-51a52d60921e","local_time":"20201228002404","is_ascension_mode":false,"campfire_choices":[{"data":"Guardian:Suspension","floor":1,"key":"SMITH"},{"data":"Guardian:Orbwalk","floor":6,"key":"SMITH"},{"data":"Guardian:Suspension","floor":10,"key":"SMITH"},{"data":"Guardian:CurlUp","floor":12,"key":"SMITH"},{"data":"Guardian:CompilePackage","floor":18,"key":"SMITH"},{"data":"Guardian:TemporalShield","floor":28,"key":"SMITH"},{"floor":35,"key":"RECALL"},{"data":"Guardian:Orbwalk","floor":40,"key":"SMITH"},{"data":"Guardian:TemporalShield","floor":44,"key":"SMITH"},{"data":"Guardian:FloatingOrbs","floor":47,"key":"SMITH"},{"data":"Guardian:PolyBeam","floor":54,"key":"SMITH"}],"circlet_count":0,"master_deck":["Guardian:Defend_Guardian","Guardian:Defend_Guardian","Guardian:Defend_Guardian","Guardian:CurlUp+1","Guardian:TwinSlam+1","Guardian:Suspension+1","Guardian:Orbwalk+1","Guardian:Suspension+1","Guardian:PrismaticBeam","Guardian:TemporalShield+1","Guardian:PolyBeam+1","Guardian:CompilePackage+1","Guardian:PiercingHide+1","Guardian:Recover","Guardian:FloatingOrbs+1","Guardian:PolyBeam+1","Guardian:Orbwalk+1","Guardian:TemporalShield+1","Guardian:ArmoredProtocol","Guardian:ArmoredProtocol","Guardian:PrismaticBeam","Guardian:ExploitGems","Guardian:PiercingHide+1","Guardian:Repulse+1","Guardian:Clone+1","Guardian:Suspension+1","Guardian:SpikerProtocol"],"relics":["Guardian:ModeShifter","Mango","Happy Flower","Pen Nib","Guardian:PickAxe","downfall:HeartBlessingGreen","Black Star","FaceOfCleric","PreservedInsect","Toy Ornithopter","Shuriken","Kunai","Whetstone","TungstenRod","DollysMirror","SlaversCollar","downfall:HeartBlessingBlue","downfall:HeartBlessingRed","Meat on the Bone","Bronze Scales","InkBottle","Peace Pipe","Guardian:BottledStasis","Vajra","StrikeDummy"],"acts_visited":["Exordium","TheCity","TheBeyond","TheEnding"],"potions_floor_usage":[9,55],"damage_taken":[{"damage":0,"enemies":"Jaw Worm","floor":2,"turns":3},{"damage":0,"enemies":"Small Slimes","floor":4,"turns":3},{"damage":0,"enemies":"Cultist","floor":8,"turns":4},{"damage":13,"enemies":"Gremlin Nob","floor":9,"turns":4},{"damage":20,"enemies":"3 Sentries","floor":11,"turns":10},{"damage":0,"enemies":"Large Slime","floor":13,"turns":5},{"damage":3,"enemies":"Exordium Thugs","floor":14,"turns":4},{"damage":0,"enemies":"Exordium Wildlife","floor":15,"turns":4},{"damage":9,"enemies":"downfall:Silent","floor":16,"turns":6},{"damage":0,"enemies":"Chosen","floor":20,"turns":3},{"damage":1,"enemies":"3 Byrds","floor":21,"turns":4},{"damage":0,"enemies":"Book of Stabbing","floor":23,"turns":5},{"damage":0,"enemies":"downfall:FleeingMerchant","floor":25,"turns":4},{"damage":14,"enemies":"Slavers","floor":26,"turns":5},{"damage":0,"enemies":"downfall:FleeingMerchant","floor":27,"turns":4},{"damage":0,"enemies":"Book of Stabbing","floor":29,"turns":4},{"damage":0,"enemies":"3 Cultists","floor":30,"turns":3},{"damage":0,"enemies":"downfall:FleeingMerchant","floor":31,"turns":4},{"damage":4,"enemies":"Cultist and Chosen","floor":32,"turns":6},{"damage":0,"enemies":"downfall:Defect","floor":33,"turns":6},{"damage":4,"enemies":"3 Shapes","floor":36,"turns":4},{"damage":13,"enemies":"3 Darklings","floor":38,"turns":5},{"damage":3,"enemies":"4 Shapes","floor":39,"turns":5},{"damage":9,"enemies":"Reptomancer","floor":42,"turns":5},{"damage":0,"enemies":"Mind Bloom Boss Battle","floor":43,"turns":5},{"damage":0,"enemies":"Transient","floor":46,"turns":5},{"damage":0,"enemies":"3 Darklings","floor":48,"turns":5},{"damage":0,"enemies":"Spire Growth","floor":49,"turns":3},{"damage":0,"enemies":"downfall:Watcher","floor":50,"turns":4},{"damage":0,"enemies":"downfall:CharBossMerchant","floor":52,"turns":4},{"damage":21,"enemies":"downfall:NeowBoss","floor":55,"turns":14}],"seed_played":"8210666824191271683","potions_obtained":[{"floor":2,"key":"ColorlessPotion"},{"floor":9,"key":"SpeedPotion"},{"floor":14,"key":"Guardian:StasisDiscoveryPotion"},{"floor":15,"key":"BlessingOfTheForge"},{"floor":49,"key":"LiquidBronze"}],"is_trial":false,"path_per_floor":["R","M","?","M","?","R","T","M","E","R","E","R","M","M","M","B",null,"R","?","M","M","?","E","T","$","E","$","R","E","M","$","M","B",null,"R","M","?","M","M","R","T","E","?","R","$","M","R","M","M","B",null,"E","$","R","B",null],"character_chosen":"GUARDIAN","items_purchased":["Guardian:FloatingOrbs","Guardian:PolyBeam","Guardian:Orbwalk","DollysMirror","Guardian:BottledStasis","Guardian:Gem_White","Guardian:SpikerProtocol","Guardian:Gem_Red"],"campfire_rested":0,"item_purchase_floors":[25,25,27,31,45,45,53,53],"current_hp_per_floor":[80,80,80,80,82,82,82,82,69,69,49,49,49,46,46,37,94,94,94,94,93,93,94,94,95,82,83,83,84,85,86,83,84,103,113,110,110,98,96,96,96,88,89,89,89,90,90,91,92,93,122,123,123,123,103],"gold":11,"neow_bonus":"TRANSFORM_TWO_CARDS","is_daily":false,"chose_seed":false,"campfire_upgraded":10,"win_rate":0.0,"timestamp":1609095244,"path_taken":["R","M","?","M","?","R","T","M","E","R","E","R","M","M","M","BOSS","R","?","M","?","?","E","T","$","E","?","R","E","M","?","M","BOSS","R","M","?","M","M","R","T","E","?","R","$","M","R","M","M","BOSS","E","$","R","BOSS"],"items_purchased_type":["Card","Card","Card","Relic","Relic","Card","Card","Card"],"build_version":"2020-12-22","purchased_purges":2,"victory":true,"max_hp_per_floor":[80,80,80,80,94,94,94,94,94,94,94,94,94,94,94,94,94,94,94,94,94,94,95,95,96,97,98,98,99,100,101,102,103,103,113,114,114,115,116,116,116,117,118,118,118,119,119,120,121,122,122,123,123,123,124],"relic_stats":{"Happy Flower":[48],"counters":[31,150],"Pen Nib":[24],"PreservedInsect":337,"Whetstone":["Guardian:PolyBeam","Guardian:TwinSlam"],"Peace Pipe":0,"FaceOfCleric":20,"Shuriken":[26],"Bronze Scales":[99],"Black Star":5,"Kunai":[26],"obtain_stats":[{"Vajra":52,"Mango":5,"downfall:HeartBlessingGreen":12,"Whetstone":29,"Guardian:PickAxe":11,"FaceOfCleric":22,"DollysMirror":31,"downfall:HeartBlessingBlue":35,"Kunai":26,"InkBottle":42,"Guardian:BottledStasis":45,"Happy Flower":7,"downfall:HeartBlessingRed":40,"Guardian:ModeShifter":0,"Pen Nib":9,"PreservedInsect":23,"Peace Pipe":43,"SlaversCollar":34,"Shuriken":26,"Bronze Scales":42,"Black Star":17,"StrikeDummy":52,"Toy Ornithopter":23,"TungstenRod":29,"Meat on the Bone":41},{"Vajra":30,"Mango":2,"downfall:HeartBlessingGreen":5,"Whetstone":16,"Guardian:PickAxe":5,"FaceOfCleric":11,"DollysMirror":18,"downfall:HeartBlessingBlue":20,"Kunai":14,"InkBottle":24,"Guardian:BottledStasis":25,"Happy Flower":2,"downfall:HeartBlessingRed":23,"Guardian:ModeShifter":0,"Pen Nib":4,"PreservedInsect":12,"Peace Pipe":25,"SlaversCollar":20,"Shuriken":14,"Bronze Scales":24,"Black Star":9,"StrikeDummy":30,"Toy Ornithopter":12,"TungstenRod":16,"Meat on the Bone":23},{"Vajra":136,"Mango":6,"downfall:HeartBlessingGreen":24,"Whetstone":72,"Guardian:PickAxe":24,"FaceOfCleric":50,"DollysMirror":79,"downfall:HeartBlessingBlue":91,"Kunai":64,"InkBottle":110,"Guardian:BottledStasis":115,"Happy Flower":6,"downfall:HeartBlessingRed":105,"Guardian:ModeShifter":0,"Pen Nib":14,"PreservedInsect":55,"Peace Pipe":115,"SlaversCollar":91,"Shuriken":64,"Bronze Scales":110,"Black Star":43,"StrikeDummy":136,"Toy Ornithopter":55,"TungstenRod":72,"Meat on the Bone":105}],"Toy Ornithopter":0,"TungstenRod":9,"InkBottle":[27],"Meat on the Bone":0},"card_choices":[{"not_picked":["Guardian:BronzeOrb","Guardian:TemporalStrike"],"picked":"Guardian:Gem_Crimson","floor":2},{"not_picked":["Guardian:TemporalStrike","Guardian:Incinerate"],"picked":"Guardian:Orbwalk","floor":4},{"not_picked":["Guardian:BronzeArmor","Guardian:MultiBeam"],"picked":"Guardian:Suspension","floor":8},{"not_picked":["Guardian:ShieldCharger","Guardian:FastForward"],"picked":"Guardian:Gem_Crimson","floor":9},{"not_picked":["Guardian:BronzeArmor","Guardian:EvasiveProtocol"],"picked":"Guardian:Gem_Cyan","floor":11},{"not_picked":["Guardian:ArmoredProtocol","Guardian:TemporalStrike"],"picked":"Guardian:PrismaticBeam","floor":13},{"not_picked":["Guardian:PrismaticBeam","Guardian:Emergency"],"picked":"Guardian:TemporalShield","floor":14},{"not_picked":["Guardian:Recover","Guardian:Repulse"],"picked":"Guardian:PolyBeam","floor":15},{"not_picked":["Guardian:ConstructionForm","Guardian:StasisEngine"],"picked":"Guardian:CompilePackage","floor":16},{"not_picked":["Guardian:Emergency","Guardian:Gem_Red"],"picked":"Guardian:Gem_Purple","floor":20},{"not_picked":["Guardian:Gem_Green","Guardian:ChargeCore"],"picked":"Guardian:PiercingHide+1","floor":21},{"not_picked":["Guardian:Planning+1","Guardian:Preprogram"],"picked":"Guardian:Gem_Yellow","floor":23},{"not_picked":["Guardian:PrismaticBeam","Guardian:Emergency+1"],"picked":"Guardian:Recover","floor":25},{"not_picked":["Guardian:FastForward","Guardian:GatlingBeam","Guardian:Planning+1"],"picked":"SKIP","floor":26},{"not_picked":["Guardian:Planning","Guardian:TimeBomb"],"picked":"Guardian:Gem_Lightblue","floor":27},{"not_picked":["Guardian:Gem_Red","Guardian:RollAttack"],"picked":"Guardian:TemporalShield","floor":29},{"not_picked":["Guardian:TemporalStrike+1","Guardian:AncientConstruct"],"picked":"Guardian:ArmoredProtocol","floor":30},{"not_picked":["Guardian:WalkerClaw","Guardian:Recover"],"picked":"Guardian:ArmoredProtocol","floor":31},{"not_picked":["Guardian:RollAttack+1","Guardian:VentSteam+1"],"picked":"Guardian:Gem_Blue","floor":32},{"not_picked":["Guardian:Gem_Synthetic","Guardian:Gem_Orange"],"picked":"Guardian:ExploitGems","floor":33},{"not_picked":["Guardian:CrystalBeam+1","Guardian:TemporalStrike+1"],"picked":"Guardian:PiercingHide+1","floor":36},{"not_picked":["Guardian:Reroute","Guardian:Gem_Green","Guardian:ChargeCore+1"],"picked":"SKIP","floor":38},{"not_picked":["Guardian:Gem_Red","Guardian:TemporalStrike","Guardian:GuardianWhirl"],"picked":"SKIP","floor":39},{"not_picked":["Guardian:CrystalBeam","Guardian:Gem_Green"],"picked":"Guardian:Repulse+1","floor":42},{"not_picked":["Guardian:Gem_Lightblue","Guardian:Planning","Guardian:CrystalBeam"],"picked":"SKIP","floor":46},{"not_picked":["Guardian:Gem_Lightblue","Guardian:TimeBomb"],"picked":"Guardian:Clone+1","floor":48},{"not_picked":["Guardian:TemporalShield","Guardian:Reroute","Guardian:CrystalBeam"],"picked":"SKIP","floor":49},{"not_picked":["Guardian:Preprogram","Guardian:RefractedBeam"],"picked":"Guardian:Suspension+1","floor":52}],"player_experience":590387,"relics_obtained":[{"floor":7,"key":"Happy Flower"},{"floor":9,"key":"Pen Nib"},{"floor":11,"key":"Guardian:PickAxe"},{"floor":23,"key":"PreservedInsect"},{"floor":23,"key":"Toy Ornithopter"},{"floor":26,"key":"Shuriken"},{"floor":26,"key":"Kunai"},{"floor":29,"key":"Whetstone"},{"floor":29,"key":"TungstenRod"},{"floor":41,"key":"Meat on the Bone"},{"floor":42,"key":"Bronze Scales"},{"floor":42,"key":"InkBottle"},{"floor":43,"key":"Peace Pipe"},{"floor":52,"key":"Vajra"},{"floor":52,"key":"StrikeDummy"}],"event_choices":[{"damage_healed":0,"gold_gain":0,"player_choice":"Success","damage_taken":12,"relics_obtained":["Mango"],"max_hp_gain":0,"max_hp_loss":0,"event_name":"Scrap Ooze","floor":5,"gold_loss":0},{"damage_healed":0,"gold_gain":0,"player_choice":"Trade","damage_taken":0,"relics_obtained":["FaceOfCleric"],"max_hp_gain":0,"max_hp_loss":0,"event_name":"FaceTrader","floor":22,"gold_loss":0}],"is_beta":false,"boss_relics":[{"not_picked":["Snecko Eye","Guardian:ModeShifterPlus"],"picked":"Black Star"},{"not_picked":["Fusion Hammer","Astrolabe"],"picked":"SlaversCollar"}],"items_purged_floors":[25,31],"is_endless":false,"potions_floor_spawned":[2,9,14,15,16,29,30,33,38,43,48,49],"ascension_level":0}}