{"host":"p9ipwvgp8zk1gu4u","time":1609065420,"event":{"mods":["Act Like it!","BaseMod","BetterRewards","Block Reminder","Colored Map","Colored Powertips","DeckTracker","Downfall","Gensokyo","Gold Saver","Hermit","Marisa????????","Minty Spire (QoL Compilation)","Nova Terra(??·??)","Relic Filter","Replay The Spire","StSLib","The Alterego","The Bladedancer","The Hierophant","The Servant 0.9.4","TheSwordswoman","Yakumo Yukari mod","Yuri Mod"],"gold_per_floor":[215,215,235,251,104,104,133,133,133,167,167,197,209,228,228,228,228],"floor_reached":16,"playtime":838,"items_purged":[],"score":120,"play_id":"2c74f9af-ee71-4ae4-81b3-b938a191c64c","local_time":"20201227053700","is_ascension_mode":false,"campfire_choices":[{"data":"StarBarrage","floor":6,"key":"SMITH"},{"data":"FinalSpark","floor":8,"key":"SMITH"},{"floor":11,"key":"REST"},{"data":"UpSweep","floor":15,"key":"SMITH"}],"circlet_count":0,"master_deck":["Strike_MRS","Strike_MRS","Strike_MRS","Strike_MRS","Defend_MRS","Defend_MRS","Defend_MRS","Defend_MRS","MasterSpark+1","UpSweep+1","StarBarrage+1","DoubleSpark","MysteriousBeam","FinalSpark+1","PulseMagic","SuperPerseids","DarkSpark"],"relics":["MiniHakkero","Gremlin Food","ReplayTheSpireMod:TigerMarble","Question Card","Simple Rune","Replay:Wax Seal"],"acts_visited":["Exordium"],"potions_floor_usage":[],"damage_taken":[{"damage":5,"enemies":"Small Slimes","floor":1,"turns":3},{"damage":6,"enemies":"Cultist","floor":3,"turns":3},{"damage":7,"enemies":"2 Louse","floor":4,"turns":2},{"damage":16,"enemies":"3 Sentries","floor":7,"turns":4},{"damage":14,"enemies":"Gremlin Nob","floor":10,"turns":3},{"damage":17,"enemies":"3 Sentries","floor":12,"turns":3},{"damage":5,"enemies":"Exordium Wildlife","floor":13,"turns":2},{"damage":10,"enemies":"Looter","floor":14,"turns":3},{"damage":45,"enemies":"Fading Forest","floor":16,"turns":4}],"seed_played":"-5726864637164602477","potions_obtained":[{"floor":3,"key":"FearPotion"},{"floor":10,"key":"Elixir"},{"floor":12,"key":"Weak Potion"}],"is_trial":false,"path_per_floor":["M","?","M","M","$","R","E","R","T","E","R","E","M","M","R","B"],"character_chosen":"MARISA","items_purchased":["Gremlin Food"],"campfire_rested":1,"item_purchase_floors":[5],"current_hp_per_floor":[77,77,71,64,64,64,48,48,48,34,58,41,36,26,26,0,0],"gold":228,"neow_bonus":"TEN_PERCENT_HP_BONUS","is_daily":false,"chose_seed":false,"campfire_upgraded":3,"win_rate":0.0,"timestamp":1609065420,"path_taken":["M","?","M","M","?","R","E","R","T","E","R","E","M","M","R","BOSS"],"items_purchased_type":["Relic"],"build_version":"2020-12-22","purchased_purges":0,"victory":false,"max_hp_per_floor":[82,82,82,82,82,82,82,82,82,82,82,82,82,82,82,82,82],"card_choices":[{"not_picked":["ShootingEcho","OneTimeOff"],"picked":"StarBarrage","floor":1},{"not_picked":["Acceleration","DeepEcoloBomb"],"picked":"DoubleSpark","floor":3},{"not_picked":["DoubleSpark","ShootingEcho"],"picked":"MysteriousBeam","floor":4},{"not_picked":["PowerUp","ShootingEcho"],"picked":"FinalSpark","floor":7},{"not_picked":["Singularity","UnstableBomb","OortCloud"],"picked":"PulseMagic","floor":10},{"not_picked":["MysteriousBeam","UnstableBomb","MachineGunSpark"],"picked":"SuperPerseids","floor":12},{"not_picked":["AsteroidBelt","PowerUp","DragonMeteor"],"picked":"DarkSpark","floor":13},{"not_picked":["StarBarrage","DC","MilkyWay","PowerUp"],"picked":"SKIP","floor":14}],"player_experience":321175,"relics_obtained":[{"floor":7,"key":"ReplayTheSpireMod:TigerMarble"},{"floor":9,"key":"Question Card"},{"floor":10,"key":"Simple Rune"},{"floor":12,"key":"Replay:Wax Seal"}],"event_choices":[{"damage_healed":0,"gold_gain":0,"player_choice":"Ignored","damage_taken":0,"max_hp_gain":0,"max_hp_loss":0,"event_name":"Purifier","floor":2,"gold_loss":0}],"is_beta":false,"boss_relics":[],"items_purged_floors":[],"is_endless":false,"potions_floor_spawned":[3,10,12,13],"killed_by":"Fading Forest","ascension_level":0}}