{"host":"cv77zuuuekizn3ic","time":1609093193,"event":{"mods":["AchievementEnabler","BaseMod","Marisa£®ÏF”Í°°ƒß¿Ì…≥£©","Minty Spire (QoL Compilation)","StSLib","Waifu the Spire","everything is the same but u backflip on backflip","slay the spire mod where everything is the same but ironclad has a cowboy hat"],"gold_per_floor":[115,132,57,57,70,98,98,130,130,162,162,7,25,40,40,119,119,134,148,168,193,210,235,245,275,275,309,309,319,334,350,350,428,428,445,95,105,105,105,130,144,176,176,176,189,64,64,81,81,81,81,81,0,32,32,32],"floor_reached":55,"playtime":3785,"items_purged":["Defend_P","Wireheading+1","Wallop+1"],"score":1971,"play_id":"0ee7d782-6096-4c88-9682-a77da9b581ab","local_time":"20201228021953","is_ascension_mode":true,"campfire_choices":[{"data":"Eruption","floor":7.0,"key":"SMITH"},{"floor":15.0,"key":"RECALL"},{"data":"Scrawl","floor":28.0,"key":"SMITH"},{"data":"Crescendo","floor":32.0,"key":"SMITH"},{"floor":47.0,"key":"REST"},{"floor":49.0,"key":"REST"},{"floor":52.0,"key":"REST"}],"circlet_count":0,"master_deck":["AscendersBane","Eruption+1","Vigilance+1","LessonLearned+1","Prostrate+1","Tantrum+1","CutThroughFate+1","EmptyBody+1","Conclude+1","Prostrate+1","BowlingBash+1","Scrawl+1","InnerPeace+1","Omniscience+1","Crescendo+1","Indignation+1","SandsOfTime+1","TalkToTheHand+1","MentalFortress+1","Scrawl+1","InnerPeace+1","Adaptation+1","Omniscience+1","ClearTheMind+1","Adaptation+1","Scrawl+1","DevaForm+1"],"relics":["PureWater","Meat on the Bone","Gremlin Horn","Question Card","Pandora\u0027s Box","Bronze Scales","HornCleat","PreservedInsect","Toxic Egg 2","Omamori","Cursed Key","Bag of Preparation","Molten Egg 2","Blood Vial","Ginger","Strawberry"],"acts_visited":["Exordium","TheCity","TheBeyond","TheEnding"],"potions_floor_usage":[55,55],"damage_taken":[{"damage":1.0,"enemies":"2 Louse","floor":1.0,"turns":6.0},{"damage":2.0,"enemies":"Jaw Worm","floor":2.0,"turns":3.0},{"damage":0.0,"enemies":"Cultist","floor":5.0,"turns":3.0},{"damage":17.0,"enemies":"3 Sentries","floor":6.0,"turns":5.0},{"damage":15.0,"enemies":"Lagavulin","floor":8.0,"turns":6.0},{"damage":0.0,"enemies":"3 Sentries","floor":10.0,"turns":4.0},{"damage":0.0,"enemies":"Large Slime","floor":13.0,"turns":3.0},{"damage":0.0,"enemies":"Gremlin Gang","floor":14.0,"turns":2.0},{"damage":32.0,"enemies":"The Guardian","floor":16.0,"turns":10.0},{"damage":0.0,"enemies":"2 Thieves","floor":18.0,"turns":2.0},{"damage":14.0,"enemies":"Shell Parasite","floor":19.0,"turns":4.0},{"damage":0.0,"enemies":"Shelled Parasite and Fungi","floor":20.0,"turns":2.0},{"damage":0.0,"enemies":"Cultist and Chosen","floor":22.0,"turns":3.0},{"damage":9.0,"enemies":"Book of Stabbing","floor":23.0,"turns":4.0},{"damage":0.0,"enemies":"Chosen and Byrds","floor":24.0,"turns":3.0},{"damage":26.0,"enemies":"Slavers","floor":25.0,"turns":3.0},{"damage":7.0,"enemies":"Gremlin Leader","floor":27.0,"turns":2.0},{"damage":0.0,"enemies":"Shelled Parasite and Fungi","floor":29.0,"turns":2.0},{"damage":1.0,"enemies":"Snake Plant","floor":30.0,"turns":4.0},{"damage":2.0,"enemies":"Chosen and Byrds","floor":31.0,"turns":4.0},{"damage":0.0,"enemies":"Champ","floor":33.0,"turns":8.0},{"damage":0.0,"enemies":"3 Shapes","floor":35.0,"turns":2.0},{"damage":0.0,"enemies":"Orb Walker","floor":37.0,"turns":2.0},{"damage":0.0,"enemies":"Nemesis","floor":40.0,"turns":3.0},{"damage":1.0,"enemies":"4 Shapes","floor":41.0,"turns":2.0},{"damage":0.0,"enemies":"Giant Head","floor":42.0,"turns":2.0},{"damage":0.0,"enemies":"Sphere and 2 Shapes","floor":45.0,"turns":2.0},{"damage":0.0,"enemies":"Maw","floor":48.0,"turns":2.0},{"damage":0.0,"enemies":"Awakened One","floor":50.0,"turns":4.0},{"damage":0,"enemies":"Shield and Spear","floor":54,"turns":3},{"damage":125,"enemies":"The Heart","floor":55,"turns":5}],"seed_played":"-9028632542148697929","potions_obtained":[{"floor":1.0,"key":"DistilledChaos"},{"floor":6.0,"key":"FearPotion"},{"floor":10.0,"key":"DuplicationPotion"},{"floor":13.0,"key":"DistilledChaos"},{"floor":18.0,"key":"Swift Potion"},{"floor":20.0,"key":"Dexterity Potion"},{"floor":23.0,"key":"BottledMiracle"},{"floor":24.0,"key":"Fruit Juice"},{"floor":25.0,"key":"DuplicationPotion"},{"floor":40.0,"key":"Fruit Juice"},{"floor":41.0,"key":"GamblersBrew"}],"is_trial":false,"path_per_floor":["M","M","?","$","M","E","R","E","T","E","?","$","M","M","R","B",null,"M","M","M","T","M","E","M","E","T","E","R","M","M","M","R","B",null,"M","$","M","?","?","E","M","E","T","?","M","$","R","M","R","B",null,"R","$","E","B"],"character_chosen":"WATCHER","items_purchased":["Prostrate","BowlingBash","Bag of Preparation","Adaptation","DevaForm"],"campfire_rested":3,"item_purchase_floors":[12,12,36,36,53],"current_hp_per_floor":[42,40,40,40,40,23,23,20,20,32,37,37,37,37,37,17,59,59,45,45,45,45,48,48,34,34,39,39,39,38,48,48,48,67,67,67,67,67,67,72,76,76,76,76,78,78,79,79,79,79,79,79,79,86,0,0],"gold":32,"neow_bonus":"THREE_RARE_CARDS","is_daily":false,"chose_seed":false,"campfire_upgraded":3,"win_rate":0.0,"timestamp":1609093193,"path_taken":["M","M","?","$","M","E","R","E","T","E","?","?","M","M","R","BOSS","M","M","M","?","M","E","M","E","T","E","R","M","M","M","R","BOSS","M","$","M","?","?","E","M","E","T","?","M","$","R","M","R","BOSS","R","$","E","BOSS"],"items_purchased_type":["Card","Card","Relic","Card","Card"],"build_version":"2020-12-22","purchased_purges":3,"victory":false,"max_hp_per_floor":[68,68,68,68,68,68,68,68,68,68,73,73,73,73,73,73,73,73,73,73,73,73,73,73,73,73,73,73,73,73,73,73,73,73,73,73,73,69,69,74,79,79,79,79,79,79,79,79,79,79,79,79,79,86,86,86],"card_choices":[{"not_picked":["Wish","DevaForm"],"picked":"LessonLearned","floor":0.0},{"not_picked":["Halt","ThirdEye"],"picked":"Prostrate","floor":1.0},{"not_picked":["ReachHeaven","Protect"],"picked":"Tantrum","floor":2.0},{"not_picked":["Consecrate","Protect"],"picked":"CutThroughFate","floor":5.0},{"not_picked":["Perseverance","SandsOfTime"],"picked":"EmptyBody","floor":6.0},{"not_picked":["Swivel","Consecrate"],"picked":"Conclude","floor":8.0},{"not_picked":["Vengeance","Worship","WindmillStrike"],"picked":"SKIP","floor":10.0},{"not_picked":["SignatureMove","SashWhip","Pray","Halt"],"picked":"SKIP","floor":13.0},{"not_picked":["WreathOfFlame","EmptyBody","Crescendo","Halt"],"picked":"SKIP","floor":14.0},{"not_picked":["Wish","Brilliance","LessonLearned"],"picked":"Scrawl","floor":16.0},{"not_picked":["Protect","FlurryOfBlows","LikeWater+1"],"picked":"TalkToTheHand","floor":18.0},{"not_picked":["EmptyBody+1","ThirdEye","Halt","CarveReality"],"picked":"SKIP","floor":19.0},{"not_picked":["CutThroughFate","ThirdEye","Worship"],"picked":"MentalFortress","floor":20.0},{"not_picked":["Indignation","Halt","EmptyBody"],"picked":"Scrawl","floor":22.0},{"not_picked":["CrushJoints","JustLucky","Evaluate","Crescendo+1"],"picked":"SKIP","floor":23.0},{"not_picked":["CrushJoints","JustLucky","Evaluate","Crescendo+1"],"picked":"SKIP","floor":23.0},{"not_picked":["Crescendo","DeceiveReality","ForeignInfluence+1"],"picked":"Wallop","floor":24.0},{"not_picked":["SignatureMove","FollowUp","Perseverance","CutThroughFate"],"picked":"SKIP","floor":25.0},{"not_picked":["WreathOfFlame+1","SignatureMove+1","EmptyFist"],"picked":"InnerPeace+1","floor":27.0},{"not_picked":["Wallop","Judgement+1","Conclude"],"picked":"Adaptation+1","floor":29.0},{"not_picked":["SandsOfTime","WindmillStrike+1","SashWhip+1","FollowUp"],"picked":"SKIP","floor":30.0},{"not_picked":["Wallop+1","FlyingSleeves","Conclude","EmptyBody+1"],"picked":"SKIP","floor":31.0},{"not_picked":["MasterReality","Scrawl+1","SpiritShield+1"],"picked":"Omniscience+1","floor":33.0},{"not_picked":["Swivel+1","FlyingSleeves","Tantrum"],"picked":"ClearTheMind+1","floor":35.0},{"not_picked":["FlyingSleeves","Evaluate+1","ClearTheMind+1","Halt+1"],"picked":"SKIP","floor":37.0},{"not_picked":["CrushJoints+1","FollowUp+1","JustLucky+1","Adaptation"],"picked":"SKIP","floor":40.0},{"not_picked":["BowlingBash+1","EmptyFist+1","EmptyBody+1"],"picked":"Scrawl+1","floor":41.0},{"not_picked":["Consecrate+1","Pray+1","SandsOfTime+1","EmptyBody+1"],"picked":"SKIP","floor":42.0},{"not_picked":["PathToVictory+1","FlyingSleeves+1","Protect+1","EmptyFist+1"],"picked":"SKIP","floor":45.0},{"not_picked":["Conclude+1","Collect+1","ReachHeaven+1","SashWhip+1"],"picked":"SKIP","floor":48.0},{"not_picked":["Indignation+1","CrushJoints+1","Establishment","FollowUp+1"],"picked":"SKIP","floor":54}],"player_experience":655018,"relics_obtained":[{"floor":6.0,"key":"Meat on the Bone"},{"floor":8.0,"key":"Gremlin Horn"},{"floor":10.0,"key":"Question Card"},{"floor":21.0,"key":"Bronze Scales"},{"floor":23.0,"key":"HornCleat"},{"floor":25.0,"key":"PreservedInsect"},{"floor":26.0,"key":"Toxic Egg 2"},{"floor":27.0,"key":"Omamori"},{"floor":40.0,"key":"Molten Egg 2"},{"floor":42.0,"key":"Blood Vial"},{"floor":43.0,"key":"Ginger"},{"floor":54,"key":"Strawberry"}],"event_choices":[{"cards_removed":["Defend_P"],"damage_healed":0.0,"max_hp_gain":0.0,"max_hp_loss":0.0,"gold_gain":0.0,"event_name":"The Cleric","player_choice":"Card Removal","floor":3.0,"gold_loss":75.0,"damage_taken":0.0},{"damage_healed":0.0,"max_hp_gain":5.0,"max_hp_loss":0.0,"gold_gain":0.0,"event_name":"Big Fish","player_choice":"Donut","floor":11.0,"gold_loss":0.0,"damage_taken":0.0},{"damage_healed":0.0,"max_hp_gain":0.0,"max_hp_loss":4.0,"gold_gain":0.0,"event_name":"Winding Halls","player_choice":"Max HP","floor":38.0,"gold_loss":0.0,"damage_taken":0.0},{"damage_healed":0.0,"max_hp_gain":0.0,"max_hp_loss":0.0,"gold_gain":0.0,"event_name":"Tomb of Lord Red Mask","player_choice":"Ignored","floor":39.0,"gold_loss":0.0,"damage_taken":0.0},{"damage_healed":0.0,"max_hp_gain":0.0,"max_hp_loss":0.0,"gold_gain":0.0,"event_name":"Accursed Blacksmith","player_choice":"Ignored","floor":44.0,"gold_loss":0.0,"damage_taken":0.0}],"is_beta":false,"boss_relics":[{"not_picked":["Sozu","SacredBark"],"picked":"Pandora\u0027s Box"},{"not_picked":["Runic Dome","SlaversCollar"],"picked":"Cursed Key"}],"items_purged_floors":[12,36,46],"is_endless":false,"potions_floor_spawned":[1,6,10,13,16,18,20,23,24,25,40,41],"killed_by":"The Heart","ascension_level":19}}