{"host":"nak33n7iw6yqkk3u","time":1609073463,"event":{"mods":["AchievementEnabler","Act Like it!","BaseMod","BetterRewards","Colored Map","Colored Powertips","DeckTracker","Downfall","Friendly Minions","Gensokyo","Hubris","Kiyohime（清姬）","Koishi","Marisa（F雨　魔理沙）","Minty Spire (QoL Compilation)","Quick Restart","Rare Cards Sparkle","Reimu（博丽灵梦）","Remilia（蕾米莉亚）","RumiaBox-露米娅的神秘盒子","Shop Mod","StSLib","The Bug Knight","Waifu the Spire","Youmu（魂魄妖梦）","Yuyuko","[IsaacMod]以撒尖塔","everything is the same but u backflip on backflip"],"gold_per_floor":[99,99,99,99,99,87,139,139,139,34,48,64,64,239,284,382,382,232,332,292,138,138,165,165,165,165,90,104,122,132,132,167,164,164,164],"floor_reached":33,"playtime":1441,"items_purged":[],"score":251,"play_id":"0c000faa-b82a-4d50-8b88-7e4359276313","local_time":"20201227205103","is_ascension_mode":false,"campfire_choices":[{"floor":1.0,"key":"RECALL"},{"data":"BettingIsNotGood","floor":13.0,"key":"SMITH"},{"data":"Slimebound:OozeBath","floor":18.0,"key":"SMITH"},{"data":"ZunPunch:ReiMu","floor":27,"key":"SMITH"}],"circlet_count":0,"master_deck":["Slimebound:Strike_Slimebound","Slimebound:Strike_Slimebound","Slimebound:Strike_Slimebound","Slimebound:Tackle","Slimebound:Defend_Slimebound","Slimebound:Defend_Slimebound","Slimebound:Defend_Slimebound","Slimebound:Defend_Slimebound","Slimebound:Split","Slimebound:CorrosiveSpit","BettingIsNotGood+1","Slimebound:Schlurp","Slimebound:RejuvenatingLick","Slimebound:FinishingTackle","Slimebound:Equalize","Slimebound:SlimeSpikes","Slimebound:TongueLash","Slimebound:SamplingLick","Slimebound:SplitLeeching","Slimebound:MegaLick","Slimebound:SpikyOuterGoop","Slimebound:DouseInSlime","Slimebound:OozeBath+1","Slimebound:RainOfGoop","Slimebound:RainOfGoop","ZunPunch:ReiMu+1","Slimebound:GrowthPunch","Pride","Slimebound:ItLooksTasty","Slimebound:SplitMire","Slimebound:LeechEnergy","Slimebound:BestDefense","Slimebound:MegaLick+1"],"relics":["Slimebound:AbsorbEndCombat","HushsDoor","Void","YidongShenshe:ReiMu","EasyGame_NEW","downfall:HeartBlessingRed","downfall:HeartBlessingBlue","hubris:CuriousFeather","Mummified Hand","MerchantsRug","GreatHeart","Gremlin Horn","downfall:HeartBlessingGreen"],"acts_visited":["Exordium","TheCity"],"potions_floor_usage":[32,33],"damage_taken":[{"damage":0.0,"enemies":"2 Louse","floor":2.0,"turns":1.0},{"damage":0.0,"enemies":"Small Slimes","floor":3.0,"turns":1.0},{"damage":0.0,"enemies":"Cultist","floor":5.0,"turns":1.0},{"damage":27.0,"enemies":"Large Slime","floor":6.0,"turns":6.0},{"damage":23.0,"enemies":"downfall:FleeingMerchant","floor":10.0,"turns":4.0},{"damage":12.0,"enemies":"Gremlin Gang","floor":11.0,"turns":5.0},{"damage":1.0,"enemies":"Large Slime","floor":12.0,"turns":3.0},{"damage":9.0,"enemies":"Exordium Wildlife","floor":15.0,"turns":4.0},{"damage":69.0,"enemies":"downfall:Silent","floor":16.0,"turns":14.0},{"damage":55.0,"enemies":"downfall:Defect","floor":19.0,"turns":6.0},{"damage":14.0,"enemies":"downfall:FleeingMerchant","floor":21.0,"turns":4.0},{"damage":19.0,"enemies":"HollowMod:Nosk","floor":23.0,"turns":6.0},{"damage":8,"enemies":"Chosen","floor":28,"turns":3},{"damage":25,"enemies":"Chosen and Byrds","floor":29,"turns":4},{"damage":0,"enemies":"Snecko","floor":30,"turns":2},{"damage":24,"enemies":"Centurion and Healer","floor":32,"turns":4},{"damage":42,"enemies":"downfall:Watcher","floor":33,"turns":4}],"seed_played":"5153962542029720928","potions_obtained":[{"floor":11.0,"key":"FearPotion"},{"floor":15.0,"key":"Block Potion"},{"floor":19.0,"key":"Fire Potion"},{"floor":28,"key":"ZuzhouPotion:ReiMu"},{"floor":29,"key":"Fire Potion"},{"floor":30,"key":"SpeedPotion"}],"is_trial":false,"path_per_floor":["R","M","M","?","M","M","T","?","?","$","M","M","R","?","M","B",null,"R","?","?","$","?","E","T","?","?","R","M","M","M","?","M","B"],"character_chosen":"SLIMEBOUND","items_purchased":["Slimebound:TongueLash","Slimebound:SamplingLick","Slimebound:OozeBath","Slimebound:RainOfGoop","MerchantsRug"],"campfire_rested":0,"item_purchase_floors":[10,10,17,17,21],"current_hp_per_floor":[60,60,60,60,60,48,48,48,48,39,52,60,60,60,60,33,53,63,23,23,25,25,32,32,32,32,32,32,27,33,33,17,0,0,0],"gold":164,"neow_bonus":"THREE_ENEMY_KILL","is_daily":false,"chose_seed":false,"campfire_upgraded":3,"win_rate":0.0,"timestamp":1609073463,"path_taken":["R","M","M","?","M","?","T","?","?","?","M","M","R","?","M","BOSS","R","?","?","$","?","E","T","?","?","R","?","M","M","?","M","BOSS"],"items_purchased_type":["Card","Card","Card","Card","Relic"],"build_version":"2020-12-22","purchased_purges":0,"victory":false,"max_hp_per_floor":[60,60,60,60,60,60,60,60,60,60,60,60,60,60,60,60,53,63,63,63,63,63,63,63,63,63,63,63,63,63,63,63,63,63,63],"card_choices":[{"not_picked":[],"picked":"BettingIsNotGood","floor":0.0},{"not_picked":["Slimebound:SlimeSpikes","Slimebound:GoopSpray"],"picked":"Slimebound:Schlurp","floor":2.0},{"not_picked":["Slimebound:ComboTackle","Slimebound:LeechingTouch"],"picked":"Slimebound:RejuvenatingLick","floor":3.0},{"not_picked":["Slimebound:RollThrough","Slimebound:SplitAcid"],"picked":"Slimebound:FinishingTackle","floor":5.0},{"not_picked":["Slimebound:FlameTackle","Slimebound:Teamwork"],"picked":"Slimebound:Equalize","floor":6.0},{"not_picked":["Slimebound:FirmFortitude","Slimebound:FlameTackle"],"picked":"Slimebound:SlimeSpikes","floor":10.0},{"not_picked":["Slimebound:ComboTackle","Slimebound:GoopTackle"],"picked":"Slimebound:SplitLeeching","floor":11.0},{"not_picked":["Slimebound:Schlurp","Slimebound:GoopSpray"],"picked":"Slimebound:MegaLick","floor":12.0},{"not_picked":["Slimebound:PressTheAttack","Slimebound:SplitAcid"],"picked":"Slimebound:SpikyOuterGoop","floor":15.0},{"not_picked":["Slimebound:Overexert","Slimebound:MinionMaster"],"picked":"Slimebound:DouseInSlime","floor":16.0},{"not_picked":["Slimebound:SplitLeeching","Slimebound:SlimeBarrage"],"picked":"Slimebound:RainOfGoop","floor":19.0},{"not_picked":["Slimebound:PressTheAttack+1","Slimebound:RainOfGoop"],"picked":"Slimebound:GrowthPunch","floor":21.0},{"not_picked":["Slimebound:MinionMaster","Slimebound:FlameTackle+1"],"picked":"Slimebound:ItLooksTasty","floor":23.0},{"not_picked":["Slimebound:SamplingLick+1","Slimebound:GrowthPunch"],"picked":"Slimebound:SplitMire","floor":28},{"not_picked":["Slimebound:SplitMire","Slimebound:ViciousTackle"],"picked":"Slimebound:LeechEnergy","floor":29},{"not_picked":["Slimebound:DisruptingSlam+1","Slimebound:RallyTheTroops"],"picked":"Slimebound:BestDefense","floor":30},{"not_picked":["Slimebound:RollThrough+1","Slimebound:ProtectTheBoss"],"picked":"Slimebound:MegaLick+1","floor":32}],"player_experience":419124,"relics_obtained":[{"floor":19.0,"key":"hubris:CuriousFeather"},{"floor":19.0,"key":"Mummified Hand"},{"floor":23.0,"key":"TheBible"},{"floor":24.0,"key":"Gremlin Horn"}],"event_choices":[{"damage_healed":0.0,"max_hp_gain":0.0,"max_hp_loss":0.0,"gold_gain":0.0,"event_name":"yidonshenshe","player_choice":"带走神社","floor":4.0,"gold_loss":0.0,"damage_taken":0.0,"relics_obtained":["YidongShenshe:ReiMu"],"cards_obtained":["Poor:ReiMu"]},{"cards_removed":["Poor:ReiMu"],"damage_healed":0.0,"max_hp_gain":0.0,"max_hp_loss":0.0,"gold_gain":0.0,"event_name":"Living Wall","player_choice":"Forget","floor":9.0,"gold_loss":0.0,"damage_taken":0.0},{"damage_healed":0.0,"max_hp_gain":0.0,"max_hp_loss":0.0,"gold_gain":0.0,"event_name":"ZunEvent","player_choice":"交出神酒","floor":20.0,"relics_lost":["ZunR:ReiMu"],"gold_loss":0.0,"damage_taken":0.0,"cards_obtained":["ZunPunch:ReiMu"]},{"cards_removed":["Doubt"],"damage_healed":0,"gold_gain":0,"player_choice":"Elegance","damage_taken":0,"max_hp_gain":0,"max_hp_loss":0,"event_name":"Back to Basics","floor":26,"gold_loss":0}],"is_beta":false,"boss_relics":[{"not_picked":["SlaversCollar","Cursed Key"],"picked":"EasyGame_NEW"},{"not_picked":[]}],"items_purged_floors":[],"is_endless":false,"potions_floor_spawned":[11,15,19,28,29,30],"killed_by":"downfall:Watcher","ascension_level":0}}