{"host":"w2kjv12xyhtt0cv2","time":1609047136,"event":{"mods":["10 clothes from DAL","Act Like it!","BaseMod","Colored Map","Conspire","Friendly Minions","Gensokyo","Highlight Path","Hubris","Marisa（F雨　魔理沙）","Minty Spire (QoL Compilation)","Quick Restart","Reimu（博丽灵梦）","Relic Stats","Replay The Spire","RumiaBox-露米娅的神秘盒子","Spicy Shops","StSLib","The Servant 0.9.4","UnlockEverythingMod","Waifu the Spire","[功能]功能增强和修复MOD","vexMod","【功能Mod】Neow奖励","【功能Mod】混沌之环修复补丁","【遗物卡牌】REMEMod","没有小屋子和绿帽子啦"],"gold_per_floor":[115,148,1,1,1,34,34],"floor_reached":6,"playtime":283,"items_purged":[],"score":74,"play_id":"70587914-25a3-4928-96f3-1d558a0196de","local_time":"20201227133216","is_ascension_mode":true,"campfire_choices":[],"circlet_count":0,"master_deck":["Strike_S","Strike_S","Strike_S","Strike_S","Defend_S","Defend_S","Defend_S","KidneyShot","Exchange","Gensokyo:RainbowDanmaku","SilverBlades","DualDimension","FloweringNight","ReplayTheSpireMod:Uncanny Aura","Sunlight"],"relics":["Uniform","REME_ComplimentaryCards","InkBottle","GodSword4"],"acts_visited":["Exordium"],"potions_floor_usage":[],"damage_taken":[{"damage":0.0,"enemies":"2 Louse","floor":1.0,"turns":3.0},{"damage":5,"enemies":"conspire:MimicChest","floor":2,"turns":4},{"damage":0,"enemies":"Gremlin Nob","floor":6,"turns":2}],"seed_played":"-467338899309164370","potions_obtained":[{"floor":6,"key":"GrandPatriotsElixir:ReiMu"}],"is_trial":false,"path_per_floor":["M","?","$","?","$","E"],"character_chosen":"THE_SERVANT","items_purchased":["FloweringNight","ReplayTheSpireMod:Uncanny Aura"],"campfire_rested":0,"item_purchase_floors":[3,3],"current_hp_per_floor":[65,60,60,60,60,60,60],"gold":34,"neow_bonus":"REMOVE_CARD","is_daily":false,"chose_seed":false,"campfire_upgraded":0,"win_rate":0.0,"timestamp":1609047136,"path_taken":["M","?","$","?","$","E"],"items_purchased_type":["Card","Card"],"build_version":"2020-12-22","purchased_purges":0,"victory":false,"max_hp_per_floor":[65,65,65,65,65,65,65],"relic_stats":{"counters":[3,9],"obtain_stats":[{"Uniform":0,"GodSword4":6,"InkBottle":2,"REME_ComplimentaryCards":0},{"Uniform":0,"GodSword4":3,"InkBottle":2,"REME_ComplimentaryCards":0},{"Uniform":0,"GodSword4":9,"InkBottle":7,"REME_ComplimentaryCards":0}],"InkBottle":[0]},"card_choices":[{"not_picked":["Read","Starlight"],"picked":"SilverBlades","floor":1.0},{"not_picked":["Unruled","Misdirection"],"picked":"DualDimension","floor":2},{"not_picked":["Starlight","Spin"],"picked":"Sunlight","floor":6}],"player_experience":19643,"relics_obtained":[{"floor":2,"key":"InkBottle"},{"floor":6,"key":"GodSword4"}],"event_choices":[{"damage_healed":0,"gold_gain":0,"player_choice":"Leave","damage_taken":0,"max_hp_gain":0,"max_hp_loss":0,"event_name":"conspire:Investor","floor":4,"gold_loss":0}],"is_beta":false,"boss_relics":[],"items_purged_floors":[],"is_endless":false,"potions_floor_spawned":[6],"killed_by":"Gremlin Nob","ascension_level":2}}