{"host":"jzjaw782v8gfe8gb","time":1609050088,"event":{"mods":["BaseMod","Better Match","Better Note","Better Third Choice","Energized Spire","Magitek Elite","Minty Spire (QoL Compilation)","StSLib"],"gold_per_floor":[116,134,153,169,13,39,39,0,0,18,18,37,49,62,62,160,160,176,187,187,199,213,213,213],"floor_reached":23,"playtime":2577,"items_purged":["Strike_L"],"score":249,"play_id":"1bf65245-922a-4056-a4a7-0da5b6facc3f","local_time":"20201226222128","is_ascension_mode":false,"campfire_choices":[{"data":"Minerva_Bustier","floor":7,"key":"SMITH"},{"data":"Mirage_Vest","floor":11,"key":"SMITH"},{"data":"Protect_M","floor":15,"key":"SMITH"}],"circlet_count":0,"master_deck":["Strike_L","Strike_L","Defend_L","Defend_L","Defend_L","Defend_L","Fire2","Cure","Protect_M+1","Force_Armor","Mirage_Vest+1","Blood_Hilt","Minerva_Bustier+1","Enlightenment","Icebrand","Bravery","Falchion+1","Thornlet"],"relics":["Pendant","Bag of Marbles","Pen Nib","energizedSpire:SpiderWeb"],"acts_visited":["Exordium","TheCity"],"potions_floor_usage":[6,13,21,23],"damage_taken":[{"damage":16,"enemies":"Cultist","floor":1,"turns":6},{"damage":4,"enemies":"2 Louse","floor":2,"turns":4},{"damage":0,"enemies":"Small Slimes","floor":3,"turns":4},{"damage":0,"enemies":"2 Fungi Beasts","floor":4,"turns":6},{"damage":25,"enemies":"Gremlin Nob","floor":6,"turns":6},{"damage":23,"enemies":"Large Slime","floor":10,"turns":15},{"damage":6,"enemies":"Exordium Wildlife","floor":12,"turns":5},{"damage":7,"enemies":"Blue Slaver","floor":13,"turns":4},{"damage":2,"enemies":"Gremlin Gang","floor":14,"turns":10},{"damage":0,"enemies":"Slime Boss","floor":16,"turns":18},{"damage":10,"enemies":"Shell Parasite","floor":18,"turns":5},{"damage":11,"enemies":"Chosen","floor":19,"turns":7},{"damage":0,"enemies":"Centurion and Healer","floor":21,"turns":5},{"damage":21,"enemies":"Snake Plant","floor":22,"turns":5},{"damage":55,"enemies":"Gremlin Leader","floor":23,"turns":4}],"seed_played":"5694932369907521256","potions_obtained":[{"floor":2,"key":"DistilledChaos"},{"floor":6,"key":"BlessingOfTheForge"},{"floor":12,"key":"Regen Potion"},{"floor":16,"key":"Block Potion"},{"floor":22,"key":"BlessingOfTheForge"}],"is_trial":false,"path_per_floor":["M","M","M","M","$","E","R","?","T","M","R","M","M","M","R","B",null,"M","M","?","M","M","E"],"character_chosen":"MAGITEKELITE","items_purchased":["Blood_Hilt"],"campfire_rested":0,"item_purchase_floors":[5],"current_hp_per_floor":[53,55,55,55,55,34,34,40,40,25,25,25,25,30,30,36,69,61,59,59,59,44,0,0],"gold":213,"neow_bonus":"TRANSFORM_CARD","is_daily":false,"chose_seed":false,"campfire_upgraded":3,"win_rate":0.0,"timestamp":1609050088,"path_taken":["M","M","M","M","?","E","R","?","T","M","R","M","M","M","R","BOSS","M","M","?","M","M","E"],"items_purchased_type":["Card"],"build_version":"2020-12-22","purchased_purges":1,"victory":false,"max_hp_per_floor":[63,63,63,63,63,63,63,69,69,69,69,69,69,69,69,69,69,69,69,69,69,69,69,69],"card_choices":[{"not_picked":["Aero","Cursed_Shield"],"picked":"Force_Armor","floor":1},{"not_picked":["Vox","Gladius","Mythril_Knife"],"picked":"SKIP","floor":2},{"not_picked":["Thunder_Blade","Falchion"],"picked":"Mirage_Vest","floor":3},{"not_picked":["Throw","Enhancer","Aero"],"picked":"SKIP","floor":4},{"not_picked":["Transpose_P","Poisona"],"picked":"Minerva_Bustier","floor":6},{"not_picked":["Wall","Meltdown","Barrier"],"picked":"SKIP","floor":10},{"not_picked":["Minerva_Bustier","Vox","Dark"],"picked":"SKIP","floor":12},{"not_picked":["Force_Armor","Astra"],"picked":"Icebrand","floor":13},{"not_picked":["Reflect","Falchion"],"picked":"Bravery","floor":14},{"not_picked":["Bravery","Haste"],"picked":"Falchion+1","floor":18},{"not_picked":["Water","Circlet","Thunder_Blade"],"picked":"SKIP","floor":19},{"not_picked":["Break","Mythril_Knife","Cursed_Shield"],"picked":"SKIP","floor":21},{"not_picked":["Gaia_Gear","Slow"],"picked":"Thornlet","floor":22}],"player_experience":1946654,"relics_obtained":[{"floor":6,"key":"Bag of Marbles"},{"floor":9,"key":"Pen Nib"}],"event_choices":[{"damage_healed":0,"gold_gain":0,"player_choice":"RENOUNCE","damage_taken":39,"max_hp_gain":0,"max_hp_loss":0,"event_name":"betterThird:BetterSerpent","floor":8,"gold_loss":39,"cards_obtained":["Enlightenment"]},{"cards_removed":["Defend_L"],"damage_healed":0,"gold_gain":0,"player_choice":"Offered Basic","damage_taken":0,"max_hp_gain":0,"max_hp_loss":0,"event_name":"Bonfire Elementals","floor":20,"gold_loss":0}],"is_beta":false,"boss_relics":[{"not_picked":["Fusion Hammer","Ectoplasm"],"picked":"energizedSpire:SpiderWeb"}],"items_purged_floors":[5],"is_endless":false,"potions_floor_spawned":[2,6,12,16,22],"killed_by":"Gremlin Leader","ascension_level":0}}