{"host":"newqdrzxfhh2im9e","time":1609094013,"event":{"mods":["AchievementEnabler","BaseMod","BetterRewards","Block Reminder","Colored Map","Jorbs\u0027s Wanderer Trilogy","Minty Spire (QoL Compilation)","Rare Cards Sparkle","Shop Mod","StSLib"],"gold_per_floor":[114,114,126,106,123,123,137,66,66,66,80,80,115,115,115,219,219,233,37,37,37,49,49,77,77,77,91,110,110,110,127,127,127,127],"floor_reached":33,"playtime":983,"items_purged":[],"score":318,"play_id":"0c9a8276-7c6e-4070-858c-0bbd316803c2","local_time":"20201227103333","is_ascension_mode":true,"campfire_choices":[{"data":"Chaos","floor":6,"key":"SMITH"},{"data":"Self Repair","floor":10,"key":"SMITH"},{"data":"Biased Cognition","floor":12,"key":"SMITH"},{"data":"Buffer","floor":15,"key":"SMITH"},{"data":"Echo Form","floor":23,"key":"SMITH"},{"floor":25,"key":"REST"},{"floor":29,"key":"REST"},{"floor":32,"key":"REST"}],"circlet_count":0,"master_deck":["Strike_B","Strike_B","Strike_B","Strike_B","Defend_B","Defend_B","Defend_B","Defend_B","Zap","Dualcast","Sweeping Beam","Chaos+1","Tempest","Biased Cognition+1","Self Repair+1","Stack","Buffer+1","Echo Form+1","Compile Driver+1","Storm","Blizzard","Heatsinks+1","Barrage","Genetic Algorithm"],"relics":["Cracked Core","NeowsBlessing","Eternal Feather","Singing Bowl","Enchiridion","Peace Pipe","Blood Vial"],"acts_visited":["Exordium","TheCity"],"potions_floor_usage":[13,13,16,18,22,27,28],"damage_taken":[{"damage":0,"enemies":"Jaw Worm","floor":1,"turns":1},{"damage":0,"enemies":"Cultist","floor":3,"turns":1},{"damage":0,"enemies":"Small Slimes","floor":5,"turns":1},{"damage":21,"enemies":"Exordium Thugs","floor":7,"turns":4},{"damage":13,"enemies":"Blue Slaver","floor":11,"turns":2},{"damage":37,"enemies":"3 Sentries","floor":13,"turns":7},{"damage":24,"enemies":"The Guardian","floor":16,"turns":12},{"damage":17,"enemies":"Chosen","floor":18,"turns":5},{"damage":11,"enemies":"Spheric Guardian","floor":22,"turns":6},{"damage":37,"enemies":"Book of Stabbing","floor":24,"turns":4},{"damage":0,"enemies":"Centurion and Healer","floor":27,"turns":4},{"damage":46,"enemies":"Shelled Parasite and Fungi","floor":28,"turns":6},{"damage":35,"enemies":"Chosen and Byrds","floor":31,"turns":6},{"damage":84,"enemies":"Automaton","floor":33,"turns":6}],"seed_played":"-8674217433185524876","potions_obtained":[{"floor":1,"key":"EssenceOfDarkness"},{"floor":4,"key":"Dexterity Potion"},{"floor":11,"key":"Block Potion"},{"floor":16,"key":"Weak Potion"},{"floor":24,"key":"FocusPotion"},{"floor":27,"key":"DistilledChaos"}],"is_trial":false,"path_per_floor":["M","?","M","?","M","R","M","$","T","R","M","R","E","?","R","B",null,"M","$","?","?","M","R","E","R","T","M","M","R","?","M","R","B"],"character_chosen":"DEFECT","items_purchased":["Self Repair","Storm","Explosive Potion","Blizzard"],"campfire_rested":3,"item_purchase_floors":[8,19,19,19],"current_hp_per_floor":[75,75,75,75,75,75,54,54,54,63,50,59,32,57,66,52,75,68,68,54,38,37,49,24,60,60,64,22,59,59,38,76,0,0],"gold":127,"neow_bonus":"THREE_ENEMY_KILL","is_daily":false,"chose_seed":false,"campfire_upgraded":5,"win_rate":0.0,"timestamp":1609094013,"path_taken":["M","?","M","?","M","R","M","$","T","R","?","R","E","?","R","BOSS","M","$","?","?","M","R","E","R","T","M","M","R","?","M","R","BOSS"],"items_purchased_type":["Card","Card","Potion","Card"],"build_version":"2020-12-22","purchased_purges":0,"victory":false,"max_hp_per_floor":[75,75,75,75,75,75,75,75,75,75,75,75,75,75,75,75,75,75,75,80,80,80,80,82,82,82,84,86,86,86,88,88,88,88],"card_choices":[{"not_picked":["Gash","Beam Cell"],"picked":"Sweeping Beam","floor":1},{"not_picked":["Ball Lightning","Leap"],"picked":"Chaos","floor":3},{"not_picked":["Turbo","Stack"],"picked":"Tempest","floor":5},{"not_picked":["Streamline","Sweeping Beam"],"picked":"Biased Cognition","floor":7},{"not_picked":["Sweeping Beam","Rebound"],"picked":"Stack","floor":11},{"not_picked":["Darkness","Redo"],"picked":"Buffer","floor":13},{"not_picked":["Multi-Cast","Amplify"],"picked":"Echo Form","floor":16},{"not_picked":["Streamline","Cold Snap"],"picked":"Compile Driver+1","floor":18},{"not_picked":["Conserve Battery+1","Melter+1"],"picked":"Heatsinks+1","floor":22},{"not_picked":["Stack+1","Beam Cell","Heatsinks"],"picked":"Singing Bowl","floor":24},{"not_picked":["Sweeping Beam","Stack+1","Rebound"],"picked":"Singing Bowl","floor":27},{"not_picked":["Stack","Leap","Hologram"],"picked":"Singing Bowl","floor":28},{"not_picked":["Genetic Algorithm","Stack+1","Redo"],"picked":"Singing Bowl","floor":31}],"player_experience":652116,"relics_obtained":[{"floor":9,"key":"Eternal Feather"},{"floor":13,"key":"Singing Bowl"},{"floor":21,"key":"Enchiridion"},{"floor":24,"key":"Peace Pipe"},{"floor":26,"key":"Blood Vial"}],"event_choices":[{"damage_healed":0,"gold_gain":0,"player_choice":"Leave","damage_taken":0,"max_hp_gain":0,"max_hp_loss":0,"event_name":"The Cleric","floor":2,"gold_loss":0},{"damage_healed":0,"gold_gain":0,"player_choice":"Bought 1 Potion","damage_taken":0,"max_hp_gain":0,"max_hp_loss":0,"event_name":"The Woman in Blue","floor":4,"gold_loss":0},{"damage_healed":25,"gold_gain":0,"player_choice":"Banana","damage_taken":0,"max_hp_gain":0,"max_hp_loss":0,"event_name":"Big Fish","floor":14,"gold_loss":0},{"damage_healed":0,"gold_gain":0,"player_choice":"Shed Blood","damage_taken":19,"max_hp_gain":5,"max_hp_loss":0,"event_name":"Forgotten Altar","floor":20,"gold_loss":0},{"damage_healed":0,"gold_gain":0,"player_choice":"Obtained Book","damage_taken":16,"max_hp_gain":0,"max_hp_loss":0,"event_name":"Cursed Tome","floor":21,"gold_loss":0},{"damage_healed":0,"gold_gain":0,"player_choice":"2 cards matched","damage_taken":0,"max_hp_gain":0,"max_hp_loss":0,"event_name":"Match and Keep!","floor":30,"gold_loss":0,"cards_obtained":["Barrage","Genetic Algorithm"]}],"is_beta":false,"boss_relics":[{"not_picked":["Runic Pyramid","Philosopher\u0027s Stone","Velvet Choker"]}],"items_purged_floors":[],"is_endless":false,"potions_floor_spawned":[1,11,16,24,27],"killed_by":"Automaton","ascension_level":4}}