{"host":"mwqnlghgfp5mgeui","time":1609100576,"event":{"mods":["2.2 Compatiblity","BaseMod","DeckTracker","Highlight Path","Minty Spire (QoL Compilation)","SuperFastMode","everything is the same but u backflip on backflip"],"gold_per_floor":[110,110,127,127,137,164,164,179,179,179,195,195,161,174,174,174,174],"floor_reached":16,"playtime":447,"items_purged":[],"score":102,"play_id":"6cb89c5a-39b2-4107-9ad5-6617ebba9da9","local_time":"20201228052256","is_ascension_mode":false,"campfire_choices":[{"floor":7,"key":"REST"},{"floor":10,"key":"REST"},{"data":"Accuracy","floor":12,"key":"SMITH"},{"floor":15,"key":"REST"}],"circlet_count":0,"master_deck":["Strike_G","Strike_G","Strike_G+1","Strike_G","Strike_G","Defend_G","Defend_G","Defend_G","Defend_G","Defend_G","Survivor+1","Neutralize+1","Poisoned Stab","Choke","Slice","Catalyst","Blur","Accuracy+1","Dagger Spray"],"relics":["Ring of the Snake","Kunai","Peace Pipe"],"acts_visited":["Exordium"],"potions_floor_usage":[14,14],"damage_taken":[{"damage":10,"enemies":"Jaw Worm","floor":1,"turns":5},{"damage":0,"enemies":"Small Slimes","floor":3,"turns":3},{"damage":0,"enemies":"2 Louse","floor":5,"turns":2},{"damage":21,"enemies":"Gremlin Nob","floor":6,"turns":4},{"damage":0,"enemies":"Exordium Wildlife","floor":8,"turns":3},{"damage":8,"enemies":"Looter","floor":11,"turns":3},{"damage":0,"enemies":"Blue Slaver","floor":14,"turns":3},{"damage":84,"enemies":"The Guardian","floor":16,"turns":11}],"seed_played":"-332961379631622749","potions_obtained":[{"floor":5,"key":"Energy Potion"},{"floor":11,"key":"LiquidBronze"}],"is_trial":false,"path_per_floor":["M","?","M","?","M","E","R","M","T","R","M","R","?","M","R","B"],"character_chosen":"THE_SILENT","items_purchased":[],"campfire_rested":3,"item_purchase_floors":[],"current_hp_per_floor":[60,46,46,46,46,25,46,46,46,67,59,59,59,59,70,0,0],"gold":174,"neow_bonus":"UPGRADE_CARD","is_daily":false,"chose_seed":false,"campfire_upgraded":1,"win_rate":0.0,"timestamp":1609100576,"path_taken":["M","?","M","?","M","E","R","M","T","R","?","R","?","M","R","BOSS"],"items_purchased_type":[],"build_version":"2020-12-22","purchased_purges":0,"victory":false,"max_hp_per_floor":[70,70,70,70,70,70,70,70,70,70,70,70,70,70,70,70,70],"card_choices":[{"not_picked":["Escape Plan","Setup"],"picked":"Poisoned Stab","floor":1},{"not_picked":["Prepared","Quick Slash"],"picked":"Choke","floor":3},{"not_picked":["Well Laid Plans","Prepared"],"picked":"Slice","floor":5},{"not_picked":["Masterful Stab","Heel Hook"],"picked":"Catalyst","floor":6},{"not_picked":["Setup","Flying Knee"],"picked":"Blur","floor":8},{"not_picked":["Slice","Deadly Poison"],"picked":"Accuracy","floor":11},{"not_picked":["Calculated Gamble","Escape Plan"],"picked":"Dagger Spray","floor":14}],"player_experience":120894,"relics_obtained":[{"floor":6,"key":"Kunai"},{"floor":9,"key":"Peace Pipe"}],"event_choices":[{"damage_healed":0,"gold_gain":0,"player_choice":"Entered Light","damage_taken":14,"max_hp_gain":0,"max_hp_loss":0,"event_name":"Shining Light","floor":2,"gold_loss":0,"cards_upgraded":["Survivor","Strike_G"]},{"damage_healed":0,"gold_gain":0,"player_choice":"Ignored","damage_taken":0,"max_hp_gain":0,"max_hp_loss":0,"event_name":"Liars Game","floor":4,"gold_loss":0},{"damage_healed":0,"gold_gain":0,"player_choice":"Left Gold","damage_taken":0,"max_hp_gain":0,"max_hp_loss":0,"event_name":"World of Goop","floor":13,"gold_loss":34}],"is_beta":false,"boss_relics":[],"items_purged_floors":[],"is_endless":false,"potions_floor_spawned":[5,11],"killed_by":"The Guardian","ascension_level":0}}