{"host":"ecuvtzmejf7hhjpv","time":1609109105,"event":{"mods":["AchievementEnabler","Act Like it!","Aspiration","BaseMod","Better Altar","Better Match","Better Note","Better Sensory Stone","Better Skull","Better Third Choice","BetterRewards","Conspire","Custom Start","Gensokyo","GifTheSpireLib","Hallownest","Hermit","Hubris","Kratos Character Expansion","Marisa????????","Minty Spire (QoL Compilation)","Prisma Mod","Replay The Spire","Spicy Shops","StSLib","The Animator","The Blackbeard","The Bug Knight","The Forsaken","The Hierophant","The Jungle","The Necromancer","The Poker Player","The Wild Card"],"gold_per_floor":[115,115,127,52,63,63,110,127,127,162,162,162,176,176,176],"floor_reached":14,"playtime":555,"items_purged":[],"score":105,"play_id":"83f62438-ce39-4b23-bee0-f1cf2912fe76","local_time":"20201227164505","is_ascension_mode":true,"campfire_choices":[{"floor":6,"key":"REST"},{"floor":11,"key":"REST"}],"circlet_count":0,"master_deck":["animator:Strike_GATE","animator:Defend_GATE","animator:Strike","animator:Strike","animator:Defend","animator:Defend","animator:Defend","animator:TukaLunaMarceau","animator:Kuribayashi","animator:ShinjiMatou","animator:Entoma+3","ReplayTheSpireMod:Calculation Training","animator:IzunaHatsuse","animator:ShinjiMatou","animator:PinaCoLada","animator:Kuribayashi","animator:YaoHaDucy"],"relics":["animator:LivingPicture","animator:TheMissingPiece","hubris:DisguiseKit","Blue Doll","ReplayTheSpireMod:TigerMarble","Blood Vial","Lantern","HornCleat","Replay:Wax Seal"],"acts_visited":["Exordium"],"potions_floor_usage":[10,14],"damage_taken":[{"damage":0,"enemies":"conspire:RoseBush","floor":1,"turns":3},{"damage":0,"enemies":"Cultist","floor":3,"turns":4},{"damage":1,"enemies":"Small Slimes","floor":5,"turns":4},{"damage":15,"enemies":"HollowMod:MossKnight","floor":7,"turns":7},{"damage":3,"enemies":"Blue Slaver","floor":8,"turns":5},{"damage":31,"enemies":"Lagavulin","floor":10,"turns":7},{"damage":0,"enemies":"3 Louse","floor":13,"turns":3},{"damage":31,"enemies":"3 Sentries","floor":14,"turns":8}],"seed_played":"1081561386427706603","potions_obtained":[{"floor":8,"key":"Fire Potion"},{"floor":13,"key":"Weak Potion"}],"is_trial":false,"path_per_floor":["M","?","M","$","M","R","E","M","T","E","R","?","M","E"],"character_chosen":"THE_ANIMATOR","items_purchased":["hubris:DisguiseKit","Blue Doll","animator:ShinjiMatou","animator:IzunaHatsuse"],"campfire_rested":2,"item_purchase_floors":[0,0,0,4],"current_hp_per_floor":[52,19,21,21,24,44,33,32,32,4,25,25,29,0,0],"gold":176,"neow_bonus":"","is_daily":false,"chose_seed":false,"campfire_upgraded":0,"win_rate":0.0,"timestamp":1609109105,"path_taken":["M","?","?","$","M","R","E","M","T","E","R","?","?","E"],"items_purchased_type":["Relic","Relic","Card","Card"],"build_version":"2020-12-22","purchased_purges":0,"victory":false,"max_hp_per_floor":[66,66,66,66,68,68,70,70,70,71,71,71,73,73,73],"card_choices":[{"not_picked":["animator:Alexander","animator:DolaSchwi","Go for the Eyes"],"picked":"animator:Entoma","floor":1},{"not_picked":["animator:Entoma","animator:Alexander","animator:Rider"],"picked":"ReplayTheSpireMod:Calculation Training","floor":3},{"not_picked":["animator:FielNirvalen","animator:HighElfArcher","Hologram"],"picked":"animator:ShinjiMatou","floor":5},{"not_picked":["animator:Kuribayashi","animator:Arpeggio"],"picked":"animator:PinaCoLada","floor":7},{"not_picked":["animator:Shinoa","animator:Hakurou","Leap"],"picked":"animator:Kuribayashi","floor":8},{"not_picked":["animator:Shion","animator:EmiyaShirou","Force Field"],"picked":"animator:YaoHaDucy","floor":10},{"not_picked":["animator:Mitsuba","animator:Tet","animator:Rider","Steam"],"picked":"SKIP","floor":13}],"player_experience":910313,"relics_obtained":[{"floor":7,"key":"Lantern"},{"floor":9,"key":"HornCleat"},{"floor":10,"key":"Replay:Wax Seal"}],"event_choices":[{"damage_healed":0,"gold_gain":0,"player_choice":"RE RE ","damage_taken":37,"relics_obtained":["ReplayTheSpireMod:TigerMarble","Blood Vial"],"max_hp_gain":0,"max_hp_loss":0,"event_name":"betterSkull:BetterSkull","floor":2,"gold_loss":0,"cards_upgraded":[]},{"cards_removed":["animator:Strike"],"damage_healed":0,"gold_gain":0,"player_choice":"Purged","damage_taken":0,"max_hp_gain":0,"max_hp_loss":0,"event_name":"Purifier","floor":12,"gold_loss":0}],"is_beta":false,"boss_relics":[],"items_purged_floors":[],"is_endless":false,"potions_floor_spawned":[8,13],"killed_by":"3 Sentries","ascension_level":1}}