{"host":"7sni158j623xchr2","time":1609089682,"event":{"mods":["BaseMod","Colored Map","Highlight Path","Minty Spire (QoL Compilation)","Permanent Neow","Potion Indicator Mod","Rare Cards Sparkle","Relic Sorter","Relic Stats","StSLib","everything is the same but u backflip on backflip"],"gold_per_floor":[117,36,111,111,131,131,464,464,488,515,122,140,140,40,40,40,40],"floor_reached":16,"playtime":332,"items_purged":["Strike_G","Strike_G"],"score":111,"play_id":"0af38335-a178-4239-84af-3b6d87fd9a1a","local_time":"20201227112122","is_ascension_mode":true,"campfire_choices":[{"data":"All Out Attack","floor":6,"key":"SMITH"},{"data":"Poisoned Stab","floor":13,"key":"SMITH"},{"data":"Catalyst","floor":15,"key":"SMITH"}],"circlet_count":0,"master_deck":["Strike_G","Strike_G","Strike_G","Defend_G+1","Defend_G","Defend_G","Defend_G","Survivor","Neutralize","Deflect","All Out Attack+1","Quick Slash+1","Noxious Fumes","Catalyst+1","Poisoned Stab+1","PiercingWail"],"relics":["Ring of the Snake","Ancient Tea Set","Old Coin","Bronze Scales","Art of War","OrangePellets"],"acts_visited":["Exordium"],"potions_floor_usage":[7,16,16],"damage_taken":[{"damage":2,"enemies":"Small Slimes","floor":1,"turns":7},{"damage":0,"enemies":"2 Louse","floor":5,"turns":2},{"damage":10,"enemies":"3 Sentries","floor":7,"turns":6},{"damage":19,"enemies":"Lagavulin","floor":10,"turns":8},{"damage":0,"enemies":"Jaw Worm","floor":12,"turns":2},{"damage":7,"enemies":"Slime Boss","floor":16,"turns":5}],"seed_played":"1917876883216881212","potions_obtained":[{"floor":5,"key":"PowerPotion"},{"floor":12,"key":"Strength Potion"}],"is_trial":false,"path_per_floor":["M","$","?","?","M","R","E","?","T","E","$","M","R","$","R","B"],"character_chosen":"THE_SILENT","items_purchased":["All Out Attack","Catalyst","OrangePellets","Block Potion","Poisoned Stab"],"campfire_rested":0,"item_purchase_floors":[2,11,11,11,11],"current_hp_per_floor":[68,68,57,50,50,50,40,26,26,7,7,7,7,7,7,0,0],"gold":40,"neow_bonus":"RANDOM_COMMON_RELIC","is_daily":false,"chose_seed":false,"campfire_upgraded":3,"win_rate":0.0,"timestamp":1609089682,"path_taken":["M","$","?","?","M","R","E","?","T","E","?","M","R","$","R","BOSS"],"items_purchased_type":["Card","Card","Relic","Potion","Card"],"build_version":"2020-12-22","purchased_purges":2,"victory":false,"max_hp_per_floor":[70,70,70,70,70,70,70,70,70,70,70,70,70,70,70,70,70],"relic_stats":{"OrangePellets":[0],"counters":[6,30],"Bronze Scales":[15],"Art of War":[0],"obtain_stats":[{"OrangePellets":11,"Bronze Scales":9,"Art of War":10,"Ancient Tea Set":0,"Ring of the Snake":0,"Old Coin":7},{"OrangePellets":4,"Bronze Scales":3,"Art of War":4,"Ancient Tea Set":0,"Ring of the Snake":0,"Old Coin":3},{"OrangePellets":23,"Bronze Scales":15,"Art of War":23,"Ancient Tea Set":0,"Ring of the Snake":0,"Old Coin":15}],"Ring of the Snake":[12]},"card_choices":[{"not_picked":["Prepared","Endless Agony"],"picked":"Deflect","floor":1},{"not_picked":["Cloak And Dagger","Setup"],"picked":"Quick Slash","floor":5},{"not_picked":["Terror","Underhanded Strike"],"picked":"Noxious Fumes","floor":7},{"not_picked":["Prepared","Escape Plan","Tactician"],"picked":"SKIP","floor":10},{"not_picked":["Outmaneuver","Prepared"],"picked":"PiercingWail","floor":12}],"player_experience":1540896,"relics_obtained":[{"floor":7,"key":"Old Coin"},{"floor":9,"key":"Bronze Scales"},{"floor":10,"key":"Art of War"}],"event_choices":[{"damage_healed":0,"gold_gain":75,"player_choice":"Gather Gold","damage_taken":11,"max_hp_gain":0,"max_hp_loss":0,"event_name":"World of Goop","floor":3,"gold_loss":0},{"cards_removed":["Defend_G"],"damage_healed":0,"gold_gain":0,"player_choice":"Card Removal","damage_taken":7,"max_hp_gain":0,"max_hp_loss":0,"event_name":"Golden Wing","floor":4,"gold_loss":0},{"damage_healed":0,"gold_gain":0,"player_choice":"Entered Light","damage_taken":14,"max_hp_gain":0,"max_hp_loss":0,"event_name":"Shining Light","floor":8,"gold_loss":0,"cards_upgraded":["Defend_G","Quick Slash"]}],"is_beta":false,"boss_relics":[],"items_purged_floors":[11,14],"is_endless":false,"potions_floor_spawned":[5,12],"killed_by":"Slime Boss","ascension_level":1}}