{"host":"ksz6njxfowgsdugl","time":1609090628,"event":{"mods":["2.2 Compatiblity","Act Like it!","BaseMod","Better Third Choice","Conjunction","Duelist Mod","Ekko","Elementarium","Fiend Mod","Hallownest","Hermit","Hubris","Infinite Spire","Jedi Mod","Jorbs\u0027s Wanderer Trilogy","Luminous","Minty Spire (QoL Compilation)","Railgun Mod","Replay The Spire","SCP261 Mod","Shade Mod","StSLib","The Bug Knight"],"gold_per_floor":[115,43,59,59,70,102,52,52,52,68,93,113,140,156,156,257,257,268,268,288,305,320,349,349,369,396,411,321,98,98,131,131,229,229,245,256,256,274,21,21,40,40,66,84,84,97,97,127,127,127],"floor_reached":51,"playtime":2806,"items_purged":["TheRailgun:Strike","TheRailgun:Electrical_Storm"],"score":881,"play_id":"ed0630f3-43dd-4ca9-8e3f-0dd6d6b52fbe","local_time":"20201227183708","is_ascension_mode":false,"campfire_choices":[{"floor":24,"key":"REST"},{"floor":32,"key":"REST"},{"data":"TheRailgun:Biribiri","floor":40,"key":"SMITH"},{"data":"TheRailgun:Electric_Fence","floor":45,"key":"SMITH"},{"data":"TheRailgun:Sister_Noise","floor":47,"key":"SMITH"}],"circlet_count":0,"master_deck":["TheRailgun:Defend","TheRailgun:Defend","TheRailgun:Defend","TheRailgun:Defend","TheRailgun:Discharge","TheRailgun:Static","TheRailgun:Zip","TheRailgun:Heroinism","TheRailgun:Biribiri+1","TheRailgun:Iron_Dust_Vial","TheRailgun:Negative_Field","TheRailgun:Electric_Fence","infinitespire:FutureSight+1","TheRailgun:Lightning_Speed","TheRailgun:Iron_Dust_Field","TheRailgun:Teleporter","TheRailgun:Sister_Network","TheRailgun:Railgun","TheRailgun:Teleporter+1","Coolheaded","TheRailgun:Crackle","TheRailgun:Positive_Field","TheRailgun:Magnetic_Movement","TheRailgun:Battery_Pack+1","Bite","Bite","Bite","Bite","Bite","TheRailgun:Sister_Noise+1","TheRailgun:Level_6+1","TheRailgun:Electric_Fence+1","TheRailgun:Stun_Shock+1","TheRailgun:Zip+1","TheRailgun:Iron_Dust_Shield","TheRailgun:Iron_Dust_Field"],"relics":["TheRailgun:CoinRelic","hubris:Towel","Strawberry","hubris:PeanutButter","Odd Mushroom","Nunchaku","Black Star","infinitespire:BottledMercury","Regal Pillow","Replay:Rubber Ducky","hubris:FunFungus","Happy Flower","hubris:Backtick","infinitespire:ShieldingShard","Lee\u0027s Waffle","Dream Catcher","ReplayTheSpireMod:Lightbulb","infinitespire:Broken Mirror","Ice Cream"],"acts_visited":["Exordium","TheCity","TheBeyond"],"potions_floor_usage":[6,6,13,16,18,31,35,35],"damage_taken":[{"damage":0,"enemies":"Cultist","floor":1,"turns":3},{"damage":0,"enemies":"Small Slimes","floor":3,"turns":3},{"damage":0,"enemies":"2 Louse","floor":5,"turns":3},{"damage":4,"enemies":"Gremlin Nob","floor":6,"turns":3},{"damage":0,"enemies":"Looter","floor":10,"turns":3},{"damage":27,"enemies":"The Mushroom Lair","floor":11,"turns":4},{"damage":2,"enemies":"Lots of Slimes","floor":12,"turns":3},{"damage":0,"enemies":"Replay:BlueRogue","floor":13,"turns":6},{"damage":17,"enemies":"Gremlin Gang","floor":14,"turns":5},{"damage":4,"enemies":"The Guardian","floor":16,"turns":12},{"damage":9,"enemies":"3 Byrds","floor":18,"turns":3},{"damage":7,"enemies":"Shell Parasite","floor":20,"turns":7},{"damage":24,"enemies":"3 Cultists","floor":21,"turns":6},{"damage":21,"enemies":"Centurion and Healer","floor":22,"turns":6},{"damage":11,"enemies":"theDuelist:KaibaA2","floor":23,"turns":11},{"damage":21,"enemies":"Cultist and Chosen","floor":25,"turns":6},{"damage":9,"enemies":"Shelled Parasite and Fungi","floor":27,"turns":7},{"damage":7,"enemies":"Replay:Snechameleon","floor":31,"turns":6},{"damage":60,"enemies":"Automaton","floor":33,"turns":13},{"damage":1,"enemies":"3 Shapes","floor":35,"turns":3},{"damage":23,"enemies":"Orb Walker","floor":36,"turns":6},{"damage":0,"enemies":"3 Darklings","floor":38,"turns":6},{"damage":0,"enemies":"Spire Growth","floor":41,"turns":4},{"damage":63,"enemies":"4 Shapes","floor":44,"turns":4},{"damage":7,"enemies":"Writhing Mass","floor":46,"turns":5},{"damage":0,"enemies":"Giant Head","floor":48,"turns":8},{"damage":0,"enemies":"Donu and Deca","floor":50,"turns":9}],"seed_played":"-8016124191387601380","potions_obtained":[{"floor":1,"key":"SkillPotion"},{"floor":3,"key":"AttackPotion"},{"floor":12,"key":"Adrenaline Potion"},{"floor":14,"key":"Conjunction:LightningMarble"},{"floor":16,"key":"Death Potion"},{"floor":18,"key":"jedi:wingpotion"},{"floor":25,"key":"jedi:tentaclejuice"},{"floor":28,"key":"SCP261:AppleJuicePotion"},{"floor":33,"key":"PowerPotion"},{"floor":38,"key":"SpeedPotion"},{"floor":41,"key":"ColorlessPotion"},{"floor":46,"key":"FearPotion"}],"is_trial":false,"path_per_floor":["M","$","M","?","M","E","?","?","T","M","?","M","E","M","R","B",null,"M","?","M","M","M","E","R","M","T","M","?","$","?","E","R","B",null,"M","M","?","M","$","R","M","?","T","M","R","M","R","E","R","B",null],"character_chosen":"THE_DEFAULT","items_purchased":["TheRailgun:Biribiri","Blood Vial","Lee\u0027s Waffle"],"campfire_rested":2,"item_purchase_floors":[2,29,39],"current_hp_per_floor":[77,77,77,77,77,80,80,59,59,59,32,30,30,13,38,34,84,75,75,68,44,23,12,52,31,31,22,22,22,22,19,59,40,84,92,74,74,92,99,99,99,99,99,60,60,86,86,99,99,99],"gold":127,"neow_bonus":"TEN_PERCENT_HP_BONUS","is_daily":false,"chose_seed":false,"campfire_upgraded":3,"win_rate":0.0,"timestamp":1609090628,"path_taken":["M","$","M","?","M","E","?","?","T","M","?","M","E","M","R","BOSS","M","?","?","M","M","E","R","M","T","M","?","$","?","E","R","BOSS","M","M","?","?","$","R","M","?","T","?","R","M","R","E","R","BOSS"],"items_purchased_type":["Card","Relic","Relic"],"build_version":"2020-12-22","purchased_purges":2,"victory":true,"max_hp_per_floor":[77,77,77,77,77,84,84,84,84,84,84,84,84,84,84,84,84,84,84,84,84,84,84,84,84,84,84,84,84,84,84,84,84,84,92,92,92,92,99,99,99,99,99,99,99,99,99,99,99,99],"card_choices":[{"not_picked":["TheRailgun:Static","TheRailgun:Gekota_Phone"],"picked":"TheRailgun:Heroinism","floor":1},{"not_picked":["TheRailgun:Mental_Out","TheRailgun:Push"],"picked":"TheRailgun:Iron_Dust_Vial","floor":3},{"not_picked":["TheRailgun:Thundervolt","TheRailgun:Pull"],"picked":"TheRailgun:Negative_Field","floor":5},{"not_picked":["TheRailgun:Iron_Dust_Sword","TheRailgun:Lightning_Speed"],"picked":"TheRailgun:Electric_Fence","floor":6},{"not_picked":["ReplayTheSpireMod:Echoes of Time","Replay:Fractal Strike"],"picked":"infinitespire:FutureSight","floor":8},{"not_picked":["TheRailgun:Charge","TheRailgun:Thundershock"],"picked":"TheRailgun:Lightning_Speed","floor":10},{"not_picked":["TheRailgun:Supercharge","TheRailgun:Token_Collection"],"picked":"TheRailgun:Iron_Dust_Field","floor":11},{"not_picked":["TheRailgun:Crackle","TheRailgun:Iron_Dust_Sword"],"picked":"TheRailgun:Electrical_Storm","floor":12},{"not_picked":["TheRailgun:Recharge","TheRailgun:Electrical_Storm"],"picked":"TheRailgun:Teleporter","floor":13},{"not_picked":["TheRailgun:Thunderjolt","TheRailgun:Circuit_Breaker"],"picked":"TheRailgun:Sister_Network","floor":14},{"not_picked":["TheRailgun:Thunder","TheRailgun:Rewiring"],"picked":"TheRailgun:Railgun","floor":16},{"not_picked":["TheRailgun:Thundershock+1","TheRailgun:Static+1"],"picked":"TheRailgun:Teleporter+1","floor":18},{"not_picked":["TheRailgun:Overload","TheRailgun:Static"],"picked":"TheRailgun:Crackle","floor":20},{"not_picked":["TheRailgun:Spark+1","TheRailgun:Recharge"],"picked":"TheRailgun:Positive_Field","floor":21},{"not_picked":["TheRailgun:Supercharge","TheRailgun:Hypercharge"],"picked":"TheRailgun:Magnetic_Movement","floor":22},{"not_picked":["TheRailgun:Spark+1","TheRailgun:Gekotamania"],"picked":"TheRailgun:Battery_Pack","floor":23},{"not_picked":["TheRailgun:Battery_Pack","TheRailgun:Iron_Dust_Vial","TheRailgun:Coin_Flip"],"picked":"SKIP","floor":25},{"not_picked":["TheRailgun:Gekotamania","TheRailgun:Pull+1","TheRailgun:Iron_Dust_Sword+1"],"picked":"SKIP","floor":27},{"not_picked":["TheRailgun:Discharge","TheRailgun:Push"],"picked":"TheRailgun:Sister_Noise","floor":31},{"not_picked":["TheRailgun:Overload","TheRailgun:Circuitous"],"picked":"TheRailgun:Level_6","floor":33},{"not_picked":["TheRailgun:Iron_Dust_Vial+1","TheRailgun:Mental_Out"],"picked":"TheRailgun:Electric_Fence","floor":35},{"not_picked":["TheRailgun:Push","TheRailgun:Spark"],"picked":"TheRailgun:Stun_Shock+1","floor":36},{"not_picked":["TheRailgun:Charge","TheRailgun:Token_Collection","TheRailgun:Crackle"],"picked":"SKIP","floor":38},{"not_picked":["TheRailgun:Mental_Out","TheRailgun:Zap+1"],"picked":"TheRailgun:Zip+1","floor":41},{"not_picked":["TheRailgun:Teleporter","TheRailgun:Heroinism","TheRailgun:Zap"],"picked":"SKIP","floor":44},{"not_picked":["TheRailgun:Crack+1","TheRailgun:Zip","TheRailgun:Gekotamania+1"],"picked":"SKIP","floor":46},{"not_picked":["TheRailgun:Teleporter+1","TheRailgun:Thunderbolt"],"picked":"TheRailgun:Iron_Dust_Shield","floor":48},{"not_picked":["TheRailgun:Pull+1","TheRailgun:Gekota_Phone"],"picked":"TheRailgun:Iron_Dust_Field","floor":49}],"player_experience":513447,"relics_obtained":[{"floor":6,"key":"Strawberry"},{"floor":9,"key":"hubris:PeanutButter"},{"floor":11,"key":"Odd Mushroom"},{"floor":13,"key":"Nunchaku"},{"floor":23,"key":"infinitespire:BottledMercury"},{"floor":23,"key":"Regal Pillow"},{"floor":26,"key":"Replay:Rubber Ducky"},{"floor":31,"key":"hubris:FunFungus"},{"floor":31,"key":"Happy Flower"},{"floor":43,"key":"ReplayTheSpireMod:Lightbulb"},{"floor":48,"key":"infinitespire:Broken Mirror"},{"floor":48,"key":"Ice Cream"}],"event_choices":[{"cards_removed":["TheRailgun:Strike"],"damage_healed":0,"gold_gain":0,"player_choice":"Card Removal","damage_taken":0,"max_hp_gain":0,"max_hp_loss":0,"event_name":"The Cleric","floor":7,"gold_loss":50},{"damage_healed":0,"gold_gain":0,"player_choice":"Fought Mushrooms","damage_taken":0,"max_hp_gain":0,"max_hp_loss":0,"event_name":"Mushrooms","floor":11,"gold_loss":0},{"damage_healed":0,"gold_gain":0,"player_choice":"Read","damage_taken":0,"max_hp_gain":0,"max_hp_loss":0,"event_name":"The Library","floor":19,"gold_loss":0,"cards_obtained":["Coolheaded"]},{"damage_healed":0,"gold_gain":0,"player_choice":"Became a vampire (Vial)","damage_taken":0,"max_hp_gain":0,"max_hp_loss":0,"event_name":"Vampires","floor":30,"relics_lost":["Blood Vial"],"gold_loss":0,"cards_obtained":["Bite","Bite","Bite","Bite","Bite"]},{"damage_healed":0,"gold_gain":0,"player_choice":"Upgraded","damage_taken":0,"max_hp_gain":0,"max_hp_loss":0,"event_name":"Upgrade Shrine","floor":37,"gold_loss":0,"cards_upgraded":["TheRailgun:Level_6"]},{"damage_healed":0,"gold_gain":0,"player_choice":"Gave Potion","damage_taken":0,"relics_obtained":["Dream Catcher"],"max_hp_gain":0,"max_hp_loss":0,"event_name":"WeMeetAgain","floor":42,"gold_loss":0}],"is_beta":false,"boss_relics":[{"not_picked":["ReplayTheSpireMod:DimensionalGlitch","hubris:TerracottaHorce"],"picked":"Black Star"},{"not_picked":["Honey Jar","ReplayTheSpireMod:SealedPack"],"picked":"hubris:Backtick"}],"items_purged_floors":[29,39],"is_endless":false,"potions_floor_spawned":[1,3,12,14,16,18,25,33,38,41,46],"ascension_level":0}}