{"host":"csap8gk29nkluet0","time":1609076724,"event":{"mods":["BaseMod","Downfall","Minty Spire (QoL Compilation)","StSLib"],"gold_per_floor":[99,113,113,124,134,168,168,182,182,200,216,250,100,45,59,59,59,59],"floor_reached":16,"playtime":1297,"items_purged":[],"score":139,"play_id":"446d6f61-c910-43b9-b5c9-e6d22df8e708","local_time":"20201227214524","is_ascension_mode":false,"campfire_choices":[{"data":"hexamod:Sear","floor":1,"key":"SMITH"},{"data":"hexamod:Float","floor":13,"key":"SMITH"}],"circlet_count":0,"master_deck":["hexamod:Strike","hexamod:Strike","hexamod:Strike","hexamod:Strike","hexamod:Defend","hexamod:Defend","hexamod:Defend","hexamod:Defend","hexamod:Sear+1","hexamod:Float+1","hexamod:SwordOfDarkness+1","hexamod:InspiringFlames","hexamod:EmpoweredFlame","hexamod:SpectersWail","hexamod:Rewind","hexamod:SixthSeal","hexamod:PhantomFireball","hexamod:BurningTouch","hexamod:RadiantFlame","hexamod:GhostOfSpirePast"],"relics":["hexamod:SpiritBrand","Bottled Flame","FaceOfCleric","Question Card","downfall:HeartBlessingBlue","downfall:HeartBlessingGreen"],"acts_visited":["Exordium"],"potions_floor_usage":[],"damage_taken":[{"damage":0,"enemies":"2 Louse","floor":2,"turns":2},{"damage":0,"enemies":"Jaw Worm","floor":4,"turns":3},{"damage":6,"enemies":"Cultist","floor":5,"turns":3},{"damage":21,"enemies":"3 Sentries","floor":6,"turns":10},{"damage":6,"enemies":"Exordium Thugs","floor":8,"turns":4},{"damage":3,"enemies":"2 Fungi Beasts","floor":10,"turns":3},{"damage":1,"enemies":"Exordium Wildlife","floor":11,"turns":2},{"damage":25,"enemies":"Gremlin Nob","floor":12,"turns":4},{"damage":10,"enemies":"downfall:FleeingMerchant","floor":14,"turns":4},{"damage":0,"enemies":"3 Louse","floor":15,"turns":3},{"damage":27,"enemies":"downfall:Defect","floor":16,"turns":4}],"seed_played":"2852491911907428601","potions_obtained":[{"floor":4,"key":"Ancient Potion"},{"floor":5,"key":"AttackPotion"},{"floor":6,"key":"Energy Potion"}],"is_trial":false,"path_per_floor":["R","M","?","M","M","E","T","M","?","M","M","E","R","$","M","B"],"character_chosen":"THE_SPIRIT","items_purchased":["hexamod:RadiantFlame"],"campfire_rested":0,"item_purchase_floors":[14],"current_hp_per_floor":[77,77,82,82,76,55,55,49,49,47,47,23,33,24,25,0,0,0],"gold":59,"neow_bonus":"TEN_PERCENT_HP_BONUS","is_daily":false,"chose_seed":false,"campfire_upgraded":2,"win_rate":0.0,"timestamp":1609076724,"path_taken":["R","M","?","M","M","E","T","M","?","?","M","E","R","?","M","BOSS"],"items_purchased_type":["Card"],"build_version":"2020-12-22","purchased_purges":0,"victory":false,"max_hp_per_floor":[77,77,82,82,82,82,82,82,82,83,84,85,95,96,97,97,97,97],"card_choices":[{"not_picked":["hexamod:FastForward","hexamod:InspiringFlames"],"picked":"hexamod:SwordOfDarkness","floor":2},{"not_picked":["hexamod:RainOfEmbers","hexamod:UnleashSpirits"],"picked":"hexamod:InspiringFlames","floor":4},{"not_picked":["hexamod:SecondSeal","hexamod:AdvancingGuard"],"picked":"hexamod:EmpoweredFlame","floor":5},{"not_picked":["hexamod:SkipABeat","hexamod:NightmareStrike"],"picked":"hexamod:SpectersWail","floor":6},{"not_picked":["hexamod:NecessarySacrifice","hexamod:FastForward"],"picked":"hexamod:Rewind","floor":8},{"not_picked":["hexamod:NightmareStrike","hexamod:RadiantFlame"],"picked":"hexamod:SixthSeal","floor":10},{"not_picked":["hexamod:NightmareStrike","hexamod:GhostShield"],"picked":"hexamod:PhantomFireball","floor":11},{"not_picked":["hexamod:ShieldOfDarkness","hexamod:SearingWound"],"picked":"hexamod:BurningTouch","floor":12},{"not_picked":["hexamod:AdvancingGuard","hexamod:CatchUp","hexamod:BacktrackSmack","hexamod:SpectersWail"],"picked":"SKIP","floor":14},{"not_picked":["hexamod:FastForward","hexamod:StepThrough","hexamod:Firestarter"],"picked":"hexamod:GhostOfSpirePast","floor":15}],"player_experience":124106,"relics_obtained":[{"floor":6,"key":"Bottled Flame"},{"floor":12,"key":"Question Card"}],"event_choices":[{"damage_healed":0,"gold_gain":0,"player_choice":"Donut","damage_taken":0,"max_hp_gain":5,"max_hp_loss":0,"event_name":"Big Fish","floor":3,"gold_loss":0},{"damage_healed":0,"gold_gain":0,"player_choice":"Trade","damage_taken":0,"relics_obtained":["FaceOfCleric"],"max_hp_gain":0,"max_hp_loss":0,"event_name":"FaceTrader","floor":9,"gold_loss":0}],"is_beta":false,"boss_relics":[],"items_purged_floors":[],"is_endless":false,"potions_floor_spawned":[4,5,6,10,11],"killed_by":"downfall:Defect","ascension_level":0}}