{"host":"eemx8njkng76fu5x","time":1609076673,"event":{"mods":["2.2 Compatiblity","BaseMod","Downfall","Minty Spire (QoL Compilation)","Permanent Neow","StSLib","Unceasing Turn Reminder","Unknown Chances"],"gold_per_floor":[99,119,130,130,148,248,302,315,240,254,179,214,230,230,244,343,343,343,361,361,361,378,121,121,121,135,135,148,161,161,193,205,304,304,229,240,292,310,321,321,321,356,474,474,424,434,444,459,475,475,475,505,59,59,59],"floor_reached":56,"playtime":3383,"items_purged":["champ:Strike","champ:Strike","champ:Strike","champ:Defend"],"score":1592,"play_id":"ae5a310a-b942-4c59-b6b0-409f097fa352","local_time":"20201227214433","is_ascension_mode":true,"campfire_choices":[{"data":"champ:Taunt","floor":1.0,"key":"SMITH"},{"floor":9.0,"key":"RECALL"},{"data":"champ:TornadoPunch","floor":11.0,"key":"SMITH"},{"data":"champ:PerfectForm","floor":18.0,"key":"SMITH"},{"data":"champ:CrookedStrike","floor":25.0,"key":"SMITH"},{"data":"champ:Aggression","floor":27.0,"key":"SMITH"},{"data":"champ:PerfectForm","floor":35.0,"key":"SMITH"},{"data":"champ:Duel","floor":40.0,"key":"SMITH"},{"data":"champ:SteelEdge","floor":54,"key":"SMITH"}],"circlet_count":0,"master_deck":["champ:Defend+1","champ:Defend","champ:Execute","champ:Taunt+1","champ:DefensiveShout","champ:IronFortress","champ:FanOfKnives","champ:Backstep","champ:TornadoPunch+1","champ:ShieldSlam","champ:Aggression+1","champ:FlashCut","champ:PerfectForm+1","champ:ArenaPreparation+1","champ:CrookedStrike+1","champ:BringItOn+1","champ:Duel+1","Ghostly","Ghostly","Ghostly","Ghostly","Ghostly","champ:GladiatorsShout+1","champ:PerfectForm+1","champ:FlashCut+1","champ:FaceSlap+1","champ:CalledShot+1","champ:BringItOn+1","expansioncontent:Flail","champ:BringItOn+1","champ:Control","champ:Backstep+1","champ:SteelEdge+1","champ:TornadoPunch+1"],"relics":["champ:ChampionCrown","downfall:HeartBlessingBlue","downfall:HeartBlessingRed","Art of War","champ:LiftRelic","Sozu","Enchiridion","champ:GladiatorsBookOfMartialProwess","Happy Flower","White Beast Statue","Smiling Mask","champ:PowerArmor","downfall:HeartBlessingGreen","Ginger","War Paint","Nunchaku","HandDrill","Strawberry","Sundial","Bronze Scales"],"acts_visited":["Exordium","TheCity","TheBeyond","TheEnding"],"potions_floor_usage":[55,55],"damage_taken":[{"damage":5.0,"enemies":"2 Louse","floor":2.0,"turns":3.0},{"damage":5.0,"enemies":"Cultist","floor":3.0,"turns":3.0},{"damage":7.0,"enemies":"Jaw Worm","floor":5.0,"turns":4.0},{"damage":12.0,"enemies":"3 Louse","floor":8.0,"turns":2.0},{"damage":5.0,"enemies":"2 Fungi Beasts","floor":10.0,"turns":4.0},{"damage":15.0,"enemies":"Gremlin Nob","floor":12.0,"turns":5.0},{"damage":5.0,"enemies":"Exordium Wildlife","floor":13.0,"turns":3.0},{"damage":0.0,"enemies":"3 Louse","floor":15.0,"turns":1.0},{"damage":64.0,"enemies":"downfall:Silent","floor":16.0,"turns":9.0},{"damage":24.0,"enemies":"3 Byrds","floor":19.0,"turns":4.0},{"damage":36.0,"enemies":"Cultist and Chosen","floor":22.0,"turns":5.0},{"damage":38.0,"enemies":"downfall:FleeingMerchant","floor":23.0,"turns":4.0},{"damage":31.0,"enemies":"Sentry and Sphere","floor":26.0,"turns":3.0},{"damage":15.0,"enemies":"Chosen and Byrds","floor":28.0,"turns":3.0},{"damage":11.0,"enemies":"Shelled Parasite and Fungi","floor":29.0,"turns":4.0},{"damage":32.0,"enemies":"Gremlin Leader","floor":31.0,"turns":8.0},{"damage":16.0,"enemies":"Sentry and Sphere","floor":32.0,"turns":5.0},{"damage":50.0,"enemies":"downfall:Defect","floor":33.0,"turns":7.0},{"damage":32.0,"enemies":"3 Shapes","floor":36.0,"turns":5.0},{"damage":39.0,"enemies":"2 Orb Walkers","floor":37.0,"turns":6.0},{"damage":8.0,"enemies":"3 Darklings","floor":38.0,"turns":4.0},{"damage":13.0,"enemies":"Spire Growth","floor":39.0,"turns":4.0},{"damage":21,"enemies":"Nemesis","floor":42,"turns":5},{"damage":56,"enemies":"downfall:FleeingMerchant","floor":43,"turns":4},{"damage":18,"enemies":"Writhing Mass","floor":46,"turns":3},{"damage":35,"enemies":"3 Darklings","floor":47,"turns":4},{"damage":12,"enemies":"Jaw Worm Horde","floor":48,"turns":3},{"damage":38,"enemies":"Maw","floor":49,"turns":6},{"damage":8,"enemies":"downfall:Watcher","floor":50,"turns":5},{"damage":44,"enemies":"downfall:CharBossMerchant","floor":52,"turns":8},{"damage":63,"enemies":"downfall:NeowBoss","floor":55,"turns":21}],"seed_played":"-4903290714423075597","potions_obtained":[{"floor":5.0,"key":"Regen Potion"},{"floor":8.0,"key":"Block Potion"},{"floor":10.0,"key":"FearPotion"},{"floor":13.0,"key":"PowerPotion"},{"floor":16.0,"key":"Dexterity Potion"}],"is_trial":false,"path_per_floor":["R","M","M","?","M","?","T","M","R","M","R","E","M","?","M","B",null,"R","M","?","?","M","$","T","R","M","R","M","M","?","E","M","B",null,"R","M","?","M","M","R","T","E","$","?","$","M","M","M","M","B",null,"E","$","R","B",null],"character_chosen":"THE_CHAMP","items_purchased":["champ:BringItOn","Happy Flower","HandDrill","Sundial","Bronze Scales"],"campfire_rested":0,"item_purchase_floors":[23,23,43,53,53],"current_hp_per_floor":[81,81,81,81,79,79,79,70,80,80,80,70,65,65,65,16,72,72,56,40,40,27,33,33,33,33,33,33,33,33,23,33,14,37,37,35,6,21,26,26,26,45,45,45,45,45,45,45,45,45,45,40,40,40,44],"gold":59,"neow_bonus":"REMOVE_TWO","is_daily":false,"chose_seed":false,"campfire_upgraded":8,"win_rate":0.0,"timestamp":1609076673,"path_taken":["R","M","M","?","M","?","T","M","R","?","R","E","M","?","M","BOSS","R","M","?","?","M","?","T","R","M","R","M","M","?","E","M","BOSS","R","M","?","M","M","R","T","E","$","?","$","M","M","M","M","BOSS","E","$","R","BOSS"],"items_purchased_type":["Card","Relic","Relic","Relic","Relic"],"build_version":"2020-12-22","purchased_purges":4,"victory":true,"max_hp_per_floor":[81,81,81,81,81,81,81,81,91,91,91,91,91,91,91,91,91,91,91,91,91,91,91,91,91,91,91,91,91,45,45,45,45,45,45,45,45,45,45,45,45,45,45,45,45,45,45,45,45,45,45,52,52,52,52],"card_choices":[{"not_picked":["champ:AdrenalArmor","champ:ShieldSigil"],"picked":"champ:DefensiveShout","floor":2.0},{"not_picked":["champ:StanceDance","champ:PerfectedStrike"],"picked":"champ:IronFortress","floor":3.0},{"not_picked":["champ:CrookedStrike","champ:EnragedBash"],"picked":"champ:FanOfKnives","floor":5.0},{"not_picked":["champ:BerserkersShout","champ:FalseCounter"],"picked":"champ:Backstep","floor":8.0},{"not_picked":["champ:Backstep","champ:BringItOn"],"picked":"champ:TornadoPunch","floor":10.0},{"not_picked":["champ:StanceDance","champ:BerserkerStyle"],"picked":"champ:ShieldSlam","floor":12.0},{"not_picked":["champ:EnragedBash","champ:ShieldSigil"],"picked":"champ:Aggression","floor":13.0},{"not_picked":["champ:RisingSlash","champ:CrookedStrike"],"picked":"champ:FlashCut","floor":15.0},{"not_picked":["champ:MurderStrike","champ:CrownThrow"],"picked":"champ:PerfectForm","floor":16.0},{"not_picked":["champ:ShieldWall","champ:Aggression"],"picked":"champ:ArenaPreparation+1","floor":19.0},{"not_picked":["champ:RageSigil","champ:FalseCounter"],"picked":"champ:CrookedStrike","floor":22.0},{"not_picked":["champ:RageSigil+1","champ:ShieldSigil+1","champ:DefensiveShout"],"picked":"SKIP","floor":23.0},{"not_picked":["champ:Circumvent","champ:SwordSigil","champ:DefensiveStyle+1"],"picked":"SKIP","floor":26.0},{"not_picked":["champ:SwordSigil","champ:ShieldWall","champ:FanOfKnives"],"picked":"SKIP","floor":28.0},{"not_picked":["champ:ShieldSigil+1","champ:AdrenalArmor"],"picked":"champ:Duel","floor":29.0},{"not_picked":["champ:FanOfKnives","champ:FlashCut"],"picked":"champ:GladiatorsShout+1","floor":31.0},{"not_picked":["champ:EnragedBash","champ:CrookedStrike","champ:FalseCounter+1"],"picked":"SKIP","floor":32.0},{"not_picked":["champ:Improvising","champ:IgnorePain"],"picked":"champ:PerfectForm","floor":33.0},{"not_picked":["champ:DefensiveStyle","champ:CrookedStrike"],"picked":"champ:FlashCut+1","floor":36.0},{"not_picked":["champ:HeavySlash","champ:DefensiveShout"],"picked":"champ:FaceSlap+1","floor":38.0},{"not_picked":["champ:IronFortress","champ:RageSigil+1"],"picked":"champ:CalledShot+1","floor":39.0},{"not_picked":["champ:FlashCut+1","champ:MurderStrike","champ:RageSigil+1"],"picked":"SKIP","floor":42},{"not_picked":["champ:BladeFlurry+1","champ:Circumvent"],"picked":"champ:BringItOn+1","floor":43},{"not_picked":["expansioncontent:DefensiveStance","expansioncontent:PolyBeam"],"picked":"expansioncontent:Flail","floor":44},{"not_picked":["champ:Backstep","champ:DefensiveShout"],"picked":"champ:BringItOn+1","floor":46},{"not_picked":["champ:AdrenalArmor","champ:StanceDance"],"picked":"champ:Control","floor":47},{"not_picked":["champ:Circumvent+1","champ:FanOfKnives"],"picked":"champ:Backstep+1","floor":48},{"not_picked":["champ:DeathBlow+1","champ:FanOfKnives+1"],"picked":"champ:SteelEdge","floor":49},{"not_picked":["champ:DeathBlow+1","champ:RageSigil+1"],"picked":"champ:TornadoPunch+1","floor":52}],"player_experience":394980,"relics_obtained":[{"floor":12.0,"key":"Art of War"},{"floor":20.0,"key":"Enchiridion"},{"floor":24.0,"key":"White Beast Statue"},{"floor":31.0,"key":"Smiling Mask"},{"floor":37.0,"key":"Ginger"},{"floor":41.0,"key":"War Paint"},{"floor":42,"key":"Nunchaku"},{"floor":52,"key":"Strawberry"}],"event_choices":[{"damage_healed":0.0,"max_hp_gain":0.0,"max_hp_loss":46.0,"gold_gain":0.0,"event_name":"Ghosts","player_choice":"Became a Ghost","floor":30.0,"gold_loss":0.0,"damage_taken":0.0,"cards_obtained":["Ghostly","Ghostly","Ghostly","Ghostly","Ghostly"]},{"damage_healed":0.0,"max_hp_gain":0.0,"max_hp_loss":0.0,"gold_gain":0.0,"event_name":"Mysterious Sphere","player_choice":"Fight","floor":37.0,"gold_loss":0.0,"damage_taken":0.0}],"is_beta":false,"boss_relics":[{"not_picked":["Fusion Hammer","Busted Crown"],"picked":"Sozu"},{"not_picked":["Astrolabe","Runic Pyramid"],"picked":"champ:PowerArmor"}],"items_purged_floors":[23,43,45,53],"is_endless":false,"potions_floor_spawned":[5,8,10,13,16,22,26,28,29,31,32,33,36,37,38,39,42,43,46,47,48,49,52],"ascension_level":8}}