{"host":"r3d3rfw8zyydmocx","time":1609036487,"event":{"mods":["Aspiration","BaseMod","Better Third Choice","Colored Powertips","Conspire","Downfall","Hermit","Highlight Path","Hubris","Minty Spire (QoL Compilation)","StSLib","The Hierophant","The Servant 0.9.4"],"gold_per_floor":[99,111,130,141,155,155,155,155,179,197,25,25,50,50,69,69,69,69],"floor_reached":16,"playtime":709,"items_purged":[],"score":102,"play_id":"5b60e0b1-0baf-4e48-962f-1f2c6bf7c69f","local_time":"20201226183447","is_ascension_mode":false,"campfire_choices":[{"floor":1,"key":"RECALL"}],"circlet_count":0,"master_deck":["Guardian:Strike_Guardian","Guardian:Strike_Guardian","Guardian:Defend_Guardian","Guardian:Defend_Guardian","Guardian:CurlUp","Guardian:TwinSlam","Guardian:FloatingOrbs","Guardian:Repulse","Guardian:Planning","Quick Slash","Deadly Poison","Adrenaline","Glass Knife","Backflip","Guardian:DecasProtection"],"relics":["aspiration:SilentSkillbook","Vajra","Omamori","aspiration:Lifesprig"],"acts_visited":["Exordium"],"potions_floor_usage":[13,13],"damage_taken":[{"damage":0,"enemies":"2 Louse","floor":2,"turns":3},{"damage":0,"enemies":"Small Slimes","floor":3,"turns":3},{"damage":1,"enemies":"Jaw Worm","floor":4,"turns":4},{"damage":0,"enemies":"Exordium Wildlife","floor":5,"turns":5},{"damage":8,"enemies":"3 Louse","floor":10,"turns":2},{"damage":10,"enemies":"downfall:FleeingMerchant","floor":11,"turns":4},{"damage":16,"enemies":"Gremlin Nob","floor":13,"turns":3},{"damage":0,"enemies":"2 Fungi Beasts","floor":15,"turns":2},{"damage":51,"enemies":"downfall:Defect","floor":16,"turns":5}],"seed_played":"811760208874163994","potions_obtained":[{"floor":3,"key":"SkillPotion"},{"floor":4,"key":"PowerPotion"}],"is_trial":false,"path_per_floor":["R","M","M","M","M","?","T","?","T","M","$","?","E","?","M","B"],"character_chosen":"GUARDIAN","items_purchased":["Omamori"],"campfire_rested":0,"item_purchase_floors":[11],"current_hp_per_floor":[80,80,80,79,79,79,79,79,79,71,61,61,45,50,50,0,0,0],"gold":69,"neow_bonus":"BOSS_RELIC","is_daily":false,"chose_seed":false,"campfire_upgraded":0,"win_rate":0.0,"timestamp":1609036487,"path_taken":["R","M","M","M","M","?","T","?","?","M","?","?","E","?","M","BOSS"],"items_purchased_type":["Relic"],"build_version":"2020-12-22","purchased_purges":0,"victory":false,"max_hp_per_floor":[80,80,80,80,80,80,80,80,80,80,80,80,80,85,85,85,85,85],"card_choices":[{"not_picked":["Blade Dance","Guardian:TemporalShield","Guardian:BronzeOrb"],"picked":"Guardian:FloatingOrbs","floor":2},{"not_picked":["Slice","Guardian:GuardianWhirl","Guardian:CrystalBeam"],"picked":"Guardian:Repulse","floor":3},{"not_picked":["Escape Plan","Guardian:Emergency","Guardian:GuardianWhirl"],"picked":"Guardian:Planning","floor":4},{"not_picked":["Guardian:PrimingBeam","Guardian:WalkerClaw","Dagger Throw"],"picked":"Quick Slash","floor":5},{"not_picked":["Flying Knee","Distraction","Quick Slash"],"picked":"Backflip","floor":10},{"not_picked":["Phantasmal Killer","Eviscerate","Prepared","Guardian:TimeBomb"],"picked":"SKIP","floor":11},{"not_picked":["Backflip","hubris:Sniper","Slice","Guardian:RollAttack"],"picked":"SKIP","floor":13},{"not_picked":["Guardian:Reroute","A Thousand Cuts","Deflect"],"picked":"Guardian:DecasProtection","floor":15}],"player_experience":543391,"relics_obtained":[{"floor":9,"key":"Vajra"},{"floor":13,"key":"aspiration:Lifesprig"}],"event_choices":[{"damage_healed":0,"gold_gain":0,"player_choice":"Leave","damage_taken":0,"max_hp_gain":0,"max_hp_loss":0,"event_name":"conspire:Investor","floor":6,"gold_loss":0},{"cards_removed":["Guardian:Strike_Guardian"],"damage_healed":0,"gold_gain":0,"player_choice":"Card Removal","damage_taken":0,"max_hp_gain":0,"max_hp_loss":0,"event_name":"The Cleric","floor":12,"gold_loss":0},{"damage_healed":0,"gold_gain":0,"player_choice":"Donut","damage_taken":0,"max_hp_gain":5,"max_hp_loss":0,"event_name":"Big Fish","floor":14,"gold_loss":0}],"is_beta":false,"boss_relics":[],"items_purged_floors":[],"is_endless":false,"potions_floor_spawned":[3,4],"killed_by":"downfall:Defect","ascension_level":0}}