{"host":"udzsrhbqdxqtlypj","time":1609100079,"event":{"mods":["BaseMod","Minty Spire (QoL Compilation)","Relic Stats"],"gold_per_floor":[359,378,390,170,21,54,54,89,112,112,112,77,108,108,108,212,212,231,231,171,181,181,181],"floor_reached":22,"playtime":1376,"items_purged":[],"score":300,"play_id":"5ceebb31-d36b-472e-bec4-06d931e828bc","local_time":"20201227141439","is_ascension_mode":true,"campfire_choices":[{"data":"Malaise","floor":7.0,"key":"SMITH"},{"floor":10,"key":"REST"},{"data":"Footwork","floor":15,"key":"SMITH"}],"circlet_count":0,"master_deck":["AscendersBane","Strike_G","Strike_G","Strike_G","Strike_G","Strike_G","Defend_G","Defend_G","Defend_G","Defend_G","Defend_G","Survivor","Neutralize","Bane","Dagger Throw","Footwork+1","Malaise+1","Corpse Explosion+1","Malaise","Blur","Noxious Fumes","Caltrops"],"relics":["Ring of the Snake","Omamori","PreservedInsect","Toy Ornithopter","Potion Belt","Question Card","Bottled Lightning","Cursed Key"],"acts_visited":["Exordium","TheCity"],"potions_floor_usage":[20,20,21],"damage_taken":[{"damage":5.0,"enemies":"Cultist","floor":1.0,"turns":6.0},{"damage":2.0,"enemies":"Small Slimes","floor":2.0,"turns":6.0},{"damage":0.0,"enemies":"2 Louse","floor":3.0,"turns":3.0},{"damage":35.0,"enemies":"Gremlin Nob","floor":6.0,"turns":6.0},{"damage":12,"enemies":"Lagavulin","floor":8,"turns":8},{"damage":11,"enemies":"3 Sentries","floor":13,"turns":3},{"damage":1,"enemies":"Hexaghost","floor":16,"turns":11},{"damage":9,"enemies":"Chosen","floor":18,"turns":6},{"damage":3,"enemies":"2 Thieves","floor":20,"turns":4},{"damage":39,"enemies":"3 Cultists","floor":21,"turns":6},{"damage":18,"enemies":"Centurion and Healer","floor":22,"turns":3}],"seed_played":"-1795523585318622284","potions_obtained":[{"floor":8,"key":"LiquidBronze"},{"floor":13,"key":"Swift Potion"},{"floor":18,"key":"SneckoOil"}],"is_trial":false,"path_per_floor":["M","M","M","$","$","E","R","E","T","R","?","?","E","?","R","B",null,"M","?","M","M","M"],"character_chosen":"THE_SILENT","items_purchased":["Malaise","Corpse Explosion","Omamori"],"campfire_rested":1,"item_purchase_floors":[4,4,5],"current_hp_per_floor":[58,56,56,56,56,21,21,9,9,27,15,30,19,19,19,18,52,43,43,50,16,0,0],"gold":181,"neow_bonus":"TWO_FIFTY_GOLD","is_daily":false,"chose_seed":false,"campfire_upgraded":2,"win_rate":0.0,"timestamp":1609100079,"path_taken":["M","?","?","?","$","E","R","E","T","R","?","?","E","?","R","BOSS","M","?","M","M","?"],"items_purchased_type":["Card","Card","Relic"],"build_version":"2020-12-22","purchased_purges":0,"victory":false,"max_hp_per_floor":[63,63,63,63,63,63,63,63,63,63,63,63,63,63,63,63,63,63,63,63,63,63,63],"relic_stats":{"counters":[11,62],"PreservedInsect":61,"Question Card":5,"Cursed Key":0,"obtain_stats":[{"Potion Belt":9,"PreservedInsect":6,"Omamori":5,"Bottled Lightning":13,"Question Card":11,"Cursed Key":17,"Toy Ornithopter":8,"Ring of the Snake":0},{"Potion Belt":5,"PreservedInsect":4,"Omamori":3,"Bottled Lightning":6,"Question Card":5,"Cursed Key":7,"Toy Ornithopter":5,"Ring of the Snake":0},{"Potion Belt":29,"PreservedInsect":21,"Omamori":15,"Bottled Lightning":32,"Question Card":29,"Cursed Key":43,"Toy Ornithopter":29,"Ring of the Snake":0}],"Toy Ornithopter":15,"Ring of the Snake":[22]},"card_choices":[{"not_picked":["Outmaneuver","Acrobatics"],"picked":"Bane","floor":1.0},{"not_picked":["Sucker Punch","Reflex"],"picked":"Dagger Throw","floor":2.0},{"not_picked":["Sucker Punch","Blade Dance"],"picked":"Footwork","floor":3.0},{"not_picked":["Distraction","Outmaneuver","Sucker Punch"],"picked":"SKIP","floor":6.0},{"not_picked":["Distraction","Underhanded Strike","Tools of the Trade"],"picked":"SKIP","floor":8},{"not_picked":["Cloak And Dagger","Eviscerate","Skewer","Endless Agony"],"picked":"SKIP","floor":13},{"not_picked":["Doppelganger","Night Terror","A Thousand Cuts"],"picked":"Malaise","floor":16},{"not_picked":["Tactician","Choke+1","Slice"],"picked":"Blur","floor":18},{"not_picked":["Masterful Stab","Flying Knee","Poisoned Stab+1"],"picked":"Noxious Fumes","floor":20},{"not_picked":["Infinite Blades","Masterful Stab","Slice"],"picked":"Caltrops","floor":21}],"player_experience":2744998,"relics_obtained":[{"floor":6.0,"key":"PreservedInsect"},{"floor":8,"key":"Toy Ornithopter"},{"floor":9,"key":"Potion Belt"},{"floor":13,"key":"Bottled Lightning"}],"event_choices":[{"damage_healed":0,"gold_gain":0,"player_choice":"Success","damage_taken":12,"relics_obtained":["Question Card"],"max_hp_gain":0,"max_hp_loss":0,"event_name":"Scrap Ooze","floor":11,"gold_loss":0},{"damage_healed":15,"gold_gain":0,"player_choice":"Healed","damage_taken":0,"max_hp_gain":0,"max_hp_loss":0,"event_name":"The Cleric","floor":12,"gold_loss":35},{"damage_healed":0,"gold_gain":0,"player_choice":"Grow","damage_taken":0,"max_hp_gain":0,"max_hp_loss":0,"event_name":"Living Wall","floor":14,"gold_loss":0,"cards_upgraded":["Corpse Explosion"]},{"damage_healed":0,"gold_gain":0,"player_choice":"0 cards matched","damage_taken":0,"max_hp_gain":0,"max_hp_loss":0,"event_name":"Match and Keep!","floor":19,"gold_loss":0,"cards_obtained":[]}],"is_beta":false,"boss_relics":[{"not_picked":["Ectoplasm","Busted Crown"],"picked":"Cursed Key"}],"items_purged_floors":[],"is_endless":false,"potions_floor_spawned":[8,13,18],"killed_by":"Centurion and Healer","ascension_level":10}}