{"host":"q79spna8ofw6hj3r","time":1609098669,"event":{"mods":["Aspiration","Bard","BaseMod","Beaked The Cultist","Bestiary","Better Altar","Better Match","Better Note","Better Sensory Stone","Better Skull","Better Third Choice","Better Vampires","BetterRewards","Block Reminder","Challenge The Spire","Colored Map","Colored Powertips","Conspire","Custom Start","Energized Spire","Friendly Minions","Halation","Hubris","Infinite Spire","Jedi Mod","Mimic Mod","Minty Spire (QoL Compilation)","Permanent Neow","Quick Restart","Relic Filter","Relic Sorter","Replay The Spire","Shop Mod","StSLib","SuperFastMode","Synergy Search","The Cursed","The Hierophant","The Runesmith","slay the spire mod where everything is the same but ironclad has a cowboy hat","vexMod"],"gold_per_floor":[117,42,52,52,52,85,99,99,123,123,123,23,43,61,61,61,61],"floor_reached":16,"playtime":636,"items_purged":["Defend_G","Defend_G"],"score":120,"play_id":"828dec71-5da8-4f76-8863-2466c3e7636e","local_time":"20201227215109","is_ascension_mode":true,"campfire_choices":[{"data":"Tools of the Trade","floor":10,"key":"SMITH"},{"floor":15,"key":"REST"}],"circlet_count":0,"master_deck":["Strike_G","Strike_G","Strike_G","Strike_G","Defend_G","Defend_G","Defend_G","Survivor","Neutralize","jedi:collectorvenom+1","Tools of the Trade+1","Injury"],"relics":["Ring of the Snake","aspiration:Nostalgia","bard:BagPipes","halation:EternalFortune","Centennial Puzzle","Toxic Egg 2","conspire:TopHat"],"acts_visited":["Exordium"],"potions_floor_usage":[],"damage_taken":[{"damage":15,"enemies":"Small Slimes","floor":1,"turns":4},{"damage":12,"enemies":"Jaw Worm","floor":3,"turns":2},{"damage":42,"enemies":"Lagavulin","floor":6,"turns":9},{"damage":0,"enemies":"Cultist","floor":7,"turns":3},{"damage":0,"enemies":"Large Slime","floor":13,"turns":5},{"damage":5,"enemies":"Gremlin Gang","floor":14,"turns":2},{"damage":39,"enemies":"Fading Forest","floor":16,"turns":9}],"seed_played":"2695328980803681407","potions_obtained":[{"floor":3,"key":"Dexterity Potion"},{"floor":14,"key":"Swift Potion"}],"is_trial":false,"path_per_floor":["M","$","M","?","?","E","M","?","T","R","?","$","M","M","R","B"],"character_chosen":"THE_SILENT","items_purchased":[],"campfire_rested":1,"item_purchase_floors":[],"current_hp_per_floor":[55,55,43,46,46,4,4,4,4,4,4,4,7,2,24,0,0],"gold":61,"neow_bonus":"NOSTALGIA","is_daily":false,"chose_seed":false,"campfire_upgraded":1,"win_rate":0.0,"timestamp":1609098669,"path_taken":["M","$","M","?","?","E","?","?","T","R","?","$","?","M","R","BOSS"],"items_purchased_type":[],"build_version":"2020-12-22","purchased_purges":2,"victory":false,"max_hp_per_floor":[70,70,70,73,73,73,73,73,73,73,73,73,76,76,76,76,76],"card_choices":[{"not_picked":["Deflect","Flying Knee"],"picked":"jedi:collectorvenom","floor":1},{"not_picked":["Deadly Poison","Dodge and Roll"],"picked":"jedi:collectorvenom","floor":3},{"not_picked":["Underhanded Strike","Sucker Punch"],"picked":"jedi:collectorvenom+1","floor":6},{"not_picked":["Sucker Punch","Toxin Wave"],"picked":"Tools of the Trade","floor":7},{"not_picked":["PiercingWail+1","ReplayTheSpireMod:Scrap Shanks"],"picked":"jedi:collectorvenom+1","floor":13},{"not_picked":["conspire:PoisonWeapons+1","Sucker Punch"],"picked":"jedi:collectorvenom+1","floor":14}],"player_experience":205131,"relics_obtained":[{"floor":6,"key":"Centennial Puzzle"},{"floor":9,"key":"conspire:TopHat"},{"floor":13,"key":"halation:EternalFortune"}],"event_choices":[{"damage_healed":0,"gold_gain":0,"player_choice":"Forge","damage_taken":0,"max_hp_gain":0,"max_hp_loss":0,"event_name":"Accursed Blacksmith","floor":5,"gold_loss":0,"cards_upgraded":["jedi:collectorvenom"]},{"cards_removed":["Strike_G"],"damage_healed":0,"gold_gain":0,"player_choice":"Purged","damage_taken":0,"max_hp_gain":0,"max_hp_loss":0,"event_name":"Purifier","floor":11,"gold_loss":0}],"is_beta":false,"boss_relics":[],"items_purged_floors":[2,12],"is_endless":false,"potions_floor_spawned":[3,14],"killed_by":"Fading Forest","ascension_level":4}}