{"host":"qc1sjgtdjonvdsd8","time":1609061653,"event":{"mods":["BaseMod","Colored Map","Colored Powertips","Curses Come First","Downfall","Minty Spire (QoL Compilation)","Replay The Spire","StSLib","The Cursed","The Disciple","The Necromancer","The Servant 0.9.4"],"gold_per_floor":[99,99,99,99,111,150,215,227,239,251,263,305,317,391,403,429,461,574,636,573,601,623,458,558,558,583,598,98,98,118,118,128,228,248,248,248,248],"floor_reached":35,"playtime":4034,"items_purged":["champ:Defend","champ:Strike"],"score":276,"play_id":"88493c75-23dd-4668-9331-7a59ff00592e","local_time":"20201227013413","is_ascension_mode":false,"campfire_choices":[{"floor":1,"key":"DIG"},{"data":"champ:Taunt","floor":8,"key":"SMITH"},{"data":"champ:StanceDance","floor":13,"key":"SMITH"},{"floor":15,"key":"REST"},{"data":"champ:BerserkerStyle","floor":25,"key":"SMITH"},{"floor":29,"key":"REST"}],"circlet_count":0,"master_deck":["champ:Strike","champ:Strike","champ:Defend+1","champ:Defend","champ:Defend","champ:Execute","champ:Taunt+1","champ:TornadoPunch","champ:StanceDance+1","champ:IronFortress","champ:CheapShot","champ:FocusedGladiator","champ:DefensiveShout","champ:DefensiveShout","champ:RisingSlash","champ:IgnorePain","champ:IronFortress","champ:GutPunch","champ:Circumvent","champ:BerserkerStyle+1","champ:Riposte","champ:ShieldWall","champ:BringItOn","champ:EnragedBash+1","champ:Shatter","champ:ShieldWall","champ:CrookedStrike","champ:Backstep+1","champ:Circumvent","champ:FlashCut+1","champ:ShieldThrow"],"relics":["champ:ChampionCrown","downfall:HeartsMalice","Mirror","MawBank","Incense Burner","Bronze Scales","Replay:Bottled Snecko","Tiny House","downfall:HeartBlessingBlue","ReplayTheSpireMod:Lightbulb","Bag of Preparation","ReplayTheSpireMod:TigerMarble","FossilizedHelix","Gremlin Horn"],"acts_visited":["Exordium","TheCity"],"potions_floor_usage":[21,21,35,35],"damage_taken":[{"damage":0,"enemies":"Jaw Worm","floor":2,"turns":1},{"damage":0,"enemies":"2 Louse","floor":3,"turns":1},{"damage":0,"enemies":"Small Slimes","floor":5,"turns":1},{"damage":37,"enemies":"3 Sentries","floor":6,"turns":6},{"damage":3,"enemies":"3 Louse","floor":16,"turns":3},{"damage":14,"enemies":"Red Slaver","floor":17,"turns":4},{"damage":25,"enemies":"downfall:Watcher","floor":18,"turns":10},{"damage":18,"enemies":"Spheric Guardian","floor":21,"turns":4},{"damage":21,"enemies":"Centurion and Healer","floor":22,"turns":8},{"damage":7,"enemies":"downfall:FleeingMerchant","floor":23,"turns":4},{"damage":10,"enemies":"3 Cultists","floor":27,"turns":6},{"damage":13,"enemies":"downfall:FleeingMerchant","floor":28,"turns":5},{"damage":16,"enemies":"Snake Plant","floor":30,"turns":5},{"damage":17,"enemies":"Cultist and Chosen","floor":32,"turns":8},{"damage":42,"enemies":"downfall:CharBossIronclad","floor":33,"turns":9},{"damage":25,"enemies":"Snecko","floor":34,"turns":5},{"damage":103,"enemies":"downfall:Ironclad","floor":35,"turns":11}],"seed_played":"-4472813414758642124","potions_obtained":[{"floor":17,"key":"Block Potion"},{"floor":19,"key":"Reflective Coating"},{"floor":27,"key":"Fire Potion"},{"floor":32,"key":"Adrenaline Potion"},{"floor":33,"key":"LifebloodPotion"},{"floor":34,"key":"Guardian:BlockOnCardUsePotion"}],"is_trial":false,"path_per_floor":["R_BF","M","M","?","M","E","T","R","?","PTL","PTL","?","R","?","R","M","M","B",null,"R_BF","M","M","$","?","R","T","M","$","R","M","?","M","?","M","B"],"character_chosen":"THE_CHAMP","items_purchased":["champ:ShieldWall","champ:BringItOn","champ:ShieldWall","champ:CrookedStrike","Bag of Preparation","ReplayTheSpireMod:TigerMarble"],"campfire_rested":2,"item_purchase_floors":[23,23,28,28,28,28],"current_hp_per_floor":[90,90,90,72,72,50,50,50,50,50,50,50,50,14,41,38,29,9,95,105,95,91,97,97,97,97,87,87,105,105,105,99,68,61,0,0,0],"gold":248,"neow_bonus":"THREE_ENEMY_KILL","is_daily":false,"chose_seed":false,"campfire_upgraded":3,"win_rate":0.0,"timestamp":1609061653,"path_taken":["R_BF","M","M","?","M","E","T","R","?","PTL","PTL","?","R","?","R","?","M","BOSS","R_BF","M","M","$","?","R","T","M","?","R","M","?","M","?","M","BOSS"],"items_purchased_type":["Card","Card","Card","Card","Relic","Relic"],"build_version":"2020-12-22","purchased_purges":2,"victory":false,"max_hp_per_floor":[90,90,90,90,90,90,90,90,90,90,90,90,90,90,90,90,90,90,95,105,105,105,105,105,105,105,105,105,105,105,105,105,105,105,105,105,105],"card_choices":[{"not_picked":["champ:FanOfKnives","champ:RisingSlash"],"picked":"champ:TornadoPunch","floor":2},{"not_picked":["champ:FocusedDefense","champ:Haymaker"],"picked":"champ:StanceDance","floor":3},{"not_picked":["champ:RisingSlash","champ:CrookedStrike"],"picked":"champ:IronFortress","floor":5},{"not_picked":["champ:FightOn","champ:EnragedBash"],"picked":"champ:CheapShot","floor":6},{"not_picked":["champ:FlashCut","champ:AdrenalArmor"],"picked":"champ:FocusedGladiator","floor":14},{"not_picked":["champ:Haymaker","champ:RapidStrikes"],"picked":"champ:DefensiveShout","floor":14},{"not_picked":["champ:BerserkersShout","champ:Backstep"],"picked":"champ:DefensiveShout","floor":16},{"not_picked":["champ:FanOfKnives","champ:BerserkerStyle"],"picked":"champ:RisingSlash","floor":17},{"not_picked":["champ:VampiricStrike","champ:HoldFirm"],"picked":"champ:IgnorePain","floor":18},{"not_picked":["champ:PerfectedStrike","champ:SkillfulDodge"],"picked":"champ:IronFortress","floor":19},{"not_picked":["champ:DeathBlow","champ:BerserkersShout"],"picked":"champ:Circumvent","floor":21},{"not_picked":["champ:DefensiveShout+1","champ:FlashCut"],"picked":"champ:BerserkerStyle","floor":22},{"not_picked":["champ:Haymaker","champ:HeavySlash"],"picked":"champ:Riposte","floor":23},{"not_picked":["champ:StanceDance","champ:BerserkerStyle"],"picked":"champ:EnragedBash+1","floor":27},{"not_picked":["champ:Haymaker","champ:FaceSlap"],"picked":"champ:Shatter","floor":28},{"not_picked":["champ:BringItOn","champ:DefensiveStyle"],"picked":"champ:Backstep+1","floor":30},{"not_picked":["champ:CrookedStrike","champ:PerfectedStrike+1"],"picked":"champ:Circumvent","floor":32},{"not_picked":["champ:Haymaker","champ:CrookedStrike"],"picked":"champ:FlashCut+1","floor":33},{"not_picked":["champ:Circumvent","champ:BerserkersShout"],"picked":"champ:ShieldThrow","floor":34}],"player_experience":237230,"relics_obtained":[{"floor":1,"key":"Mirror"},{"floor":6,"key":"Incense Burner"},{"floor":14,"key":"Replay:Bottled Snecko"},{"floor":26,"key":"ReplayTheSpireMod:Lightbulb"},{"floor":33,"key":"FossilizedHelix"},{"floor":33,"key":"Gremlin Horn"}],"event_choices":[{"damage_healed":0,"gold_gain":0,"player_choice":"Success","damage_taken":18,"relics_obtained":["MawBank"],"max_hp_gain":0,"max_hp_loss":0,"event_name":"Scrap Ooze","floor":4,"gold_loss":0}],"is_beta":false,"boss_relics":[{"not_picked":["Runic Pyramid","Busted Crown"],"picked":"Tiny House"}],"items_purged_floors":[23,28],"is_endless":false,"potions_floor_spawned":[17,27,32,33,34],"killed_by":"downfall:Ironclad","ascension_level":0}}