{"host":"o54aw4mfims5m8ve","time":1609085315,"event":{"mods":["BaseMod","Downfall","Minty Spire (QoL Compilation)","StSLib","The Cursed","The Saiyan","The Senshi"],"gold_per_floor":[119,130,148,161,176,204,204,237,262,262,262,262,39,3,3,100,100,114,39,138,138,151,176,176,203,227,242,242,271,271,283,283,380,380,393,411,425,4,56,56,84,84,111,111,130,130,30,63,63,63],"floor_reached":51,"playtime":4724,"items_purged":["theSenshi:SailorKick","theSenshi:SailorBlock+1"],"score":986,"play_id":"6df7d30f-a215-4220-ac4c-d11b92639463","local_time":"20201227160835","is_ascension_mode":true,"campfire_choices":[{"data":"theSenshi:MoonPrincessHalation","floor":7,"key":"SMITH"},{"data":"theSenshi:MoonCosmicPowerMakeUp","floor":10,"key":"SMITH"},{"data":"theSenshi:SailorUranusAssists","floor":12,"key":"SMITH"},{"floor":15,"key":"REST"},{"data":"theSenshi:MercurysCunning","floor":24,"key":"SMITH"},{"data":"theSenshi:SailorMercuryAssists","floor":30,"key":"SMITH"},{"floor":32,"key":"REST"},{"data":"theSenshi:MoonCrisisMakeUp","floor":40,"key":"SMITH"},{"data":"theSenshi:MoonPrismPowerMakeUp","floor":42,"key":"SMITH"},{"floor":44,"key":"REST"},{"floor":49,"key":"REST"}],"circlet_count":0,"master_deck":["theSenshi:SailorKick+1","theSenshi:SailorKick+1","theSenshi:SailorBlock+1","theSenshi:SailorBlock+1","theSenshi:RoseThrow+1","theSenshi:MoonPrismPowerMakeUp+1","theSenshi:MoonPrincessHalation+1","theSenshi:SailorMercuryAssists+1","theSenshi:MoonTiaraMagic+1","theSenshi:MoonCosmicPowerMakeUp+1","theSenshi:MoonsReflection+1","theSenshi:SailorUranusAssists+1","theSenshi:SailorV+1","theSenshi:SailorCosmosAssists+1","theSenshi:MoonPrincessHalation+1","theSenshi:MercurysCunning+1","theSenshi:KlutzyLuck+1","theSenshi:MoonPunch+1","theSenshi:WarriorOfTheMoon+1","theSenshi:MoonPrincessHalation+1","theSenshi:MoonCrisisMakeUp+1","theSenshi:UranusStrength+1"],"relics":["theSenshi:TransformationBroochRelic","Happy Flower","War Paint","Omamori","Nunchaku","Calling Bell","Anchor","theSenshi:SuperSailorFukuRelic","Thread and Needle","Tiny Chest","Oddly Smooth Stone","Dream Catcher","Toxic Egg 2","Cursed Key","OrangePellets","Blood Vial","Torii","theSenshi:HolyGrailRelic","theSenshi:TiaraRelic","Mark of the Bloom","Smiling Mask"],"acts_visited":["Exordium","TheCity","TheBeyond"],"potions_floor_usage":[5,16,16,16,16,23,33,33,39,41,48,50],"damage_taken":[{"damage":0,"enemies":"Jaw Worm","floor":1,"turns":6},{"damage":1,"enemies":"Cultist","floor":2,"turns":4},{"damage":1,"enemies":"2 Louse","floor":3,"turns":3},{"damage":3,"enemies":"Exordium Wildlife","floor":4,"turns":3},{"damage":0,"enemies":"2 Fungi Beasts","floor":5,"turns":4},{"damage":7,"enemies":"Lagavulin","floor":6,"turns":6},{"damage":27,"enemies":"3 Sentries","floor":8,"turns":8},{"damage":6,"enemies":"The Guardian","floor":16,"turns":7},{"damage":0,"enemies":"3 Byrds","floor":18,"turns":5},{"damage":0,"enemies":"2 Thieves","floor":22,"turns":4},{"damage":0,"enemies":"Gremlin Leader","floor":23,"turns":5},{"damage":23,"enemies":"Slavers","floor":25,"turns":6},{"damage":0,"enemies":"Centurion and Healer","floor":27,"turns":5},{"damage":0,"enemies":"Book of Stabbing","floor":29,"turns":6},{"damage":0,"enemies":"Snake Plant","floor":31,"turns":3},{"damage":0,"enemies":"Collector","floor":33,"turns":12},{"damage":10,"enemies":"3 Shapes","floor":35,"turns":5},{"damage":0,"enemies":"Orb Walker","floor":36,"turns":3},{"damage":11,"enemies":"Sphere and 2 Shapes","floor":37,"turns":6},{"damage":26,"enemies":"2 Orb Walkers","floor":39,"turns":6},{"damage":0,"enemies":"Reptomancer","floor":41,"turns":6},{"damage":0,"enemies":"3 Darklings","floor":45,"turns":3},{"damage":44,"enemies":"Nemesis","floor":48,"turns":9},{"damage":0,"enemies":"Time Eater","floor":50,"turns":11}],"seed_played":"3437435060133562825","potions_obtained":[{"floor":1,"key":"EntropicBrew"},{"floor":3,"key":"SteroidPotion"},{"floor":4,"key":"SkillPotion"},{"floor":6,"key":"champ:CounterPotion"},{"floor":8,"key":"Strength Potion"},{"floor":23,"key":"Guardian:BlockOnCardUsePotion"},{"floor":25,"key":"Block Potion"},{"floor":29,"key":"Energy Potion"},{"floor":39,"key":"LiquidMemories"},{"floor":45,"key":"LiquidBronze"}],"is_trial":false,"path_per_floor":["M","M","M","M","M","E","R","E","T","R","?","R","$","?","R","B",null,"M","?","?","?","M","E","R","E","T","M","?","E","R","M","R","B",null,"M","M","M","$","?","R","E","R","T","R","M","?","$","E","R","B",null],"character_chosen":"THE_SENSHI","items_purchased":["Nunchaku","theSenshi:SailorV","OrangePellets","Blood Vial","PowerPotion"],"campfire_rested":4,"item_purchase_floors":[13,13,38,38,38],"current_hp_per_floor":[75,74,73,70,70,63,63,36,36,36,36,36,36,36,58,52,75,75,75,75,75,75,75,75,52,52,52,52,52,52,52,74,74,75,65,65,54,54,30,30,32,32,32,54,56,56,56,12,12,12],"gold":63,"neow_bonus":"THREE_CARDS","is_daily":false,"chose_seed":false,"campfire_upgraded":7,"win_rate":0.0,"timestamp":1609085315,"path_taken":["M","M","M","M","M","E","R","E","T","R","?","R","?","?","R","BOSS","M","?","?","?","M","E","R","E","T","M","?","E","R","M","R","BOSS","M","M","M","$","?","R","E","R","T","R","M","?","$","E","R","BOSS"],"items_purchased_type":["Relic","Card","Relic","Relic","Potion"],"build_version":"2020-12-22","purchased_purges":2,"victory":true,"max_hp_per_floor":[75,75,75,75,75,75,75,75,75,75,75,75,75,75,75,75,75,75,75,75,75,75,75,75,75,75,75,75,75,75,75,75,75,75,75,75,75,75,75,75,75,75,75,75,75,75,75,75,75,75],"card_choices":[{"not_picked":["theSenshi:SailorMarsAssists","theSenshi:MoonKick"],"picked":"theSenshi:MoonPrincessHalation","floor":0},{"not_picked":["theSenshi:LunaWiseMentor","theSenshi:MoonTwilightFlash"],"picked":"theSenshi:SailorMercuryAssists","floor":1},{"not_picked":["theSenshi:MoonKick","theSenshi:SteeledNerves","theSenshi:SailorVenusAssists"],"picked":"SKIP","floor":2},{"not_picked":["theSenshi:MarsPride","theSenshi:SchoolBag"],"picked":"theSenshi:MoonTiaraMagic","floor":3},{"not_picked":["theSenshi:SupersonicWaves","theSenshi:SteeledNerves"],"picked":"theSenshi:MoonCosmicPowerMakeUp","floor":4},{"not_picked":["theSenshi:OdangoHead","theSenshi:SailorJupiterAssists"],"picked":"theSenshi:MoonsReflection","floor":5},{"not_picked":["theSenshi:GatheringStrength","theSenshi:MoonKick"],"picked":"theSenshi:SailorUranusAssists","floor":6},{"not_picked":["theSenshi:SailorVenusAssists","theSenshi:SupersonicWaves","theSenshi:MoonPower"],"picked":"SKIP","floor":8},{"not_picked":["theSenshi:ChibiMoonsLove","theSenshi:GlimpseOfThePast"],"picked":"theSenshi:SailorCosmosAssists","floor":16},{"not_picked":["theSenshi:MoonPower+1","theSenshi:MoonsReflection+1"],"picked":"theSenshi:MoonPrincessHalation+1","floor":18},{"not_picked":["theSenshi:KlutzyLuck","theSenshi:MoonCosmicPowerMakeUp"],"picked":"theSenshi:MercurysCunning","floor":22},{"not_picked":["theSenshi:Overload+1","theSenshi:MoonPrincessHalation","theSenshi:TallSilhouette"],"picked":"SKIP","floor":23},{"not_picked":["theSenshi:LateForSchool","theSenshi:SailorStarFighterAssists","theSenshi:MoonKick"],"picked":"SKIP","floor":25},{"not_picked":["theSenshi:SailorPlanetAttack","theSenshi:MoonTiaraMagic"],"picked":"theSenshi:KlutzyLuck+1","floor":27},{"not_picked":["theSenshi:EncouragingSpeech+1","theSenshi:MoonPower+1"],"picked":"theSenshi:MoonPunch","floor":29},{"not_picked":["theSenshi:Sidestep+1","theSenshi:MoonPrincessHalation","theSenshi:LunaSensingAllies+1"],"picked":"SKIP","floor":31},{"not_picked":["theSenshi:LunaSensingAllies+1","theSenshi:SilverMoonCrystalPowerKiss"],"picked":"theSenshi:WarriorOfTheMoon+1","floor":33},{"not_picked":["theSenshi:MoonsReflection+1","theSenshi:GatheringStrength+1","theSenshi:SailorVenusAssists+1"],"picked":"SKIP","floor":35},{"not_picked":["theSenshi:SailorChibiMoonAssists","theSenshi:MoonSpiralHeartAttack+1","theSenshi:SailorJupiterAssists"],"picked":"SKIP","floor":36},{"not_picked":["theSenshi:TuxedoSmokingBomber+1","theSenshi:MoonPunch"],"picked":"theSenshi:MoonPrincessHalation+1","floor":37},{"not_picked":["theSenshi:TallSilhouette+1","theSenshi:EncouragingSpeech+1"],"picked":"theSenshi:MoonCrisisMakeUp","floor":39},{"not_picked":["theSenshi:TallSilhouette+1","theSenshi:MoonSpiralHeartAttack","theSenshi:SupersonicWaves"],"picked":"SKIP","floor":41},{"not_picked":["theSenshi:TuxedoMaskAssists","theSenshi:MoonPrincessHalation","theSenshi:SupersonicWaves"],"picked":"SKIP","floor":45},{"not_picked":["theSenshi:Overload+1","theSenshi:ChibiMoonsLove+1"],"picked":"theSenshi:UranusStrength+1","floor":48}],"player_experience":172164,"relics_obtained":[{"floor":6,"key":"Happy Flower"},{"floor":8,"key":"War Paint"},{"floor":9,"key":"Omamori"},{"floor":17,"key":"Anchor"},{"floor":17,"key":"theSenshi:SuperSailorFukuRelic"},{"floor":17,"key":"Thread and Needle"},{"floor":23,"key":"Tiny Chest"},{"floor":25,"key":"Oddly Smooth Stone"},{"floor":26,"key":"Dream Catcher"},{"floor":29,"key":"Toxic Egg 2"},{"floor":39,"key":"Torii"},{"floor":41,"key":"theSenshi:HolyGrailRelic"},{"floor":43,"key":"theSenshi:TiaraRelic"},{"floor":48,"key":"Smiling Mask"}],"event_choices":[{"damage_healed":0,"gold_gain":0,"player_choice":"Forge","damage_taken":0,"max_hp_gain":0,"max_hp_loss":0,"event_name":"Accursed Blacksmith","floor":11,"gold_loss":0,"cards_upgraded":["theSenshi:RoseThrow"]},{"damage_healed":0,"gold_gain":0,"player_choice":"Left Gold","damage_taken":0,"max_hp_gain":0,"max_hp_loss":0,"event_name":"World of Goop","floor":14,"gold_loss":36},{"cards_removed":["theSenshi:SailorKick"],"damage_healed":0,"gold_gain":0,"player_choice":"Gave Gold","damage_taken":0,"max_hp_gain":0,"max_hp_loss":0,"event_name":"Beggar","floor":19,"gold_loss":75},{"damage_healed":0,"gold_gain":99,"player_choice":"Stole From Cult","damage_taken":0,"max_hp_gain":0,"max_hp_loss":0,"event_name":"Nest","floor":20,"gold_loss":0},{"damage_healed":0,"gold_gain":0,"player_choice":"Ignored","damage_taken":0,"max_hp_gain":0,"max_hp_loss":0,"event_name":"Vampires","floor":21,"gold_loss":0},{"cards_removed":["theSenshi:SailorBlock"],"damage_healed":0,"gold_gain":0,"player_choice":"Elegance","damage_taken":0,"max_hp_gain":0,"max_hp_loss":0,"event_name":"Back to Basics","floor":28,"gold_loss":0},{"damage_healed":0,"gold_gain":0,"player_choice":"Fight","damage_taken":0,"max_hp_gain":0,"max_hp_loss":0,"event_name":"Mysterious Sphere","floor":39,"gold_loss":0},{"damage_healed":0,"gold_gain":0,"player_choice":"Upgrade","damage_taken":0,"relics_obtained":["Mark of the Bloom"],"max_hp_gain":0,"max_hp_loss":0,"event_name":"MindBloom","floor":46,"gold_loss":0,"cards_upgraded":["theSenshi:SailorKick","theSenshi:SailorKick","theSenshi:SailorBlock","theSenshi:SailorBlock","theSenshi:MoonTiaraMagic","theSenshi:SailorV","theSenshi:SailorCosmosAssists","theSenshi:MoonPunch"]}],"is_beta":false,"boss_relics":[{"not_picked":["Snecko Eye","Coffee Dripper"],"picked":"Calling Bell"},{"not_picked":["Tiny House","Runic Dome"],"picked":"Cursed Key"}],"items_purged_floors":[38,47],"is_endless":false,"potions_floor_spawned":[1,3,4,6,8,23,25,29,39,45],"ascension_level":2}}