{"host":"lvhfn8l5bvc4nolx","time":1609061170,"event":{"mods":["AchievementEnabler","BaseMod","Colored Map","Keyboard Shortcuts","Minty Spire (QoL Compilation)","Permanent Neow","Quick Restart","SuperFastMode"],"gold_per_floor":[368,318,493,211,211,211,231,231,256,275,306,323,398,430,430,526,526,546,562,562,562,562],"floor_reached":21,"playtime":443,"items_purged":["Strike_G"],"score":223,"play_id":"af300357-a7ce-4a4d-a903-35073311417e","local_time":"20201227182610","is_ascension_mode":true,"campfire_choices":[{"data":"Blade Dance","floor":6,"key":"SMITH"},{"data":"Neutralize","floor":8,"key":"SMITH"},{"floor":15,"key":"REST"}],"circlet_count":0,"master_deck":["Strike_G","Strike_G","Strike_G+1","Defend_G","Defend_G","Defend_G","Defend_G+1","Defend_G","Survivor","Neutralize+1","Reflex","Doubt","Blade Dance+1","Masterful Stab","Backflip","Accuracy","Flying Knee","Accuracy","Tools of the Trade","Concentrate","Well Laid Plans"],"relics":["Ring of the Snake","Snake Skull","Juzu Bracelet","Sundial","Eternal Feather","SacredBark","Nilry\u0027s Codex"],"acts_visited":["Exordium","TheCity"],"potions_floor_usage":[11,14,14],"damage_taken":[{"damage":7,"enemies":"Small Slimes","floor":1,"turns":5},{"damage":0,"enemies":"Jaw Worm","floor":7,"turns":3},{"damage":0,"enemies":"2 Louse","floor":10,"turns":2},{"damage":11,"enemies":"3 Sentries","floor":11,"turns":7},{"damage":18,"enemies":"Exordium Wildlife","floor":12,"turns":2},{"damage":0,"enemies":"Gremlin Nob","floor":14,"turns":3},{"damage":28,"enemies":"Hexaghost","floor":16,"turns":12},{"damage":21,"enemies":"Shell Parasite","floor":18,"turns":5},{"damage":18,"enemies":"3 Byrds","floor":19,"turns":6},{"damage":8,"enemies":"Snake Plant","floor":21,"turns":1}],"seed_played":"-8401674613689491743","potions_obtained":[{"floor":10,"key":"SteroidPotion"},{"floor":11,"key":"SteroidPotion"},{"floor":12,"key":"Poison Potion"}],"is_trial":false,"path_per_floor":["M","?","?","$","?","R","M","R","T","M","E","M","?","E","R","B",null,"M","M","?","M"],"character_chosen":"THE_SILENT","items_purchased":["Snake Skull","Blade Dance"],"campfire_rested":1,"item_purchase_floors":[4,4],"current_hp_per_floor":[56,56,56,56,43,43,43,43,43,43,32,14,3,3,30,2,63,42,24,8,0,0],"gold":562,"neow_bonus":"TWO_FIFTY_GOLD","is_daily":false,"chose_seed":false,"campfire_upgraded":2,"win_rate":0.0,"timestamp":1609061170,"path_taken":["M","?","?","$","?","R","M","R","T","M","E","M","?","E","R","BOSS","M","M","?","M"],"items_purchased_type":["Relic","Card"],"build_version":"2020-12-22","purchased_purges":1,"victory":false,"max_hp_per_floor":[63,63,63,63,63,63,63,63,63,63,63,63,63,63,63,63,63,63,63,63,63,63],"card_choices":[{"not_picked":["Quick Slash","Sucker Punch"],"picked":"Reflex","floor":1},{"not_picked":["Outmaneuver","PiercingWail"],"picked":"Masterful Stab","floor":7},{"not_picked":["Bane","Dagger Spray"],"picked":"Backflip","floor":10},{"not_picked":["Flechettes","Predator"],"picked":"Accuracy","floor":11},{"not_picked":["Expertise","Setup"],"picked":"Flying Knee","floor":12},{"not_picked":["Endless Agony","Deflect"],"picked":"Accuracy","floor":14},{"not_picked":["Night Terror","Burst"],"picked":"Tools of the Trade","floor":16},{"not_picked":["Eviscerate+1","Deadly Poison"],"picked":"Concentrate","floor":18},{"not_picked":["Distraction","Slice"],"picked":"Well Laid Plans","floor":19}],"player_experience":346062,"relics_obtained":[{"floor":9,"key":"Juzu Bracelet"},{"floor":11,"key":"Sundial"},{"floor":14,"key":"Eternal Feather"},{"floor":20,"key":"Nilry\u0027s Codex"}],"event_choices":[{"cards_removed":["Strike_G"],"damage_healed":0,"gold_gain":0,"player_choice":"Card Removal","damage_taken":0,"max_hp_gain":0,"max_hp_loss":0,"event_name":"The Cleric","floor":2,"gold_loss":50},{"damage_healed":0,"gold_gain":175,"player_choice":"AGREE","damage_taken":0,"max_hp_gain":0,"max_hp_loss":0,"event_name":"Liars Game","floor":3,"gold_loss":0,"cards_obtained":["Doubt"]},{"damage_healed":0,"gold_gain":0,"player_choice":"Entered Light","damage_taken":13,"max_hp_gain":0,"max_hp_loss":0,"event_name":"Shining Light","floor":5,"gold_loss":0,"cards_upgraded":["Strike_G","Defend_G"]},{"damage_healed":0,"gold_gain":75,"player_choice":"Gather Gold","damage_taken":11,"max_hp_gain":0,"max_hp_loss":0,"event_name":"World of Goop","floor":13,"gold_loss":0},{"damage_healed":0,"gold_gain":0,"player_choice":"Obtained Book","damage_taken":16,"max_hp_gain":0,"max_hp_loss":0,"event_name":"Cursed Tome","floor":20,"gold_loss":0}],"is_beta":false,"boss_relics":[{"not_picked":["Ectoplasm","Snecko Eye"],"picked":"SacredBark"}],"items_purged_floors":[4],"is_endless":false,"potions_floor_spawned":[10,11,12],"killed_by":"Snake Plant","ascension_level":1}}