{"host":"m3herrhkesxm9ooc","time":1609079725,"event":{"mods":["BaseMod","Hermit","Minty Spire (QoL Compilation)","StSLib","The Hierophant"],"gold_per_floor":[115,125,125,125,150,183,183,223,223,223,297,322,70,84,84,180,180,198,213,213,213,213],"floor_reached":21,"playtime":789,"items_purged":[],"score":340,"play_id":"cfb2d161-a907-4594-8dd6-92d30b6b19ad","local_time":"20201227233525","is_ascension_mode":true,"campfire_choices":[{"floor":7,"key":"REST"},{"floor":10,"key":"REST"},{"floor":15,"key":"REST"}],"circlet_count":0,"master_deck":["AscendersBane","hermit:Strike_Hermit+1","hermit:Strike_Hermit","hermit:Strike_Hermit","hermit:Strike_Hermit","hermit:Defend_Hermit","hermit:Defend_Hermit","hermit:Defend_Hermit+1","hermit:Defend_Hermit","hermit:Snapshot","hermit:Covet+1","hermit:FlashPowder","hermit:Misfire","Injury","hermit:Ricochet+1","hermit:SprayPray","hermit:WideOpen","hermit:TakeAim","hermit:Glare","hermit:WideOpen","hermit:Enervate","hermit:Roughhouse","hermit:Virtue","hermit:Spite"],"relics":["hermit:Momento","War Paint","Golden Idol","Ornamental Fan","Whetstone","Happy Flower","Darkstone Periapt","Philosopher\u0027s Stone","MutagenicStrength"],"acts_visited":["Exordium","TheCity"],"potions_floor_usage":[6,8,14,16,19],"damage_taken":[{"damage":1,"enemies":"Small Slimes","floor":1,"turns":4},{"damage":10,"enemies":"2 Louse","floor":2,"turns":2},{"damage":3,"enemies":"Jaw Worm","floor":5,"turns":3},{"damage":22,"enemies":"Gremlin Nob","floor":6,"turns":5},{"damage":21,"enemies":"Lagavulin","floor":8,"turns":5},{"damage":1,"enemies":"Red Slaver","floor":12,"turns":2},{"damage":30,"enemies":"Gremlin Gang","floor":14,"turns":5},{"damage":40,"enemies":"Slime Boss","floor":16,"turns":10},{"damage":9,"enemies":"Shell Parasite","floor":18,"turns":3},{"damage":10,"enemies":"3 Byrds","floor":19,"turns":6},{"damage":29,"enemies":"Shelled Parasite and Fungi","floor":21,"turns":4}],"seed_played":"-4791423534736362384","potions_obtained":[{"floor":1,"key":"hermit:Eclipse"},{"floor":2,"key":"Dexterity Potion"},{"floor":14,"key":"PowerPotion"},{"floor":16,"key":"DistilledChaos"},{"floor":19,"key":"Strength Potion"}],"is_trial":false,"path_per_floor":["M","M","?","?","M","E","R","E","T","R","?","M","$","M","R","B",null,"M","M","?","M"],"character_chosen":"HERMIT","items_purchased":["FairyPotion","hermit:Glare","hermit:WideOpen","Block Potion"],"campfire_rested":3,"item_purchase_floors":[13,13,13,13],"current_hp_per_floor":[63,53,53,42,39,17,38,17,17,38,38,37,37,7,28,12,56,47,37,37,8,8],"gold":213,"neow_bonus":"RANDOM_COMMON_RELIC","is_daily":false,"chose_seed":false,"campfire_upgraded":0,"win_rate":0.0,"timestamp":1609079725,"path_taken":["M","M","?","?","M","E","R","E","T","R","?","M","$","M","R","BOSS","M","M","?","M"],"items_purchased_type":["Potion","Card","Card","Potion"],"build_version":"2020-12-22","purchased_purges":0,"victory":false,"max_hp_per_floor":[71,71,71,71,71,71,71,71,71,71,71,71,71,71,71,71,71,71,71,71,71,71],"card_choices":[{"not_picked":["hermit:TakeAim","hermit:TakeCover"],"picked":"hermit:FlashPowder","floor":1},{"not_picked":["hermit:Vantage","hermit:TrackingShot"],"picked":"hermit:Misfire","floor":2},{"not_picked":["hermit:Manifest","hermit:HoleUp"],"picked":"hermit:Ricochet","floor":5},{"not_picked":["hermit:Midnight","hermit:Gambit"],"picked":"hermit:SprayPray","floor":6},{"not_picked":["hermit:Combo","hermit:EyeOfTheStorm"],"picked":"hermit:WideOpen","floor":8},{"not_picked":["hermit:LuckOfTheDraw","hermit:Snipe"],"picked":"hermit:TakeAim","floor":12},{"not_picked":["hermit:HighCaliber","hermit:Misfire"],"picked":"hermit:Enervate","floor":14},{"not_picked":["hermit:Reprieve","hermit:FatalDesire"],"picked":"hermit:Roughhouse","floor":16},{"not_picked":["hermit:SprayPray+1","hermit:WideOpen"],"picked":"hermit:Virtue","floor":18},{"not_picked":["hermit:Feint+1","hermit:WideOpen"],"picked":"hermit:Spite","floor":19}],"player_experience":658032,"relics_obtained":[{"floor":6,"key":"Whetstone"},{"floor":8,"key":"Happy Flower"},{"floor":9,"key":"Darkstone Periapt"}],"event_choices":[{"damage_healed":0,"gold_gain":0,"player_choice":"Take Wound","damage_taken":0,"relics_obtained":["Golden Idol"],"max_hp_gain":0,"max_hp_loss":0,"event_name":"Golden Idol","floor":3,"gold_loss":0,"cards_obtained":["Injury"]},{"damage_healed":0,"gold_gain":0,"player_choice":"Success","damage_taken":11,"relics_obtained":["Ornamental Fan"],"max_hp_gain":0,"max_hp_loss":0,"event_name":"Scrap Ooze","floor":4,"gold_loss":0},{"damage_healed":0,"gold_gain":74,"player_choice":"Gained Gold","damage_taken":0,"max_hp_gain":0,"max_hp_loss":0,"event_name":"Golden Wing","floor":11,"gold_loss":0},{"damage_healed":0,"gold_gain":0,"player_choice":"Inject Mutagens","damage_taken":0,"relics_obtained":["MutagenicStrength"],"max_hp_gain":0,"max_hp_loss":0,"event_name":"Drug Dealer","floor":20,"gold_loss":0}],"is_beta":false,"boss_relics":[{"not_picked":["Pandora\u0027s Box","Coffee Dripper"],"picked":"Philosopher\u0027s Stone"}],"items_purged_floors":[],"is_endless":false,"potions_floor_spawned":[1,2,14,16,19],"killed_by":"Shelled Parasite and Fungi","ascension_level":16}}