{"host":"2lqi9xx9scmc3cqh","time":1609082551,"event":{"mods":["AchievementEnabler","BaseMod","Colored Map","Minty Spire (QoL Compilation)","Remove Card Discount Mod","StSLib"],"gold_per_floor":[112,87,97,4299,4299,4299,4327,4345,4368,4380,4406,4406,4419,4439,4439,4515,4515,4529,4529,4540,4540,4559,4587,4587,4621,4621,4601,4621,4228,4241,4341,4341,4420,4420,4432,4447,4457,4170,4170,4170,4214,4268,4293,4318,4327,4352,4396,4416,4416,4416],"floor_reached":51,"playtime":3033,"items_purged":["Strike_G","Strike_G","Defend_G","Defend_G","Defend_G","Strike_G"],"score":1492,"play_id":"a4bcba7f-9340-4f45-b2aa-503cca449fe0","local_time":"20201228002231","is_ascension_mode":true,"campfire_choices":[{"data":"Neutralize","floor":6,"key":"SMITH"},{"data":"Cloak And Dagger","floor":12,"key":"SMITH"},{"data":"1","floor":15,"key":"LIFT"},{"floor":24,"key":"REST"},{"floor":32,"key":"REST"},{"data":"A Thousand Cuts","floor":40,"key":"SMITH"},{"floor":49,"key":"REST"}],"circlet_count":0,"master_deck":["AscendersBane","Strike_G","Defend_G","Defend_G","Survivor","Neutralize+1","Cloak And Dagger+1","Dagger Spray","Finisher","Phantasmal Killer","Caltrops","Cloak And Dagger","A Thousand Cuts+1","Escape Plan","Acrobatics","Cloak And Dagger","Cloak And Dagger","Adrenaline","PiercingWail","Prepared","Backflip","Trip","Blade Dance"],"relics":["Ring of the Snake","NeowsBlessing","Nunchaku","Girya","TwistedFunnel","Omamori","Regal Pillow","Happy Flower","Black Star","Pen Nib","Gambling Chip","Mango","Bird Faced Urn","Bottled Lightning","Mercury Hourglass","Anchor","Tough Bandages","Matryoshka","SlaversCollar","Ancient Tea Set","CeramicFish","Molten Egg 2","Lantern","Ginger","Blue Candle","Juzu Bracelet","Strawberry","Potion Belt","Unceasing Top","Vajra","Turnip"],"acts_visited":["Exordium","TheCity","TheBeyond"],"potions_floor_usage":[23,23,30,30,31,33,41,50,50,50],"damage_taken":[{"damage":0,"enemies":"Jaw Worm","floor":1,"turns":1},{"damage":0,"enemies":"Cultist","floor":3,"turns":1},{"damage":0,"enemies":"Gremlin Nob","floor":7,"turns":1},{"damage":0,"enemies":"2 Louse","floor":8,"turns":1},{"damage":7,"enemies":"Large Slime","floor":10,"turns":4},{"damage":24,"enemies":"3 Sentries","floor":11,"turns":10},{"damage":12,"enemies":"Lots of Slimes","floor":13,"turns":1},{"damage":2,"enemies":"Looter","floor":14,"turns":2},{"damage":6,"enemies":"Hexaghost","floor":16,"turns":8},{"damage":13,"enemies":"3 Byrds","floor":18,"turns":3},{"damage":16,"enemies":"2 Thieves","floor":20,"turns":3},{"damage":2,"enemies":"Cultist and Chosen","floor":22,"turns":4},{"damage":10,"enemies":"Slavers","floor":23,"turns":6},{"damage":31,"enemies":"Gremlin Leader","floor":25,"turns":5},{"damage":22,"enemies":"Shelled Parasite and Fungi","floor":28,"turns":5},{"damage":1,"enemies":"Centurion and Healer","floor":30,"turns":5},{"damage":7,"enemies":"Colosseum Slavers","floor":31,"turns":3},{"damage":9,"enemies":"Colosseum Nobs","floor":31,"turns":4},{"damage":45,"enemies":"Collector","floor":33,"turns":13},{"damage":5,"enemies":"3 Darklings","floor":35,"turns":3},{"damage":0,"enemies":"3 Shapes","floor":36,"turns":2},{"damage":0,"enemies":"Jaw Worm Horde","floor":37,"turns":4},{"damage":7,"enemies":"Giant Head","floor":41,"turns":6},{"damage":0,"enemies":"2 Orb Walkers","floor":42,"turns":3},{"damage":8,"enemies":"Reptomancer","floor":44,"turns":3},{"damage":0,"enemies":"Mind Bloom Boss Battle","floor":46,"turns":5},{"damage":29,"enemies":"Giant Head","floor":47,"turns":7},{"damage":18,"enemies":"Spire Growth","floor":48,"turns":4},{"damage":50,"enemies":"Donu and Deca","floor":50,"turns":7}],"seed_played":"6365597781836398295","potions_obtained":[{"floor":25,"key":"Explosive Potion"},{"floor":27,"key":"EssenceOfSteel"},{"floor":28,"key":"Regen Potion"},{"floor":30,"key":"FearPotion"},{"floor":31,"key":"EssenceOfSteel"},{"floor":35,"key":"Fire Potion"},{"floor":42,"key":"GhostInAJar"},{"floor":46,"key":"Weak Potion"},{"floor":47,"key":"SkillPotion"}],"is_trial":false,"path_per_floor":["M","?","M","$","?","R","E","M","T","M","E","R","M","M","R","B",null,"M","?","M","?","M","E","R","E","T","?","M","$","M","?","R","B",null,"M","M","M","$","?","R","E","?","T","E","?","?","E","M","R","B",null],"character_chosen":"THE_SILENT","items_purchased":["Finisher","Nunchaku","Girya","TwistedFunnel","PowerPotion","Dexterity Potion","Mercury Hourglass","Anchor","Ancient Tea Set","CeramicFish"],"campfire_rested":3,"item_purchase_floors":[4,4,4,4,4,4,29,29,38,38],"current_hp_per_floor":[59,59,59,59,59,59,59,59,59,52,28,28,16,14,14,8,52,39,39,23,23,21,11,45,28,28,28,8,8,23,11,50,9,62,61,65,67,67,67,67,64,66,66,69,69,73,48,34,75,29],"gold":4416,"neow_bonus":"THREE_ENEMY_KILL","is_daily":false,"chose_seed":false,"campfire_upgraded":3,"win_rate":0.0,"timestamp":1609082551,"path_taken":["M","?","M","$","?","R","E","M","T","?","E","R","M","M","R","BOSS","M","?","M","?","M","E","R","E","T","?","M","$","?","?","R","BOSS","M","M","M","$","?","R","E","?","T","E","?","?","E","M","R","BOSS"],"items_purchased_type":["Card","Relic","Relic","Relic","Potion","Potion","Relic","Relic","Relic","Relic"],"build_version":"2020-12-22","purchased_purges":6,"victory":true,"max_hp_per_floor":[66,66,66,66,66,66,66,66,66,66,66,66,66,66,66,66,66,66,66,66,66,66,66,66,80,80,80,80,80,80,80,80,80,80,80,80,80,80,80,80,80,80,80,87,87,87,87,87,87,87],"card_choices":[{"not_picked":["Distraction","Calculated Gamble"],"picked":"Cloak And Dagger","floor":1},{"not_picked":["Sucker Punch","Flying Knee"],"picked":"Dagger Spray","floor":3},{"not_picked":["Bouncing Flask","Dagger Throw"],"picked":"Phantasmal Killer","floor":7},{"not_picked":["Riddle With Holes","Skewer","Blur"],"picked":"SKIP","floor":8},{"not_picked":["Terror","Dagger Throw","Dagger Spray"],"picked":"SKIP","floor":10},{"not_picked":["Masterful Stab","Dodge and Roll"],"picked":"Caltrops","floor":11},{"not_picked":["Outmaneuver","Tactician","Endless Agony"],"picked":"SKIP","floor":13},{"not_picked":["Endless Agony","Backstab"],"picked":"Cloak And Dagger","floor":14},{"not_picked":["Adrenaline","Grand Finale"],"picked":"A Thousand Cuts","floor":16},{"not_picked":["Heel Hook","Escape Plan","Dagger Throw"],"picked":"SKIP","floor":18},{"not_picked":["Heel Hook","Dagger Throw"],"picked":"Escape Plan","floor":18},{"not_picked":["Blur","Quick Slash"],"picked":"Acrobatics","floor":20},{"not_picked":["Slice","Caltrops"],"picked":"Cloak And Dagger","floor":22},{"not_picked":["Riddle With Holes","Prepared+1"],"picked":"Cloak And Dagger","floor":23},{"not_picked":["Underhanded Strike+1","Glass Knife","Predator"],"picked":"SKIP","floor":25},{"not_picked":["Underhanded Strike","Predator","Dagger Throw"],"picked":"SKIP","floor":28},{"not_picked":["Quick Slash","Outmaneuver","Dodge and Roll"],"picked":"SKIP","floor":30},{"not_picked":["Corpse Explosion","Tools of the Trade"],"picked":"Adrenaline","floor":33},{"not_picked":["Finisher","Slice+1","Dodge and Roll+1"],"picked":"SKIP","floor":35},{"not_picked":["Deflect","Bane"],"picked":"PiercingWail","floor":36},{"not_picked":["Quick Slash+1","Endless Agony"],"picked":"Prepared","floor":37},{"not_picked":["Dagger Throw+1","Bane+1"],"picked":"Backflip","floor":41},{"not_picked":["Venomology","Dagger Throw+1","Outmaneuver+1"],"picked":"SKIP","floor":44},{"not_picked":["Impatience","Secret Technique"],"picked":"Trip","floor":45},{"not_picked":["Deadly Poison+1","Acrobatics+1"],"picked":"Blade Dance","floor":47},{"not_picked":["Slice+1","Cloak And Dagger","Concentrate"],"picked":"SKIP","floor":48}],"player_experience":377928,"relics_obtained":[{"floor":7,"key":"Omamori"},{"floor":9,"key":"Regal Pillow"},{"floor":11,"key":"Happy Flower"},{"floor":23,"key":"Pen Nib"},{"floor":23,"key":"Gambling Chip"},{"floor":25,"key":"Mango"},{"floor":25,"key":"Bird Faced Urn"},{"floor":26,"key":"Bottled Lightning"},{"floor":31,"key":"Tough Bandages"},{"floor":31,"key":"Matryoshka"},{"floor":41,"key":"Molten Egg 2"},{"floor":41,"key":"Lantern"},{"floor":42,"key":"Ginger"},{"floor":43,"key":"Blue Candle"},{"floor":43,"key":"Juzu Bracelet"},{"floor":44,"key":"Strawberry"},{"floor":44,"key":"Potion Belt"},{"floor":46,"key":"Unceasing Top"},{"floor":47,"key":"Vajra"},{"floor":47,"key":"Turnip"}],"event_choices":[{"damage_healed":0,"gold_gain":0,"player_choice":"Left Gold","damage_taken":0,"max_hp_gain":0,"max_hp_loss":0,"event_name":"World of Goop","floor":2,"gold_loss":25},{"damage_healed":0,"gold_gain":0,"player_choice":"0 cards matched","damage_taken":0,"max_hp_gain":0,"max_hp_loss":0,"event_name":"Match and Keep!","floor":5,"gold_loss":0,"cards_obtained":[]},{"damage_healed":0,"gold_gain":0,"player_choice":"Ignored","damage_taken":0,"max_hp_gain":0,"max_hp_loss":0,"event_name":"Ghosts","floor":19,"gold_loss":0},{"damage_healed":0,"gold_gain":0,"player_choice":"Ignored","damage_taken":0,"max_hp_gain":0,"max_hp_loss":0,"event_name":"Vampires","floor":21,"gold_loss":0},{"damage_healed":0,"gold_gain":0,"player_choice":"Bought 1 Potion","damage_taken":0,"max_hp_gain":0,"max_hp_loss":0,"event_name":"The Woman in Blue","floor":27,"gold_loss":0},{"damage_healed":0,"gold_gain":0,"player_choice":"Fight","damage_taken":0,"max_hp_gain":0,"max_hp_loss":0,"event_name":"Colosseum","floor":31,"gold_loss":0},{"damage_healed":0,"gold_gain":0,"player_choice":"Fought Nobs","damage_taken":0,"max_hp_gain":0,"max_hp_loss":0,"event_name":"Colosseum","floor":31,"gold_loss":0},{"cards_removed":["Strike_G"],"damage_healed":0,"gold_gain":0,"player_choice":"Removed Attack","damage_taken":0,"max_hp_gain":0,"max_hp_loss":0,"event_name":"Falling","floor":39,"gold_loss":0},{"damage_healed":0,"gold_gain":0,"player_choice":"Fight","damage_taken":0,"max_hp_gain":0,"max_hp_loss":0,"event_name":"Mysterious Sphere","floor":42,"gold_loss":0},{"damage_healed":0,"gold_gain":0,"player_choice":"Memory 1","damage_taken":0,"max_hp_gain":0,"max_hp_loss":0,"event_name":"SensoryStone","floor":45,"gold_loss":0},{"damage_healed":0,"gold_gain":0,"player_choice":"Fight","damage_taken":0,"max_hp_gain":0,"max_hp_loss":0,"event_name":"MindBloom","floor":46,"gold_loss":0}],"is_beta":false,"boss_relics":[{"not_picked":["Sozu","Velvet Choker"],"picked":"Black Star"},{"not_picked":["Snecko Eye","Runic Dome"],"picked":"SlaversCollar"}],"items_purged_floors":[4,4,4,4,4,4],"is_endless":false,"potions_floor_spawned":[8,10,13,14,16,22,25,28,30,31,35,42,46,47],"ascension_level":14}}