{"host":"qc268ltokmxwqyrx","time":1609099463,"event":{"mods":["BaseMod","Colored Map","Colored Powertips","Minty Spire (QoL Compilation)","RNG Fix","Relic Stats","Slay the Relics Exporter","StSLib"],"gold_per_floor":[112,112,112,137,156,156,81,112,160,5,29,29,69,88,88,181,181,197,218,20,20,20,56,56,79,79,94,113,157,207,230,230,320,320,333,353,371,385,406,406,406,442,468,468,492,492,492,555,555,555,555,555],"floor_reached":51,"playtime":6426,"items_purged":["Strike_G"],"score":1568,"play_id":"12195401-b5d1-47ee-985e-05277d98713a","local_time":"20201227140423","is_ascension_mode":true,"campfire_choices":[{"data":"Skewer","floor":6,"key":"SMITH"},{"data":"Wraith Form v2","floor":15,"key":"SMITH"},{"floor":32,"key":"REST"},{"floor":44,"key":"REST"},{"floor":46,"key":"RECALL"},{"floor":49,"key":"REST"}],"circlet_count":0,"master_deck":["AscendersBane","Strike_G","Strike_G","Strike_G","Defend_G","Defend_G","Defend_G","Defend_G","Survivor","Neutralize","Poisoned Stab+1","Dagger Spray","Skewer+1","Terror","Well Laid Plans","Wraith Form v2+1","After Image","Acrobatics","Die Die Die","Reflex+1","Catalyst+1","Grand Finale","Ghostly","Ghostly","Ghostly","PiercingWail","Noxious Fumes+1","Prepared","Noxious Fumes","Malaise","Expertise+1"],"relics":["Ring of the Snake","NeowsBlessing","Golden Idol","Juzu Bracelet","Blood Vial","The Courier","Gambling Chip","Fusion Hammer","Membership Card","PreservedInsect","Gremlin Horn","Ice Cream","Sozu","Shuriken","Torii"],"acts_visited":["Exordium","TheCity","TheBeyond"],"potions_floor_usage":[8,11,29,40,51],"damage_taken":[{"damage":0,"enemies":"Small Slimes","floor":1,"turns":2},{"damage":0,"enemies":"Cultist","floor":4,"turns":1},{"damage":0,"enemies":"2 Louse","floor":5,"turns":1},{"damage":22,"enemies":"3 Sentries","floor":8,"turns":7},{"damage":8,"enemies":"Lots of Slimes","floor":11,"turns":4},{"damage":5,"enemies":"Gremlin Nob","floor":13,"turns":5},{"damage":0,"enemies":"Looter","floor":14,"turns":5},{"damage":11,"enemies":"The Guardian","floor":16,"turns":14},{"damage":8,"enemies":"Shell Parasite","floor":18,"turns":7},{"damage":14,"enemies":"3 Byrds","floor":19,"turns":6},{"damage":10,"enemies":"Book of Stabbing","floor":23,"turns":9},{"damage":0,"enemies":"Cultist and Chosen","floor":25,"turns":5},{"damage":1,"enemies":"Snecko","floor":27,"turns":4},{"damage":0,"enemies":"Shelled Parasite and Fungi","floor":28,"turns":4},{"damage":14,"enemies":"Gremlin Leader","floor":29,"turns":4},{"damage":0,"enemies":"Snake Plant","floor":31,"turns":4},{"damage":0,"enemies":"Collector","floor":33,"turns":5},{"damage":19,"enemies":"Orb Walker","floor":35,"turns":5},{"damage":0,"enemies":"3 Shapes","floor":36,"turns":4},{"damage":0,"enemies":"Sphere and 2 Shapes","floor":37,"turns":6},{"damage":2,"enemies":"3 Darklings","floor":38,"turns":4},{"damage":0,"enemies":"Spire Growth","floor":39,"turns":5},{"damage":1,"enemies":"Nemesis","floor":40,"turns":7},{"damage":6,"enemies":"Reptomancer","floor":42,"turns":6},{"damage":0,"enemies":"Jaw Worm Horde","floor":45,"turns":5},{"damage":13,"enemies":"2 Orb Walkers","floor":48,"turns":7},{"damage":19,"enemies":"Time Eater","floor":50,"turns":13},{"damage":15,"enemies":"Donu and Deca","floor":51,"turns":8}],"seed_played":"-1453523900228187667","potions_obtained":[{"floor":4,"key":"Explosive Potion"},{"floor":5,"key":"SmokeBomb"},{"floor":8,"key":"Swift Potion"},{"floor":19,"key":"Explosive Potion"},{"floor":33,"key":"BlessingOfTheForge"}],"is_trial":false,"path_per_floor":["M","?","?","M","M","R","?","E","T","$","M","T","E","M","R","B",null,"M","M","$","?","?","E","?","M","T","M","M","E","?","M","R","B",null,"M","M","M","M","M","E","?","E","T","R","M","R","?","?","R","B","B"],"character_chosen":"THE_SILENT","items_purchased":["Well Laid Plans","Membership Card","Grand Finale"],"campfire_rested":3,"item_purchase_floors":[10,20,20],"current_hp_per_floor":[59,59,59,59,59,59,59,37,37,37,31,31,28,30,30,21,50,44,32,32,30,30,20,20,22,22,23,25,13,13,15,24,26,29,11,13,15,15,17,18,18,14,14,23,25,25,25,14,23,6,0,0],"gold":555,"neow_bonus":"THREE_ENEMY_KILL","is_daily":false,"chose_seed":false,"campfire_upgraded":2,"win_rate":0.0,"timestamp":1609099463,"path_taken":["M","?","?","?","M","R","?","E","T","$","M","?","E","M","R","BOSS","M","M","$","?","?","E","?","M","T","M","M","E","?","M","R","BOSS","M","M","M","M","M","E","?","E","T","R","M","R","?","?","R","BOSS","BOSS"],"items_purchased_type":["Card","Relic","Card"],"build_version":"2020-12-22","purchased_purges":1,"victory":false,"max_hp_per_floor":[66,60,60,60,60,60,60,60,60,60,60,60,60,60,60,60,60,60,60,60,30,30,30,30,30,30,30,30,30,30,30,30,30,30,30,30,30,30,30,30,30,30,30,30,30,30,30,30,30,30,30,30],"relic_stats":{"Blood Vial":45,"Sozu":3,"Gremlin Horn":[19,19],"Torii":0,"counters":[28,157],"Golden Idol":178,"Shuriken":[2],"Gambling Chip":[110],"PreservedInsect":155,"Juzu Bracelet":1,"obtain_stats":[{"Ice Cream":29,"NeowsBlessing":0,"Gremlin Horn":26,"Torii":48,"Golden Idol":2,"The Courier":12,"PreservedInsect":23,"Juzu Bracelet":8,"Blood Vial":9,"Sozu":34,"Shuriken":42,"Gambling Chip":13,"Fusion Hammer":17,"Membership Card":20,"Ring of the Snake":0},{"Ice Cream":15,"NeowsBlessing":0,"Gremlin Horn":12,"Torii":26,"Golden Idol":1,"The Courier":5,"PreservedInsect":11,"Juzu Bracelet":4,"Blood Vial":4,"Sozu":17,"Shuriken":24,"Gambling Chip":6,"Fusion Hammer":8,"Membership Card":10,"Ring of the Snake":0},{"Ice Cream":78,"NeowsBlessing":0,"Gremlin Horn":66,"Torii":136,"Golden Idol":2,"The Courier":15,"PreservedInsect":61,"Juzu Bracelet":11,"Blood Vial":11,"Sozu":87,"Shuriken":124,"Gambling Chip":20,"Fusion Hammer":39,"Membership Card":52,"Ring of the Snake":0}],"Ring of the Snake":[56]},"card_choices":[{"not_picked":["Quick Slash","Blade Dance"],"picked":"Poisoned Stab","floor":1},{"not_picked":["Quick Slash","Flying Knee"],"picked":"Dagger Spray","floor":4},{"not_picked":["Slice","Masterful Stab"],"picked":"Skewer","floor":5},{"not_picked":["Skewer","Dodge and Roll"],"picked":"Terror","floor":8},{"not_picked":["Predator","Deadly Poison"],"picked":"Wraith Form v2","floor":11},{"not_picked":["Dagger Throw","Quick Slash"],"picked":"After Image","floor":13},{"not_picked":["Poisoned Stab","Eviscerate"],"picked":"Acrobatics","floor":14},{"not_picked":["Venomology","After Image"],"picked":"Die Die Die","floor":16},{"not_picked":["Heel Hook","Dagger Throw"],"picked":"Reflex+1","floor":18},{"not_picked":["Cloak And Dagger","Deflect"],"picked":"Catalyst+1","floor":19},{"not_picked":["Reflex+1","Dagger Spray"],"picked":"Noxious Fumes+1","floor":23},{"not_picked":["Poisoned Stab","Sucker Punch"],"picked":"Prepared","floor":25},{"not_picked":["Slice","Dagger Spray+1"],"picked":"Noxious Fumes","floor":27},{"not_picked":["Dagger Throw","Outmaneuver","Glass Knife"],"picked":"SKIP","floor":28},{"not_picked":["Deflect","Quick Slash","Slice"],"picked":"SKIP","floor":29},{"not_picked":["Noxious Fumes","Poisoned Stab","Dodge and Roll"],"picked":"SKIP","floor":31},{"not_picked":["Adrenaline","Phantasmal Killer"],"picked":"Malaise","floor":33},{"not_picked":["Eviscerate+1","Blade Dance"],"picked":"Expertise+1","floor":35},{"not_picked":["Dagger Throw","Slice","Cloak And Dagger"],"picked":"SKIP","floor":36},{"not_picked":["Deadly Poison","Infinite Blades+1","Accuracy"],"picked":"SKIP","floor":37},{"not_picked":["Escape Plan+1","Cloak And Dagger","Eviscerate+1"],"picked":"SKIP","floor":38},{"not_picked":["Bane+1","Dagger Throw","PiercingWail"],"picked":"SKIP","floor":39},{"not_picked":["Underhanded Strike+1","Expertise","Noxious Fumes"],"picked":"SKIP","floor":42},{"not_picked":["Underhanded Strike+1","Expertise","Noxious Fumes"],"picked":"SKIP","floor":42},{"not_picked":["Finisher+1","Dagger Spray","Dodge and Roll"],"picked":"SKIP","floor":45}],"player_experience":1678957,"relics_obtained":[{"floor":8,"key":"Juzu Bracelet"},{"floor":9,"key":"Blood Vial"},{"floor":12,"key":"The Courier"},{"floor":13,"key":"Gambling Chip"},{"floor":23,"key":"PreservedInsect"},{"floor":26,"key":"Gremlin Horn"},{"floor":29,"key":"Ice Cream"},{"floor":42,"key":"Shuriken"},{"floor":48,"key":"Torii"}],"event_choices":[{"damage_healed":0,"gold_gain":0,"player_choice":"Lose Max HP","damage_taken":0,"relics_obtained":["Golden Idol"],"max_hp_gain":0,"max_hp_loss":6,"event_name":"Golden Idol","floor":2,"gold_loss":0},{"damage_healed":0,"gold_gain":0,"player_choice":"Grow","damage_taken":0,"max_hp_gain":0,"max_hp_loss":0,"event_name":"Living Wall","floor":3,"gold_loss":0,"cards_upgraded":["Poisoned Stab"]},{"cards_removed":["Strike_G"],"damage_healed":0,"gold_gain":0,"player_choice":"Card Removal","damage_taken":0,"max_hp_gain":0,"max_hp_loss":0,"event_name":"The Cleric","floor":7,"gold_loss":75},{"damage_healed":0,"gold_gain":0,"player_choice":"Became a Ghost","damage_taken":0,"max_hp_gain":0,"max_hp_loss":30,"event_name":"Ghosts","floor":21,"gold_loss":0,"cards_obtained":["Ghostly","Ghostly","Ghostly"]},{"damage_healed":0,"gold_gain":0,"player_choice":"1 cards matched","damage_taken":0,"max_hp_gain":0,"max_hp_loss":0,"event_name":"Match and Keep!","floor":22,"gold_loss":0,"cards_obtained":["PiercingWail"]},{"damage_healed":0,"gold_gain":0,"player_choice":"Ignored","damage_taken":0,"max_hp_gain":0,"max_hp_loss":0,"event_name":"Cursed Tome","floor":24,"gold_loss":0},{"damage_healed":0,"gold_gain":50,"player_choice":"Stole From Cult","damage_taken":0,"max_hp_gain":0,"max_hp_loss":0,"event_name":"Nest","floor":30,"gold_loss":0},{"damage_healed":0,"gold_gain":0,"player_choice":"Ignored","damage_taken":0,"max_hp_gain":0,"max_hp_loss":0,"event_name":"Tomb of Lord Red Mask","floor":41,"gold_loss":0},{"cards_removed":["Defend_G"],"damage_healed":0,"gold_gain":0,"player_choice":"Removed Skill","damage_taken":0,"max_hp_gain":0,"max_hp_loss":0,"event_name":"Falling","floor":47,"gold_loss":0},{"damage_healed":0,"gold_gain":0,"player_choice":"Fight","damage_taken":0,"max_hp_gain":0,"max_hp_loss":0,"event_name":"Mysterious Sphere","floor":48,"gold_loss":0}],"is_beta":false,"boss_relics":[{"not_picked":["HoveringKite","Calling Bell"],"picked":"Fusion Hammer"},{"not_picked":["SacredBark","Black Star"],"picked":"Sozu"}],"items_purged_floors":[10],"is_endless":false,"potions_floor_spawned":[4,5,8,19,33,37,42,48],"killed_by":"Donu and Deca","ascension_level":20}}