{"host":"rqd50iigewdjy74u","time":1609070706,"event":{"mods":["AchievementEnabler","BaseMod","BetterRewards","Custom Start","Minty Spire (QoL Compilation)","StSLib"],"gold_per_floor":[109,124,124,187,107,138,88,88,88,112,137,137,137,110,110,110,110],"floor_reached":16,"playtime":496,"items_purged":[],"score":173,"play_id":"ecd89332-ef3d-4001-87ee-a12d86486e88","local_time":"20201227060506","is_ascension_mode":false,"campfire_choices":[{"floor":12,"key":"RECALL"},{"data":"WindmillStrike","floor":15,"key":"SMITH"}],"circlet_count":0,"master_deck":["Strike_P","Strike_P","Strike_P","Strike_P","Defend_P","Defend_P","Eruption","Vigilance","EmptyMind","ReachHeaven","DeusExMachina","Worship","SashWhip","Indignation","WindmillStrike+1"],"relics":["PureWater","NeowsBlessing","Golden Idol","GoldenEye","The Courier"],"acts_visited":["Exordium"],"potions_floor_usage":[16,16],"damage_taken":[{"damage":0,"enemies":"Small Slimes","floor":1,"turns":1},{"damage":0,"enemies":"2 Louse","floor":2,"turns":2},{"damage":0,"enemies":"3 Sentries","floor":6,"turns":2},{"damage":0,"enemies":"Cultist","floor":10,"turns":2},{"damage":10,"enemies":"3 Louse","floor":11,"turns":3}],"seed_played":"-659829261448057338","potions_obtained":[{"floor":2,"key":"Dexterity Potion"},{"floor":11,"key":"LiquidBronze"}],"is_trial":false,"path_per_floor":["M","M","?","?","$","E","?","?","T","M","M","R","?","$","R","B"],"character_chosen":"WATCHER","items_purchased":["DeusExMachina","WindmillStrike"],"campfire_rested":0,"item_purchase_floors":[5,14],"current_hp_per_floor":[72,72,54,54,54,54,54,54,54,54,44,44,49,49,49,0,0],"gold":110,"neow_bonus":"THREE_ENEMY_KILL","is_daily":false,"chose_seed":false,"campfire_upgraded":1,"win_rate":0.0,"timestamp":1609070706,"path_taken":["M","M","?","?","$","E","?","?","T","?","M","R","?","$","R","BOSS"],"items_purchased_type":["Card","Card"],"build_version":"2020-12-22","purchased_purges":0,"victory":false,"max_hp_per_floor":[72,72,72,72,72,72,72,72,72,72,72,72,77,77,77,77,77],"card_choices":[{"not_picked":["Crescendo","FearNoEvil"],"picked":"EmptyMind","floor":1},{"not_picked":["EmptyBody","CutThroughFate"],"picked":"ReachHeaven","floor":2},{"not_picked":["BowlingBash","Consecrate"],"picked":"Worship","floor":6},{"not_picked":["Consecrate","JustLucky"],"picked":"SashWhip","floor":10},{"not_picked":["ThirdEye","Pray"],"picked":"Indignation","floor":11}],"player_experience":121336,"relics_obtained":[{"floor":6,"key":"GoldenEye"},{"floor":9,"key":"The Courier"}],"event_choices":[{"damage_healed":0,"gold_gain":0,"player_choice":"Take Damage","damage_taken":18,"relics_obtained":["Golden Idol"],"max_hp_gain":0,"max_hp_loss":0,"event_name":"Golden Idol","floor":3,"gold_loss":0},{"damage_healed":0,"gold_gain":63,"player_choice":"Gained Gold","damage_taken":0,"max_hp_gain":0,"max_hp_loss":0,"event_name":"Golden Wing","floor":4,"gold_loss":0},{"cards_removed":["Defend_P"],"damage_healed":0,"gold_gain":0,"player_choice":"Card Removal","damage_taken":0,"max_hp_gain":0,"max_hp_loss":0,"event_name":"The Cleric","floor":7,"gold_loss":50},{"cards_removed":["Defend_P"],"damage_healed":0,"gold_gain":0,"player_choice":"Purged","damage_taken":0,"max_hp_gain":0,"max_hp_loss":0,"event_name":"Purifier","floor":8,"gold_loss":0},{"damage_healed":0,"gold_gain":0,"player_choice":"Donut","damage_taken":0,"max_hp_gain":5,"max_hp_loss":0,"event_name":"Big Fish","floor":13,"gold_loss":0}],"is_beta":false,"boss_relics":[],"items_purged_floors":[],"is_endless":false,"potions_floor_spawned":[2,11],"killed_by":"The Guardian","ascension_level":0}}