{"host":"91blwi3hgehj6ch9","time":1609101231,"event":{"mods":["2.2 Compatiblity","AchievementEnabler","BaseMod","Colored Map","DeckTracker","Keyboard Shortcuts","Minty Spire (QoL Compilation)","Permanent Neow","Quick Restart","StSLib","SuperFastMode"],"gold_per_floor":[111,111,131,131,56,56,56,56,108,128,128,128,128,146,146,250,250,266,114,114,114,114,114,147,147,147,147,158,178,195,205,205,205,205],"floor_reached":33,"playtime":1226,"items_purged":["Strike_P","Strike_P"],"score":329,"play_id":"53b3ba4e-89c3-47e8-901c-e230b8ca706f","local_time":"20201228053351","is_ascension_mode":true,"campfire_choices":[{"data":"Eruption","floor":6.0,"key":"SMITH"},{"data":"FlurryOfBlows","floor":8.0,"key":"SMITH"},{"data":"SashWhip","floor":13.0,"key":"SMITH"},{"data":"Halt","floor":15.0,"key":"SMITH"},{"data":"Vigilance","floor":23.0,"key":"SMITH"},{"data":"RitualDagger","floor":25.0,"key":"SMITH"},{"data":"EmptyBody","floor":27.0,"key":"SMITH"},{"floor":32,"key":"REST"}],"circlet_count":0,"master_deck":["Defend_P","Eruption+1","Vigilance+1","EmptyMind","FlurryOfBlows+1","SashWhip+1","Halt+1","EmptyBody+1","RitualDagger+1"],"relics":["PureWater","Toy Ornithopter","Potion Belt","Torii","Pocketwatch","Empty Cage","CloakClasp","Bag of Marbles"],"acts_visited":["Exordium","TheCity"],"potions_floor_usage":[33,33],"damage_taken":[{"damage":0.0,"enemies":"2 Louse","floor":1.0,"turns":2.0},{"damage":16.0,"enemies":"Small Slimes","floor":3.0,"turns":3.0},{"damage":7.0,"enemies":"Jaw Worm","floor":10.0,"turns":2.0},{"damage":9.0,"enemies":"3 Louse","floor":14.0,"turns":2.0},{"damage":3.0,"enemies":"The Guardian","floor":16.0,"turns":9.0},{"damage":21.0,"enemies":"3 Byrds","floor":18.0,"turns":6.0},{"damage":12.0,"enemies":"Slavers","floor":24.0,"turns":7.0},{"damage":0.0,"enemies":"Chosen","floor":28.0,"turns":4.0},{"damage":0,"enemies":"Centurion and Healer","floor":29,"turns":4},{"damage":0,"enemies":"Chosen and Byrds","floor":30,"turns":4},{"damage":0,"enemies":"Cultist and Chosen","floor":31,"turns":3},{"damage":61,"enemies":"Collector","floor":33,"turns":14}],"seed_played":"-3368778426937214925","potions_obtained":[{"floor":14.0,"key":"LiquidMemories"},{"floor":28.0,"key":"EssenceOfSteel"},{"floor":30,"key":"Fruit Juice"}],"is_trial":false,"path_per_floor":["M","?","M","?","$","R","?","R","T","M","?","T","R","M","R","B",null,"M","$","?","?","?","R","E","R","T","R","M","M","M","M","R","B"],"character_chosen":"WATCHER","items_purchased":["EmptyBody"],"campfire_rested":1,"item_purchase_floors":[19],"current_hp_per_floor":[47,40,24,48,48,48,48,48,48,41,29,29,29,20,20,22,60,39,39,39,33,33,33,21,21,21,21,21,21,21,21,42,0,0],"gold":205,"neow_bonus":"REMOVE_TWO","is_daily":false,"chose_seed":false,"campfire_upgraded":7,"win_rate":0.0,"timestamp":1609101231,"path_taken":["M","?","M","?","$","R","?","R","T","M","?","?","R","M","R","BOSS","M","$","?","?","?","R","E","R","T","R","M","?","M","M","R","BOSS"],"items_purchased_type":["Card"],"build_version":"2020-12-22","purchased_purges":2,"victory":false,"max_hp_per_floor":[72,72,72,72,72,72,72,72,72,72,72,72,72,72,72,72,72,72,72,72,72,72,72,72,72,72,72,72,72,72,72,72,77,77],"card_choices":[{"not_picked":["Evaluate","JustLucky"],"picked":"EmptyMind","floor":1.0},{"not_picked":["Swivel","JustLucky"],"picked":"FlurryOfBlows","floor":3.0},{"not_picked":["Worship","Evaluate"],"picked":"SashWhip","floor":10.0},{"not_picked":["FlurryOfBlows","Evaluate"],"picked":"Halt","floor":14.0},{"not_picked":["Establishment","ConjureBlade"],"picked":"Scrawl","floor":16.0},{"not_picked":["Worship","SignatureMove","EmptyFist"],"picked":"SKIP","floor":18.0},{"not_picked":["PathToVictory","Pray","SashWhip"],"picked":"SKIP","floor":24.0},{"not_picked":["ThirdEye","FlurryOfBlows","PathToVictory"],"picked":"SKIP","floor":28.0},{"not_picked":["Study","Protect","LessonLearned"],"picked":"SKIP","floor":29},{"not_picked":["EmptyMind+1","ReachHeaven","ThirdEye+1"],"picked":"SKIP","floor":30},{"not_picked":["SandsOfTime","Evaluate","Sanctity"],"picked":"SKIP","floor":31}],"player_experience":118348,"relics_obtained":[{"floor":9.0,"key":"Potion Belt"},{"floor":12.0,"key":"Pocketwatch"},{"floor":24.0,"key":"CloakClasp"},{"floor":26.0,"key":"Bag of Marbles"}],"event_choices":[{"cards_removed":["Defend_P"],"damage_healed":0.0,"max_hp_gain":0.0,"max_hp_loss":0.0,"gold_gain":0.0,"event_name":"Golden Wing","player_choice":"Card Removal","floor":2.0,"gold_loss":0.0,"damage_taken":7.0},{"damage_healed":24.0,"max_hp_gain":0.0,"max_hp_loss":0.0,"gold_gain":0.0,"event_name":"Big Fish","player_choice":"Banana","floor":4.0,"gold_loss":0.0,"damage_taken":0.0},{"damage_healed":0.0,"max_hp_gain":0.0,"max_hp_loss":0.0,"gold_gain":0.0,"event_name":"Dead Adventurer","player_choice":"Searched \u00271\u0027 times","floor":7.0,"gold_loss":0.0,"damage_taken":0.0,"relics_obtained":["Toy Ornithopter"]},{"damage_healed":0.0,"max_hp_gain":0.0,"max_hp_loss":0.0,"gold_gain":0.0,"event_name":"Scrap Ooze","player_choice":"Success","floor":11.0,"gold_loss":0.0,"damage_taken":12.0,"relics_obtained":["Torii"]},{"damage_healed":0.0,"max_hp_gain":0.0,"max_hp_loss":0.0,"gold_gain":0.0,"event_name":"Vampires","player_choice":"Ignored","floor":20.0,"gold_loss":0.0,"damage_taken":0.0},{"damage_healed":0.0,"max_hp_gain":0.0,"max_hp_loss":0.0,"gold_gain":0.0,"event_name":"Nest","player_choice":"Joined the Cult","floor":21.0,"gold_loss":0.0,"damage_taken":6.0,"cards_obtained":["RitualDagger"]},{"cards_removed":["Scrawl"],"damage_healed":0.0,"max_hp_gain":0.0,"max_hp_loss":0.0,"gold_gain":0.0,"event_name":"Back to Basics","player_choice":"Elegance","floor":22.0,"gold_loss":0.0,"damage_taken":0.0}],"is_beta":false,"boss_relics":[{"not_picked":["Ectoplasm","VioletLotus"],"picked":"Empty Cage"}],"items_purged_floors":[5,19],"is_endless":false,"potions_floor_spawned":[14,28,30],"killed_by":"Collector","ascension_level":6}}