{"host":"98ajcw3do3zsggh8","time":1609108335,"event":{"mods":["BaseMod","Minty Spire (QoL Compilation)","Replay The Spire","StSLib"],"gold_per_floor":[111,111,186,201,201,201,215,226,226,246,246,261,261,288,288,392,392,407,407,417,342,267,298,316,316,367,367,367,367,367],"floor_reached":29,"playtime":604,"items_purged":["Delirium"],"score":283,"play_id":"eb4da894-282b-44f1-b572-cbeee0fa0bb1","local_time":"20201227233215","is_ascension_mode":false,"campfire_choices":[{"data":"Eruption","floor":6,"key":"SMITH"},{"data":"CarveReality","floor":11,"key":"SMITH"},{"data":"SignatureMove","floor":13,"key":"SMITH"},{"data":"Vigilance","floor":15,"key":"SMITH"},{"data":"MasterReality","floor":25,"key":"SMITH"},{"floor":28,"key":"REST"}],"circlet_count":0,"master_deck":["Strike_P","Strike_P","Strike_P","Defend_P","Defend_P","Eruption+1","Vigilance+1","CutThroughFate","EmptyFist+1","CarveReality+1","SignatureMove+1","MasterReality+1","Adaptation+1","Necronomicurse"],"relics":["ReplayTheSpireMod:DimensionalGlitch","Juzu Bracelet","Potion Belt","Sozu","Chameleon Ring","Blue Doll","Necronomicon"],"acts_visited":["Exordium","TheCity"],"potions_floor_usage":[20,20,24],"damage_taken":[{"damage":0,"enemies":"Jaw Worm","floor":1,"turns":2},{"damage":5,"enemies":"Small Slimes","floor":4,"turns":2},{"damage":0,"enemies":"2 Louse","floor":7,"turns":1},{"damage":0,"enemies":"Looter","floor":8,"turns":1},{"damage":7,"enemies":"3 Louse","floor":10,"turns":2},{"damage":0,"enemies":"Large Slime","floor":12,"turns":3},{"damage":0,"enemies":"Slime Boss","floor":16,"turns":3},{"damage":0,"enemies":"Spheric Guardian","floor":18,"turns":2},{"damage":0,"enemies":"3 Byrds","floor":20,"turns":5},{"damage":43,"enemies":"Slavers","floor":23,"turns":3},{"damage":0,"enemies":"Centurion and Healer","floor":24,"turns":2},{"damage":25,"enemies":"Snake Plant","floor":29,"turns":2}],"seed_played":"-4732620655887648529","potions_obtained":[{"floor":4,"key":"DistilledChaos"},{"floor":8,"key":"FearPotion"},{"floor":10,"key":"Block Potion"},{"floor":16,"key":"SkillPotion"}],"is_trial":false,"path_per_floor":["M","?","?","M","?","R","M","M","T","M","R","M","R","T","R","B",null,"M","?","M","$","?","E","M","R","T","?","R","M"],"character_chosen":"WATCHER","items_purchased":[],"campfire_rested":1,"item_purchase_floors":[],"current_hp_per_floor":[72,72,61,56,56,56,56,56,56,49,49,49,49,49,49,49,72,72,72,72,72,72,29,29,29,29,4,25,0,0],"gold":367,"neow_bonus":"BOSS_RELIC","is_daily":false,"chose_seed":false,"campfire_upgraded":5,"win_rate":0.0,"timestamp":1609108335,"path_taken":["M","?","?","M","?","R","M","M","T","M","R","M","R","?","R","BOSS","M","?","M","$","?","E","M","R","T","?","R","M"],"items_purchased_type":[],"build_version":"2020-12-22","purchased_purges":1,"victory":false,"max_hp_per_floor":[72,72,72,72,72,72,72,72,72,72,72,72,72,72,72,72,72,72,72,72,72,72,72,72,72,72,72,72,72,72],"card_choices":[{"not_picked":["Protect","Fasting2"],"picked":"CutThroughFate","floor":1},{"not_picked":["FearNoEvil","Pray","Replay:ManipulateFuture"],"picked":"SKIP","floor":4},{"not_picked":["FearNoEvil","ClearTheMind"],"picked":"CarveReality","floor":7},{"not_picked":["MentalFortress","CutThroughFate"],"picked":"SignatureMove","floor":8},{"not_picked":["FlurryOfBlows","Evaluate","PathToVictory"],"picked":"SKIP","floor":10},{"not_picked":["Prostrate","FlyingSleeves","Study"],"picked":"SKIP","floor":12},{"not_picked":["Alpha","ConjureBlade"],"picked":"MasterReality","floor":16},{"not_picked":["ClearTheMind","SashWhip","InnerPeace+1"],"picked":"SKIP","floor":18},{"not_picked":["Pray","JustLucky","Replay:ManipulateFuture"],"picked":"SKIP","floor":20},{"not_picked":["Protect","Replay:ManipulateFuture+1","DevaForm"],"picked":"SKIP","floor":23},{"not_picked":["PathToVictory","Replay:AtTheReady"],"picked":"Adaptation+1","floor":24}],"player_experience":280903,"relics_obtained":[{"floor":9,"key":"Juzu Bracelet"},{"floor":14,"key":"Potion Belt"},{"floor":23,"key":"Chameleon Ring"},{"floor":26,"key":"Blue Doll"},{"floor":27,"key":"Necronomicon"}],"event_choices":[{"damage_healed":0,"gold_gain":75,"player_choice":"Gather Gold","damage_taken":11,"max_hp_gain":0,"max_hp_loss":0,"event_name":"World of Goop","floor":3,"gold_loss":0},{"cards_removed":["Strike_P"],"damage_healed":0,"gold_gain":0,"player_choice":"Forget","damage_taken":0,"max_hp_gain":0,"max_hp_loss":0,"event_name":"Living Wall","floor":5,"gold_loss":0},{"cards_removed":["Defend_P"],"damage_healed":0,"gold_gain":0,"player_choice":"Gave Gold","damage_taken":0,"max_hp_gain":0,"max_hp_loss":0,"event_name":"Beggar","floor":22,"gold_loss":75},{"damage_healed":0,"gold_gain":0,"player_choice":"Obtained Book","damage_taken":16,"max_hp_gain":0,"max_hp_loss":0,"event_name":"Cursed Tome","floor":27,"gold_loss":0}],"is_beta":false,"boss_relics":[{"not_picked":["Abe\u0027s Treasure","Kintsugi"],"picked":"Sozu"}],"items_purged_floors":[21],"is_endless":false,"potions_floor_spawned":[4,8,10,16,20,24],"killed_by":"Snake Plant","ascension_level":0}}