{"host":"5gs251imfkyqlzrh","time":1609104617,"event":{"mods":["BaseMod","Downfall","Hermit","Jorbs\u0027s Wanderer Trilogy","Marisa????????","Minty Spire (QoL Compilation)","Replay The Spire","StSLib","The Bladedancer","The Bug Knight","The Construct","The Cursed","The Disciple","The Hierophant","The Mystic","The Necromancer","The Runesmith","The Servant 0.9.4"],"gold_per_floor":[119,139,139,139,155,155,167,199,199,211,211,228,256,256,256,358,358,372,387,407,407,109,204,204,236,236,236,249,348,377,395,395,505,505,528,550,475,495,516,516,538,578,631,631,656,669,669,669,669,669,669],"floor_reached":50,"playtime":3696,"items_purged":["hermit:Defend_Hermit"],"score":776,"play_id":"18cafbfe-c081-465a-b35b-13f19864c40e","local_time":"20201227213017","is_ascension_mode":false,"campfire_choices":[{"data":"hermit:Snapshot","floor":6.0,"key":"SMITH"},{"data":"hermit:GhostlyPresence","floor":11.0,"key":"SMITH"},{"data":"hermit:CalledShot","floor":15.0,"key":"SMITH"},{"data":"hermit:Dissolve","floor":24.0,"key":"SMITH"},{"floor":27,"key":"REST"},{"floor":32,"key":"REST"},{"data":"hermit:Combo","floor":40,"key":"SMITH"},{"floor":47,"key":"REST"}],"circlet_count":0,"master_deck":["hermit:Snapshot+1","hermit:Covet","hermit:TrackingShot","Pain","hermit:Headshot","hermit:FinalCanter","hermit:GhostlyPresence+1","hermit:CalledShot+1","hermit:Headshot","hermit:Dissolve+1","Parasite","Slimebound:Icky","hermit:ItchyTrigger","hermit:Ricochet","hermit:TrackingShot+1","ReplayTheSpireMod:Splinters","hermit:Ricochet+1","hermit:Deadeye","hermit:Combo+1","hermit:Scavenge","hermit:Dive","hermit:Roughhouse","hermit:TrackingShot+1","hermit:CalledShot","hermit:Headshot+1","hermit:BigShot","hermit:Dive+1"],"relics":["hermit:Momento","NeowsBlessing","WarpedTongs","Bottled Flame","hermit:Spyglass","Orichalcum","Kintsugi","Enchiridion","hermit:Horseshoe","Turnip","TungstenRod","Ancient Tea Set","Black Star","Happy Flower","Darkstone Periapt","Bag of Marbles"],"acts_visited":["Exordium","TheCity","TheBeyond"],"potions_floor_usage":[30,33,33,38,39,42,42,50,50],"damage_taken":[{"damage":0.0,"enemies":"Jaw Worm","floor":1.0,"turns":1.0},{"damage":0.0,"enemies":"2 Louse","floor":2.0,"turns":1.0},{"damage":0.0,"enemies":"Cultist","floor":5.0,"turns":1.0},{"damage":0.0,"enemies":"Looter","floor":7.0,"turns":2.0},{"damage":4.0,"enemies":"Replay:BlueRogue","floor":8.0,"turns":4.0},{"damage":5.0,"enemies":"Exordium Thugs","floor":10.0,"turns":3.0},{"damage":4.0,"enemies":"2 Fungi Beasts","floor":12.0,"turns":3.0},{"damage":11.0,"enemies":"Lagavulin","floor":13.0,"turns":5.0},{"damage":12.0,"enemies":"Slime Boss","floor":16.0,"turns":9.0},{"damage":0.0,"enemies":"Spheric Guardian","floor":18.0,"turns":3.0},{"damage":2.0,"enemies":"3 Byrds","floor":19.0,"turns":6.0},{"damage":7.0,"enemies":"Snake Plant","floor":20.0,"turns":3.0},{"damage":18,"enemies":"HollowMod:Nosk","floor":25,"turns":6},{"damage":7,"enemies":"3 Cultists","floor":28,"turns":4},{"damage":24,"enemies":"Gremlin Leader","floor":30,"turns":5},{"damage":6,"enemies":"Centurion and Healer","floor":31,"turns":5},{"damage":1,"enemies":"Pondfish","floor":33,"turns":11},{"damage":1,"enemies":"3 Shapes","floor":35,"turns":6},{"damage":1,"enemies":"3 Darklings","floor":36,"turns":6},{"damage":2,"enemies":"Sphere and 2 Shapes","floor":38,"turns":6},{"damage":7,"enemies":"Jaw Worm Horde","floor":39,"turns":4},{"damage":20,"enemies":"3 Darklings","floor":41,"turns":7},{"damage":21,"enemies":"HollowMod:StalkingDevout","floor":42,"turns":11},{"damage":9,"enemies":"Maw","floor":45,"turns":8},{"damage":0,"enemies":"Jaw Worm Horde","floor":46,"turns":4},{"damage":64,"enemies":"Donu and Deca","floor":50,"turns":5}],"seed_played":"-455330706419978584","potions_obtained":[{"floor":5.0,"key":"PowerPotion"},{"floor":7.0,"key":"Guardian:BlockOnCardUsePotion"},{"floor":10.0,"key":"Block Potion"},{"floor":12.0,"key":"Toxic Potion"},{"floor":19.0,"key":"BlessingOfTheForge"},{"floor":28,"key":"Swift Potion"},{"floor":31,"key":"Adrenaline Potion"},{"floor":35,"key":"SpeedPotion"},{"floor":36,"key":"Strength Potion"},{"floor":38,"key":"Strength Potion"},{"floor":45,"key":"Slimebound:ThreeZeroPotion"},{"floor":46,"key":"LiquidMemories"}],"is_trial":false,"path_per_floor":["M","M","?","?","M","R","M","E","T","M","R","M","E","?","R","B",null,"M","M","M","?","$","?","R","E","T","R","M","?","E","M","R","B",null,"M","M","$","M","M","R","M","E","T","?","M","M","R","?","R","B"],"character_chosen":"HERMIT","items_purchased":["hermit:TrackingShot","hermit:Horseshoe"],"campfire_rested":3,"item_purchase_floors":[22,22],"current_hp_per_floor":[75,75,68,68,68,68,68,64,64,59,59,55,44,44,44,32,75,75,73,66,50,50,50,50,32,32,54,47,47,23,17,39,38,75,74,73,73,71,64,64,44,23,23,23,14,14,36,36,58,0,0],"gold":669,"neow_bonus":"THREE_ENEMY_KILL","is_daily":false,"chose_seed":false,"campfire_upgraded":5,"win_rate":0.0,"timestamp":1609104617,"path_taken":["M","M","?","?","M","R","?","E","T","M","R","M","E","?","R","BOSS","M","M","M","?","$","?","R","E","T","R","M","?","E","M","R","BOSS","M","M","$","M","M","R","M","E","T","?","?","M","R","?","R","BOSS"],"items_purchased_type":["Card","Relic"],"build_version":"2020-12-22","purchased_purges":1,"victory":false,"max_hp_per_floor":[75,75,75,75,75,75,75,75,75,75,75,75,75,75,75,75,75,75,75,75,75,75,75,75,75,75,75,75,75,75,75,75,75,75,75,75,75,75,75,75,75,75,75,75,75,75,75,75,75,75,75],"card_choices":[{"not_picked":["hermit:HighCaliber","hermit:ItchyTrigger"],"picked":"hermit:TrackingShot","floor":1.0},{"not_picked":["hermit:Desperado","hermit:HighCaliber","hermit:Horror"],"picked":"SKIP","floor":2.0},{"not_picked":["hermit:NoHoldsBarred","hermit:Roulette"],"picked":"hermit:Headshot","floor":5.0},{"not_picked":["hermit:WideOpen","hermit:CursedWeapon","hermit:PistolWhip"],"picked":"SKIP","floor":7.0},{"not_picked":["hermit:Determination","hermit:Midnight"],"picked":"hermit:FinalCanter","floor":8.0},{"not_picked":["hermit:Dive","hermit:Virtue"],"picked":"hermit:GhostlyPresence","floor":10.0},{"not_picked":["hermit:ItchyTrigger","hermit:HighCaliber"],"picked":"hermit:CalledShot","floor":12.0},{"not_picked":["hermit:TrackingShot","hermit:Snipe"],"picked":"hermit:Headshot","floor":13.0},{"not_picked":["hermit:BlackWind","hermit:HighNoon"],"picked":"hermit:Dissolve","floor":16.0},{"not_picked":["hermit:Glare","hermit:Coalescence"],"picked":"hermit:ItchyTrigger","floor":18.0},{"not_picked":["hermit:LuckOfTheDraw+1","hermit:ItchyTrigger"],"picked":"hermit:Ricochet","floor":19.0},{"not_picked":["hermit:Desperado","hermit:FatalDesire","hermit:LowProfile+1"],"picked":"SKIP","floor":20.0},{"not_picked":["hermit:SprayPray","hermit:Roulette+1"],"picked":"hermit:Ricochet+1","floor":23.0},{"not_picked":["hermit:Cheat","hermit:WideOpen"],"picked":"hermit:Deadeye","floor":23.0},{"not_picked":["hermit:Cheat","hermit:Purgatory","hermit:Coalescence+1"],"picked":"SKIP","floor":25},{"not_picked":["hermit:ItchyTrigger","hermit:Virtue"],"picked":"hermit:Combo","floor":28},{"not_picked":["hermit:Brawl","hermit:ShadowCloak"],"picked":"hermit:Scavenge","floor":30},{"not_picked":["hermit:BigShot","hermit:Quickdraw"],"picked":"hermit:Dive","floor":31},{"not_picked":["hermit:FromBeyond","hermit:Purgatory"],"picked":"hermit:Roughhouse","floor":33},{"not_picked":["hermit:Glare+1","hermit:LuckOfTheDraw+1"],"picked":"hermit:TrackingShot+1","floor":35},{"not_picked":["hermit:Manifest+1","hermit:OverwhelmingPower"],"picked":"hermit:CalledShot","floor":36},{"not_picked":["hermit:Malice","hermit:Shortfuse"],"picked":"hermit:Headshot+1","floor":38},{"not_picked":["hermit:DeadMansHand","hermit:Ricochet+1"],"picked":"hermit:BigShot","floor":39},{"not_picked":["hermit:LowProfile","hermit:TrackingShot+1"],"picked":"hermit:Dive+1","floor":41},{"not_picked":["hermit:HeroicBravado","hermit:Horror","hermit:Snipe+1"],"picked":"SKIP","floor":42},{"not_picked":["hermit:Misfire","hermit:Shortfuse","hermit:Determination+1"],"picked":"SKIP","floor":45},{"not_picked":["hermit:Shortfuse+1","hermit:Snipe+1","hermit:FullyLoaded+1"],"picked":"SKIP","floor":46}],"player_experience":186485,"relics_obtained":[{"floor":8.0,"key":"Bottled Flame"},{"floor":9.0,"key":"hermit:Spyglass"},{"floor":13.0,"key":"Orichalcum"},{"floor":21.0,"key":"Enchiridion"},{"floor":25,"key":"Turnip"},{"floor":26,"key":"TungstenRod"},{"floor":30,"key":"Ancient Tea Set"},{"floor":42,"key":"Happy Flower"},{"floor":42,"key":"Darkstone Periapt"},{"floor":43,"key":"Bag of Marbles"}],"event_choices":[{"cards_removed":["hermit:Strike_Hermit"],"damage_healed":0.0,"max_hp_gain":0.0,"max_hp_loss":0.0,"gold_gain":0.0,"event_name":"Golden Wing","player_choice":"Card Removal","floor":3.0,"gold_loss":0.0,"damage_taken":7.0},{"damage_healed":0.0,"max_hp_gain":0.0,"max_hp_loss":0.0,"gold_gain":0.0,"event_name":"Accursed Blacksmith","player_choice":"Rummage","floor":4.0,"gold_loss":0.0,"damage_taken":0.0,"relics_obtained":["WarpedTongs"],"cards_obtained":["Pain"]},{"cards_removed":["hermit:Defend_Hermit"],"damage_healed":0.0,"max_hp_gain":0.0,"max_hp_loss":0.0,"gold_gain":0.0,"event_name":"Living Wall","player_choice":"Forget","floor":14.0,"gold_loss":0.0,"damage_taken":0.0},{"damage_healed":0.0,"max_hp_gain":0.0,"max_hp_loss":0.0,"gold_gain":0.0,"event_name":"Cursed Tome","player_choice":"Obtained Book","floor":21.0,"gold_loss":0.0,"damage_taken":16.0},{"damage_healed":0,"gold_gain":99,"player_choice":"Stole From Cult","damage_taken":0,"max_hp_gain":0,"max_hp_loss":0,"event_name":"Nest","floor":29,"gold_loss":0},{"damage_healed":0,"gold_gain":0,"player_choice":"Ignored","damage_taken":0,"max_hp_gain":0,"max_hp_loss":0,"event_name":"SecretPortal","floor":44,"gold_loss":0},{"damage_healed":0,"gold_gain":0,"player_choice":"Ignored","damage_taken":0,"max_hp_gain":0,"max_hp_loss":0,"event_name":"Mysterious Sphere","floor":48,"gold_loss":0}],"is_beta":false,"boss_relics":[{"not_picked":["Painkiller Herb","Snecko Eye"],"picked":"Kintsugi"},{"not_picked":["Runic Dome","construct:ClawGrip"],"picked":"Black Star"}],"items_purged_floors":[37],"is_endless":false,"potions_floor_spawned":[5,7,10,12,13,19,28,31,35,36,38,45,46],"killed_by":"Donu and Deca","ascension_level":0}}