{"host":"zn0mr865d8bdqt3v","time":1609058070,"event":{"mods":["Act Like it!","BaseMod","Gensokyo","KinomotoSakuraMod(ƒæ÷Æ±æ”£)","Minty Spire (QoL Compilation)","Reimu£®≤©¿ˆ¡È√Œ£©","Remilia£®¿Ÿ√◊¿Ú—«£©","StSLib","Yakumo Yukari mod","Youmu£®ªÍ∆«—˝√Œ£©"],"gold_per_floor":[110,121,28,38,38,314,314,325,325,325,342,362,362,393,393,488,488,503,360,379,391,406,439,439,103,129,148,175,49,49,69,69,69,69],"floor_reached":33,"playtime":3084,"items_purged":["Defend_RM"],"score":449,"play_id":"79982355-0faf-42bb-8065-721b46d5c858","local_time":"20201227163430","is_ascension_mode":false,"campfire_choices":[{"data":"BloodyMagicSquare","floor":7,"key":"SMITH"},{"data":"HeartBreak","floor":10,"key":"SMITH"},{"data":"ChaoticDestiny","floor":15,"key":"SMITH"},{"data":"FitfulNightmare","floor":32,"key":"SMITH"}],"circlet_count":0,"master_deck":["Strike_RM","Strike_RM","Strike_RM","Strike_RM","Defend_RM","Defend_RM","Defend_RM","RedMoon","ScarletShoot","BloodyMagicSquare+1","FitfulNightmare+1","EndlessAdversity","ScarletMeister+1","HeartBreak+1","ScarletGensokyo","NightDance","RedNightlessCastle","Clumsy","ChaoticDestiny+1","BloodySeventeenLaser","BlasphemousPunishment+1","SuperhumanBloodyKnife","UnstableMagic","MastersStateliness","RedRainbow","DevilSight","GlobalNightmare","ScarletNetherworld+1","Gensokyo:AllTheWorldsEvil","QueenOfMidnight","Sadistic Nature","BloodyMagicSquare+1","LeisurelyOfLord","UnstableMagic+1","MillenniumVampire+1"],"relics":["ScarletHat","NeowsBlessing","Tea:ReiMu","Mercury Hourglass","Thread and Needle","Gensokyo:NagashiBinaDoll","Darkstone Periapt","APieceOfRedMist","Toxic Egg 2","Nunchaku"],"acts_visited":["Exordium","Gensokyo:Gensokyo"],"potions_floor_usage":[],"damage_taken":[{"damage":0,"enemies":"Gensokyo:2_Kodama","floor":1,"turns":1},{"damage":0,"enemies":"Gensokyo:Gryphon","floor":2,"turns":1},{"damage":0,"enemies":"Gensokyo:Python","floor":4,"turns":2},{"damage":60,"enemies":"Gensokyo:Cirno","floor":6,"turns":11},{"damage":9,"enemies":"Gensokyo:LivingMonolith","floor":8,"turns":4},{"damage":7,"enemies":"Gensokyo:2_Rabbits","floor":11,"turns":2},{"damage":3,"enemies":"Gensokyo:VengefulSpirit","floor":12,"turns":2},{"damage":3,"enemies":"Gensokyo:Aya","floor":14,"turns":3},{"damage":3,"enemies":"Gensokyo:Kokoro","floor":16,"turns":7},{"damage":1,"enemies":"Gensokyo:AngelMirror","floor":18,"turns":4},{"damage":31,"enemies":"Gensokyo:3_Dogs","floor":20,"turns":6},{"damage":28,"enemies":"Gensokyo:Slime_Group","floor":21,"turns":7},{"damage":27,"enemies":"Gensokyo:3_Gloops","floor":22,"turns":4},{"damage":4,"enemies":"Gensokyo:Koishi","floor":23,"turns":5},{"damage":8,"enemies":"Gensokyo:Swordslinger","floor":27,"turns":3},{"damage":13,"enemies":"Gensokyo:Reisen","floor":28,"turns":1},{"damage":13,"enemies":"Gensokyo:Slime_Group","floor":31,"turns":4},{"damage":70,"enemies":"Gensokyo:Eternal_Rivals","floor":33,"turns":3}],"seed_played":"-1628737457013779223","potions_obtained":[{"floor":1,"key":"SteroidPotion"},{"floor":6,"key":"Weak Potion"},{"floor":14,"key":"SkillPotion"},{"floor":27,"key":"Energy Potion"}],"is_trial":false,"path_per_floor":["M","M","COS","M","?","E","R","M","T","R","M","M","?","E","R","B",null,"M","$","M","M","M","E","?","$","T","M","E","$","?","M","R","B"],"character_chosen":"REMILIA","items_purchased":["SuperhumanBloodyKnife","UnstableMagic","MastersStateliness","QueenOfMidnight","Sadistic Nature","UnstableMagic+1"],"campfire_rested":0,"item_purchase_floors":[19,19,19,25,25,29],"current_hp_per_floor":[75,75,75,75,75,18,18,13,13,13,6,5,5,5,5,5,75,74,74,48,28,8,10,16,16,16,17,17,17,17,21,21,0,0],"gold":69,"neow_bonus":"THREE_ENEMY_KILL","is_daily":false,"chose_seed":false,"campfire_upgraded":4,"win_rate":0.0,"timestamp":1609058070,"path_taken":["M","M","COS","M","?","E","R","M","T","R","M","M","?","E","R","BOSS","M","?","M","M","M","E","?","?","T","?","E","?","?","M","R","BOSS"],"items_purchased_type":["Card","Card","Card","Card","Card","Card"],"build_version":"2020-12-22","purchased_purges":1,"victory":false,"max_hp_per_floor":[75,75,75,75,75,75,75,75,75,75,75,75,75,75,75,75,75,75,75,75,75,75,75,81,81,81,81,81,81,81,81,81,81,81],"card_choices":[{"not_picked":["CharismaGuard","EndlessAdversity"],"picked":"BloodyMagicSquare","floor":1},{"not_picked":["Stigmanizer","UnderTheZenith"],"picked":"FitfulNightmare","floor":2},{"not_picked":["UnderTheZenith","BloodHunter"],"picked":"EndlessAdversity","floor":4},{"not_picked":["Stigmanizer","ChainGang"],"picked":"HeartBreak","floor":6},{"not_picked":["EndlessAdversity","ScarletNetherworld"],"picked":"ScarletGensokyo","floor":8},{"not_picked":["BloodyMagicSquare","Stigmanizer"],"picked":"NightDance","floor":11},{"not_picked":["UnstableMagic","FavorOfDestiny"],"picked":"RedNightlessCastle","floor":12},{"not_picked":["ChainGang","StarOfDavid"],"picked":"ChaoticDestiny","floor":14},{"not_picked":["BatForm","BloodRain"],"picked":"BloodySeventeenLaser","floor":16},{"not_picked":["EndlessAdversity+1","CharismaGuard"],"picked":"BlasphemousPunishment+1","floor":18},{"not_picked":["DiffusionOfMisfortune","NightDance"],"picked":"RedRainbow","floor":20},{"not_picked":["LeisurelyOfLord","BlasphemousPunishment+1"],"picked":"DevilSight","floor":21},{"not_picked":["StarOfDavid","ChainGang"],"picked":"GlobalNightmare","floor":22},{"not_picked":["NightDance","BlasphemousPunishment+1"],"picked":"ScarletNetherworld+1","floor":23},{"not_picked":["MastersStateliness","VampireKiss"],"picked":"BloodyMagicSquare+1","floor":27},{"not_picked":["HellCatastrophe","FavorOfDestiny+1"],"picked":"LeisurelyOfLord","floor":28},{"not_picked":["CharismaGuard","FitfulNightmare"],"picked":"MillenniumVampire+1","floor":31}],"player_experience":13885,"relics_obtained":[{"floor":6,"key":"Tea:ReiMu"},{"floor":9,"key":"Mercury Hourglass"},{"floor":14,"key":"Darkstone Periapt"},{"floor":23,"key":"Toxic Egg 2"},{"floor":26,"key":"Nunchaku"}],"event_choices":[],"is_beta":false,"boss_relics":[{"not_picked":["SlaversCollar","Empty Cage"],"picked":"APieceOfRedMist"}],"items_purged_floors":[29],"is_endless":false,"potions_floor_spawned":[1,6,14,16,20,27,31],"killed_by":"Gensokyo:Eternal_Rivals","ascension_level":0}}