{"host":"7pal6f3elqhvlig9","time":1609087850,"event":{"mods":["2.2 Compatiblity","AchievementEnabler","Arknights The Spire","BaseMod","Colored Map","Marisa£¨Ùöéë¡¡Øª×âÞÞ£©","Minty Spire (QoL Compilation)","StSLib","The Bug Knight","everything is the same but u backflip on backflip"],"gold_per_floor":[110,185,185,185,196,196,224,20,43,43,43,43,43],"floor_reached":12,"playtime":134,"items_purged":[],"score":104,"play_id":"00ca5b61-8138-4293-820f-f4460b54147e","local_time":"20201228015050","is_ascension_mode":true,"campfire_choices":[{"data":"MasterSpark","floor":6.0,"key":"SMITH"}],"circlet_count":0,"master_deck":["Strike_MRS","Strike_MRS","Strike_MRS","Defend_MRS","Defend_MRS","Defend_MRS","Defend_MRS","MasterSpark+1","UpSweep","SprinkleStarSeal","WitchLeyline"],"relics":["MiniHakkero","NeowsBlessing","Juzu Bracelet","Ancient Tea Set","Lantern"],"acts_visited":[],"potions_floor_usage":[],"damage_taken":[{"damage":0.0,"enemies":"Small Slimes","floor":1.0,"turns":1.0},{"damage":0.0,"enemies":"2 Louse","floor":5.0,"turns":1.0},{"damage":0.0,"enemies":"Gremlin Nob","floor":7.0,"turns":1.0},{"damage":0,"enemies":"3 Sentries","floor":12,"turns":1}],"seed_played":"-514576085185155584","potions_obtained":[{"floor":5.0,"key":"BottledSpark"},{"floor":7.0,"key":"Regen Potion"}],"is_trial":false,"path_per_floor":["M","?","?","?","M","R","E","$","T","?","$","E"],"character_chosen":"MARISA","items_purchased":["WitchLeyline","Ancient Tea Set"],"campfire_rested":0,"item_purchase_floors":[8,8],"current_hp_per_floor":[75,64,64,75,75,75,75,75,75,75,75,75,75],"gold":43,"neow_bonus":"THREE_ENEMY_KILL","is_daily":false,"chose_seed":false,"campfire_upgraded":1,"win_rate":0.0,"timestamp":1609087850,"path_taken":["M","?","?","?","?","R","E","?","T","?","$","E"],"items_purchased_type":["Card","Relic"],"build_version":"2020-12-22","purchased_purges":0,"victory":false,"max_hp_per_floor":[75,75,75,75,75,75,75,75,75,75,75,75,75],"card_choices":[{"not_picked":["IllusionStar","EnergyRecoil"],"picked":"EnergyFlow","floor":1.0},{"not_picked":["BlazeAway","DoubleSpark","GravityBeat"],"picked":"SKIP","floor":5.0},{"not_picked":["GalacticHalo","Acceleration"],"picked":"SprinkleStarSeal","floor":7.0}],"player_experience":228949,"relics_obtained":[{"floor":7.0,"key":"Juzu Bracelet"},{"floor":9.0,"key":"Lantern"}],"event_choices":[{"damage_healed":0.0,"max_hp_gain":0.0,"max_hp_loss":0.0,"gold_gain":75.0,"event_name":"World of Goop","player_choice":"Gather Gold","floor":2.0,"gold_loss":0.0,"damage_taken":11.0},{"damage_healed":0.0,"max_hp_gain":0.0,"max_hp_loss":0.0,"gold_gain":0.0,"event_name":"Shining Light","player_choice":"Ignored","floor":3.0,"gold_loss":0.0,"damage_taken":0.0},{"cards_removed":["EnergyFlow"],"damage_healed":11.0,"max_hp_gain":0.0,"max_hp_loss":0.0,"gold_gain":0.0,"event_name":"Bonfire Elementals","player_choice":"Offered Uncommon","floor":4.0,"gold_loss":0.0,"damage_taken":0.0},{"cards_removed":["Strike_MRS"],"damage_healed":0.0,"max_hp_gain":0.0,"max_hp_loss":0.0,"gold_gain":0.0,"event_name":"Living Wall","player_choice":"Forget","floor":10.0,"gold_loss":0.0,"damage_taken":0.0}],"is_beta":false,"boss_relics":[],"items_purged_floors":[],"is_endless":false,"potions_floor_spawned":[5,7],"killed_by":"3 Sentries","ascension_level":1}}