{"host":"27tk4xseidcli2mr","time":1609081014,"event":{"mods":["2.2 Compatiblity","AchievementEnabler","Aspiration","BaseMod","Better Third Choice","Conspire","Custom Start","Hubris","Jorbs\u0027s Wanderer Trilogy","Minty Spire (QoL Compilation)","Replay The Spire","StSLib","SuperFastMode","[IsaacMod]????"],"gold_per_floor":[116,116,191,201,201,232,78,103,103,103,122,122,149,62,62,141,141,152,152,152,208,223,223,223,223],"floor_reached":24,"playtime":843,"items_purged":["Strike_B"],"score":520,"play_id":"1e437001-a3d5-432e-8121-9efa5b7fb44b","local_time":"20201227155654","is_ascension_mode":true,"campfire_choices":[{"data":"Atom Bomb","floor":10.0,"key":"SMITH"},{"floor":12.0,"key":"REST"},{"data":"Double Energy","floor":15.0,"key":"SMITH"},{"data":"Echo Form","floor":23.0,"key":"SMITH"}],"circlet_count":0,"master_deck":["AscendersBane","Defend_B","Defend_B","Defend_B","Zap","Dualcast","Conserve Battery","Double Energy+1","Flying Knee","Atom Bomb+1","Dash","Cold Snap","aspiration:Polymerization","Cold Snap","Ball Lightning","ReplayTheSpireMod:Reroute Power","Aggregate","Echo Form+1","Sunder+1","Meteor Strike","Turbo","Cold Snap+1","Doom and Gloom","Conserve Battery"],"relics":["Cracked Core","HushsDoor","Gambling Chip","Chaos","Meat on the Bone","Question Card","Cables","conspire:TreasureMap","Orrery"],"acts_visited":["Exordium","TheCity"],"potions_floor_usage":[24],"damage_taken":[{"damage":7.0,"enemies":"2 Louse","floor":1.0,"turns":5.0},{"damage":2.0,"enemies":"Jaw Worm","floor":4.0,"turns":4.0},{"damage":22.0,"enemies":"Lagavulin","floor":6.0,"turns":5.0},{"damage":0.0,"enemies":"Gremlin Nob","floor":8.0,"turns":2.0},{"damage":7.0,"enemies":"Small Slimes","floor":11.0,"turns":4.0},{"damage":4.0,"enemies":"Lagavulin","floor":13.0,"turns":3.0},{"damage":29.0,"enemies":"Slime Boss","floor":16.0,"turns":6.0},{"damage":6.0,"enemies":"Shell Parasite","floor":18.0,"turns":2.0},{"damage":21.0,"enemies":"conspire:MimicChest","floor":21.0,"turns":7.0},{"damage":14.0,"enemies":"3 Byrds","floor":22.0,"turns":4.0},{"damage":47,"enemies":"Gremlin Leader","floor":24,"turns":6}],"seed_played":"933407122230799623","potions_obtained":[{"floor":6.0,"key":"Energy Potion"},{"floor":8.0,"key":"SmokeBomb"},{"floor":16.0,"key":"Block Potion"},{"floor":22.0,"key":"Strength Potion"}],"is_trial":false,"path_per_floor":["M","?","?","M","?","E","$","E","T","R","M","R","E","$","R","B",null,"M","?","?","?","M","R","E"],"character_chosen":"DEFECT","items_purchased":["aspiration:Polymerization","Aggregate"],"campfire_rested":1,"item_purchase_floors":[7,14],"current_hp_per_floor":[39,44,33,31,31,9,9,21,21,21,26,48,44,44,44,27,64,58,58,58,49,47,47,0,0],"gold":223,"neow_bonus":"ONE_RARE_RELIC","is_daily":false,"chose_seed":false,"campfire_upgraded":3,"win_rate":0.0,"timestamp":1609081014,"path_taken":["M","?","?","M","?","E","$","E","T","R","?","R","E","?","R","BOSS","M","?","?","?","M","R","E"],"items_purchased_type":["Card","Card"],"build_version":"2020-12-22","purchased_purges":1,"victory":false,"max_hp_per_floor":[71,76,76,76,76,76,76,76,76,76,76,76,76,76,76,76,76,76,76,76,76,76,76,76,76],"card_choices":[{"not_picked":["Sunder","ReplayTheSpireMod:System Scan"],"picked":"Conserve Battery","floor":1.0},{"not_picked":["ReplayTheSpireMod:GoodbyeWorld","Hologram"],"picked":"Double Energy","floor":4.0},{"not_picked":["BasicCrystalCard","Consume"],"picked":"Cold Snap","floor":6.0},{"not_picked":["Compile Driver","hubris:Ukulele"],"picked":"Cold Snap","floor":8.0},{"not_picked":["Distribution","Sweeping Beam","Capacitor"],"picked":"Ball Lightning","floor":11.0},{"not_picked":["Leap","Rebound","Static Discharge"],"picked":"ReplayTheSpireMod:Reroute Power","floor":13.0},{"not_picked":["Reboot","ReplayTheSpireMod:Fabricate Wheel","ElectricPowerLearning"],"picked":"Echo Form","floor":16.0},{"not_picked":["Beam Cell","Rebound","Fan"],"picked":"Sunder+1","floor":18.0},{"not_picked":["Streamline","Double Energy","Fan"],"picked":"Meteor Strike","floor":21.0},{"not_picked":["Steam","Steam Power","Compile Driver+1"],"picked":"Turbo","floor":21.0},{"not_picked":["Hologram","Cancel","Pulse"],"picked":"Cold Snap+1","floor":21.0},{"not_picked":["Sweeping Beam","Steam","Panic Button"],"picked":"Doom and Gloom","floor":21.0},{"not_picked":["Go for the Eyes+1","Heatsinks","Lockon"],"picked":"Conserve Battery","floor":22.0}],"player_experience":1239838,"relics_obtained":[{"floor":6.0,"key":"Meat on the Bone"},{"floor":8.0,"key":"Question Card"},{"floor":13.0,"key":"Cables"},{"floor":21.0,"key":"Orrery"}],"event_choices":[{"damage_healed":0.0,"max_hp_gain":5.0,"max_hp_loss":0.0,"gold_gain":0.0,"event_name":"Big Fish","player_choice":"Donut","floor":2.0,"gold_loss":0.0,"damage_taken":0.0},{"damage_healed":0.0,"max_hp_gain":0.0,"max_hp_loss":0.0,"gold_gain":75.0,"event_name":"betterThird:BetterGoop","player_choice":"Gold","floor":3.0,"gold_loss":0.0,"damage_taken":11.0},{"cards_removed":["Defend_B"],"damage_healed":0.0,"max_hp_gain":0.0,"max_hp_loss":0.0,"gold_gain":0.0,"event_name":"Purifier","player_choice":"Purged","floor":20.0,"gold_loss":0.0,"damage_taken":0.0}],"is_beta":false,"boss_relics":[{"not_picked":["aspiration:DSix","Paper Frog"],"picked":"conspire:TreasureMap"},{"not_picked":[]}],"items_purged_floors":[7],"is_endless":false,"potions_floor_spawned":[6,8,16,22],"killed_by":"Gremlin Leader","ascension_level":20}}