{"host":"8f5cu9y0fpol72qs","time":1609030768,"event":{"mods":["BaseMod","Colored Map","Highlight Path","Minty Spire (QoL Compilation)","StSLib"],"gold_per_floor":[117,8,83,96,96,130,149,149,198,223,53,53,67,67,67,166,166,180,194,228,248,248,283,303,303,303,303,314,314,314],"floor_reached":29,"playtime":3318,"items_purged":["Strike_G","Defend_G"],"score":392,"play_id":"bf6762f8-acd0-4eba-bf9d-5dd61953f3aa","local_time":"20201226165928","is_ascension_mode":true,"campfire_choices":[{"floor":8,"key":"REST"},{"floor":12,"key":"REST"},{"data":"Noxious Fumes","floor":15,"key":"SMITH"},{"floor":25,"key":"REST"},{"data":"Blade Dance","floor":27,"key":"SMITH"}],"circlet_count":0,"master_deck":["AscendersBane","Strike_G","Defend_G","Defend_G","Survivor","Neutralize","Envenom+1","Blade Dance+1","Crippling Poison","Leg Sweep","Cloak And Dagger","Leg Sweep","Dash","Noxious Fumes+1","Deadly Poison","Envenom","Die Die Die","Accuracy+1","Backstab+1","Quick Slash+1","Cloak And Dagger","Deadly Poison+1","Predator+1","Riddle With Holes","Dodge and Roll+1","Malaise"],"relics":["Ring of the Snake","Strawberry","Anchor","Pen Nib","Astrolabe","Red Mask","Prayer Wheel","Blood Vial"],"acts_visited":["Exordium","TheCity"],"potions_floor_usage":[10,23,23,29],"damage_taken":[{"damage":13,"enemies":"Small Slimes","floor":1,"turns":7},{"damage":3,"enemies":"2 Louse","floor":4,"turns":4},{"damage":35,"enemies":"Gremlin Nob","floor":6,"turns":7},{"damage":0,"enemies":"Cultist","floor":7,"turns":5},{"damage":12,"enemies":"Lagavulin","floor":10,"turns":10},{"damage":2,"enemies":"2 Fungi Beasts","floor":13,"turns":4},{"damage":16,"enemies":"Hexaghost","floor":16,"turns":9},{"damage":8,"enemies":"Chosen","floor":18,"turns":4},{"damage":15,"enemies":"Spheric Guardian","floor":19,"turns":4},{"damage":9,"enemies":"Masked Bandits","floor":20,"turns":7},{"damage":13,"enemies":"Snecko","floor":21,"turns":5},{"damage":16,"enemies":"Slavers","floor":23,"turns":5},{"damage":0,"enemies":"Centurion and Healer","floor":24,"turns":6},{"damage":17,"enemies":"Chosen and Byrds","floor":28,"turns":7},{"damage":16,"enemies":"Gremlin Leader","floor":29,"turns":4}],"seed_played":"-441260547601623039","potions_obtained":[{"floor":4,"key":"SteroidPotion"},{"floor":16,"key":"Swift Potion"},{"floor":20,"key":"SkillPotion"},{"floor":24,"key":"Strength Potion"},{"floor":28,"key":"Explosive Potion"}],"is_trial":false,"path_per_floor":["M","$","?","M","?","E","M","R","T","E","$","R","M","?","R","B",null,"M","M","?","M","?","E","M","R","T","R","M","E"],"character_chosen":"THE_SILENT","items_purchased":["Crippling Poison","Noxious Fumes"],"campfire_rested":3,"item_purchase_floors":[2,11],"current_hp_per_floor":[50,50,39,36,36,8,8,31,31,19,19,42,40,40,40,24,64,56,41,32,19,19,3,3,26,26,26,11,0,0],"gold":314,"neow_bonus":"TRANSFORM_CARD","is_daily":false,"chose_seed":false,"campfire_upgraded":2,"win_rate":0.0,"timestamp":1609030768,"path_taken":["M","$","?","M","?","E","?","R","T","E","$","R","M","?","R","BOSS","M","?","?","M","?","E","M","R","T","R","?","E"],"items_purchased_type":["Card","Card"],"build_version":"2020-12-22","purchased_purges":2,"victory":false,"max_hp_per_floor":[70,70,70,70,70,77,77,77,77,77,77,77,77,77,77,77,77,77,77,77,77,77,77,77,77,77,77,77,77,77],"card_choices":[{"not_picked":["Quick Slash","PiercingWail"],"picked":"Blade Dance","floor":1},{"not_picked":["Quick Slash","Flying Knee"],"picked":"Leg Sweep","floor":4},{"not_picked":["Underhanded Strike","Backflip"],"picked":"Cloak And Dagger","floor":6},{"not_picked":["Outmaneuver","Prepared"],"picked":"Leg Sweep","floor":7},{"not_picked":["Prepared","Acrobatics"],"picked":"Dash","floor":10},{"not_picked":["Cloak And Dagger","Outmaneuver"],"picked":"Deadly Poison","floor":13},{"not_picked":["Night Terror","Venomology"],"picked":"Die Die Die","floor":16},{"not_picked":["Dagger Throw","Underhanded Strike"],"picked":"Cloak And Dagger","floor":18},{"not_picked":["Slice","Blur"],"picked":"Deadly Poison+1","floor":19},{"not_picked":["Crippling Poison","Backflip"],"picked":"Predator+1","floor":20},{"not_picked":["Distraction+1","Deadly Poison+1"],"picked":"Riddle With Holes","floor":21},{"not_picked":["Flying Knee","Endless Agony","Flechettes"],"picked":"SKIP","floor":23},{"not_picked":["Deadly Poison+1","Blur"],"picked":"Dodge and Roll+1","floor":24},{"not_picked":["Setup","Concentrate","Deadly Poison"],"picked":"SKIP","floor":24},{"not_picked":["Dodge and Roll","Deadly Poison"],"picked":"Malaise","floor":28},{"not_picked":["Quick Slash","Noxious Fumes","Bane"],"picked":"SKIP","floor":28}],"player_experience":706449,"relics_obtained":[{"floor":6,"key":"Strawberry"},{"floor":9,"key":"Anchor"},{"floor":10,"key":"Pen Nib"},{"floor":20,"key":"Red Mask"},{"floor":23,"key":"Prayer Wheel"},{"floor":26,"key":"Blood Vial"}],"event_choices":[{"damage_healed":0,"gold_gain":75,"player_choice":"Gather Gold","damage_taken":11,"max_hp_gain":0,"max_hp_loss":0,"event_name":"World of Goop","floor":3,"gold_loss":0},{"damage_healed":0,"gold_gain":0,"player_choice":"Ignored","damage_taken":0,"max_hp_gain":0,"max_hp_loss":0,"event_name":"NoteForYourself","floor":5,"gold_loss":0},{"damage_healed":0,"gold_gain":0,"cards_transformed":["Defend_G"],"player_choice":"Transformed","damage_taken":0,"max_hp_gain":0,"max_hp_loss":0,"event_name":"Transmorgrifier","floor":14,"gold_loss":0,"cards_obtained":["Envenom"]},{"damage_healed":0,"gold_gain":0,"player_choice":"Fought Bandits","damage_taken":0,"max_hp_gain":0,"max_hp_loss":0,"event_name":"Masked Bandits","floor":20,"gold_loss":0},{"damage_healed":0,"gold_gain":0,"player_choice":"Upgraded","damage_taken":0,"max_hp_gain":0,"max_hp_loss":0,"event_name":"Upgrade Shrine","floor":22,"gold_loss":0,"cards_upgraded":["Envenom"]}],"is_beta":false,"boss_relics":[{"not_picked":["Calling Bell","Velvet Choker"],"picked":"Astrolabe"}],"items_purged_floors":[2,11],"is_endless":false,"potions_floor_spawned":[4,16,20,24,28],"killed_by":"Gremlin Leader","ascension_level":11}}