{"host":"Lovae","time":1609071382,"event":{"mods":["ATMod(°¢èªMod)","BaseMod","GifTheSpireLib","Hermit","Jorbs\u0027s Wanderer Trilogy","Keyboard Shortcuts","Minty Spire (QoL Compilation)","Quick Restart","Rare Cards Sparkle","Relic Stats","Replay The Spire","Spire Birthday Party","StSLib","The Hierophant","slay the spire mod where everything is the same but ironclad has a cowboy hat"],"gold_per_floor":[110,110,35,35,53,81,81,81,81,149,175,190,190,200,210,110,110,212,212,230,245,34,34,34,34,34,34,107,107,127,137,162,176,176,176],"floor_reached":34,"playtime":945,"items_purged":["hermit:Strike_Hermit","hermit:Strike_Hermit"],"score":295,"play_id":"040d5bee-5505-4ff2-bebc-0db43c342019","local_time":"20201227201622","is_ascension_mode":false,"campfire_choices":[{"data":"hermit:GoldenBullet","floor":7,"key":"SMITH"},{"data":"hermit:Shortfuse","floor":17,"key":"SMITH"},{"data":"hermit:Dissolve","floor":25,"key":"SMITH"},{"data":"hermit:LuckOfTheDraw","floor":29,"key":"SMITH"}],"circlet_count":0,"master_deck":["hermit:Strike_Hermit","hermit:Defend_Hermit","hermit:Defend_Hermit","hermit:Defend_Hermit","hermit:Defend_Hermit","hermit:Snapshot","hermit:Covet+1","AT_KingSlayer+1","hermit:GoldenBullet+1","hermit:Shortfuse+1","hermit:Dissolve+1","hermit:LuckOfTheDraw+1","hermit:LuckOfTheDraw","Writhe","hermit:Gambit","hermit:Headshot+1","hermit:CursedWeapon+1","hermit:Combo"],"relics":["hermit:Momento","NeowsBlessing","AT_SunfireAegis","Strawberry","SlaversCollar","Juzu Bracelet","Nloth\u0027s Gift","Vajra","Potion Belt"],"acts_visited":["Exordium","TheCity"],"potions_floor_usage":[18,30,32,33,33],"damage_taken":[{"damage":0,"enemies":"2 Louse","floor":1,"turns":1},{"damage":0,"enemies":"Small Slimes","floor":5,"turns":1},{"damage":0,"enemies":"Lagavulin","floor":6,"turns":1},{"damage":1,"enemies":"Cultist","floor":12,"turns":4},{"damage":6,"enemies":"3 Louse","floor":14,"turns":2},{"damage":10,"enemies":"Large Slime","floor":15,"turns":3},{"damage":24,"enemies":"The Guardian","floor":18,"turns":7},{"damage":19,"enemies":"Spheric Guardian","floor":20,"turns":4},{"damage":10,"enemies":"2 Thieves","floor":21,"turns":3},{"damage":14,"enemies":"Snake Plant","floor":30,"turns":4},{"damage":4,"enemies":"Centurion and Healer","floor":31,"turns":6},{"damage":19,"enemies":"Replay:Snechameleon","floor":32,"turns":3},{"damage":9,"enemies":"Shelled Parasite and Fungi","floor":33,"turns":6}],"seed_played":"-4519111938002697746","potions_obtained":[{"floor":1,"key":"DuplicationPotion"},{"floor":6,"key":"Strength Potion"},{"floor":14,"key":"Elixir"},{"floor":20,"key":"Fire Potion"},{"floor":32,"key":"BlessingOfTheForge"}],"is_trial":false,"path_per_floor":["M","?","$","?","M","E","R","PTL","PTL","?","T","M","?","M","M","$","R","B",null,"M","M","$","?","?","R","?","?","T","R","M","M","E","M","R"],"character_chosen":"HERMIT","items_purchased":["Juzu Bracelet","hermit:LuckOfTheDraw"],"campfire_rested":0,"item_purchase_floors":[22,22],"current_hp_per_floor":[75,75,75,75,75,75,75,75,75,75,82,81,81,75,65,65,65,41,82,63,53,53,53,53,53,53,53,53,53,39,35,16,7,0,0],"gold":176,"neow_bonus":"THREE_ENEMY_KILL","is_daily":false,"chose_seed":false,"campfire_upgraded":4,"win_rate":0.0,"timestamp":1609071382,"path_taken":["M","?","$","?","M","E","R","PTL","PTL","?","T","M","?","M","M","$","R","BOSS","M","M","$","?","?","R","?","?","T","R","M","M","E","M","R"],"items_purchased_type":["Relic","Card"],"build_version":"2020-12-18","purchased_purges":2,"victory":false,"max_hp_per_floor":[75,75,75,75,75,75,75,75,75,75,82,82,82,82,82,82,82,82,82,82,82,82,82,82,82,82,82,82,82,82,82,82,82,87,87],"relic_stats":{"counters":[13,45],"Juzu Bracelet":1,"Nloth\u0027s Gift":1,"obtain_stats":[{"Potion Belt":32,"SlaversCollar":19,"AT_ATBox":0,"NeowsBlessing":0,"Strawberry":11,"Vajra":27,"Juzu Bracelet":22,"Nloth\u0027s Gift":26,"AT_SunfireAegis":6,"hermit:Momento":0},{"Potion Belt":12,"SlaversCollar":7,"AT_ATBox":0,"NeowsBlessing":0,"Strawberry":3,"Vajra":9,"Juzu Bracelet":9,"Nloth\u0027s Gift":9,"AT_SunfireAegis":3,"hermit:Momento":0},{"Potion Belt":39,"SlaversCollar":19,"AT_ATBox":0,"NeowsBlessing":0,"Strawberry":3,"Vajra":26,"Juzu Bracelet":26,"Nloth\u0027s Gift":26,"AT_SunfireAegis":3,"hermit:Momento":0}]},"card_choices":[{"not_picked":["hermit:Vantage","hermit:Ricochet","hermit:Brawl"],"picked":"SKIP","floor":1},{"not_picked":["hermit:HoleUp","hermit:Grudge","hermit:Vantage"],"picked":"SKIP","floor":5},{"not_picked":["hermit:Malice","hermit:Glare"],"picked":"hermit:GoldenBullet","floor":6},{"not_picked":["hermit:Enervate","hermit:WideOpen"],"picked":"hermit:Shortfuse","floor":12},{"not_picked":["hermit:Enervate","hermit:Scavenge","hermit:BodyArmor"],"picked":"SKIP","floor":14},{"not_picked":["hermit:Desperado","hermit:NoHoldsBarred","hermit:Reprieve"],"picked":"SKIP","floor":15},{"not_picked":["hermit:HeroicBravado","hermit:FinalCanter"],"picked":"hermit:Dissolve","floor":18},{"not_picked":["hermit:Horror","hermit:HoleUp+1","hermit:GoldenBullet+1"],"picked":"SKIP","floor":20},{"not_picked":["hermit:Dive","hermit:Misfire+1","hermit:Headshot"],"picked":"SKIP","floor":21},{"not_picked":["hermit:Glare+1","hermit:Manifest"],"picked":"hermit:Gambit","floor":30},{"not_picked":["hermit:TrackingShot","hermit:Glare"],"picked":"hermit:Headshot+1","floor":31},{"not_picked":["hermit:ShadowCloak","hermit:FullyLoaded"],"picked":"hermit:CursedWeapon+1","floor":32},{"not_picked":["hermit:Coalescence+1","hermit:SprayPray"],"picked":"hermit:Combo","floor":33}],"player_experience":1080303,"relics_obtained":[{"floor":6,"key":"AT_SunfireAegis"},{"floor":11,"key":"Strawberry"},{"floor":32,"key":"Potion Belt"}],"event_choices":[{"damage_healed":0,"gold_gain":0,"player_choice":"Grow","damage_taken":0,"max_hp_gain":0,"max_hp_loss":0,"event_name":"Living Wall","floor":4,"gold_loss":0,"cards_upgraded":["AT_KingSlayer"]},{"damage_healed":0,"gold_gain":68,"player_choice":"Gained Gold","damage_taken":0,"max_hp_gain":0,"max_hp_loss":0,"event_name":"Golden Wing","floor":10,"gold_loss":0},{"damage_healed":0,"gold_gain":0,"player_choice":"Upgraded","damage_taken":0,"max_hp_gain":0,"max_hp_loss":0,"event_name":"Upgrade Shrine","floor":13,"gold_loss":0,"cards_upgraded":["hermit:Covet"]},{"cards_removed":["hermit:Strike_Hermit"],"damage_healed":0,"gold_gain":0,"player_choice":"Elegance","damage_taken":0,"max_hp_gain":0,"max_hp_loss":0,"event_name":"Back to Basics","floor":23,"gold_loss":0},{"damage_healed":0,"gold_gain":0,"player_choice":"Traded Relic","damage_taken":0,"relics_obtained":["Nloth\u0027s Gift"],"max_hp_gain":0,"max_hp_loss":0,"event_name":"N\u0027loth","floor":26,"relics_lost":["AT_ATBox"],"gold_loss":0},{"damage_healed":0,"gold_gain":0,"player_choice":"Opened","damage_taken":0,"relics_obtained":["Vajra"],"max_hp_gain":0,"max_hp_loss":0,"event_name":"The Mausoleum","floor":27,"gold_loss":0,"cards_obtained":["Writhe"]}],"is_beta":true,"boss_relics":[{"not_picked":["SacredBark","Replay:Bronze Core"],"picked":"SlaversCollar"}],"items_purged_floors":[3,16],"is_endless":false,"potions_floor_spawned":[1,6,14,20,32],"ascension_level":0}}