{"host":"kw4o7b3ro2ktmmbe","time":1609031643,"event":{"mods":["BaseMod","Evolution","Minty Spire (QoL Compilation)","StSLib","The Marked","Treasure Hunter"],"gold_per_floor":[474,11,30,40,40,40,71,71,71,246,246,257,257,282,282,412,412,430,430,448,471,471,471,471,386,386,386,417,440,134,167,167,291,291,305,305,152,175,175,175,153,153,176,33,33,133,166,173,173,129],"floor_reached":51,"playtime":3822,"items_purged":[],"score":769,"play_id":"a8a0721f-39c2-48be-8d69-992ed0cc8189","local_time":"20201227141403","is_ascension_mode":true,"campfire_choices":[{"data":"theMarked:SoldierOfQuellstein","floor":6.0,"key":"SMITH"},{"data":"theMarked:Challenge","floor":8.0,"key":"SMITH"},{"data":"theMarked:RepellingDischarge","floor":15.0,"key":"SMITH"},{"data":"theMarked:EmpowerWeapon","floor":24.0,"key":"SMITH"},{"floor":27.0,"key":"REST"},{"floor":32.0,"key":"REST"},{"data":"theMarked:EternalStudent","floor":40.0,"key":"SMITH"},{"data":"theMarked:TakeOffHeels","floor":42.0,"key":"SMITH"},{"floor":45.0,"key":"REST"},{"floor":49,"key":"REST"}],"circlet_count":0,"master_deck":["theMarked:Electrocute","theMarked:Electrocute","theMarked:Electrocute","theMarked:Electrocute","theMarked:Electrocute","theMarked:RepellingDischarge+1","theMarked:Defend","theMarked:Defend","theMarked:SoldierOfQuellstein+1","theMarked:Challenge+1","theMarked:DeterminationOfTheMarked","TH:Mimic","theMarked:SwordAndMagic","TH:TreasureMap","TH:CursedSword","theMarked:TakeOffHeels+1","theMarked:EmpowerWeapon+1","TH:CursedSword","TH:BikiniMail","TH:DeckOfManyThings","TH:TreasureMap","theMarked:EternalStudent+1","Madness","Madness","theMarked:SwordAndMagic+1","TH:EnergyPotion","TH:CursedSword","theMarked:EmpowerWeapon+1","TH:TreasureMap","TH:CopperCoins","theMarked:HeritageOfTheMarked+1"],"relics":["theMarked:ArtifactOfAir","EVO:Axolotl","theMarked:VonisonLock","Toolbox","Turnip","Singing Bowl","Golden Idol","SlaversCollar","Lizard Tail","Bronze Scales","Pen Nib","Happy Flower","Akabeko","Gambling Chip","theMarked:SpiritSword","TH:HealthInsurance","Vajra","Sling","Bird Faced Urn"],"acts_visited":["Exordium","TheCity","TheBeyond"],"potions_floor_usage":[],"damage_taken":[{"damage":0.0,"enemies":"Cultist","floor":1.0,"turns":2.0},{"damage":1.0,"enemies":"2 Louse","floor":3.0,"turns":2.0},{"damage":0.0,"enemies":"Jaw Worm","floor":4.0,"turns":2.0},{"damage":20.0,"enemies":"Gremlin Nob","floor":7.0,"turns":4.0},{"damage":0.0,"enemies":"Exordium Wildlife","floor":12.0,"turns":3.0},{"damage":0.0,"enemies":"Red Slaver","floor":14.0,"turns":3.0},{"damage":17.0,"enemies":"The Guardian","floor":16.0,"turns":11.0},{"damage":28.0,"enemies":"3 Byrds","floor":18.0,"turns":9.0},{"damage":15.0,"enemies":"2 Thieves","floor":20.0,"turns":4.0},{"damage":10.0,"enemies":"Chosen and Byrds","floor":21.0,"turns":6.0},{"damage":29.0,"enemies":"Slavers","floor":28.0,"turns":5.0},{"damage":0.0,"enemies":"Snake Plant","floor":29.0,"turns":4.0},{"damage":11.0,"enemies":"Gremlin Leader","floor":31.0,"turns":5.0},{"damage":75.0,"enemies":"Automaton","floor":33.0,"turns":10.0},{"damage":10.0,"enemies":"Orb Walker","floor":35.0,"turns":3.0},{"damage":22.0,"enemies":"3 Shapes","floor":38.0,"turns":5.0},{"damage":21.0,"enemies":"3 Darklings","floor":41.0,"turns":6.0},{"damage":42.0,"enemies":"Nemesis","floor":47.0,"turns":5.0},{"damage":21,"enemies":"Sphere and 2 Shapes","floor":48,"turns":4},{"damage":69,"enemies":"Time Eater","floor":50,"turns":6}],"seed_played":"5806523860397067478","potions_obtained":[{"floor":3.0,"key":"Regen Potion"},{"floor":4.0,"key":"Swift Potion"},{"floor":7.0,"key":"SpeedPotion"},{"floor":14.0,"key":"Block Potion"},{"floor":18.0,"key":"Swift Potion"},{"floor":29.0,"key":"CultistPotion"},{"floor":33.0,"key":"EssenceOfSteel"},{"floor":47.0,"key":"Block Potion"}],"is_trial":false,"path_per_floor":["M","$","M","M","$","R","E","R","T","?","?","M","?","M","R","B",null,"M","?","M","M","?","?","R","?","T","R","E","M","$","E","R","B",null,"M","?","$","M","?","R","M","R","T","$","R","?","E","M","R","B",null],"character_chosen":"THE_DEFAULT","items_purchased":["theMarked:VonisonLock","Toolbox","Happy Flower","Akabeko","TH:HealthInsurance","Sling"],"campfire_rested":4,"item_purchase_floors":[2,2,30,30,37,44],"current_hp_per_floor":[70,70,69,69,69,69,49,49,49,49,49,60,42,44,44,27,74,48,48,35,27,27,27,27,27,27,51,24,26,26,17,42,18,86,78,67,67,45,37,37,52,52,52,52,79,79,49,39,66,45],"gold":129,"neow_bonus":"REMOVE_CARD","is_daily":false,"chose_seed":false,"campfire_upgraded":6,"win_rate":0.0,"timestamp":1609031643,"path_taken":["M","$","M","M","?","R","E","R","T","?","?","?","?","M","R","BOSS","M","?","M","?","?","?","R","?","T","R","E","M","$","E","R","BOSS","M","?","$","M","?","R","M","R","T","$","R","?","E","M","R","BOSS"],"items_purchased_type":["Relic","Relic","Relic","Relic","Relic","Relic"],"build_version":"2020-12-22","purchased_purges":0,"victory":true,"max_hp_per_floor":[70,70,70,70,70,70,70,70,70,70,70,72,72,74,74,74,74,76,76,78,80,80,80,80,80,80,80,82,84,84,86,86,86,86,88,88,88,88,90,90,90,90,90,90,90,90,92,92,92,92],"card_choices":[{"not_picked":["theMarked:Aftermath","theMarked:HeightenedSenses","theMarked:Frustration"],"picked":"SKIP","floor":1.0},{"not_picked":["theMarked:ChainLightning","theMarked:Parkour"],"picked":"theMarked:Challenge","floor":3.0},{"not_picked":["theMarked:Indomitable","theMarked:TwofoldDefense"],"picked":"theMarked:DeterminationOfTheMarked","floor":4.0},{"not_picked":["TH:EnergyPotion"],"picked":"TH:Mimic","floor":7.0},{"not_picked":["theMarked:TwofoldDefense","theMarked:WastefulAttack"],"picked":"theMarked:SwordAndMagic","floor":7.0},{"not_picked":["TH:ElvenBoots"],"picked":"TH:TreasureMap","floor":9.0},{"not_picked":["theMarked:Parkour","theMarked:TunnelVision","theMarked:Panic"],"picked":"Singing Bowl","floor":12.0},{"not_picked":["theMarked:ResourceFulStrike","theMarked:ComboAttacks","theMarked:Static"],"picked":"Singing Bowl","floor":14.0},{"not_picked":["TH:DeckOfManyThings"],"picked":"TH:CursedSword","floor":16.0},{"not_picked":["theMarked:Defy","theMarked:UnarmedFury"],"picked":"theMarked:TakeOffHeels","floor":16.0},{"not_picked":["theMarked:Static","theMarked:MysticalArsenal","theMarked:GodGivenPower"],"picked":"Singing Bowl","floor":18.0},{"not_picked":["theMarked:Static","theMarked:Electrify","theMarked:Parkour"],"picked":"Singing Bowl","floor":20.0},{"not_picked":["theMarked:WardOff","theMarked:KeepCalmAndFightOn","theMarked:Opportunist"],"picked":"Singing Bowl","floor":21.0},{"not_picked":["TH:ElvenBoots"],"picked":"TH:CursedSword","floor":26.0},{"not_picked":["TH:EnergyPotion"],"picked":"TH:BikiniMail","floor":28.0},{"not_picked":["theMarked:Parkour","theMarked:TwofoldDefense","theMarked:WastefulAttack"],"picked":"Singing Bowl","floor":28.0},{"not_picked":["theMarked:MagicAdept","theMarked:RepellingDischarge","theMarked:SelfDefenseTraining"],"picked":"Singing Bowl","floor":29.0},{"not_picked":["TH:EnergyPotion"],"picked":"TH:DeckOfManyThings","floor":31.0},{"not_picked":["theMarked:Polarize","theMarked:WastefulAttack","theMarked:BanishingStrike+1"],"picked":"Singing Bowl","floor":31.0},{"not_picked":["TH:CopperCoins"],"picked":"TH:TreasureMap","floor":33.0},{"not_picked":["theMarked:Levitate","theMarked:SummonStrength"],"picked":"theMarked:EternalStudent","floor":33.0},{"not_picked":["theMarked:EnhancedHearing","theMarked:ChainLightning","theMarked:Static"],"picked":"Singing Bowl","floor":35.0},{"not_picked":["theMarked:ElectricStrings","theMarked:TwofoldDefense+1"],"picked":"theMarked:SwordAndMagic+1","floor":38.0},{"not_picked":["The Bomb","Trip","Madness"],"picked":"Singing Bowl","floor":39.0},{"not_picked":["Jack Of All Trades","Good Instincts"],"picked":"TH:EnergyPotion","floor":39.0},{"not_picked":["Master of Strategy","Blind"],"picked":"TH:CursedSword","floor":39.0},{"not_picked":["theMarked:ElectricStrings+1","theMarked:RepellingDischarge"],"picked":"theMarked:EmpowerWeapon+1","floor":41.0},{"not_picked":["TH:CursedSword"],"picked":"TH:TreasureMap","floor":43.0},{"not_picked":["TH:Mimic"],"picked":"TH:CopperCoins","floor":47.0},{"not_picked":["theMarked:WastefulDefense+1","theMarked:Opportunist","theMarked:ElectricStrings"],"picked":"Singing Bowl","floor":47.0},{"not_picked":["theMarked:StartUp","theMarked:WardOff+1"],"picked":"theMarked:HeritageOfTheMarked+1","floor":48}],"player_experience":1794668,"relics_obtained":[{"floor":7.0,"key":"Turnip"},{"floor":9.0,"key":"Singing Bowl"},{"floor":26.0,"key":"Bronze Scales"},{"floor":28.0,"key":"Pen Nib"},{"floor":31.0,"key":"Gambling Chip"},{"floor":43.0,"key":"Vajra"},{"floor":47.0,"key":"Bird Faced Urn"}],"event_choices":[{"damage_healed":0.0,"max_hp_gain":0.0,"max_hp_loss":0.0,"gold_gain":175.0,"event_name":"Liars Game","player_choice":"AGREE","floor":10.0,"gold_loss":0.0,"damage_taken":0.0,"cards_obtained":["Doubt"]},{"damage_healed":0.0,"max_hp_gain":0.0,"max_hp_loss":0.0,"gold_gain":0.0,"event_name":"The Woman in Blue","player_choice":"Bought 0 Potions","floor":11.0,"gold_loss":0.0,"damage_taken":0.0},{"damage_healed":0.0,"max_hp_gain":0.0,"max_hp_loss":0.0,"gold_gain":0.0,"event_name":"Golden Idol","player_choice":"Take Damage","floor":13.0,"gold_loss":0.0,"damage_taken":18.0,"relics_obtained":["Golden Idol"]},{"cards_removed":["Doubt"],"damage_healed":0.0,"max_hp_gain":0.0,"max_hp_loss":0.0,"gold_gain":0.0,"event_name":"Fountain of Cleansing","player_choice":"Removed Curses","floor":19.0,"gold_loss":0.0,"damage_taken":0.0},{"damage_healed":0.0,"max_hp_gain":0.0,"max_hp_loss":0.0,"gold_gain":0.0,"event_name":"Beggar","player_choice":"Ignored","floor":22.0,"gold_loss":0.0,"damage_taken":0.0},{"damage_healed":0.0,"max_hp_gain":0.0,"max_hp_loss":0.0,"gold_gain":0.0,"event_name":"The Library","player_choice":"Read","floor":23.0,"gold_loss":0.0,"damage_taken":0.0,"cards_obtained":["theMarked:EmpowerWeapon"]},{"damage_healed":0.0,"max_hp_gain":0.0,"max_hp_loss":0.0,"gold_gain":0.0,"event_name":"Addict","player_choice":"Obtained Relic","floor":25.0,"gold_loss":85.0,"damage_taken":0.0,"relics_obtained":["Lizard Tail"]},{"damage_healed":0.0,"max_hp_gain":0.0,"max_hp_loss":0.0,"gold_gain":0.0,"event_name":"Winding Halls","player_choice":"Embrace Madness","floor":36.0,"gold_loss":0.0,"damage_taken":11.0,"cards_obtained":["Madness","Madness"]},{"damage_healed":0.0,"max_hp_gain":0.0,"max_hp_loss":0.0,"gold_gain":0.0,"event_name":"SensoryStone","player_choice":"Memory 3","floor":39.0,"gold_loss":0.0,"damage_taken":10.0},{"damage_healed":0.0,"max_hp_gain":0.0,"max_hp_loss":0.0,"gold_gain":100.0,"event_name":"Golden Shrine","player_choice":"Pray","floor":46.0,"gold_loss":0.0,"damage_taken":0.0}],"is_beta":false,"boss_relics":[{"not_picked":["SacredBark","Sozu"],"picked":"SlaversCollar"},{"not_picked":["theMarked:Eyepatch","Tiny House"],"picked":"theMarked:SpiritSword"}],"items_purged_floors":[],"is_endless":false,"potions_floor_spawned":[3,4,7,14,18,29,33,47],"ascension_level":1}}