{"host":"m6h67kf6cz80m3yv","time":1609062499,"event":{"mods":["Bartender","BaseMod","Better Third Choice","BetterRewards","CatGirl Mod","Colored Powertips","Downfall","Duelist Mod","Hermit","Marisa????????","Minty Spire (QoL Compilation)","Prisma Mod","Quick Restart","Shade Mod","Shop Mod","StSLib","SuperFastMode","The Dragon Tamer","The Marked","The Servant 0.9.4"],"gold_per_floor":[114,124,199,215,215,215,247,266,266,280,311,383,401,429,429,531,531,551,551,5,17,17,51,62,62,86,96,96,135,155,183,183,287,296,310,328,378,396,405,439,439,469,537,575,575,585,585,596,596,596,596,596,4,42,42,42],"floor_reached":55,"playtime":4089,"items_purged":[],"score":814,"play_id":"c25d21e1-363f-407f-8ccf-6fb53369cd3e","local_time":"20201227074819","is_ascension_mode":false,"campfire_choices":[{"data":"PrismaMod:ChloeCheapAttack","floor":6.0,"key":"SMITH"},{"floor":15.0,"key":"REST"},{"data":"PrismaMod:ChloeUnlimitedBladeWorks","floor":25.0,"key":"SMITH"},{"data":"PrismaMod:ChloeAnyPowerTrace","floor":32.0,"key":"SMITH"},{"floor":41.0,"key":"RECALL"},{"floor":47.0,"key":"REST"},{"floor":49.0,"key":"REST"},{"data":"PrismaMod:ChloeCommonAttack","floor":52.0,"key":"SMITH"}],"circlet_count":0,"master_deck":["PrismaMod:ChloeCommonAttack","PrismaMod:ChloeCommonAttack","PrismaMod:ChloeCommonAttack","PrismaMod:ChloeCommonAttack","PrismaMod:ChloeCommonAttack+1","PrismaMod:ChloeCommonDefend","PrismaMod:ChloeCommonDefend","PrismaMod:ChloeCommonDefend","PrismaMod:ChloeCommonDefend","PrismaMod:ChloeCommonDefend","PrismaMod:ChloeCheapAttack+1","PrismaMod:ChloeCheapDefend","PrismaMod:ChloeUncommonAttack","PrismaMod:ChloeCheapAttackTwo","PrismaMod:ChloeCheapDefend","PrismaMod:ChloeExcalibur+1","PrismaMod:ChloeCheapAttackTwo","PrismaMod:ChloeCarnivalDefend","PrismaMod:ChloeCheapAttackTwo","PrismaMod:ChloeUnlimitedBladeWorks+1","PrismaMod:ChloeRitsuka+1","PrismaMod:ChloeMordred","PrismaMod:ChloeBetterTracePools+1","PrismaMod:ChloeAnyPowerTrace+1","PrismaMod:ChloeExhaustOne+1","CurseOfTheBell","Madness","Madness","Wraith","PrismaMod:ChloeGaeBolg","PrismaMod:ChloeAnyPowerTrace"],"relics":["PrismaMod:PrismaTraceOn","Strawberry","PrismaMod:AliceRelic","Meat on the Bone","Blood Vial","Bronze Scales","Power_Wrist","Philosopher\u0027s Stone","MutagenicStrength","Kunai","ClockworkSouvenir","Ancient Tea Set","Letter Opener","CeramicFish","Cleaning_Rag","Calling Bell","Oddly Smooth Stone","Frozen Egg 2","StoneCalendar","Peace Pipe","Bottled Tornado","Smiling Mask","Mummified Hand","Ginger","Bag of Marbles"],"acts_visited":["Exordium","TheCity","TheBeyond","TheEnding"],"potions_floor_usage":[],"damage_taken":[{"damage":0.0,"enemies":"Cultist","floor":1.0,"turns":4.0},{"damage":0.0,"enemies":"Small Slimes","floor":2.0,"turns":2.0},{"damage":0.0,"enemies":"Jaw Worm","floor":4.0,"turns":3.0},{"damage":39.0,"enemies":"3 Sentries","floor":7.0,"turns":15.0},{"damage":0.0,"enemies":"Looter","floor":8.0,"turns":1.0},{"damage":1.0,"enemies":"Exordium Wildlife","floor":10.0,"turns":3.0},{"damage":12.0,"enemies":"Lagavulin","floor":11.0,"turns":6.0},{"damage":0.0,"enemies":"Red Slaver","floor":13.0,"turns":4.0},{"damage":10.0,"enemies":"Gremlin Nob","floor":14.0,"turns":4.0},{"damage":25.0,"enemies":"Hexaghost","floor":16.0,"turns":5.0},{"damage":2.0,"enemies":"2 Thieves","floor":18.0,"turns":4.0},{"damage":0.0,"enemies":"Chosen","floor":21.0,"turns":4.0},{"damage":8.0,"enemies":"Book of Stabbing","floor":23.0,"turns":3.0},{"damage":0.0,"enemies":"Sentry and Sphere","floor":24.0,"turns":3.0},{"damage":8.0,"enemies":"Centurion and Healer","floor":27.0,"turns":3.0},{"damage":7.0,"enemies":"Slavers","floor":29.0,"turns":3.0},{"damage":0.0,"enemies":"Shelled Parasite and Fungi","floor":30.0,"turns":4.0},{"damage":2.0,"enemies":"3 Cultists","floor":31.0,"turns":4.0},{"damage":35.0,"enemies":"Collector","floor":33.0,"turns":7.0},{"damage":4.0,"enemies":"3 Darklings","floor":35.0,"turns":4.0},{"damage":1.0,"enemies":"Orb Walker","floor":36.0,"turns":3.0},{"damage":17.0,"enemies":"Mind Bloom Boss Battle","floor":37.0,"turns":5.0},{"damage":14.0,"enemies":"Nemesis","floor":40.0,"turns":7.0},{"damage":3.0,"enemies":"Giant Head","floor":42.0,"turns":5.0},{"damage":8.0,"enemies":"4 Shapes","floor":44.0,"turns":5.0},{"damage":16.0,"enemies":"3 Darklings","floor":46.0,"turns":4.0},{"damage":3.0,"enemies":"Sphere and 2 Shapes","floor":48.0,"turns":4.0},{"damage":52.0,"enemies":"Donu and Deca","floor":50.0,"turns":7.0},{"damage":87.0,"enemies":"Shield and Spear","floor":54.0,"turns":4.0},{"damage":18,"enemies":"The Heart","floor":55,"turns":3}],"seed_played":"5714365496605438896","potions_obtained":[{"floor":2.0,"key":"champ:CounterPotion"},{"floor":4.0,"key":"Block Potion"},{"floor":8.0,"key":"SpeedPotion"},{"floor":10.0,"key":"Slimebound:ThreeZeroPotion"},{"floor":21.0,"key":"Block Potion"},{"floor":37.0,"key":"BlessingOfTheForge"}],"is_trial":false,"path_per_floor":["M","M","?","M","?","R","E","M","T","M","E","?","M","E","R","B",null,"M","?","$","M","?","E","M","R","T","M","$","E","M","M","R","B",null,"M","M","?","?","?","E","R","E","T","M","?","M","R","M","R","B",null,"R","$","E","B"],"character_chosen":"CHLOE","items_purchased":["Kunai","ClockworkSouvenir","Ancient Tea Set","Mummified Hand","PrismaMod:ChloeGaeBolg","Ginger"],"campfire_rested":3,"item_purchase_floors":[20,20,20,53,53,53],"current_hp_per_floor":[82,82,71,71,75,75,36,48,48,49,51,51,53,45,71,48,89,87,87,87,89,81,75,82,82,82,76,76,71,73,73,73,52,89,85,86,71,60,60,48,48,47,47,53,53,51,77,76,89,49,89,89,89,14,0,0],"gold":42,"neow_bonus":"TEN_PERCENT_HP_BONUS","is_daily":false,"chose_seed":false,"campfire_upgraded":4,"win_rate":0.0,"timestamp":1609062499,"path_taken":["M","M","?","M","?","R","E","M","T","M","E","?","?","E","R","BOSS","M","?","$","M","?","E","M","R","T","?","?","E","M","M","R","BOSS","M","M","?","?","?","E","R","E","T","M","?","?","R","M","R","BOSS","R","$","E","BOSS"],"items_purchased_type":["Relic","Relic","Relic","Relic","Card","Relic"],"build_version":"2020-12-22","purchased_purges":0,"victory":false,"max_hp_per_floor":[82,82,82,82,89,89,89,89,89,89,89,89,89,89,89,89,89,89,89,89,89,89,89,89,89,89,89,89,89,89,89,89,89,89,89,89,89,89,89,89,89,89,89,89,89,89,89,89,89,89,89,89,89,89,89,89],"card_choices":[{"not_picked":["PrismaMod:ChloeCommonAOEAttack","PrismaMod:ChloeRhongomyniad"],"picked":"PrismaMod:ChloeUncommonAttack","floor":1.0},{"not_picked":["PrismaMod:ChloeCheapDefendTwo","PrismaMod:ChloeUncommonAOEAttack"],"picked":"PrismaMod:ChloeCheapAttackTwo","floor":2.0},{"not_picked":["PrismaMod:ChloeUncommonAOEAttack","PrismaMod:ChloeDiscardRecovery"],"picked":"PrismaMod:ChloeCheapDefend","floor":4.0},{"not_picked":["PrismaMod:ChloeCaladbolg","PrismaMod:ChloeChristmas"],"picked":"PrismaMod:ChloeExcalibur","floor":7.0},{"not_picked":["PrismaMod:ChloeExhaustOne","PrismaMod:ChloeDiscardRecovery","PrismaMod:ChloeRuleBreaker"],"picked":"SKIP","floor":8.0},{"not_picked":["PrismaMod:ChloeCommonAOEAttack","PrismaMod:ChloeCheapDefendTwo"],"picked":"PrismaMod:ChloeCheapAttackTwo","floor":10.0},{"not_picked":["PrismaMod:ChloeChristmas","PrismaMod:ChloeCheapAttack"],"picked":"PrismaMod:ChloeCarnivalDefend","floor":11.0},{"not_picked":["PrismaMod:ChloeExhaustOne","PrismaMod:ChloeCheapDefendTwo"],"picked":"PrismaMod:ChloeCheapAttackTwo","floor":13.0},{"not_picked":["PrismaMod:ChloeHalloween","PrismaMod:ChloeCheapDefendTwo","PrismaMod:ChloeCommonAOEAttack"],"picked":"SKIP","floor":14.0},{"not_picked":["PrismaMod:ChloeHalloween","PrismaMod:ChloeCarnivalAOEAttack"],"picked":"PrismaMod:ChloeUnlimitedBladeWorks","floor":16.0},{"not_picked":["PrismaMod:ChloeDiscardRecovery","PrismaMod:ChloeEyeOfTheEuryale"],"picked":"PrismaMod:ChloeRitsuka+1","floor":18.0},{"not_picked":["PrismaMod:ChloeCheapDefendTwo","PrismaMod:ChloeRuleBreaker"],"picked":"PrismaMod:ChloeMordred","floor":21.0},{"not_picked":["PrismaMod:ChloeCheapAttackTwo","PrismaMod:ChloeDoubleRelicSpeed"],"picked":"PrismaMod:ChloeBetterTracePools+1","floor":23.0},{"not_picked":["PrismaMod:ChloeRhongomyniad","PrismaMod:ChloeCheapAttack","PrismaMod:ChloeExcalibur"],"picked":"SKIP","floor":24.0},{"not_picked":["PrismaMod:ChloeCommonAOEAttack","PrismaMod:ChloeCheapAttackTwo","PrismaMod:ChloeDiscardRecovery"],"picked":"SKIP","floor":27.0},{"not_picked":["PrismaMod:ChloeDevil","PrismaMod:ChloeExhaustOne"],"picked":"PrismaMod:ChloeAnyPowerTrace","floor":29.0},{"not_picked":["PrismaMod:ChloeCheapDefend+1","PrismaMod:ChloeMaid","PrismaMod:ChloeCommonAOEAttack"],"picked":"SKIP","floor":30.0},{"not_picked":["PrismaMod:ChloeCheapAttack","PrismaMod:ChloeCheapAttackTwo+1"],"picked":"PrismaMod:ChloeExhaustOne+1","floor":31.0},{"not_picked":["PrismaMod:ChloeUncommonAttack","PrismaMod:ChloeCommonAOEAttack+1","PrismaMod:ChloeHalloween"],"picked":"SKIP","floor":35.0},{"not_picked":["PrismaMod:ChloeCheapDefendTwo+1","PrismaMod:ChloeCommonAOEAttack+1","PrismaMod:ChloeUncommonAOEAttack+1"],"picked":"SKIP","floor":36.0},{"not_picked":["PrismaMod:ChloeMordred+1","PrismaMod:ChloeMaid","PrismaMod:ChloeUncommonAttack"],"picked":"SKIP","floor":40.0},{"not_picked":["PrismaMod:ChloeCheapDefendTwo","PrismaMod:ChloeDiscardRecovery","PrismaMod:ChloeCheapAttack"],"picked":"SKIP","floor":42.0},{"not_picked":["PrismaMod:ChloeRuleBreaker+1","PrismaMod:ChloeCheapDefendTwo+1","PrismaMod:ChloeMordred"],"picked":"SKIP","floor":44.0},{"not_picked":["PrismaMod:ChloeUncommonAOEAttack+1","PrismaMod:ChloeCommonAOEAttack","PrismaMod:ChloeDemonicTutor"],"picked":"SKIP","floor":46.0},{"not_picked":["PrismaMod:ChloeExhaustOne","PrismaMod:ChloeCheapAttackTwo+1","PrismaMod:ChloeCheapDefendTwo"],"picked":"SKIP","floor":48.0},{"not_picked":["PrismaMod:ChloeCheapDefend+1","PrismaMod:ChloeRuleBreaker"],"picked":"PrismaMod:ChloeAnyPowerTrace","floor":54.0}],"player_experience":311507,"relics_obtained":[{"floor":7.0,"key":"Meat on the Bone"},{"floor":9.0,"key":"Blood Vial"},{"floor":11.0,"key":"Bronze Scales"},{"floor":14.0,"key":"Power_Wrist"},{"floor":23.0,"key":"Letter Opener"},{"floor":26.0,"key":"CeramicFish"},{"floor":29.0,"key":"Cleaning_Rag"},{"floor":34.0,"key":"Oddly Smooth Stone"},{"floor":34.0,"key":"Frozen Egg 2"},{"floor":34.0,"key":"StoneCalendar"},{"floor":37.0,"key":"Peace Pipe"},{"floor":40.0,"key":"Bottled Tornado"},{"floor":42.0,"key":"Smiling Mask"},{"floor":54.0,"key":"Bag of Marbles"}],"event_choices":[{"damage_healed":0.0,"max_hp_gain":0.0,"max_hp_loss":0.0,"gold_gain":75.0,"event_name":"betterThird:BetterGoop","player_choice":"Gold","floor":3.0,"gold_loss":0.0,"damage_taken":11.0},{"damage_healed":0.0,"max_hp_gain":0.0,"max_hp_loss":0.0,"gold_gain":0.0,"event_name":"betterThird:BetterScrap","player_choice":"Relic ","floor":5.0,"gold_loss":0.0,"damage_taken":3.0,"cards_obtained":["Uppercut"]},{"damage_healed":0.0,"max_hp_gain":0.0,"max_hp_loss":0.0,"gold_gain":72.0,"event_name":"Golden Wing","player_choice":"Gained Gold","floor":12.0,"gold_loss":0.0,"damage_taken":0.0},{"damage_healed":0.0,"max_hp_gain":0.0,"max_hp_loss":0.0,"gold_gain":0.0,"event_name":"Drug Dealer","player_choice":"Inject Mutagens","floor":19.0,"gold_loss":0.0,"damage_taken":0.0,"relics_obtained":["MutagenicStrength"]},{"damage_healed":0.0,"max_hp_gain":0.0,"max_hp_loss":0.0,"gold_gain":0.0,"event_name":"Wheel of Change","player_choice":"Damaged","floor":22.0,"gold_loss":0.0,"damage_taken":8.0},{"damage_healed":0.0,"max_hp_gain":0.0,"max_hp_loss":0.0,"gold_gain":0.0,"event_name":"MindBloom","player_choice":"Fight","floor":37.0,"gold_loss":0.0,"damage_taken":0.0},{"damage_healed":0.0,"max_hp_gain":0.0,"max_hp_loss":0.0,"gold_gain":0.0,"event_name":"Winding Halls","player_choice":"Embrace Madness","floor":38.0,"gold_loss":0.0,"damage_taken":11.0,"cards_obtained":["Madness","Madness"]},{"damage_healed":0.0,"max_hp_gain":0.0,"max_hp_loss":0.0,"gold_gain":0.0,"event_name":"OrinTheCat","player_choice":"Ignored","floor":39.0,"gold_loss":0.0,"damage_taken":0.0},{"damage_healed":0.0,"max_hp_gain":0.0,"max_hp_loss":0.0,"gold_gain":0.0,"event_name":"Accursed Blacksmith","player_choice":"Forge","floor":45.0,"gold_loss":0.0,"damage_taken":0.0,"cards_upgraded":["PrismaMod:ChloeExcalibur"]}],"is_beta":false,"boss_relics":[{"not_picked":["Coffee Dripper","Cursed Key"],"picked":"Philosopher\u0027s Stone"},{"not_picked":["Runic Dome","Velvet Choker"],"picked":"Calling Bell"}],"items_purged_floors":[],"is_endless":false,"potions_floor_spawned":[2,4,8,10,11,21,29,31,37,44,48],"killed_by":"The Heart","ascension_level":0}}