{"host":"ymmeoa1x24ihslbm","time":1609062644,"event":{"mods":["AchievementEnabler","BaseMod","Colored Map","Colored Powertips","Defuse TimeMaze Blight","Highlight Path","Minty Spire (QoL Compilation)","Permanent Neow","Quick Restart","StSLib","Unceasing Turn Reminder"],"gold_per_floor":[112,287,304,254,254,274,274,294,294,294,310,337,349,349,349,445,445,458,472,472,472,472],"floor_reached":21,"playtime":921,"items_purged":[],"score":199,"play_id":"20231118-3b00-454f-a48a-cd44d9772919","local_time":"20201227105044","is_ascension_mode":true,"campfire_choices":[{"data":"Vigilance","floor":7,"key":"SMITH"},{"data":"Protect","floor":10,"key":"SMITH"},{"data":"Brilliance","floor":15,"key":"SMITH"}],"circlet_count":0,"master_deck":["Strike_P","Strike_P","Strike_P","Defend_P+1","Defend_P","Defend_P","Eruption+1","Vigilance+1","SandsOfTime","Protect+1","Brilliance+1","Devotion","Protect+1"],"relics":["PureWater","Matryoshka","Du-Vu Doll","SlaversCollar"],"acts_visited":["Exordium","TheCity"],"potions_floor_usage":[3,12,18,21],"damage_taken":[{"damage":2,"enemies":"Small Slimes","floor":1,"turns":3},{"damage":0,"enemies":"2 Louse","floor":3,"turns":3},{"damage":0,"enemies":"Cultist","floor":6,"turns":2},{"damage":3,"enemies":"Blue Slaver","floor":8,"turns":2},{"damage":0,"enemies":"Looter","floor":11,"turns":1},{"damage":6,"enemies":"3 Sentries","floor":12,"turns":8},{"damage":0,"enemies":"Gremlin Gang","floor":13,"turns":3},{"damage":43,"enemies":"Hexaghost","floor":16,"turns":11},{"damage":16,"enemies":"Shell Parasite","floor":18,"turns":4},{"damage":1,"enemies":"Spheric Guardian","floor":19,"turns":4},{"damage":0,"enemies":"Chosen and Byrds","floor":21,"turns":4}],"seed_played":"-1031469135873543086","potions_obtained":[{"floor":1,"key":"AttackPotion"},{"floor":6,"key":"PowerPotion"},{"floor":8,"key":"Energy Potion"},{"floor":12,"key":"Fire Potion"},{"floor":16,"key":"BottledMiracle"},{"floor":18,"key":"Ancient Potion"}],"is_trial":false,"path_per_floor":["M","?","M","?","?","M","R","M","T","R","M","E","M","?","R","B",null,"M","M","?","M"],"character_chosen":"WATCHER","items_purchased":[],"campfire_rested":0,"item_purchase_floors":[],"current_hp_per_floor":[70,70,70,70,70,70,70,67,67,67,67,61,61,54,54,11,72,56,55,55,55,55],"gold":472,"neow_bonus":"UPGRADE_CARD","is_daily":false,"chose_seed":false,"campfire_upgraded":3,"win_rate":0.0,"timestamp":1609062644,"path_taken":["M","?","M","?","?","M","R","M","T","R","M","E","?","?","R","BOSS","M","M","?","?"],"items_purchased_type":[],"build_version":"2020-12-22","purchased_purges":0,"victory":false,"max_hp_per_floor":[72,72,72,72,72,72,72,72,72,72,72,72,72,72,72,72,72,72,72,72,72,72],"card_choices":[{"not_picked":["FlurryOfBlows","FollowUp"],"picked":"SandsOfTime","floor":1},{"not_picked":["WreathOfFlame","SandsOfTime","SashWhip"],"picked":"SKIP","floor":3},{"not_picked":["Vengeance","CutThroughFate"],"picked":"Protect","floor":6},{"not_picked":["EmptyBody","Evaluate","SignatureMove"],"picked":"SKIP","floor":8},{"not_picked":["Collect","ForeignInfluence","EmptyBody"],"picked":"SKIP","floor":11},{"not_picked":["WindmillStrike","PathToVictory"],"picked":"Brilliance","floor":12},{"not_picked":["SashWhip","Vengeance","WreathOfFlame"],"picked":"SKIP","floor":13},{"not_picked":["Alpha","ConjureBlade"],"picked":"Devotion","floor":16},{"not_picked":["Prostrate+1","CutThroughFate+1"],"picked":"Protect+1","floor":18},{"not_picked":["Consecrate","Tantrum+1","SignatureMove"],"picked":"SKIP","floor":19}],"player_experience":681874,"relics_obtained":[{"floor":9,"key":"Matryoshka"},{"floor":12,"key":"Du-Vu Doll"}],"event_choices":[{"damage_healed":0,"gold_gain":175,"player_choice":"AGREE","damage_taken":0,"max_hp_gain":0,"max_hp_loss":0,"event_name":"Liars Game","floor":2,"gold_loss":0,"cards_obtained":["Doubt"]},{"cards_removed":["Doubt"],"damage_healed":0,"gold_gain":0,"player_choice":"Card Removal","damage_taken":0,"max_hp_gain":0,"max_hp_loss":0,"event_name":"The Cleric","floor":4,"gold_loss":50},{"cards_removed":["Defend_P"],"damage_healed":0,"gold_gain":0,"player_choice":"Purged","damage_taken":0,"max_hp_gain":0,"max_hp_loss":0,"event_name":"Purifier","floor":5,"gold_loss":0},{"cards_removed":["Strike_P"],"damage_healed":0,"gold_gain":0,"player_choice":"Card Removal","damage_taken":7,"max_hp_gain":0,"max_hp_loss":0,"event_name":"Golden Wing","floor":14,"gold_loss":0},{"damage_healed":0,"gold_gain":0,"player_choice":"Upgraded","damage_taken":0,"max_hp_gain":0,"max_hp_loss":0,"event_name":"Upgrade Shrine","floor":20,"gold_loss":0,"cards_upgraded":["Defend_P"]}],"is_beta":false,"boss_relics":[{"not_picked":["Philosopher\u0027s Stone","Snecko Eye"],"picked":"SlaversCollar"}],"items_purged_floors":[],"is_endless":false,"potions_floor_spawned":[1,6,8,12,16,18],"killed_by":"Chosen and Byrds","ascension_level":2}}