{"host":"8cthvke634f9mtsj","time":1609080179,"event":{"mods":["AchievementEnabler","BaseMod","Colored Map","Colored Powertips","Minty Spire (QoL Compilation)","Rare Cards Sparkle"],"gold_per_floor":[116,47,47,47,222,248,248,248,248,26,52,52,85,101,101,199,199,210,210,229,155,180,206,206,206,206,236,82,142,162,526,526,623,623,637,680,531,556,575,348,373,428,476,537,537,582,582,640,640,739,739,775,850,850,552,652,679,706,735,770,796,822,850,850,445,445,549,549,562,562,578,578,324,350,350,380,414,261,287,321,349,204,204,302,302,322,322,49,82,129,161,190,219,249,95,121,0,34,54,54,156,156,156,156],"floor_reached":103,"playtime":9766,"items_purged":["Doubt","EmptyBody","DevaForm"],"score":3683,"play_id":"9725be30-522b-41cf-846d-2fa773739751","local_time":"20201227154259","daily_mods":["SealedDeck","Flight","DeadlyEvents"],"is_ascension_mode":true,"campfire_choices":[{"data":"FlurryOfBlows","floor":7.0,"key":"SMITH"},{"data":"ClearTheMind","floor":8.0,"key":"SMITH"},{"data":"Prostrate","floor":12.0,"key":"SMITH"},{"floor":15.0,"key":"REST"},{"data":"MentalFortress","floor":24.0,"key":"SMITH"},{"data":"Adaptation","floor":25.0,"key":"SMITH"},{"floor":32.0,"key":"REST"},{"data":"TalkToTheHand","floor":45.0,"key":"SMITH"},{"data":"MentalFortress","floor":47.0,"key":"SMITH"},{"data":"TalkToTheHand","floor":49.0,"key":"SMITH"},{"data":"EmptyMind","floor":64.0,"key":"SMITH"},{"data":"MasterReality","floor":66.0,"key":"SMITH"},{"data":"InnerPeace","floor":75.0,"key":"SMITH"},{"data":"Consecrate","floor":83.0,"key":"SMITH"},{"data":"MasterReality","floor":100,"key":"SMITH"}],"circlet_count":0,"master_deck":["Crescendo+1","MentalFortress+1","FlurryOfBlows+1","EmptyFist","EmptyMind+1","TalkToTheHand+1","Consecrate+1","Prostrate+1","Prostrate+1","ClearTheMind+1","Tantrum+1","InnerPeace+1","Consecrate+1","Adaptation+1","MentalFortress+1","Indignation+1","ConjureBlade+1","Scrawl+1","Crescendo+1","TalkToTheHand+1","DeusExMachina+1","Prostrate+1","MasterReality+1","EmptyMind+1","Scrawl+1","Necronomicurse","DeusExMachina+1","MasterReality+1"],"relics":["HolyWater","Art of War","White Beast Statue","War Paint","Akabeko","PreservedInsect","Philosopher\u0027s Stone","Bird Faced Urn","Toxic Egg 2","Turnip","Damaru","Strange Spoon","StrikeDummy","Old Coin","Runic Pyramid","Whetstone","Blood Vial","Toolbox","Yang","Oddly Smooth Stone","Pen Nib","Nunchaku","Gremlin Horn","VioletLotus","Happy Flower","Sling","Strawberry","Blue Candle","Necronomicon","HandDrill","Omamori","Bag of Marbles","SacredBark","Potion Belt","Du-Vu Doll","Vajra","Red Mask","Coffee Dripper"],"acts_visited":["Exordium","TheCity","TheBeyond","Exordium","TheCity","TheBeyond","Exordium"],"potions_floor_usage":[96,96,101],"damage_taken":[{"damage":0.0,"enemies":"Cultist","floor":1.0,"turns":2.0},{"damage":37.0,"enemies":"3 Sentries","floor":6.0,"turns":6.0},{"damage":0.0,"enemies":"Lagavulin","floor":11.0,"turns":4.0},{"damage":0.0,"enemies":"3 Sentries","floor":13.0,"turns":4.0},{"damage":0.0,"enemies":"Small Slimes","floor":14.0,"turns":2.0},{"damage":14.0,"enemies":"Hexaghost","floor":16.0,"turns":5.0},{"damage":2.0,"enemies":"3 Byrds","floor":18.0,"turns":3.0},{"damage":3.0,"enemies":"Shell Parasite","floor":20.0,"turns":3.0},{"damage":13.0,"enemies":"Gremlin Leader","floor":22.0,"turns":3.0},{"damage":0.0,"enemies":"Book of Stabbing","floor":23.0,"turns":3.0},{"damage":2.0,"enemies":"Slavers","floor":27.0,"turns":2.0},{"damage":17.0,"enemies":"Book of Stabbing","floor":29.0,"turns":4.0},{"damage":0.0,"enemies":"Snecko","floor":30.0,"turns":3.0},{"damage":19.0,"enemies":"Slavers","floor":31.0,"turns":3.0},{"damage":0.0,"enemies":"Automaton","floor":33.0,"turns":7.0},{"damage":1.0,"enemies":"Orb Walker","floor":35.0,"turns":2.0},{"damage":17.0,"enemies":"3 Darklings","floor":36.0,"turns":3.0},{"damage":3.0,"enemies":"4 Shapes","floor":39.0,"turns":2.0},{"damage":0.0,"enemies":"Nemesis","floor":41.0,"turns":3.0},{"damage":0.0,"enemies":"Reptomancer","floor":42.0,"turns":3.0},{"damage":16.0,"enemies":"Nemesis","floor":44.0,"turns":3.0},{"damage":0.0,"enemies":"Transient","floor":46.0,"turns":5.0},{"damage":0.0,"enemies":"Reptomancer","floor":48.0,"turns":2.0},{"damage":15.0,"enemies":"Donu and Deca","floor":50.0,"turns":2.0},{"damage":0.0,"enemies":"2 Louse","floor":52.0,"turns":2.0},{"damage":0.0,"enemies":"3 Sentries","floor":57.0,"turns":1.0},{"damage":0.0,"enemies":"Gremlin Nob","floor":58.0,"turns":1.0},{"damage":0.0,"enemies":"3 Sentries","floor":59.0,"turns":1.0},{"damage":18.0,"enemies":"Lagavulin","floor":60.0,"turns":3.0},{"damage":11.0,"enemies":"3 Sentries","floor":61.0,"turns":2.0},{"damage":0.0,"enemies":"Lagavulin","floor":62.0,"turns":1.0},{"damage":0.0,"enemies":"3 Sentries","floor":63.0,"turns":1.0},{"damage":0.0,"enemies":"Slime Boss","floor":67.0,"turns":2.0},{"damage":0.0,"enemies":"Spheric Guardian","floor":69.0,"turns":1.0},{"damage":0.0,"enemies":"3 Byrds","floor":71.0,"turns":1.0},{"damage":0.0,"enemies":"Gremlin Leader","floor":74.0,"turns":2.0},{"damage":33.0,"enemies":"Slavers","floor":76.0,"turns":2.0},{"damage":0.0,"enemies":"Gremlin Leader","floor":77.0,"turns":1.0},{"damage":0.0,"enemies":"Slavers","floor":79.0,"turns":2.0},{"damage":2.0,"enemies":"Gremlin Leader","floor":80.0,"turns":2.0},{"damage":0.0,"enemies":"Book of Stabbing","floor":81.0,"turns":1.0},{"damage":0.0,"enemies":"Collector","floor":84.0,"turns":2.0},{"damage":0.0,"enemies":"3 Darklings","floor":86.0,"turns":2.0},{"damage":7.0,"enemies":"3 Shapes","floor":89.0,"turns":3.0},{"damage":0.0,"enemies":"2 Orb Walkers","floor":90.0,"turns":1.0},{"damage":0.0,"enemies":"Giant Head","floor":91.0,"turns":1.0},{"damage":0,"enemies":"Reptomancer","floor":92,"turns":1},{"damage":0,"enemies":"Nemesis","floor":93,"turns":1},{"damage":0,"enemies":"Reptomancer","floor":94,"turns":2},{"damage":1,"enemies":"Giant Head","floor":96,"turns":2},{"damage":0,"enemies":"Reptomancer","floor":98,"turns":1},{"damage":0,"enemies":"Jaw Worm Horde","floor":99,"turns":1},{"damage":0,"enemies":"Donu and Deca","floor":101,"turns":1},{"damage":115,"enemies":"Cultist","floor":103,"turns":6}],"seed_played":"-2183180756270680459","potions_obtained":[{"floor":6.0,"key":"Dexterity Potion"},{"floor":11.0,"key":"Swift Potion"},{"floor":13.0,"key":"Block Potion"},{"floor":14.0,"key":"Fire Potion"},{"floor":18.0,"key":"EssenceOfSteel"},{"floor":23.0,"key":"SpeedPotion"},{"floor":27.0,"key":"SteroidPotion"},{"floor":29.0,"key":"AttackPotion"},{"floor":30.0,"key":"Energy Potion"},{"floor":33.0,"key":"Fire Potion"},{"floor":39.0,"key":"StancePotion"},{"floor":44.0,"key":"GamblersBrew"},{"floor":50.0,"key":"SpeedPotion"},{"floor":61.0,"key":"Fruit Juice"},{"floor":69.0,"key":"DistilledChaos"},{"floor":74.0,"key":"BottledMiracle"},{"floor":76.0,"key":"DistilledChaos"},{"floor":89.0,"key":"SkillPotion"},{"floor":90.0,"key":"SkillPotion"},{"floor":91,"key":"DuplicationPotion"},{"floor":98,"key":"SkillPotion"},{"floor":99,"key":"AttackPotion"},{"floor":101,"key":"Swift Potion"}],"is_trial":true,"path_per_floor":["M","$","?","?","?","E","R","R","T","$","E","R","E","M","R","B",null,"M","?","M","$","E","E","R","R","T","E","$","E","M","E","R","B",null,"M","M","$","T","M","$","E","E","T","E","R","M","R","E","R","B",null,"M","?","?","$","?","E","E","E","E","E","E","E","R","$","R","B",null,"M","?","M","?","$","E","R","E","E","$","E","E","E","$","R","B",null,"M","?","$","M","?","E","E","E","E","$","E","?","E","M","R","B",null,"M"],"character_chosen":"WATCHER","items_purchased":["Tantrum","War Paint","MentalFortress","Strange Spoon","Whetstone","Toolbox","TalkToTheHand","Happy Flower","Sling","Strawberry","Blue Candle","HandDrill","Omamori","Bag of Marbles","Potion Belt","Vajra"],"campfire_rested":2,"item_purchase_floors":[2,10,21,28,37,40,40,55,55,65,65,73,78,82,88,95],"current_hp_per_floor":[72,72,77,77,77,40,40,40,40,40,40,40,40,40,63,49,77,75,75,72,72,59,65,65,65,65,69,69,58,62,49,72,77,77,76,62,62,62,67,67,75,77,77,63,63,71,71,77,77,62,77,77,66,59,59,59,65,69,77,63,54,60,64,64,71,71,83,84,89,89,89,73,73,85,85,60,68,68,78,87,89,89,89,89,89,89,89,89,86,89,89,89,89,89,89,89,89,89,89,89,89,89,0,0],"gold":156,"neow_bonus":"","is_daily":false,"chose_seed":false,"campfire_upgraded":13,"win_rate":0.0,"timestamp":1609080179,"path_taken":["M","?","?","?","?","E","R","R","T","$","E","R","?","M","R","BOSS","M","?","?","$","?","E","R","R","T","E","$","E","?","E","R","BOSS","M","?","$","?","?","$","E","E","T","E","R","M","R","E","R","BOSS","M","?","?","$","?","E","E","E","E","?","E","E","R","$","R","BOSS","M","?","?","?","$","E","R","E","E","$","E","E","E","$","R","BOSS","M","?","$","M","?","E","E","E","E","$","E","?","?","M","R","BOSS","M"],"items_purchased_type":["Card","Relic","Card","Relic","Relic","Relic","Card","Relic","Relic","Relic","Relic","Relic","Relic","Relic","Relic","Relic"],"build_version":"2020-12-22","purchased_purges":3,"victory":false,"max_hp_per_floor":[72,72,77,77,77,77,77,77,77,77,77,77,77,77,77,77,77,77,77,77,77,77,77,77,77,77,77,77,77,77,77,77,77,77,77,77,77,77,77,77,77,77,77,77,77,77,77,77,77,77,77,77,77,77,77,77,77,77,77,77,77,77,77,77,84,84,84,84,89,89,89,89,89,89,89,89,89,89,89,89,89,89,89,89,89,89,89,89,89,89,89,89,89,89,89,89,89,89,89,89,89,89,89,89],"card_choices":[{"not_picked":["FollowUp","SashWhip"],"picked":"ClearTheMind","floor":1.0},{"not_picked":["Wallop","ReachHeaven"],"picked":"InnerPeace","floor":6.0},{"not_picked":["WaveOfTheHand","ThirdEye","Wireheading"],"picked":"SKIP","floor":11.0},{"not_picked":["DevaForm","Alpha","EmptyMind"],"picked":"SKIP","floor":13.0},{"not_picked":["Halt","WheelKick"],"picked":"Consecrate","floor":14.0},{"not_picked":["FlyingSleeves","Perseverance","BowlingBash"],"picked":"SKIP","floor":18.0},{"not_picked":["Halt","Evaluate"],"picked":"Adaptation","floor":20.0},{"not_picked":["BattleHymn","DevaForm","Nirvana"],"picked":"SKIP","floor":22.0},{"not_picked":["BattleHymn","DevaForm","Nirvana"],"picked":"SKIP","floor":22.0},{"not_picked":["JustLucky","Fasting2+1","Vengeance+1"],"picked":"SKIP","floor":23.0},{"not_picked":["Study+1","WheelKick"],"picked":"Wish+1","floor":27.0},{"not_picked":["EmptyFist+1","FlyingSleeves"],"picked":"Indignation+1","floor":29.0},{"not_picked":["CutThroughFate+1","CrushJoints","Protect+1"],"picked":"SKIP","floor":30.0},{"not_picked":["Prostrate+1","Consecrate"],"picked":"ConjureBlade+1","floor":31.0},{"not_picked":["Omniscience+1","Establishment"],"picked":"Scrawl+1","floor":33.0},{"not_picked":["Consecrate","ClearTheMind+1","Halt+1"],"picked":"SKIP","floor":35.0},{"not_picked":["PathToVictory+1","ClearTheMind+1","Protect+1"],"picked":"SKIP","floor":36.0},{"not_picked":["Wallop+1","Vengeance+1"],"picked":"Crescendo+1","floor":39.0},{"not_picked":["Scrawl+1","BowlingBash"],"picked":"DeusExMachina+1","floor":41.0},{"not_picked":["Evaluate+1","MentalFortress","Halt+1"],"picked":"SKIP","floor":42.0},{"not_picked":["Protect+1","FlyingSleeves+1","PathToVictory+1"],"picked":"SKIP","floor":44.0},{"not_picked":["Protect+1","SashWhip+1","CrushJoints+1"],"picked":"SKIP","floor":46.0},{"not_picked":["EmptyBody+1","Alpha+1","InnerPeace+1"],"picked":"SKIP","floor":48.0},{"not_picked":["Omniscience+1","Wish+1"],"picked":"DevaForm","floor":50.0},{"not_picked":["InnerPeace+1","BowlingBash","CrushJoints"],"picked":"SKIP","floor":52.0},{"not_picked":["JustLucky","EmptyBody+1"],"picked":"Prostrate+1","floor":57.0},{"not_picked":["Weave","Adaptation","Protect+1"],"picked":"SKIP","floor":58.0},{"not_picked":["Omniscience+1","Establishment","Fasting2"],"picked":"SKIP","floor":59.0},{"not_picked":["Collect+1","Evaluate+1","CutThroughFate"],"picked":"SKIP","floor":60.0},{"not_picked":["Collect+1","Evaluate+1","CutThroughFate"],"picked":"SKIP","floor":60.0},{"not_picked":["SandsOfTime","WheelKick"],"picked":"MasterReality","floor":61.0},{"not_picked":["CutThroughFate","Protect+1"],"picked":"EmptyMind+1","floor":62.0},{"not_picked":["CrushJoints","ThirdEye+1","FlurryOfBlows"],"picked":"SKIP","floor":63.0},{"not_picked":["Devotion","Judgement+1"],"picked":"Scrawl+1","floor":67.0},{"not_picked":["EmptyBody+1","Prostrate+1","FearNoEvil"],"picked":"SKIP","floor":69.0},{"not_picked":["Meditate+1","FlurryOfBlows","Consecrate+1"],"picked":"SKIP","floor":71.0},{"not_picked":["PathToVictory+1","Indignation+1","FlurryOfBlows"],"picked":"SKIP","floor":74.0},{"not_picked":["PathToVictory+1","Indignation+1","FlurryOfBlows"],"picked":"SKIP","floor":74.0},{"not_picked":["BattleHymn","Meditate+1","Vengeance+1"],"picked":"SKIP","floor":76.0},{"not_picked":["Judgement+1","EmptyFist+1","CrushJoints"],"picked":"SKIP","floor":77.0},{"not_picked":["Establishment","ClearTheMind+1"],"picked":"DeusExMachina+1","floor":79.0},{"not_picked":["Wallop","SignatureMove+1","CarveReality"],"picked":"SKIP","floor":80.0},{"not_picked":["Wallop","SignatureMove+1","CarveReality"],"picked":"SKIP","floor":80.0},{"not_picked":["Wireheading","Swivel+1","ThirdEye+1"],"picked":"SKIP","floor":81.0},{"not_picked":["Ragnarok","DevaForm"],"picked":"MasterReality","floor":84.0},{"not_picked":["FollowUp","Evaluate+1","MentalFortress+1"],"picked":"SKIP","floor":86.0},{"not_picked":["Protect+1","FlyingSleeves+1","BattleHymn+1"],"picked":"SKIP","floor":89.0},{"not_picked":["FollowUp","DevaForm","PathToVictory+1"],"picked":"SKIP","floor":91},{"not_picked":["SashWhip","WheelKick","FearNoEvil"],"picked":"SKIP","floor":92},{"not_picked":["FearNoEvil+1","Establishment","Evaluate+1"],"picked":"SKIP","floor":93},{"not_picked":["Perseverance+1","Halt+1","EmptyBody+1"],"picked":"SKIP","floor":94},{"not_picked":["CutThroughFate","PathToVictory+1","EmptyFist"],"picked":"SKIP","floor":96},{"not_picked":["CrushJoints+1","Judgement+1","Indignation+1"],"picked":"SKIP","floor":98},{"not_picked":["JustLucky","Wallop","LikeWater+1"],"picked":"SKIP","floor":99}],"player_experience":273145,"relics_obtained":[{"floor":6.0,"key":"Art of War"},{"floor":9.0,"key":"White Beast Statue"},{"floor":11.0,"key":"Akabeko"},{"floor":13.0,"key":"PreservedInsect"},{"floor":22.0,"key":"Bird Faced Urn"},{"floor":23.0,"key":"Toxic Egg 2"},{"floor":26.0,"key":"Turnip"},{"floor":27.0,"key":"Damaru"},{"floor":29.0,"key":"StrikeDummy"},{"floor":31.0,"key":"Old Coin"},{"floor":38.0,"key":"Blood Vial"},{"floor":41.0,"key":"Yang"},{"floor":42.0,"key":"Oddly Smooth Stone"},{"floor":43.0,"key":"Pen Nib"},{"floor":44.0,"key":"Nunchaku"},{"floor":48.0,"key":"Gremlin Horn"},{"floor":72.0,"key":"Necronomicon"},{"floor":90.0,"key":"Du-Vu Doll"}],"event_choices":[{"damage_healed":0.0,"max_hp_gain":5.0,"max_hp_loss":0.0,"gold_gain":0.0,"event_name":"Big Fish","player_choice":"Donut","floor":3.0,"gold_loss":0.0,"damage_taken":0.0},{"damage_healed":0.0,"max_hp_gain":0.0,"max_hp_loss":0.0,"gold_gain":0.0,"event_name":"The Cleric","player_choice":"Leave","floor":4.0,"gold_loss":0.0,"damage_taken":0.0},{"damage_healed":0.0,"max_hp_gain":0.0,"max_hp_loss":0.0,"gold_gain":175.0,"event_name":"Liars Game","player_choice":"AGREE","floor":5.0,"gold_loss":0.0,"damage_taken":0.0,"cards_obtained":["Doubt"]},{"damage_healed":0.0,"max_hp_gain":0.0,"max_hp_loss":0.0,"gold_gain":0.0,"event_name":"Cursed Tome","player_choice":"Ignored","floor":19.0,"gold_loss":0.0,"damage_taken":0.0},{"damage_healed":0.0,"max_hp_gain":0.0,"max_hp_loss":0.0,"gold_gain":75.0,"event_name":"World of Goop","player_choice":"Gather Gold","floor":53.0,"gold_loss":0.0,"damage_taken":11.0},{"cards_removed":["Wish"],"damage_healed":0.0,"max_hp_gain":0.0,"max_hp_loss":0.0,"gold_gain":0.0,"event_name":"Golden Wing","player_choice":"Card Removal","floor":54.0,"gold_loss":0.0,"damage_taken":7.0},{"damage_healed":0.0,"max_hp_gain":0.0,"max_hp_loss":0.0,"gold_gain":100.0,"event_name":"Wheel of Change","player_choice":"Gold","floor":56.0,"gold_loss":0.0,"damage_taken":0.0},{"damage_healed":0.0,"max_hp_gain":0.0,"max_hp_loss":0.0,"gold_gain":0.0,"event_name":"The Woman in Blue","player_choice":"Bought 0 Potions","floor":70.0,"gold_loss":0.0,"damage_taken":0.0},{"damage_healed":0.0,"max_hp_gain":0.0,"max_hp_loss":0.0,"gold_gain":0.0,"event_name":"Cursed Tome","player_choice":"Obtained Book","floor":72.0,"gold_loss":0.0,"damage_taken":16.0},{"damage_healed":0.0,"max_hp_gain":0.0,"max_hp_loss":0.0,"gold_gain":0.0,"event_name":"SensoryStone","player_choice":"Memory 1","floor":87.0,"gold_loss":0.0,"damage_taken":0.0},{"damage_healed":0.0,"max_hp_gain":0.0,"max_hp_loss":0.0,"gold_gain":0.0,"event_name":"Mysterious Sphere","player_choice":"Fight","floor":90.0,"gold_loss":0.0,"damage_taken":0.0},{"damage_healed":0,"gold_gain":0,"player_choice":"Paid","damage_taken":0,"relics_obtained":["Red Mask"],"max_hp_gain":0,"max_hp_loss":0,"event_name":"Tomb of Lord Red Mask","floor":97,"gold_loss":121}],"is_beta":false,"boss_relics":[{"not_picked":["Cursed Key","Snecko Eye"],"picked":"Philosopher\u0027s Stone"},{"not_picked":["Velvet Choker","Coffee Dripper"],"picked":"Runic Pyramid"},{"not_picked":["Tiny House","Sozu"],"picked":"VioletLotus"},{"not_picked":["Snecko Eye","Empty Cage"],"picked":"HolyWater"},{"not_picked":["Velvet Choker","Cursed Key"],"picked":"SacredBark"},{"not_picked":["Black Star","Runic Dome"],"picked":"Coffee Dripper"}],"items_purged_floors":[10,73,88],"is_endless":true,"potions_floor_spawned":[6,11,13,14,16,18,20,22,23,27,29,30,31,33,35,36,39,41,42,44,46,48,50,52,57,58,59,60,61,62,63,67,69,71,74,76,77,79,80,81,84,86,89,90,91,92,93,94,96,98,99,101],"killed_by":"Cultist","ascension_level":1}}