{"host":"eeeqmyc7a1933jos","time":1609061875,"event":{"mods":["2.2 Compatiblity","Act Like it!","BaseMod","CapriCore","Colored Powertips","Conspire","Downfall","Elementarium","Friendly Minions","Gensokyo","GifTheSpireLib","Gremlin Mod","Hallownest","Hermit","Hubris","Infinite Spire","Jorbs\u0027s Wanderer Trilogy","Marisa????????","Mimic Mod","Minty Spire (QoL Compilation)","Pale of the Ancients","Random Character Button","Random Character Mod","Reimu??????","Relic Sorter","Relic Stats","Replay The Spire","SIMod","Shade Mod","StSLib","The Administrix","The Bug Knight","The Hierophant","The Immortal","The Mystic","The Runesmith","The Senshi","The Vixen","TheBandit","TheFirefly","TheVacant","Wandering Minibosses"],"gold_per_floor":[24,37,37,52,52,52,64,92,92,42,42,58,71,28,28,63,74,176,176,176,189,189,199,199,199,199,213,112,123,123,157,157,172,191,289,289,289,301,7,21,35,35,35,35,52,52,83,83,105,142,156,156],"floor_reached":53,"playtime":4679,"items_purged":["Gremlin:Defend","Gremlin:Strike"],"score":863,"play_id":"e08ff236-c664-4f27-890f-a02ed1535b48","local_time":"20201227103755","is_ascension_mode":true,"campfire_choices":[{"data":"Gremlin:Strike","floor":1,"key":"PURGE"},{"data":"Gremlin:Heckle","floor":15,"key":"SMITH"},{"data":"Gremlin:Unforgiving","floor":20,"key":"SMITH"},{"data":"ReplayTheSpireMod:Book of Names","floor":25,"key":"SMITH"},{"floor":30,"key":"REST"},{"floor":32,"key":"REST"},{"data":"Gremlin:GremlinOffensive","floor":46,"key":"SMITH"},{"data":"Gremlin:Flurry","floor":48,"key":"SMITH"}],"circlet_count":0,"master_deck":["Gremlin:Strike","Gremlin:Strike","Gremlin:Defend","Gremlin:Defend","Gremlin:TagTeam","Gremlin:GremlinDance+1","Gremlin:Tadah","Gremlin:PourSalt+1","Gremlin:ShankStone","Gremlin:Erupt","Gremlin:Revel","Gremlin:GremlinOffensive+1","Gremlin:ShankStone","Gremlin:Heckle+1","Gremlin:MakeshiftArmor","Gremlin:PartyStick","Gremlin:Unforgiving+1","AbeCurse","Gremlin:Pinprick+1","ReplayTheSpireMod:Book of Names+1","Gremlin:PourSalt","Gremlin:BubbleBarrier+1","Gremlin:Flurry+1","Gremlin:Fury","Gremlin:Heckle+1","Gremlin:CatScratch","Gremlin:Exacerbate","Parasite","sneckomod:Unknown","Gremlin:Erupt","expansioncontent:SuperHexaguard","ReplayTheSpireMod:Haul","Gremlin:Pinprick+1","Gremlin:ShankStone","Gremlin:Revel","Gremlin:Astound+1","Gremlin:Flurry+1","Gremlin:GlitterGuard","Gremlin:Pinprick+1","Gremlin:Scatter+1","Gremlin:Pinprick"],"relics":["Gremlin:GremlinKnob","Gensokyo:Companionship","Hallownest:BankAccountRelic","Chameleon Ring","hubris:BottledRain","Hallownest:DreamNailRelic","Bag of Preparation","Abe\u0027s Treasure","hubris:Towel","infinitespire:Magic Flask","infinitespire:Beetle Shell","ReplayTheSpireMod:SealedPack","Whetstone","Golden Egg","hubris:CrystalStatue","infinitespire:Midas Blood","Centennial Puzzle"],"acts_visited":["Exordium","Hallownest:Greenpath","TheBeyond"],"potions_floor_usage":[12,18,27,35,35,35,47,52],"damage_taken":[{"damage":1,"enemies":"Hallownest:monsterHuskWarrior","floor":2,"turns":5},{"damage":8,"enemies":"Hallownest:2_Tiktiks_and_1_Crawlid","floor":4,"turns":5},{"damage":8,"enemies":"2_ Uuma","floor":7,"turns":3},{"damage":5,"enemies":"Hallownest:eliteMossKnight","floor":8,"turns":7},{"damage":5,"enemies":"downfall:FleeingMerchant","floor":10,"turns":4},{"damage":4,"enemies":"Hallownest:Guard_and_Warrior","floor":12,"turns":5},{"damage":3,"enemies":"Hallownest:MossCreep_and_Mosskin","floor":13,"turns":4},{"damage":5,"enemies":"downfall:FleeingMerchant","floor":14,"turns":4},{"damage":8,"enemies":"Hallownest:eliteCrystalGuardian","floor":16,"turns":5},{"damage":6,"enemies":"Hallownest:2_Tiktiks_1_Baldur_1_Crawlid","floor":17,"turns":2},{"damage":1,"enemies":"downfall:Watcher","floor":18,"turns":8},{"damage":14,"enemies":"Gensokyo:Chomper","floor":21,"turns":5},{"damage":0,"enemies":"Gensokyo:2_Gloops","floor":23,"turns":3},{"damage":34,"enemies":"Gensokyo:Wraith","floor":27,"turns":5},{"damage":8,"enemies":"Gensokyo:Slime_Group","floor":29,"turns":4},{"damage":44,"enemies":"Gensokyo:Tenshi","floor":31,"turns":7},{"damage":0,"enemies":"Gensokyo:Swordslinger","floor":33,"turns":1},{"damage":3,"enemies":"Gensokyo:Monolith_and_Dog","floor":34,"turns":4},{"damage":5,"enemies":"downfall:Silent","floor":35,"turns":5},{"damage":0,"enemies":"Orb Walker","floor":38,"turns":4},{"damage":11,"enemies":"downfall:FleeingMerchant","floor":39,"turns":4},{"damage":0,"enemies":"3 Darklings","floor":40,"turns":2},{"damage":23,"enemies":"Spire Growth","floor":41,"turns":3},{"damage":7,"enemies":"Writhing Mass","floor":45,"turns":5},{"damage":0,"enemies":"Reptomancer","floor":47,"turns":3},{"damage":1,"enemies":"Jaw Worm Horde","floor":49,"turns":3},{"damage":4,"enemies":"Giant Head","floor":50,"turns":4},{"damage":0,"enemies":"Spire Growth","floor":51,"turns":2},{"damage":0,"enemies":"downfall:Ironclad","floor":52,"turns":3}],"seed_played":"4138527784563337767","potions_obtained":[{"floor":7,"key":"AttackPotion"},{"floor":8,"key":"Elixir"},{"floor":12,"key":"sneckomod:MuddlingPotion"},{"floor":17,"key":"Milkshake"},{"floor":23,"key":"PowerPotion"},{"floor":33,"key":"Ancient Potion"},{"floor":35,"key":"Ancient Potion"},{"floor":40,"key":"Languid Potion"},{"floor":41,"key":"Explosive Potion"},{"floor":50,"key":"sneckomod:MuddlingPotion"}],"is_trial":false,"path_per_floor":["R","M","?","M","PTL","PTL","M","E","T","$","?","M","M","$","R","E","M","B",null,"R","M","?","M","?","R","T","M","COS","M","R","E","R","M","M","B",null,"R","M","$","M","M","R","T","?","M","R","E","R","M","E","M","B",null],"character_chosen":"GREMLIN","items_purchased":["Gremlin:MakeshiftArmor","Gremlin:Revel","Whetstone"],"campfire_rested":2,"item_purchase_floors":[14,39,39],"current_hp_per_floor":[20,19,19,19,19,19,4,20,20,20,20,20,4,4,4,20,20,4,20,20,18,13,8,8,8,8,9,9,12,18,7,12,18,12,10,18,17,17,6,17,17,16,16,16,16,16,16,16,16,12,12,15],"gold":156,"neow_bonus":"RANDOM_EVENT","is_daily":false,"chose_seed":false,"campfire_upgraded":5,"win_rate":0.0,"timestamp":1609061875,"path_taken":["R","M","?","M","PTL","PTL","M","E","T","$","?","?","M","?","R","E","M","BOSS","R","M","?","?","?","R","T","M","COS","M","R","E","R","?","M","BOSS","R","M","$","M","M","R","T","?","?","R","E","R","M","E","M","BOSS"],"items_purchased_type":["Card","Card","Relic"],"build_version":"2020-12-22","purchased_purges":2,"victory":true,"max_hp_per_floor":[20,20,20,20,20,20,20,20,20,20,20,20,20,20,20,20,20,20,20,20,20,20,20,20,20,20,20,20,20,19,19,18,18,18,18,18,17,17,17,17,17,16,16,16,16,16,16,16,16,16,16,16],"relic_stats":{"Centennial Puzzle":[0],"counters":[29,119],"Bag of Preparation":[40],"Whetstone":["Gremlin:GremlinDance","Gremlin:PourSalt"],"obtain_stats":[{"Golden Egg":43,"hubris:CrystalStatue":44,"infinitespire:Beetle Shell":31,"ReplayTheSpireMod:SealedPack":36,"Hallownest:DreamNailRelic":11,"Bag of Preparation":16,"infinitespire:Magic Flask":26,"Whetstone":39,"hubris:Towel":24,"Centennial Puzzle":50,"Chameleon Ring":8,"Gensokyo:Companionship":33,"Hallownest:BankAccountRelic":0,"Gremlin:GremlinKnob":0,"Abe\u0027s Treasure":19,"hubris:BottledRain":9,"infinitespire:Midas Blood":47},{"Golden Egg":23,"hubris:CrystalStatue":23,"infinitespire:Beetle Shell":16,"ReplayTheSpireMod:SealedPack":19,"Hallownest:DreamNailRelic":5,"Bag of Preparation":9,"infinitespire:Magic Flask":13,"Whetstone":21,"hubris:Towel":13,"Centennial Puzzle":27,"Chameleon Ring":4,"Gensokyo:Companionship":17,"Hallownest:BankAccountRelic":0,"Gremlin:GremlinKnob":0,"Abe\u0027s Treasure":11,"hubris:BottledRain":4,"infinitespire:Midas Blood":25},{"Golden Egg":99,"hubris:CrystalStatue":99,"infinitespire:Beetle Shell":76,"ReplayTheSpireMod:SealedPack":86,"Hallownest:DreamNailRelic":24,"Bag of Preparation":42,"infinitespire:Magic Flask":60,"Whetstone":94,"hubris:Towel":60,"Centennial Puzzle":114,"Chameleon Ring":20,"Gensokyo:Companionship":77,"Hallownest:BankAccountRelic":0,"Gremlin:GremlinKnob":0,"Abe\u0027s Treasure":52,"hubris:BottledRain":20,"infinitespire:Midas Blood":107}]},"card_choices":[{"not_picked":["Gremlin:Tricksy","Gremlin:GlitterGuard"],"picked":"Gremlin:Tadah","floor":2},{"not_picked":["Gremlin:GremlinMeal","Gremlin:GlitterGuard"],"picked":"Gremlin:ShankStone","floor":4},{"not_picked":["Gremlin:Pretaliation","Gremlin:TwistTheKnife"],"picked":"Gremlin:Erupt","floor":7},{"not_picked":["Gremlin:Astound","Gremlin:FeelTheAudience"],"picked":"Gremlin:Revel","floor":8},{"not_picked":["Gremlin:BulkUp","Gremlin:EdibleArmor"],"picked":"Gremlin:GremlinOffensive","floor":10},{"not_picked":["Gremlin:Enthusiasm","Gremlin:Astound"],"picked":"Gremlin:ShankStone","floor":12},{"not_picked":["Gremlin:TwistTheKnife","Gremlin:Presto","Gremlin:DaggerDance"],"picked":"SKIP","floor":13},{"not_picked":["Gremlin:Wizardry","Gremlin:GremlinMeal"],"picked":"Gremlin:Heckle","floor":14},{"not_picked":["Gremlin:ArmsTheft","Gremlin:Changeo","Gremlin:GlitterGuard"],"picked":"SKIP","floor":16},{"not_picked":["Gremlin:BulkUp","Gremlin:GremlinMeal"],"picked":"Gremlin:PartyStick","floor":17},{"not_picked":["Gremlin:Erupt","Gremlin:FlipOut"],"picked":"Gremlin:Unforgiving","floor":18},{"not_picked":["Gremlin:BulkUp","Gremlin:ShankStone"],"picked":"Gremlin:Pinprick+1","floor":21},{"not_picked":["infinitespire:UltimateForm","hubris:Fate"],"picked":"ReplayTheSpireMod:Book of Names","floor":22},{"not_picked":["Gremlin:AggressiveDefense+1","Gremlin:PinNeedle"],"picked":"Gremlin:PourSalt","floor":23},{"not_picked":["Gremlin:Duplicate","Gremlin:EdibleArmor"],"picked":"Gremlin:BubbleBarrier+1","floor":27},{"not_picked":["Gremlin:CounterStrike","Gremlin:Jeer"],"picked":"Gremlin:Flurry","floor":29},{"not_picked":["Gremlin:GremlinToss","Gremlin:IrksomeBlow"],"picked":"Gremlin:Fury","floor":31},{"not_picked":["Gremlin:Tricksy+1","Gremlin:GremlinArms"],"picked":"Gremlin:Heckle+1","floor":33},{"not_picked":["Gremlin:DaggerDance","Gremlin:FanOfKnives"],"picked":"Gremlin:CatScratch","floor":34},{"not_picked":["Gremlin:FlipOut","Gremlin:Unforgiving"],"picked":"Gremlin:Exacerbate","floor":35},{"not_picked":["Replay:Light Bash","wariomod:Step"],"picked":"sneckomod:Unknown","floor":36},{"not_picked":["Gremlin:Encore","Gremlin:ShowStopper"],"picked":"Gremlin:Erupt","floor":36},{"not_picked":["expansioncontent:FaceSlap","Replay:SS_forest_5"],"picked":"expansioncontent:SuperHexaguard","floor":36},{"not_picked":["infinitespire:TheBestDefense","infinitespire:UltimateForm"],"picked":"ReplayTheSpireMod:Haul","floor":36},{"not_picked":["Gremlin:ToeStub+1","Gremlin:Patsy+1"],"picked":"Gremlin:Pinprick+1","floor":38},{"not_picked":["Gremlin:FeelTheAudience+1","Gremlin:DaggerDance"],"picked":"Gremlin:ShankStone","floor":39},{"not_picked":["Gremlin:Irritability","Gremlin:InfiniteBlocks+1"],"picked":"Gremlin:Astound+1","floor":40},{"not_picked":["Gremlin:ShankStone","Gremlin:RageBreak+1"],"picked":"Gremlin:Flurry+1","floor":41},{"not_picked":["Gremlin:Pretaliation+1","Gremlin:EdibleArmor+1"],"picked":"Gremlin:GlitterGuard","floor":45},{"not_picked":["Gremlin:RageBreak","Gremlin:PartyStick","Gremlin:Stupend"],"picked":"SKIP","floor":47},{"not_picked":["Gremlin:Jeer","Gremlin:BulkUp+1"],"picked":"Gremlin:Pinprick+1","floor":49},{"not_picked":["Gremlin:Enthusiasm+1","Gremlin:SharpenBlades"],"picked":"Gremlin:Scatter+1","floor":50},{"not_picked":["Gremlin:ProperTools","Gremlin:CounterStrike"],"picked":"Gremlin:Pinprick","floor":51}],"player_experience":1375227,"relics_obtained":[{"floor":8,"key":"Chameleon Ring"},{"floor":9,"key":"hubris:BottledRain"},{"floor":16,"key":"Bag of Preparation"},{"floor":26,"key":"infinitespire:Magic Flask"},{"floor":31,"key":"infinitespire:Beetle Shell"},{"floor":43,"key":"Golden Egg"},{"floor":44,"key":"hubris:CrystalStatue"},{"floor":47,"key":"infinitespire:Midas Blood"},{"floor":50,"key":"Centennial Puzzle"}],"event_choices":[{"damage_healed":0,"gold_gain":0,"player_choice":"Relic","damage_taken":0,"max_hp_gain":0,"max_hp_loss":0,"event_name":"Wheel of Change","floor":44,"gold_loss":0}],"is_beta":false,"boss_relics":[{"not_picked":["Coffee Dripper","Honey Jar"],"picked":"Abe\u0027s Treasure"},{"not_picked":["Cursed Key","Runic Pyramid"],"picked":"ReplayTheSpireMod:SealedPack"}],"items_purged_floors":[10,39],"is_endless":false,"potions_floor_spawned":[7,8,12,17,23,33,34,35,40,41,50],"ascension_level":1}}