{"host":"6cq08l203i8iyh3k","time":1609037313,"event":{"mods":["BaseMod","Better Note","Better Silent Start","BetterRewards","Colored Map","Colored Powertips","Minty Spire (QoL Compilation)","Quick Restart","Spicy Shops","StSLib","vexMod"],"gold_per_floor":[116,129,142,154,85,118,118,131,131,131,165,165,165,175,175,274,940,960,977,995,538,551,551,576,576,601,613,625,672,702,83,83,188,188,200,44,55,55,74,74,87,87,157,157,177,188,188,20,20,20,20],"floor_reached":50,"playtime":1831,"items_purged":[],"score":669,"play_id":"e6eccb91-8fc5-449b-bf12-bc90f3e81288","local_time":"20201226204833","daily_mods":["Heirloom"],"is_ascension_mode":false,"campfire_choices":[{"data":"Infinite Blades","floor":7,"key":"SMITH"},{"data":"Cloak And Dagger","floor":10,"key":"SMITH"},{"floor":15,"key":"REST"},{"floor":23,"key":"REST"},{"floor":25,"key":"REST"},{"floor":27,"key":"REST"},{"data":"Finisher","floor":32,"key":"SMITH"},{"data":"Defend_G","floor":40,"key":"SMITH"},{"floor":47,"key":"REST"},{"data":"Defend_G","floor":49,"key":"SMITH"}],"circlet_count":0,"master_deck":["Strike_G","Strike_G","Strike_G","Strike_G","Defend_G+1","Defend_G+1","Defend_G","Defend_G","Survivor","Neutralize","Finisher+1","Cloak And Dagger+1","Infinite Blades+1","Infinite Blades+1","Blade Dance","Blade Dance","Footwork+1","Burst"],"relics":["Ring of the Snake","vexMod:PlasmaPancake","Strawberry","Pantograph","Frozen Egg 2","vexMod:RockOfEvil","Pear","Vajra","Bottled Flame","MawBank","White Beast Statue","Oddly Smooth Stone","Ice Cream","Lee\u0027s Waffle","Blood Vial","vexMod:BerryBomb"],"acts_visited":["Exordium","TheCity","TheBeyond"],"potions_floor_usage":[6,11,16,20,20,20,24,29,33,33,35,37,41,45,46,50,50,50,50],"damage_taken":[{"damage":0,"enemies":"Small Slimes","floor":1,"turns":2},{"damage":0,"enemies":"2 Louse","floor":2,"turns":1},{"damage":0,"enemies":"Jaw Worm","floor":3,"turns":4},{"damage":0,"enemies":"Lots of Slimes","floor":4,"turns":1},{"damage":22,"enemies":"Lagavulin","floor":6,"turns":10},{"damage":0,"enemies":"3 Louse","floor":8,"turns":1},{"damage":18,"enemies":"3 Sentries","floor":11,"turns":5},{"damage":0,"enemies":"Gremlin Gang","floor":14,"turns":3},{"damage":25,"enemies":"Slime Boss","floor":16,"turns":10},{"damage":0,"enemies":"Shell Parasite","floor":18,"turns":4},{"damage":0,"enemies":"Chosen","floor":19,"turns":4},{"damage":10,"enemies":"Snake Plant","floor":20,"turns":5},{"damage":7,"enemies":"Centurion and Healer","floor":22,"turns":6},{"damage":26,"enemies":"Slavers","floor":24,"turns":6},{"damage":17,"enemies":"Gremlin Leader","floor":29,"turns":6},{"damage":15,"enemies":"Sentry and Sphere","floor":30,"turns":5},{"damage":37,"enemies":"Collector","floor":33,"turns":9},{"damage":10,"enemies":"3 Shapes","floor":35,"turns":9},{"damage":6,"enemies":"Orb Walker","floor":37,"turns":4},{"damage":17,"enemies":"3 Darklings","floor":39,"turns":5},{"damage":20,"enemies":"Spire Growth","floor":41,"turns":4},{"damage":16,"enemies":"4 Shapes","floor":45,"turns":3},{"damage":0,"enemies":"Jaw Worm Horde","floor":46,"turns":4},{"damage":67,"enemies":"Time Eater","floor":50,"turns":10}],"seed_played":"-8698878622106314374","potions_obtained":[{"floor":3,"key":"Block Potion"},{"floor":8,"key":"BlessingOfTheForge"},{"floor":11,"key":"DistilledChaos"},{"floor":14,"key":"Block Potion"},{"floor":16,"key":"PowerPotion"},{"floor":18,"key":"Swift Potion"},{"floor":22,"key":"Dexterity Potion"},{"floor":24,"key":"Poison Potion"},{"floor":30,"key":"Explosive Potion"},{"floor":33,"key":"ColorlessPotion"},{"floor":35,"key":"LiquidMemories"},{"floor":37,"key":"Ancient Potion"},{"floor":39,"key":"Regen Potion"},{"floor":41,"key":"Poison Potion"},{"floor":44,"key":"GhostInAJar"},{"floor":45,"key":"Dexterity Potion"},{"floor":46,"key":"Fruit Juice"}],"is_trial":true,"path_per_floor":["M","M","M","M","$","E","R","M","T","R","E","?","?","M","R","B",null,"M","M","M","$","M","R","E","R","T","R","?","E","M","$","R","B",null,"M","$","M","?","M","R","M","?","T","?","M","M","R","$","R","B"],"character_chosen":"THE_SILENT","items_purchased":["Infinite Blades","Pear","Infinite Blades+1","Vajra","Oddly Smooth Stone","Ice Cream","Lee\u0027s Waffle","DistilledChaos","Blood Vial","Burst","AttackPotion"],"campfire_rested":5,"item_purchase_floors":[5,21,21,21,31,31,31,31,36,48,48],"current_hp_per_floor":[76,76,76,76,76,61,61,61,61,61,43,43,43,43,67,58,42,42,42,32,42,35,50,24,39,39,52,52,35,20,59,59,22,59,49,49,45,45,30,30,17,52,58,58,42,49,63,63,63,0,0],"gold":20,"neow_bonus":"","is_daily":false,"chose_seed":false,"campfire_upgraded":5,"win_rate":0.0,"timestamp":1609037313,"path_taken":["M","M","M","M","$","E","R","M","T","R","E","?","?","M","R","BOSS","M","M","M","$","M","R","E","R","T","R","?","E","M","$","R","BOSS","M","?","M","?","M","R","M","?","T","?","?","M","R","$","R","BOSS"],"items_purchased_type":["Card","Relic","Card","Relic","Relic","Relic","Relic","Potion","Relic","Card","Potion"],"build_version":"2020-12-22","purchased_purges":0,"victory":false,"max_hp_per_floor":[76,76,76,76,76,83,83,83,83,83,83,83,83,83,83,83,42,42,42,42,52,52,52,52,52,52,52,52,52,52,59,59,59,59,59,59,59,59,59,59,59,52,58,58,58,63,63,63,63,63,63],"card_choices":[{"not_picked":["Quick Slash","Catalyst","Tactician"],"picked":"SKIP","floor":1},{"not_picked":["Backflip","Prepared","Deflect"],"picked":"SKIP","floor":2},{"not_picked":["Dagger Throw","Leg Sweep"],"picked":"Finisher","floor":3},{"not_picked":["Calculated Gamble","Doppelganger"],"picked":"Cloak And Dagger","floor":4},{"not_picked":["Corpse Explosion","Backstab","Setup"],"picked":"SKIP","floor":6},{"not_picked":["Sucker Punch","Riddle With Holes","Dagger Spray"],"picked":"SKIP","floor":8},{"not_picked":["Slice","Expertise","Unload"],"picked":"SKIP","floor":11},{"not_picked":["Deadly Poison","Poisoned Stab","PiercingWail"],"picked":"SKIP","floor":14},{"not_picked":["Predator","Backflip","Underhanded Strike"],"picked":"SKIP","floor":18},{"not_picked":["Deflect","Heel Hook","Outmaneuver+1"],"picked":"SKIP","floor":19},{"not_picked":["Dagger Spray","Tactician","Flying Knee"],"picked":"SKIP","floor":20},{"not_picked":["Catalyst","Infinite Blades+1","Setup"],"picked":"SKIP","floor":22},{"not_picked":["Concentrate","Riddle With Holes"],"picked":"Blade Dance","floor":24},{"not_picked":["Reflex","Underhanded Strike+1","Doppelganger"],"picked":"SKIP","floor":29},{"not_picked":["Dagger Throw","Deadly Poison+1"],"picked":"Blade Dance","floor":30},{"not_picked":["Dodge and Roll+1","Reflex","Well Laid Plans+1"],"picked":"SKIP","floor":35},{"not_picked":["Outmaneuver+1","Prepared+1","Sucker Punch+1"],"picked":"SKIP","floor":37},{"not_picked":["Sucker Punch","Wraith Form v2+1","Backflip+1"],"picked":"SKIP","floor":39},{"not_picked":["Predator","Quick Slash+1"],"picked":"Footwork+1","floor":41},{"not_picked":["Dagger Spray","Slice+1","Bane"],"picked":"SKIP","floor":45},{"not_picked":["Deadly Poison+1","Poisoned Stab","PiercingWail"],"picked":"SKIP","floor":46}],"player_experience":303975,"relics_obtained":[{"floor":6,"key":"Strawberry"},{"floor":9,"key":"Pantograph"},{"floor":11,"key":"Frozen Egg 2"},{"floor":24,"key":"Bottled Flame"},{"floor":26,"key":"MawBank"},{"floor":29,"key":"White Beast Statue"},{"floor":43,"key":"vexMod:BerryBomb"}],"event_choices":[{"damage_healed":0,"gold_gain":0,"player_choice":"Ignored","damage_taken":0,"max_hp_gain":0,"max_hp_loss":0,"event_name":"Shining Light","floor":12,"gold_loss":0},{"damage_healed":0,"gold_gain":0,"player_choice":"Searched \u00270\u0027 times","damage_taken":0,"max_hp_gain":0,"max_hp_loss":0,"event_name":"Dead Adventurer","floor":13,"gold_loss":0},{"cards_removed":["Infinite Blades"],"damage_healed":0,"gold_gain":0,"player_choice":"Give","damage_taken":0,"max_hp_gain":0,"max_hp_loss":0,"event_name":"betterNote:BetterNote","floor":28,"gold_loss":0,"cards_obtained":["None"]},{"damage_healed":0,"gold_gain":0,"player_choice":"Ignored","damage_taken":0,"max_hp_gain":0,"max_hp_loss":0,"event_name":"Tomb of Lord Red Mask","floor":38,"gold_loss":0},{"damage_healed":52,"gold_gain":0,"player_choice":"Heal","damage_taken":0,"max_hp_gain":0,"max_hp_loss":7,"event_name":"The Moai Head","floor":42,"gold_loss":0},{"damage_healed":0,"gold_gain":0,"player_choice":"Got Potions","damage_taken":0,"max_hp_gain":0,"max_hp_loss":0,"event_name":"Lab","floor":44,"gold_loss":0}],"is_beta":false,"boss_relics":[{"not_picked":["Astrolabe","Coffee Dripper"],"picked":"vexMod:RockOfEvil"},{"not_picked":["Busted Crown","Cursed Key","Snecko Eye"]}],"items_purged_floors":[],"is_endless":true,"potions_floor_spawned":[3,8,11,14,16,18,22,24,30,33,35,37,39,41,45,46],"killed_by":"Time Eater","ascension_level":0}}