{"host":"kg3sujd0l7l0va61","time":1609030158,"event":{"mods":["AchievementEnabler","Aspiration","Bard","BaseMod","Bestiary","Better Match","Better Note","BetterRewards","Challenge The Spire","Colored Powertips","Custom Start","Decade(王小明)","Displayed Cursed Tome","Downfall","GifTheSpireLib","Hermit","HololiveMod","Infinite Spire","KinomotoSakuraMod(木之本樱)","Koishi","Luminous","Marisa（F雨　魔理沙）","Marked Mod","Minty Spire (QoL Compilation)","MostiFishMod","Prisma Mod","Quick Restart","READ ME - Guardian Mod","Rare Cards Sparkle","Reimu（博丽灵梦）","Replay The Spire","RumiaBox-露米娅的神秘盒子","StSLib","The Cursed","The Hierophant","The Servant 0.9.4","Waifu the Spire","WarShipGirlsR/战舰少女R mod","Yakumo Yukari mod","Youmu（魂魄妖梦）","【遗物卡牌】REMEMod"],"gold_per_floor":[112,132,132,132,132,168,168,191,191,191,171,196,215,215,215],"floor_reached":14,"playtime":499,"items_purged":[],"score":132,"play_id":"d29653a9-e396-4416-9fd7-7e632839d28f","local_time":"20201227084918","is_ascension_mode":true,"campfire_choices":[{"data":"MostiFishMod:Dust","floor":7,"key":"SMITH"}],"circlet_count":0,"master_deck":["Strike_P","Strike_P","Strike_P+1","Defend_P","Defend_P","Defend_P","Eruption","Vigilance","MostiFishMod:StarOceanB","MentalFortress","FlurryOfBlows","ForeignInfluence+1","Steam","MostiFishMod:Dust+1","rmod:fletcher","TalkToTheHand","Consecrate","FollowUp"],"relics":["PureWater","DaveBox","REME_ComplimentaryCards","BirthdayGift-Tetrahedron","SynthV:TestCard","Golden Idol","infinitespire:Satchel","The Courier"],"acts_visited":[],"potions_floor_usage":[14,14,14],"damage_taken":[{"damage":0,"enemies":"Cultist","floor":1,"turns":1},{"damage":2,"enemies":"2 Louse","floor":2,"turns":2},{"damage":2,"enemies":"Lagavulin","floor":6,"turns":2},{"damage":2,"enemies":"Small Slimes","floor":8,"turns":2},{"damage":6,"enemies":"Gremlin Gang","floor":12,"turns":2},{"damage":2,"enemies":"3 Louse","floor":13,"turns":2},{"damage":0,"enemies":"3 Sentries","floor":14,"turns":1}],"seed_played":"7336979953587669750","potions_obtained":[{"floor":2,"key":"Reflective Coating"},{"floor":6,"key":"Toxic Potion"},{"floor":11,"key":"champ:CounterPotion"}],"is_trial":false,"path_per_floor":["M","M","?","?","?","E","R","M","T","?","?","M","M","E"],"character_chosen":"WATCHER","items_purchased":[],"campfire_rested":0,"item_purchase_floors":[],"current_hp_per_floor":[72,70,70,52,34,32,32,30,30,16,16,10,8,8,8],"gold":215,"neow_bonus":"","is_daily":false,"chose_seed":false,"campfire_upgraded":1,"win_rate":0.0,"timestamp":1609030158,"path_taken":["M","M","?","?","?","E","R","M","T","?","?","M","M","E"],"items_purchased_type":[],"build_version":"2020-12-22","purchased_purges":0,"victory":false,"max_hp_per_floor":[72,72,72,72,72,72,72,72,72,72,72,72,72,72,72],"card_choices":[{"not_picked":["BowlingBash","Replay:AtTheReady"],"picked":"MentalFortress","floor":1},{"not_picked":["Replay:BluntJabs","BowlingBash","Halt","JustLucky"],"picked":"FlurryOfBlows","floor":2},{"not_picked":["MostiFishMod:PathToVictory","Crescendo","FlurryOfBlows","MarkedMod:OneThousandNeedles"],"picked":"MostiFishMod:Dust","floor":6},{"not_picked":["Worship","ClearTheMind","Crescendo","REME_Repentance"],"picked":"TalkToTheHand","floor":8},{"not_picked":["FollowUp","EmptyBody","MostiFishMod:FlowState","MarkedMod:Acupuncture"],"picked":"Consecrate","floor":12},{"not_picked":["BowlingBash","BattleHymn","MentalFortress","JustLucky"],"picked":"FollowUp","floor":13}],"player_experience":111060,"relics_obtained":[{"floor":1,"key":"SynthV:TestCard"},{"floor":6,"key":"The Courier"}],"event_choices":[{"damage_healed":0,"gold_gain":0,"player_choice":"Take Damage","damage_taken":18,"relics_obtained":["Golden Idol"],"max_hp_gain":0,"max_hp_loss":0,"event_name":"Golden Idol","floor":4,"gold_loss":0},{"damage_healed":0,"gold_gain":0,"player_choice":"Success","damage_taken":18,"relics_obtained":["infinitespire:Satchel"],"max_hp_gain":0,"max_hp_loss":0,"event_name":"Scrap Ooze","floor":5,"gold_loss":0},{"damage_healed":0,"gold_gain":0,"player_choice":"Entered Light","damage_taken":14,"max_hp_gain":0,"max_hp_loss":0,"event_name":"Shining Light","floor":10,"gold_loss":0,"cards_upgraded":["Strike_P","ForeignInfluence"]},{"damage_healed":0,"gold_gain":0,"player_choice":"Bought 1 Potion","damage_taken":0,"max_hp_gain":0,"max_hp_loss":0,"event_name":"The Woman in Blue","floor":11,"gold_loss":0}],"is_beta":false,"boss_relics":[],"items_purged_floors":[],"is_endless":false,"potions_floor_spawned":[2,6,12],"killed_by":"3 Sentries","ascension_level":3}}