{"host":"e2ju6k0wppswbhbd","time":1609102237,"event":{"mods":["BaseMod","Minty Spire (QoL Compilation)","Rare Cards Sparkle","StSLib"],"gold_per_floor":[118,133,143,155,105,105,124,124,124,153,153,180,239,279,279,386,386,401,410,434,454,454,454,488,488,560,560,53,81,81,116,125,236,236,257,279,305,8,26,26,39,67,93,128,128,137,186,186,186,186,186,186,21,65,65,65],"floor_reached":55,"playtime":9097,"items_purged":["Defend_B","Strike_B"],"score":828,"play_id":"2242d8ad-5b50-449c-b620-128183fbd43f","local_time":"20201227215037","is_ascension_mode":false,"campfire_choices":[{"floor":6.0,"key":"RECALL"},{"data":"Zap","floor":8.0,"key":"SMITH"},{"data":"Reinforced Body","floor":11.0,"key":"SMITH"},{"data":"Hologram","floor":15.0,"key":"SMITH"},{"floor":23.0,"key":"REST"},{"data":"Steam","floor":25.0,"key":"SMITH"},{"data":"Machine Learning","floor":30.0,"key":"SMITH"},{"floor":32.0,"key":"REST"},{"data":"Defragment","floor":40,"key":"SMITH"},{"floor":46,"key":"REST"},{"data":"Capacitor","floor":49,"key":"SMITH"},{"data":"Leap","floor":52,"key":"SMITH"}],"circlet_count":0,"master_deck":["Strike_B","Strike_B","Defend_B","Defend_B","Zap+1","Dualcast","Reinforced Body+1","Coolheaded","Streamline","Ball Lightning","Leap+1","Sweeping Beam","Seek","Steam+1","Go for the Eyes","Hologram+1","Machine Learning+1","RitualDagger","Auto Shields","Defragment+1","FTL","Rainbow","Conserve Battery+1","Coolheaded","Electrodynamics","Compile Driver+1","Chill+1","Cold Snap+1","Mind Blast","Compile Driver","Sunder+1","Capacitor+1","Redo+1","Defragment","Chaos","Double Energy"],"relics":["FrozenCore","Meat on the Bone","Dream Catcher","Gambling Chip","CaptainsWheel","CeramicFish","Philosopher\u0027s Stone","Nilry\u0027s Codex","Torii","The Courier","Vajra","ClockworkSouvenir","Bronze Scales","Bag of Preparation","Shuriken","Darkstone Periapt","Peace Pipe","Toy Ornithopter"],"acts_visited":["Exordium","TheCity","TheBeyond","TheEnding"],"potions_floor_usage":[44,50,54,54],"damage_taken":[{"damage":0.0,"enemies":"Small Slimes","floor":1.0,"turns":4.0},{"damage":0.0,"enemies":"Jaw Worm","floor":2.0,"turns":4.0},{"damage":0.0,"enemies":"2 Louse","floor":3.0,"turns":2.0},{"damage":0.0,"enemies":"Large Slime","floor":4.0,"turns":5.0},{"damage":2.0,"enemies":"2 Fungi Beasts","floor":7.0,"turns":3.0},{"damage":9.0,"enemies":"3 Sentries","floor":10.0,"turns":6.0},{"damage":0.0,"enemies":"Gremlin Nob","floor":12.0,"turns":3.0},{"damage":1.0,"enemies":"Lagavulin Event","floor":13.0,"turns":7.0},{"damage":2.0,"enemies":"3 Sentries","floor":14.0,"turns":7.0},{"damage":0.0,"enemies":"The Guardian","floor":16.0,"turns":13.0},{"damage":5.0,"enemies":"3 Byrds","floor":18.0,"turns":4.0},{"damage":0.0,"enemies":"Shell Parasite","floor":20.0,"turns":6.0},{"damage":7.0,"enemies":"Shelled Parasite and Fungi","floor":21.0,"turns":5.0},{"damage":9.0,"enemies":"Book of Stabbing","floor":24.0,"turns":7.0},{"damage":0.0,"enemies":"3 Cultists","floor":29.0,"turns":4.0},{"damage":25.0,"enemies":"Slavers","floor":31.0,"turns":4.0},{"damage":19.0,"enemies":"Champ","floor":33.0,"turns":15.0},{"damage":6.0,"enemies":"Orb Walker","floor":35.0,"turns":5.0},{"damage":11.0,"enemies":"3 Shapes","floor":36.0,"turns":2.0},{"damage":0.0,"enemies":"Sphere and 2 Shapes","floor":37.0,"turns":4.0},{"damage":0,"enemies":"Spire Growth","floor":41,"turns":5},{"damage":0,"enemies":"Writhing Mass","floor":42,"turns":7},{"damage":15,"enemies":"Giant Head","floor":44,"turns":10},{"damage":0,"enemies":"2 Orb Walkers","floor":47,"turns":6},{"damage":19,"enemies":"Donu and Deca","floor":50,"turns":11},{"damage":11,"enemies":"Shield and Spear","floor":54,"turns":6},{"damage":69,"enemies":"The Heart","floor":55,"turns":9}],"seed_played":"-686438375625376568","potions_obtained":[{"floor":1.0,"key":"GamblersBrew"},{"floor":4.0,"key":"CultistPotion"},{"floor":10.0,"key":"AttackPotion"},{"floor":12.0,"key":"Swift Potion"},{"floor":14.0,"key":"DistilledChaos"},{"floor":16.0,"key":"PowerPotion"},{"floor":21.0,"key":"Fire Potion"},{"floor":24.0,"key":"EssenceOfDarkness"},{"floor":31.0,"key":"LiquidMemories"},{"floor":35.0,"key":"Strength Potion"},{"floor":41,"key":"SteroidPotion"},{"floor":44,"key":"AttackPotion"}],"is_trial":false,"path_per_floor":["M","M","M","M","?","R","M","R","T","E","R","E","?","E","R","B",null,"M","?","M","M","?","R","E","R","T","?","$","M","R","E","R","B",null,"M","M","M","$","?","R","M","M","T","E","?","R","?","?","R","B",null,"R","$","E","B"],"character_chosen":"DEFECT","items_purchased":["Defragment","Vajra","ClockworkSouvenir","Bronze Scales","FTL","Capacitor","Shuriken","BlessingOfTheForge","LiquidBronze","Defragment","Chaos"],"campfire_rested":3,"item_purchase_floors":[28,28,28,28,28,38,38,53,53,53,53],"current_hp_per_floor":[75,75,75,75,75,75,73,73,73,64,64,64,63,61,61,61,75,70,64,64,57,41,63,54,54,54,54,54,54,54,41,63,44,75,69,58,58,58,58,58,58,58,58,43,43,65,65,65,65,46,75,75,75,64,0,0],"gold":65,"neow_bonus":"THREE_CARDS","is_daily":false,"chose_seed":false,"campfire_upgraded":8,"win_rate":0.0,"timestamp":1609102237,"path_taken":["M","M","M","M","?","R","M","R","T","E","R","E","?","E","R","BOSS","M","?","M","M","?","R","E","R","T","?","$","M","R","E","R","BOSS","M","?","M","$","?","R","?","M","T","E","?","R","?","?","R","BOSS","R","$","E","BOSS"],"items_purchased_type":["Card","Relic","Relic","Relic","Card","Card","Relic","Potion","Potion","Card","Card"],"build_version":"2020-12-22","purchased_purges":2,"victory":false,"max_hp_per_floor":[75,75,75,75,75,75,75,75,75,75,75,75,75,75,75,75,75,75,75,75,75,75,75,75,75,75,75,75,75,75,75,75,75,75,75,75,75,75,75,75,75,75,75,75,75,75,75,75,75,75,75,75,75,75,75,75],"card_choices":[{"not_picked":["Self Repair","Conserve Battery"],"picked":"Reinforced Body","floor":0.0},{"not_picked":["Self Repair","Hologram"],"picked":"Coolheaded","floor":1.0},{"not_picked":["Conserve Battery","Coolheaded"],"picked":"Streamline","floor":2.0},{"not_picked":["Blizzard","Compile Driver"],"picked":"Ball Lightning","floor":3.0},{"not_picked":["Undo","Biased Cognition"],"picked":"Leap","floor":4.0},{"not_picked":["Coolheaded","Leap"],"picked":"Sweeping Beam","floor":7.0},{"not_picked":["Scrape","Melter"],"picked":"Seek","floor":10.0},{"not_picked":["Recycle","Seek"],"picked":"Steam","floor":12.0},{"not_picked":["Sweeping Beam","Barrage"],"picked":"Go for the Eyes","floor":13.0},{"not_picked":["Blizzard","Reinforced Body"],"picked":"Hologram","floor":14.0},{"not_picked":["Rainbow","Biased Cognition"],"picked":"Machine Learning","floor":16.0},{"not_picked":["Hologram","Storm","Sweeping Beam"],"picked":"SKIP","floor":18.0},{"not_picked":["Hologram+1","Sweeping Beam"],"picked":"Auto Shields","floor":20.0},{"not_picked":["Heatsinks+1","Leap","Stack"],"picked":"SKIP","floor":21.0},{"not_picked":["Steam","Reprogram+1","Streamline"],"picked":"SKIP","floor":24.0},{"not_picked":["Compile Driver","Go for the Eyes"],"picked":"Rainbow","floor":29.0},{"not_picked":["Streamline","Gash"],"picked":"Conserve Battery+1","floor":31.0},{"not_picked":["Rebound","Tempest"],"picked":"Coolheaded","floor":32.0},{"not_picked":["Creative AI","Buffer"],"picked":"Electrodynamics","floor":33.0},{"not_picked":["Conserve Battery+1","Gash"],"picked":"Compile Driver+1","floor":35.0},{"not_picked":["Coolheaded","Turbo+1"],"picked":"Chill+1","floor":36.0},{"not_picked":["Compile Driver","Steam+1"],"picked":"Cold Snap+1","floor":37.0},{"not_picked":["Lockon","Hello World+1","Chill+1"],"picked":"SKIP","floor":41},{"not_picked":["Sweeping Beam","Recycle"],"picked":"Sunder+1","floor":42},{"not_picked":["Defragment","Fission"],"picked":"Capacitor","floor":44},{"not_picked":["Rebound","Gash"],"picked":"Redo+1","floor":46},{"not_picked":["FTL+1","Amplify"],"picked":"Double Energy","floor":54}],"player_experience":2582209,"relics_obtained":[{"floor":9.0,"key":"Meat on the Bone"},{"floor":10.0,"key":"Dream Catcher"},{"floor":12.0,"key":"Gambling Chip"},{"floor":13.0,"key":"CaptainsWheel"},{"floor":14.0,"key":"CeramicFish"},{"floor":22.0,"key":"Nilry\u0027s Codex"},{"floor":24.0,"key":"Torii"},{"floor":26.0,"key":"The Courier"},{"floor":31.0,"key":"Bag of Preparation"},{"floor":44,"key":"Darkstone Periapt"},{"floor":47,"key":"Peace Pipe"},{"floor":54,"key":"Toy Ornithopter"}],"event_choices":[{"cards_removed":["Defend_B"],"damage_healed":0.0,"max_hp_gain":0.0,"max_hp_loss":0.0,"gold_gain":0.0,"event_name":"The Cleric","player_choice":"Card Removal","floor":5.0,"gold_loss":50.0,"damage_taken":0.0},{"damage_healed":0.0,"max_hp_gain":0.0,"max_hp_loss":0.0,"gold_gain":0.0,"event_name":"Dead Adventurer","player_choice":"Searched \u00272\u0027 times","floor":13.0,"gold_loss":0.0,"damage_taken":0.0},{"damage_healed":0.0,"max_hp_gain":0.0,"max_hp_loss":0.0,"gold_gain":0.0,"event_name":"Nest","player_choice":"Joined the Cult","floor":19.0,"gold_loss":0.0,"damage_taken":6.0,"cards_obtained":["RitualDagger"]},{"damage_healed":0.0,"max_hp_gain":0.0,"max_hp_loss":0.0,"gold_gain":0.0,"event_name":"Cursed Tome","player_choice":"Obtained Book","floor":22.0,"gold_loss":0.0,"damage_taken":16.0},{"cards_removed":["Strike_B"],"damage_healed":0.0,"max_hp_gain":0.0,"max_hp_loss":0.0,"gold_gain":0.0,"event_name":"Bonfire Elementals","player_choice":"Offered Basic","floor":27.0,"gold_loss":0.0,"damage_taken":0.0},{"damage_healed":0,"gold_gain":0,"player_choice":"2 cards matched","damage_taken":0,"max_hp_gain":0,"max_hp_loss":0,"event_name":"Match and Keep!","floor":39,"gold_loss":0,"cards_obtained":["Mind Blast","Compile Driver"]},{"damage_healed":0,"gold_gain":0,"player_choice":"2 cards matched","damage_taken":0,"max_hp_gain":0,"max_hp_loss":0,"event_name":"Match and Keep!","floor":39,"gold_loss":0,"cards_obtained":["Mind Blast","Compile Driver"]},{"cards_removed":["Capacitor"],"damage_healed":0,"gold_gain":0,"player_choice":"Removed Power","damage_taken":0,"max_hp_gain":0,"max_hp_loss":0,"event_name":"Falling","floor":45,"gold_loss":0},{"damage_healed":0,"gold_gain":0,"player_choice":"Fight","damage_taken":0,"max_hp_gain":0,"max_hp_loss":0,"event_name":"Mysterious Sphere","floor":47,"gold_loss":0},{"damage_healed":0,"gold_gain":0,"player_choice":"Ignored","damage_taken":0,"max_hp_gain":0,"max_hp_loss":0,"event_name":"Tomb of Lord Red Mask","floor":48,"gold_loss":0}],"is_beta":false,"boss_relics":[{"not_picked":["SlaversCollar","Calling Bell"],"picked":"Philosopher\u0027s Stone"},{"not_picked":["Cursed Key","Empty Cage"],"picked":"FrozenCore"}],"items_purged_floors":[28,38],"is_endless":false,"potions_floor_spawned":[1,4,10,12,14,16,21,24,31,35,41,44],"killed_by":"The Heart","ascension_level":0}}