{"host":"po0gzr6h085cygwo","time":1609033154,"event":{"mods":["AchievementEnabler","BaseMod","Colored Map","DeckTracker","KOR Keyword Fix","Minty Spire (QoL Compilation)","Rare Cards Sparkle","Replay The Spire","StSLib","SuperFastMode","The Cursed"],"gold_per_floor":[118,130,130,130,147,182,47,47,47,47,57,57,57,57,57,57,57],"floor_reached":16,"playtime":559,"items_purged":["TheCursedMod:Defend_TheCursed"],"score":98,"play_id":"dbd51448-375a-4f3b-88bf-d34fada1a0e2","local_time":"20201227103914","is_ascension_mode":false,"campfire_choices":[{"data":"TheCursedMod:ManaBullet","floor":8,"key":"SMITH"},{"data":"TheCursedMod:ManaBullet","floor":10,"key":"SMITH"},{"floor":13,"key":"RECALL"},{"floor":15,"key":"REST"}],"circlet_count":0,"master_deck":["TheCursedMod:Strike_TheCursed","TheCursedMod:Strike_TheCursed","TheCursedMod:Strike_TheCursed","TheCursedMod:Strike_TheCursed","TheCursedMod:Defend_TheCursed","TheCursedMod:Defend_TheCursed","TheCursedMod:Defend_TheCursed","TheCursedMod:CursedWand","TheCursedMod:CleanUpWorkshop","TheCursedMod:Dregs","TheCursedMod:HellfireBreathing+1","TheCursedMod:CursedAmulet","Injury","TheCursedMod:CursedBlade","TheCursedMod:UltimatePain","TheCursedMod:ManaBullet+1","TheCursedMod:ManaBullet+1","TheCursedMod:SpitefulStrike"],"relics":["TheCursedMod:BlackMagic101","NeowsBlessing","TheCursedMod:MagicCandle","Letter Opener"],"acts_visited":["Exordium"],"potions_floor_usage":[],"damage_taken":[{"damage":0,"enemies":"Small Slimes","floor":1,"turns":1},{"damage":0,"enemies":"Jaw Worm","floor":2,"turns":1},{"damage":0,"enemies":"Cultist","floor":5,"turns":1},{"damage":37,"enemies":"Gremlin Nob","floor":6,"turns":6},{"damage":1,"enemies":"2 Fungi Beasts","floor":11,"turns":3},{"damage":62,"enemies":"The Guardian","floor":16,"turns":10}],"seed_played":"2590026333793720284","potions_obtained":[{"floor":1,"key":"Death Potion"},{"floor":11,"key":"Reflective Coating"}],"is_trial":false,"path_per_floor":["M","M","?","?","M","E","$","R","T","R","M","?","R","$","R","B"],"character_chosen":"THE_CURSED","items_purchased":["TheCursedMod:ManaBullet"],"campfire_rested":1,"item_purchase_floors":[7],"current_hp_per_floor":[75,75,75,75,75,38,38,38,38,38,37,37,37,37,59,0,0],"gold":57,"neow_bonus":"THREE_ENEMY_KILL","is_daily":false,"chose_seed":false,"campfire_upgraded":2,"win_rate":0.0,"timestamp":1609033154,"path_taken":["M","M","?","?","M","E","$","R","T","R","?","?","R","$","R","BOSS"],"items_purchased_type":["Card"],"build_version":"2020-12-22","purchased_purges":1,"victory":false,"max_hp_per_floor":[75,75,75,75,75,75,75,75,75,75,75,75,75,75,75,75,75],"card_choices":[{"not_picked":["TheCursedMod:Obscuration","TheCursedMod:CursedSpellbook"],"picked":"TheCursedMod:HellfireBreathing","floor":1},{"not_picked":["TheCursedMod:TacticalStrike","TheCursedMod:SpitefulPray"],"picked":"TheCursedMod:CursedAmulet","floor":2},{"not_picked":["TheCursedMod:CursedAmulet","TheCursedMod:CursedMace"],"picked":"TheCursedMod:CursedBlade","floor":5},{"not_picked":["TheCursedMod:Hemoplague","TheCursedMod:CircleOfBlood"],"picked":"TheCursedMod:UltimatePain","floor":6},{"not_picked":["TheCursedMod:RapidMovement","TheCursedMod:CursedAmulet"],"picked":"TheCursedMod:SpitefulStrike","floor":11}],"player_experience":52693,"relics_obtained":[{"floor":6,"key":"TheCursedMod:MagicCandle"},{"floor":9,"key":"Letter Opener"}],"event_choices":[{"damage_healed":0,"gold_gain":0,"player_choice":"Upgraded","damage_taken":0,"max_hp_gain":0,"max_hp_loss":0,"event_name":"Upgrade Shrine","floor":4,"gold_loss":0,"cards_upgraded":["TheCursedMod:HellfireBreathing"]},{"damage_healed":0,"gold_gain":0,"player_choice":"Ignored","damage_taken":0,"max_hp_gain":0,"max_hp_loss":0,"event_name":"Shining Light","floor":12,"gold_loss":0}],"is_beta":false,"boss_relics":[],"items_purged_floors":[7],"is_endless":false,"potions_floor_spawned":[1,11],"killed_by":"The Guardian","ascension_level":0}}