{"host":"93x13jgem5w43hjr","time":1609103301,"event":{"mods":["AchievementEnabler","BaseMod","Better Note","Better Third Choice","Colored Map","Colored Powertips","Hermit","Minty Spire (QoL Compilation)","Rare Cards Sparkle","Relic Stats","StSLib","Waifu the Spire"],"gold_per_floor":[111,286,113,132,146,146,146,164,164,239,239,239,21,41,41,169,169,190,150,143,156,13,13,13,13],"floor_reached":24,"playtime":1199,"items_purged":["Doubt","Injury"],"score":186,"play_id":"07b0cb9a-0119-469a-9801-f12c8e8f0afe","local_time":"20201227140821","is_ascension_mode":false,"campfire_choices":[{"data":"hermit:Vantage","floor":6,"key":"SMITH"},{"data":"hermit:TakeAim","floor":11,"key":"SMITH"},{"floor":15,"key":"REST"},{"data":"Bandage Up","floor":23,"key":"SMITH"}],"circlet_count":0,"master_deck":["hermit:Strike_Hermit","hermit:Strike_Hermit","hermit:Strike_Hermit","hermit:Strike_Hermit","hermit:Defend_Hermit","hermit:Defend_Hermit","hermit:Defend_Hermit","hermit:Defend_Hermit","hermit:Snapshot+1","hermit:Covet","hermit:TakeAim+1","hermit:Determination","hermit:Vantage+1","hermit:LowProfile","hermit:Ricochet+1","hermit:EyeOfTheStorm","Bandage Up+1","hermit:HoleUp","hermit:Enervate","hermit:EternalForm","hermit:Vantage+1","hermit:ItchyTrigger"],"relics":["Sozu","Golden Idol","Vajra","Anchor","Pen Nib","Black Star","Blood Vial"],"acts_visited":["Exordium","TheCity"],"potions_floor_usage":[],"damage_taken":[{"damage":0,"enemies":"Small Slimes","floor":1,"turns":3},{"damage":0,"enemies":"2 Louse","floor":4,"turns":4},{"damage":4,"enemies":"Jaw Worm","floor":5,"turns":5},{"damage":5,"enemies":"Looter","floor":8,"turns":3},{"damage":8,"enemies":"Gremlin Gang","floor":14,"turns":6},{"damage":36,"enemies":"Hexaghost","floor":16,"turns":11},{"damage":16,"enemies":"Chosen","floor":18,"turns":8},{"damage":3,"enemies":"2 Thieves","floor":20,"turns":4},{"damage":33,"enemies":"Centurion and Healer","floor":21,"turns":10},{"damage":40,"enemies":"Shelled Parasite and Fungi","floor":24,"turns":4}],"seed_played":"1380985511014371876","potions_obtained":[],"is_trial":false,"path_per_floor":["M","?","$","M","M","R","?","M","T","?","R","?","$","M","R","B",null,"M","?","M","M","$","R","M"],"character_chosen":"HERMIT","items_purchased":["hermit:Determination","hermit:Vantage","Bandage Up","hermit:HoleUp","Blood Vial"],"campfire_rested":1,"item_purchase_floors":[3,3,13,13,22],"current_hp_per_floor":[75,75,75,75,71,71,71,66,66,55,55,44,44,40,62,30,75,59,59,60,31,31,31,0,0],"gold":13,"neow_bonus":"BOSS_RELIC","is_daily":false,"chose_seed":false,"campfire_upgraded":3,"win_rate":0.0,"timestamp":1609103301,"path_taken":["M","?","$","M","M","R","?","M","T","?","R","?","$","M","R","BOSS","M","?","M","?","$","R","M"],"items_purchased_type":["Card","Card","Card","Card","Relic"],"build_version":"2020-12-22","purchased_purges":2,"victory":false,"max_hp_per_floor":[75,75,75,75,75,75,75,75,75,75,75,75,75,75,75,75,75,75,75,75,75,75,75,75,75],"relic_stats":{"Sozu":3,"Blood Vial":2,"counters":[10,58],"Golden Idol":46,"Pen Nib":[8],"Black Star":0,"obtain_stats":[{"Sozu":0,"Blood Vial":22,"Anchor":12,"Golden Idol":7,"Vajra":9,"Pen Nib":12,"Black Star":17,"hermit:Momento":0},{"Sozu":0,"Blood Vial":9,"Anchor":4,"Golden Idol":3,"Vajra":4,"Pen Nib":4,"Black Star":6,"hermit:Momento":0},{"Sozu":0,"Blood Vial":54,"Anchor":15,"Golden Idol":12,"Vajra":15,"Pen Nib":15,"Black Star":32,"hermit:Momento":0}]},"card_choices":[{"not_picked":["hermit:Gestalt","hermit:Quickdraw"],"picked":"hermit:TakeAim","floor":1},{"not_picked":["hermit:LuckOfTheDraw","hermit:Desperado"],"picked":"hermit:LowProfile","floor":4},{"not_picked":["hermit:Malice","hermit:Feint"],"picked":"hermit:Ricochet","floor":5},{"not_picked":["hermit:ShadowCloak","hermit:Roulette"],"picked":"hermit:EyeOfTheStorm","floor":8},{"not_picked":["hermit:Dive","hermit:FullyLoaded"],"picked":"hermit:Enervate","floor":14},{"not_picked":["hermit:OverwhelmingPower","hermit:Gambit"],"picked":"hermit:EternalForm","floor":16},{"not_picked":["hermit:Determination","hermit:SprayPray"],"picked":"hermit:Vantage+1","floor":18},{"not_picked":["hermit:Grudge","hermit:Gestalt"],"picked":"hermit:ItchyTrigger","floor":20},{"not_picked":["hermit:Determination","hermit:Cheat","hermit:TrackingShot+1"],"picked":"SKIP","floor":21}],"player_experience":93370,"relics_obtained":[{"floor":9,"key":"Vajra"}],"event_choices":[{"damage_healed":0,"gold_gain":175,"player_choice":"AGREE","damage_taken":111,"max_hp_gain":0,"max_hp_loss":0,"event_name":"betterThird:BetterSerpent","floor":2,"gold_loss":0},{"damage_healed":0,"gold_gain":0,"player_choice":"Take Wound","damage_taken":0,"relics_obtained":["Golden Idol"],"max_hp_gain":0,"max_hp_loss":0,"event_name":"Golden Idol","floor":7,"gold_loss":0,"cards_obtained":["Injury"]},{"damage_healed":0,"gold_gain":75,"player_choice":"Gold","damage_taken":11,"max_hp_gain":0,"max_hp_loss":0,"event_name":"betterThird:BetterGoop","floor":10,"gold_loss":0},{"damage_healed":0,"gold_gain":1,"player_choice":"Relic Relic ","damage_taken":11,"max_hp_gain":0,"max_hp_loss":0,"event_name":"betterThird:BetterScrap","floor":12,"gold_loss":0,"cards_obtained":["Pummel"]},{"damage_healed":0,"gold_gain":0,"player_choice":"Upgraded Two","damage_taken":0,"max_hp_gain":0,"max_hp_loss":0,"event_name":"Designer","floor":19,"gold_loss":40,"cards_upgraded":["hermit:Ricochet","hermit:Snapshot"]}],"is_beta":false,"boss_relics":[{"not_picked":["SlaversCollar","Runic Dome"],"picked":"Black Star"}],"items_purged_floors":[3,13],"is_endless":false,"potions_floor_spawned":[1,8,14],"killed_by":"Shelled Parasite and Fungi","ascension_level":0}}