{"host":"vydapxfau6612551","time":1609036180,"event":{"mods":["AchievementEnabler","BaseMod","Minty Spire (QoL Compilation)","StSLib","SuperFastMode"],"gold_per_floor":[16,16,32,57,71,85,126,126,153,168,168,168],"floor_reached":11,"playtime":293,"items_purged":[],"score":108,"play_id":"110e12a3-3f05-4729-9b7d-0d0dd6f3b4f1","local_time":"20201227112940","is_ascension_mode":true,"campfire_choices":[],"circlet_count":0,"master_deck":["Strike_R","Strike_R","Strike_R","Strike_R","Defend_R","Defend_R","Defend_R","Bash","Limit Break","Dual Wield","Injury","Sword Boomerang","Clothesline","Shrug It Off","Twin Strike","Infernal Blade"],"relics":["Burning Blood","Golden Idol","Lantern"],"acts_visited":["Exordium"],"potions_floor_usage":[7,10],"damage_taken":[{"damage":6.0,"enemies":"2 Louse","floor":1.0,"turns":4.0},{"damage":18.0,"enemies":"Jaw Worm","floor":3.0,"turns":4.0},{"damage":0.0,"enemies":"Small Slimes","floor":4.0,"turns":3.0},{"damage":18.0,"enemies":"Red Slaver","floor":5.0,"turns":3.0},{"damage":16.0,"enemies":"3 Louse","floor":6.0,"turns":6.0},{"damage":25,"enemies":"Gremlin Nob","floor":7,"turns":5},{"damage":9,"enemies":"Blue Slaver","floor":10,"turns":2},{"damage":0,"enemies":"3 Sentries","floor":11,"turns":1}],"seed_played":"-1038775961894721530","potions_obtained":[{"floor":1.0,"key":"FairyPotion"},{"floor":3.0,"key":"Swift Potion"},{"floor":7,"key":"Energy Potion"},{"floor":10,"key":"Strength Potion"}],"is_trial":false,"path_per_floor":["M","?","M","M","M","M","E","$","T","M","E"],"character_chosen":"IRONCLAD","items_purchased":[],"campfire_rested":0,"item_purchase_floors":[],"current_hp_per_floor":[72,72,60,66,54,44,25,25,25,22,22,22],"gold":168,"neow_bonus":"TRANSFORM_TWO_CARDS","is_daily":false,"chose_seed":false,"campfire_upgraded":0,"win_rate":0.0,"timestamp":1609036180,"path_taken":["M","?","M","M","M","M","E","$","T","M","E"],"items_purchased_type":[],"build_version":"2020-12-22","purchased_purges":0,"victory":false,"max_hp_per_floor":[80,80,80,80,80,80,80,80,80,80,80,80],"card_choices":[{"not_picked":["Metallicize","Perfected Strike","Iron Wave"],"picked":"SKIP","floor":1.0},{"not_picked":["Dark Embrace","Bloodletting"],"picked":"Sword Boomerang","floor":3.0},{"not_picked":["Perfected Strike","Cleave"],"picked":"Clothesline","floor":4.0},{"not_picked":["Power Through","Armaments"],"picked":"Shrug It Off","floor":5.0},{"not_picked":["Iron Wave","Warcry","True Grit"],"picked":"SKIP","floor":6},{"not_picked":["Double Tap","Shockwave"],"picked":"Twin Strike","floor":7},{"not_picked":["Searing Blow","Iron Wave"],"picked":"Infernal Blade","floor":10}],"player_experience":385012,"relics_obtained":[{"floor":7,"key":"Lantern"}],"event_choices":[{"damage_healed":0.0,"max_hp_gain":0.0,"max_hp_loss":0.0,"gold_gain":0.0,"event_name":"Golden Idol","player_choice":"Take Wound","floor":2.0,"gold_loss":0.0,"damage_taken":0.0,"relics_obtained":["Golden Idol"],"cards_obtained":["Injury"]}],"is_beta":false,"boss_relics":[],"items_purged_floors":[],"is_endless":false,"potions_floor_spawned":[1,3,7,10],"killed_by":"3 Sentries","ascension_level":8}}