{"host":"1a84zblnbc53ppiq","time":1609089442,"event":{"mods":["2.2 Compatiblity","AchievementEnabler","Ascension Reborn","Ascension Unlocker","Aspiration","BaseMod","Beaked The Cultist","Better Note","Better Vampires","BetterRewards","Colored Map","Conspire","Custom Start","Downfall","Friendly Minions","GifTheSpireLib","Hubris","Infinite Spire","Marisa????????","Marked Mod","Minty Spire (QoL Compilation)","Rare Cards Sparkle","Remilia??????","Replay The Spire","StSLib","Stuff the Spire","Synergy Search","Td1madao Mod","The Administrix","The Bug Knight","The Disciple","The Dragon Tamer","The Gatherer","The Hierophant","The IronCluck","The Mystic","The Necromancer","The Servant 0.9.4","The Spell Scribe","The Vixen","TheFirefly","TheSwordswoman","Thieving Mod"],"gold_per_floor":[130,164,187,187,210,258,287,287,287,287,287,338,368,392,392,525,525,917,946,429,454,544,544,544,576,576],"floor_reached":25,"playtime":1381,"items_purged":[],"score":360,"play_id":"4c22d8dd-88eb-49a2-8f94-14caf3d3566e","local_time":"20201227181722","is_ascension_mode":true,"campfire_choices":[{"floor":10,"key":"REST"},{"floor":15,"key":"REST"},{"data":"1","floor":23,"key":"LIFT"}],"circlet_count":0,"master_deck":["blazmod:Strike+1","blazmod:Strike+1","blazmod:Strike+1","blazmod:Strike+1","blazmod:Defend+1","blazmod:Defend+1","blazmod:Defend+1","blazmod:Defend+1","blazmod:ButterflyEffect+1","blazmod:Kyokasuigetsu+1","blazmod:MoonlightBlossoms","blazmod:FleetingDawn","blazmod:TrueOfHeart","blazmod:FortifiedVigor","blazmod:BeTheBlade","blazmod:ApexLegends","blazmod:MyEverything+1","blazmod:TrueSelf","blazmod:BoulderFlash","blazmod:VisionsOfButterflies","blazmod:DrippingWaterHollowsStone+1","blazmod:Crosscut+1","blazmod:InLoveAndWar","blazmod:BeTheBlade+1"],"relics":["blazmod:Venustas","CeramicFish","Onion Ring","StuffTheSpire:CocoNut","ReplayTheSpireMod:Ninjato","Centennial Puzzle","Replay:Accelerometer","Ice Cream","Replay:Ringing Soul","Girya","Old Coin","conspire:TreasureMap","hubris:TenFootPole","Ornamental Fan","conspire:BottledYoYo","Art of War"],"acts_visited":["Exordium","TheCity"],"potions_floor_usage":[12,16,16,16,25],"damage_taken":[{"damage":0,"enemies":"Cultist","floor":1,"turns":2},{"damage":0,"enemies":"Jaw Worm","floor":2,"turns":2},{"damage":13,"enemies":"Small Slimes","floor":3,"turns":3},{"damage":5,"enemies":"2 Fungi Beasts","floor":5,"turns":3},{"damage":7,"enemies":"Replay:BlueRogue","floor":6,"turns":4},{"damage":2,"enemies":"conspire:2 RoseBushes","floor":7,"turns":3},{"damage":15,"enemies":"3 Sentries","floor":12,"turns":3},{"damage":3,"enemies":"Red Slaver","floor":13,"turns":2},{"damage":11,"enemies":"Exordium Wildlife","floor":14,"turns":2},{"damage":0,"enemies":"Slime Boss","floor":16,"turns":4},{"damage":2,"enemies":"2 Thieves","floor":18,"turns":3},{"damage":6,"enemies":"3 Byrds","floor":19,"turns":4},{"damage":0,"enemies":"Centurion and Healer","floor":21,"turns":3},{"damage":30,"enemies":"Slavers","floor":25,"turns":5}],"seed_played":"4301585116724723048","potions_obtained":[{"floor":1,"key":"SteroidPotion"},{"floor":1,"key":"LiquidMemories"},{"floor":2,"key":"Explosive Potion"},{"floor":12,"key":"Strength Potion"},{"floor":14,"key":"Regen Potion"},{"floor":16,"key":"Elixir"},{"floor":18,"key":"Strength Potion"},{"floor":19,"key":"FearPotion"},{"floor":21,"key":"Slimebound:ThreeZeroPotion"},{"floor":25,"key":"Strength Potion"}],"is_trial":false,"path_per_floor":["M","M","M","T","M","E","M","?","T","R","T","E","M","M","R","B",null,"M","M","$","M","?","R","?","E"],"character_chosen":"THE_SWORDSWOMAN","items_purchased":["conspire:TreasureMap","blazmod:InLoveAndWar","hubris:TenFootPole","Ornamental Fan"],"campfire_rested":2,"item_purchase_floors":[20,20,20,20],"current_hp_per_floor":[44,44,31,31,26,26,24,24,24,39,39,27,27,19,37,52,63,64,61,64,67,64,64,64,34,34],"gold":576,"neow_bonus":"TEN_PERCENT_HP_BONUS","is_daily":false,"chose_seed":false,"campfire_upgraded":0,"win_rate":0.0,"timestamp":1609089442,"path_taken":["M","M","M","?","M","E","M","?","T","R","?","E","M","M","R","BOSS","M","M","$","?","?","R","?","E"],"items_purchased_type":["Relic","Card","Relic","Relic"],"build_version":"2020-12-22","purchased_purges":0,"victory":false,"max_hp_per_floor":[44,44,44,44,44,51,51,51,51,51,51,54,57,60,60,63,63,66,69,72,75,75,75,75,75,75],"card_choices":[{"not_picked":["blazmod:StanceChange","blazmod:FortifiedVigor"],"picked":"blazmod:MoonlightBlossoms","floor":1},{"not_picked":["blazmod:FleetOfFoot","blazmod:Trasient"],"picked":"blazmod:FleetingDawn","floor":2},{"not_picked":["blazmod:PureOfSoul+1","blazmod:Contingency"],"picked":"blazmod:TrueOfHeart","floor":3},{"not_picked":["blazmod:BoulderFlash","blazmod:PhysicalEndurance"],"picked":"blazmod:FortifiedVigor","floor":5},{"not_picked":["blazmod:FleetingDawn","blazmod:FortifiedVigor"],"picked":"blazmod:BeTheBlade","floor":6},{"not_picked":["blazmod:Observant","blazmod:ButterFlutter"],"picked":"blazmod:ApexLegends","floor":7},{"not_picked":["blazmod:DevilDivine","blazmod:PhoenixPlume"],"picked":"blazmod:MyEverything+1","floor":12},{"not_picked":["blazmod:FortifiedVigor","blazmod:SecondSight"],"picked":"blazmod:TrueSelf","floor":13},{"not_picked":["blazmod:QuickBlade","blazmod:FlashRock"],"picked":"blazmod:BoulderFlash","floor":14},{"not_picked":["blazmod:NaturesBeauty","blazmod:ButterflyBlade"],"picked":"blazmod:VisionsOfButterflies","floor":16},{"not_picked":["blazmod:PhysicalEndurance","blazmod:StanceChange+1"],"picked":"blazmod:DrippingWaterHollowsStone+1","floor":18},{"not_picked":["blazmod:FortifiedVigor","blazmod:FocusThroughFalls"],"picked":"blazmod:Crosscut+1","floor":19},{"not_picked":["blazmod:BladeOfEnlightenment","blazmod:MentalFocus+1"],"picked":"blazmod:BeTheBlade+1","floor":21}],"player_experience":153060,"relics_obtained":[{"floor":1,"key":"CeramicFish"},{"floor":4,"key":"Onion Ring"},{"floor":6,"key":"StuffTheSpire:CocoNut"},{"floor":9,"key":"ReplayTheSpireMod:Ninjato"},{"floor":9,"key":"Centennial Puzzle"},{"floor":11,"key":"Replay:Accelerometer"},{"floor":11,"key":"Ice Cream"},{"floor":12,"key":"Replay:Ringing Soul"},{"floor":16,"key":"Girya"},{"floor":18,"key":"Old Coin"},{"floor":21,"key":"conspire:BottledYoYo"},{"floor":25,"key":"Art of War"}],"event_choices":[{"damage_healed":0,"gold_gain":0,"player_choice":"Ignored","damage_taken":0,"max_hp_gain":0,"max_hp_loss":0,"event_name":"Liars Game","floor":8,"gold_loss":0},{"damage_healed":0,"gold_gain":75,"player_choice":"Touch","damage_taken":7,"max_hp_gain":0,"max_hp_loss":0,"event_name":"FaceTrader","floor":22,"gold_loss":0},{"damage_healed":0,"gold_gain":0,"player_choice":"Ignored","damage_taken":0,"max_hp_gain":0,"max_hp_loss":0,"event_name":"betterNote:BetterNote","floor":24,"gold_loss":0,"cards_obtained":["hubris:InfiniteBlow"]}],"is_beta":false,"boss_relics":[{"not_picked":["conspire:RoyalGoblet","hubris:GrandSneckoEye","Replay:Drink Me"]}],"items_purged_floors":[],"is_endless":false,"potions_floor_spawned":[1,3,7,12,14,25],"killed_by":"Slavers","ascension_level":0}}