{"host":"cv77zuuuekizn3ic","time":1609082064,"event":{"mods":["AchievementEnabler","BaseMod","Marisa£®ÏF”Í°°ƒß¿Ì…≥£©","Minty Spire (QoL Compilation)","StSLib","Waifu the Spire","everything is the same but u backflip on backflip","slay the spire mod where everything is the same but ironclad has a cowboy hat"],"gold_per_floor":[161,180,180,195,195,239,239,282,307,357,357,80,153,13,13,107,107,120,143,143,167,167,167,42,75,99,125,176,188,241,276,288,390,402,434,296,315,315,315,359,359,425,425,465,478,556,556,581,581,581,581,581,30,68,68],"floor_reached":56,"playtime":3616,"items_purged":["Defend_P","Strike_P","Defend_P","Strike_P","Strike_P"],"score":2391,"play_id":"3d4aa2d4-1951-495d-b7eb-4ecac0607cc0","local_time":"20201227231424","is_ascension_mode":true,"campfire_choices":[{"data":"Vault","floor":7.0,"key":"SMITH"},{"data":"Eruption","floor":11.0,"key":"SMITH"},{"data":"SashWhip","floor":15.0,"key":"SMITH"},{"data":"Scrawl","floor":23.0,"key":"SMITH"},{"data":"EmptyMind","floor":32.0,"key":"SMITH"},{"data":"Vault","floor":41.0,"key":"SMITH"},{"floor":47.0,"key":"REST"},{"floor":49.0,"key":"RECALL"},{"data":"Meditate","floor":52,"key":"SMITH"}],"circlet_count":0,"master_deck":["AscendersBane","Strike_P","Defend_P+1","Defend_P+1","Eruption+1","Vigilance+1","SashWhip+1","FearNoEvil","Vault+1","Evaluate","CutThroughFate","MentalFortress","BattleHymn","MentalFortress","Scrawl+1","EmptyMind+1","FlurryOfBlows","EmptyMind","Vault+1","Impatience","Violence","Secret Technique","FlurryOfBlows","Meditate+1","TalkToTheHand"],"relics":["Tiny House","Golden Idol","Dream Catcher","Ancient Tea Set","Strawberry","Juzu Bracelet","Bag of Preparation","Anchor","Runic Dome","Enchiridion","Mummified Hand","MawBank","War Paint","Lantern","VioletLotus","Shovel","Du-Vu Doll","Ornamental Fan","Kunai","TeardropLocket","Boot"],"acts_visited":["Exordium","TheCity","TheBeyond","TheEnding"],"potions_floor_usage":[55,55],"damage_taken":[{"damage":0.0,"enemies":"Cultist","floor":1.0,"turns":3.0},{"damage":0.0,"enemies":"Small Slimes","floor":2.0,"turns":6.0},{"damage":0.0,"enemies":"Jaw Worm","floor":4.0,"turns":2.0},{"damage":12.0,"enemies":"3 Sentries","floor":6.0,"turns":10.0},{"damage":12.0,"enemies":"Gremlin Nob","floor":8.0,"turns":4.0},{"damage":15.0,"enemies":"Lagavulin Event","floor":13.0,"turns":6.0},{"damage":0.0,"enemies":"Slime Boss","floor":16.0,"turns":5.0},{"damage":0.0,"enemies":"Spheric Guardian","floor":18.0,"turns":5.0},{"damage":6.0,"enemies":"2 Thieves","floor":19.0,"turns":4.0},{"damage":5.0,"enemies":"Snecko","floor":21.0,"turns":4.0},{"damage":0.0,"enemies":"Book of Stabbing","floor":25.0,"turns":4.0},{"damage":0.0,"enemies":"Shelled Parasite and Fungi","floor":27.0,"turns":4.0},{"damage":4.0,"enemies":"Slavers","floor":28.0,"turns":4.0},{"damage":10.0,"enemies":"Book of Stabbing","floor":30.0,"turns":4.0},{"damage":0.0,"enemies":"Sentry and Sphere","floor":31.0,"turns":7.0},{"damage":14.0,"enemies":"Collector","floor":33.0,"turns":7.0},{"damage":0.0,"enemies":"3 Shapes","floor":35.0,"turns":4.0},{"damage":13.0,"enemies":"3 Darklings","floor":37.0,"turns":4.0},{"damage":0.0,"enemies":"Reptomancer","floor":40.0,"turns":5.0},{"damage":0.0,"enemies":"2 Orb Walkers","floor":42.0,"turns":4.0},{"damage":21.0,"enemies":"Nemesis","floor":44.0,"turns":5.0},{"damage":0.0,"enemies":"Jaw Worm Horde","floor":45.0,"turns":4.0},{"damage":10.0,"enemies":"Writhing Mass","floor":48.0,"turns":6.0},{"damage":0,"enemies":"Awakened One","floor":50,"turns":16},{"damage":0,"enemies":"Shield and Spear","floor":54,"turns":7},{"damage":28,"enemies":"The Heart","floor":55,"turns":13}],"seed_played":"-6127901183360639992","potions_obtained":[{"floor":0.0,"key":"Ambrosia"},{"floor":4.0,"key":"Swift Potion"},{"floor":6.0,"key":"Weak Potion"},{"floor":8.0,"key":"BottledMiracle"},{"floor":16.0,"key":"Block Potion"},{"floor":19.0,"key":"SteroidPotion"},{"floor":25.0,"key":"Swift Potion"},{"floor":30.0,"key":"LiquidMemories"},{"floor":33.0,"key":"Explosive Potion"},{"floor":37.0,"key":"Block Potion"},{"floor":44.0,"key":"PowerPotion"}],"is_trial":false,"path_per_floor":["M","M","?","M","?","E","R","E","T","T","R","$","?","$","R","B",null,"M","M","?","M","?","R","$","E","T","M","E","?","E","M","R","B",null,"M","$","M","?","?","E","R","?","T","E","M","T","R","M","R","B",null,"R","$","E","B",null],"character_chosen":"WATCHER","items_purchased":["Bag of Preparation","MentalFortress","MentalFortress","TeardropLocket","TalkToTheHand"],"campfire_rested":1,"item_purchase_floors":[12,12,14,53,53],"current_hp_per_floor":[66,66,66,66,71,59,59,47,54,54,54,54,39,39,39,39,68,68,62,41,36,36,36,36,36,36,36,32,32,22,22,22,8,61,61,61,48,48,38,38,38,38,38,17,17,17,40,30,30,30,66,66,66,66,38],"gold":68,"neow_bonus":"BOSS_RELIC","is_daily":false,"chose_seed":false,"campfire_upgraded":7,"win_rate":0.0,"timestamp":1609082064,"path_taken":["M","M","?","M","?","E","R","E","T","?","R","$","?","$","R","BOSS","M","M","?","M","?","R","$","E","T","M","E","?","E","M","R","BOSS","M","$","M","?","?","E","R","?","T","E","M","?","R","M","R","BOSS","R","$","E","BOSS"],"items_purchased_type":["Relic","Card","Card","Relic","Card"],"build_version":"2020-12-22","purchased_purges":5,"victory":true,"max_hp_per_floor":[73,73,66,66,71,71,71,71,78,78,78,78,78,78,78,78,78,78,78,78,78,78,78,78,78,78,78,78,78,78,78,78,78,78,78,78,78,78,78,78,78,78,78,78,78,78,78,78,78,78,78,78,78,78,78],"card_choices":[{"not_picked":["EmptyFist","JustLucky"],"picked":"SashWhip","floor":0.0},{"not_picked":["Study","SashWhip"],"picked":"FearNoEvil","floor":1.0},{"not_picked":["ClearTheMind","JustLucky"],"picked":"Vault","floor":2.0},{"not_picked":["Evaluate","FlyingSleeves","CrushJoints"],"picked":"SKIP","floor":4.0},{"not_picked":["FlyingSleeves","CrushJoints"],"picked":"Evaluate","floor":4.0},{"not_picked":["SandsOfTime","PathToVictory","Worship"],"picked":"SKIP","floor":6.0},{"not_picked":["Consecrate","PathToVictory"],"picked":"CutThroughFate","floor":8.0},{"not_picked":["ClearTheMind","Protect"],"picked":"BattleHymn","floor":13.0},{"not_picked":["Brilliance","Ragnarok"],"picked":"Scrawl","floor":16.0},{"not_picked":["CutThroughFate","Indignation","JustLucky"],"picked":"SKIP","floor":18.0},{"not_picked":["Sanctity","CrushJoints"],"picked":"EmptyMind","floor":19.0},{"not_picked":["FlyingSleeves","Indignation","EmptyBody+1"],"picked":"SKIP","floor":21.0},{"not_picked":["DeceiveReality","MasterReality","Halt"],"picked":"SKIP","floor":25.0},{"not_picked":["SashWhip","FollowUp","Study"],"picked":"SKIP","floor":27.0},{"not_picked":["SashWhip","EmptyFist"],"picked":"FlurryOfBlows","floor":28.0},{"not_picked":["Evaluate","ReachHeaven","ConjureBlade"],"picked":"SKIP","floor":30.0},{"not_picked":["FollowUp","CutThroughFate"],"picked":"EmptyMind","floor":31.0},{"not_picked":["Alpha","Brilliance"],"picked":"Vault","floor":33.0},{"not_picked":["SashWhip","EmptyMind","Consecrate"],"picked":"SKIP","floor":35.0},{"not_picked":["EmptyFist","SignatureMove+1","CrushJoints"],"picked":"SKIP","floor":37.0},{"not_picked":["Trip","Magnetism"],"picked":"Impatience","floor":39.0},{"not_picked":["Metamorphosis","Flash of Steel"],"picked":"Violence","floor":39.0},{"not_picked":["Flash of Steel","Transmutation"],"picked":"Secret Technique","floor":39.0},{"not_picked":["EmptyFist+1","Consecrate","Weave"],"picked":"SKIP","floor":40.0},{"not_picked":["JustLucky","Prostrate","SignatureMove"],"picked":"SKIP","floor":44.0},{"not_picked":["Halt+1","Consecrate","JustLucky"],"picked":"SKIP","floor":45.0},{"not_picked":["Halt+1","Consecrate","JustLucky"],"picked":"SKIP","floor":45.0},{"not_picked":["ConjureBlade","SashWhip"],"picked":"FlurryOfBlows","floor":47.0},{"not_picked":["CarveReality","LikeWater"],"picked":"Meditate","floor":48.0},{"not_picked":["FlyingSleeves","EmptyBody","SpiritShield"],"picked":"SKIP","floor":54}],"player_experience":648093,"relics_obtained":[{"floor":6.0,"key":"Dream Catcher"},{"floor":8.0,"key":"Ancient Tea Set"},{"floor":9.0,"key":"Strawberry"},{"floor":10.0,"key":"Juzu Bracelet"},{"floor":13.0,"key":"Anchor"},{"floor":20.0,"key":"Enchiridion"},{"floor":25.0,"key":"Mummified Hand"},{"floor":26.0,"key":"MawBank"},{"floor":28.0,"key":"War Paint"},{"floor":30.0,"key":"Lantern"},{"floor":40.0,"key":"Shovel"},{"floor":42.0,"key":"Du-Vu Doll"},{"floor":44.0,"key":"Ornamental Fan"},{"floor":46.0,"key":"Kunai"},{"floor":54,"key":"Boot"}],"event_choices":[{"damage_healed":0.0,"max_hp_gain":0.0,"max_hp_loss":7.0,"gold_gain":0.0,"event_name":"Golden Idol","player_choice":"Lose Max HP","floor":3.0,"gold_loss":0.0,"damage_taken":0.0,"relics_obtained":["Golden Idol"]},{"damage_healed":0.0,"max_hp_gain":5.0,"max_hp_loss":0.0,"gold_gain":0.0,"event_name":"Big Fish","player_choice":"Donut","floor":5.0,"gold_loss":0.0,"damage_taken":0.0},{"damage_healed":0.0,"max_hp_gain":0.0,"max_hp_loss":0.0,"gold_gain":0.0,"event_name":"Dead Adventurer","player_choice":"Searched \u00271\u0027 times","floor":13.0,"gold_loss":0.0,"damage_taken":0.0},{"damage_healed":0.0,"max_hp_gain":0.0,"max_hp_loss":0.0,"gold_gain":0.0,"event_name":"Cursed Tome","player_choice":"Obtained Book","floor":20.0,"gold_loss":0.0,"damage_taken":21.0},{"damage_healed":0.0,"max_hp_gain":0.0,"max_hp_loss":0.0,"gold_gain":0.0,"event_name":"Vampires","player_choice":"Ignored","floor":22.0,"gold_loss":0.0,"damage_taken":0.0},{"damage_healed":0.0,"max_hp_gain":0.0,"max_hp_loss":0.0,"gold_gain":0.0,"event_name":"The Mausoleum","player_choice":"Ignored","floor":29.0,"gold_loss":0.0,"damage_taken":0.0},{"damage_healed":0.0,"max_hp_gain":0.0,"max_hp_loss":0.0,"gold_gain":0.0,"event_name":"Tomb of Lord Red Mask","player_choice":"Ignored","floor":38.0,"gold_loss":0.0,"damage_taken":0.0},{"damage_healed":0.0,"max_hp_gain":0.0,"max_hp_loss":0.0,"gold_gain":0.0,"event_name":"SensoryStone","player_choice":"Memory 3","floor":39.0,"gold_loss":0.0,"damage_taken":10.0},{"damage_healed":0.0,"max_hp_gain":0.0,"max_hp_loss":0.0,"gold_gain":0.0,"event_name":"Mysterious Sphere","player_choice":"Fight","floor":42.0,"gold_loss":0.0,"damage_taken":0.0}],"is_beta":false,"boss_relics":[{"not_picked":["SacredBark","Calling Bell"],"picked":"Runic Dome"},{"not_picked":["SlaversCollar","Runic Pyramid"],"picked":"VioletLotus"}],"items_purged_floors":[12,14,24,36,53],"is_endless":false,"potions_floor_spawned":[4,6,8,16,19,21,25,30,33,37,44,45],"ascension_level":17}}