{"host":"u2grshebrc5rdzdn","time":1609109515,"event":{"mods":["AchievementEnabler","BaseMod","Minty Spire (QoL Compilation)","StSLib"],"gold_per_floor":[361,372,0,0,0,0,0,17,17,31,45,59,59,8,8,111,111,127,77,94,113,131,131,131],"floor_reached":23,"playtime":2032,"items_purged":["Shame"],"score":263,"play_id":"9ead4525-4902-4358-88bf-0e56b1491700","local_time":"20201227235155","is_ascension_mode":true,"campfire_choices":[{"data":"Footwork","floor":7.0,"key":"SMITH"},{"data":"Neutralize","floor":15.0,"key":"SMITH"}],"circlet_count":0,"master_deck":["Strike_G","Strike_G","Strike_G","Strike_G+1","Defend_G","Defend_G+1","Defend_G","Defend_G","Defend_G","Survivor","Neutralize+1","Backflip","PiercingWail","Adrenaline","Footwork+1","Leg Sweep","Burst","Flying Knee","Well Laid Plans","Storm of Steel","Acrobatics","Cloak And Dagger","Expertise"],"relics":["Ring of the Snake","Shuriken","Pear","WristBlade"],"acts_visited":["Exordium","TheCity"],"potions_floor_usage":[21,23,23],"damage_taken":[{"damage":0.0,"enemies":"Small Slimes","floor":1.0,"turns":5.0},{"damage":10.0,"enemies":"Jaw Worm","floor":2.0,"turns":9.0},{"damage":0.0,"enemies":"Gremlin Nob","floor":6.0,"turns":1.0},{"damage":0.0,"enemies":"Cultist","floor":8.0,"turns":5.0},{"damage":8.0,"enemies":"Lots of Slimes","floor":10.0,"turns":9.0},{"damage":0.0,"enemies":"3 Louse","floor":11.0,"turns":5.0},{"damage":0.0,"enemies":"Looter","floor":12.0,"turns":3.0},{"damage":30.0,"enemies":"Slime Boss","floor":16.0,"turns":23.0},{"damage":6.0,"enemies":"Spheric Guardian","floor":18.0,"turns":6.0},{"damage":6,"enemies":"Shell Parasite","floor":20,"turns":6},{"damage":29,"enemies":"Cultist and Chosen","floor":21,"turns":10},{"damage":1,"enemies":"Snecko","floor":22,"turns":4},{"damage":24,"enemies":"Slavers","floor":23,"turns":4}],"seed_played":"-8443868106676682614","potions_obtained":[{"floor":2.0,"key":"SmokeBomb"},{"floor":8.0,"key":"Dexterity Potion"},{"floor":16.0,"key":"LiquidMemories"},{"floor":20,"key":"Energy Potion"}],"is_trial":false,"path_per_floor":["M","M","$","?","?","E","R","M","T","M","M","M","?","$","R","B",null,"M","?","M","M","M","E"],"character_chosen":"THE_SILENT","items_purchased":["Adrenaline","Footwork","Leg Sweep","Strength Potion"],"campfire_rested":0,"item_purchase_floors":[3,3,3,14],"current_hp_per_floor":[63,53,53,46,32,32,32,32,32,24,24,24,34,34,34,4,61,55,55,49,20,19,0,0],"gold":131,"neow_bonus":"TWO_FIFTY_GOLD","is_daily":false,"chose_seed":false,"campfire_upgraded":2,"win_rate":0.0,"timestamp":1609109515,"path_taken":["M","M","$","?","?","E","R","M","T","M","M","M","?","$","R","BOSS","M","?","M","M","?","E"],"items_purchased_type":["Card","Card","Card","Potion"],"build_version":"2020-12-22","purchased_purges":1,"victory":false,"max_hp_per_floor":[70,70,70,70,70,70,70,70,70,70,70,70,80,80,80,80,80,80,80,80,80,80,80,80],"card_choices":[{"not_picked":["Dodge and Roll","Quick Slash"],"picked":"Backflip","floor":1.0},{"not_picked":["Accuracy","Prepared"],"picked":"PiercingWail","floor":2.0},{"not_picked":["Dagger Spray","PiercingWail","Underhanded Strike"],"picked":"SKIP","floor":8.0},{"not_picked":["Acrobatics","Dagger Throw"],"picked":"Burst","floor":10.0},{"not_picked":["Eviscerate","Prepared"],"picked":"Flying Knee","floor":11.0},{"not_picked":["Catalyst","Prepared"],"picked":"Well Laid Plans","floor":12.0},{"not_picked":["Burst","Doppelganger"],"picked":"Storm of Steel","floor":16.0},{"not_picked":["Finisher+1","Flying Knee"],"picked":"Acrobatics","floor":18.0},{"not_picked":["Flechettes+1","Blur","Acrobatics+1"],"picked":"SKIP","floor":20},{"not_picked":["Dodge and Roll+1","Poisoned Stab"],"picked":"Cloak And Dagger","floor":21},{"not_picked":["Prepared","Outmaneuver+1"],"picked":"Expertise","floor":22}],"player_experience":386798,"relics_obtained":[{"floor":9.0,"key":"Shuriken"}],"event_choices":[{"cards_removed":["Strike_G"],"damage_healed":0.0,"max_hp_gain":0.0,"max_hp_loss":0.0,"gold_gain":0.0,"event_name":"Golden Wing","player_choice":"Card Removal","floor":4.0,"gold_loss":0.0,"damage_taken":7.0},{"damage_healed":0.0,"max_hp_gain":0.0,"max_hp_loss":0.0,"gold_gain":0.0,"event_name":"Shining Light","player_choice":"Entered Light","floor":5.0,"gold_loss":0.0,"damage_taken":14.0,"cards_upgraded":["Strike_G","Defend_G"]},{"damage_healed":0.0,"max_hp_gain":0.0,"max_hp_loss":0.0,"gold_gain":0.0,"event_name":"WeMeetAgain","player_choice":"Gave Potion","floor":13.0,"gold_loss":0.0,"damage_taken":0.0,"relics_obtained":["Pear"]},{"damage_healed":0.0,"max_hp_gain":0.0,"max_hp_loss":0.0,"gold_gain":0.0,"event_name":"The Joust","player_choice":"Bet on Murderer","floor":19.0,"gold_loss":50.0,"damage_taken":0.0}],"is_beta":false,"boss_relics":[{"not_picked":["Astrolabe","Black Star"],"picked":"WristBlade"}],"items_purged_floors":[3],"is_endless":false,"potions_floor_spawned":[2,6,8,16,20],"killed_by":"Slavers","ascension_level":7}}