{"host":"h5acbxt0wmjo1kpm","time":1609058444,"event":{"mods":["2.2 Compatiblity","Act Like it!","AlwaysNeverKeys","Aspiration","Bartender","BaseMod","Better Third Choice","Colored Map","Elementarium","Gensokyo","GifTheSpireLib","Hallownest","Marisa????????","Minty Spire (QoL Compilation)","Permanent Neow","Potionbrewer","Relic Filter","Replay The Spire","Robot Space Explorer","RumiaBox-????????","Shade Mod","Spicy Shops","StSLib","Strawberry Spire","The Blackbeard","The Dragon Tamer","The Forsaken","The Gatherer","The Problem Sleuth","The Servant 0.9.4","Wandering Minibosses","vexMod"],"gold_per_floor":[115,195,195,55,255,255,255,255],"floor_reached":7,"playtime":256,"items_purged":[],"score":65,"play_id":"8128a6a3-ee77-4787-9014-1b49887accf6","local_time":"20201227004044","is_ascension_mode":true,"campfire_choices":[{"data":"Fusion","floor":6,"key":"SMITH"}],"circlet_count":0,"master_deck":["AscendersBane","Strike_B","Strike_B","Strike_B","Strike_B","Defend_B","Defend_B","Defend_B","Defend_B","Zap","Dualcast","ReplayTheSpireMod:Restless Dread","Streamline","Cold Snap","Steam","Fusion+1"],"relics":["Cracked Core","FossilizedHelix","Baka","Incense Burner"],"acts_visited":["Gensokyo:Gensokyo"],"potions_floor_usage":[],"damage_taken":[{"damage":9,"enemies":"Gensokyo:Python","floor":1,"turns":3},{"damage":11,"enemies":"Gensokyo:3_Fairies","floor":5,"turns":6},{"damage":8,"enemies":"Gensokyo:Cirno","floor":7,"turns":4}],"seed_played":"-3211236525573083324","potions_obtained":[],"is_trial":false,"path_per_floor":["M","?","?","?","M","R","E"],"character_chosen":"DEFECT","items_purchased":[],"campfire_rested":0,"item_purchase_floors":[],"current_hp_per_floor":[55,55,55,55,44,44,36,36],"gold":255,"neow_bonus":"ONE_RARE_RELIC","is_daily":false,"chose_seed":false,"campfire_upgraded":1,"win_rate":0.0,"timestamp":1609058444,"path_taken":["M","?","?","?","?","R","E"],"items_purchased_type":[],"build_version":"2020-12-22","purchased_purges":0,"victory":false,"max_hp_per_floor":[71,71,71,71,71,71,71,71],"card_choices":[{"not_picked":["Steam","Cold Snap"],"picked":"Streamline","floor":1},{"not_picked":["ReplayGash","Go for the Eyes"],"picked":"Cold Snap","floor":3},{"not_picked":["Streamline","Undo"],"picked":"Steam","floor":3},{"not_picked":["Go for the Eyes","Turbo"],"picked":"Fusion","floor":5}],"player_experience":1958813,"relics_obtained":[{"floor":1,"key":"Baka"}],"event_choices":[],"is_beta":false,"boss_relics":[],"items_purged_floors":[],"is_endless":false,"potions_floor_spawned":[],"killed_by":"Gensokyo:Cirno","ascension_level":15}}