{"host":"nh1tx9wty0m9wedw","time":1609043698,"event":{"mods":["BaseMod","Colored Map","Colored Powertips","Minty Spire (QoL Compilation)"],"gold_per_floor":[112,37,47,59,234,267,267,267,267,302,46,71,82,82,82,184,184,198,218,67,67,67],"floor_reached":21,"playtime":1120,"items_purged":["Strike_R","Strike_R"],"score":259,"play_id":"cbb7ce8c-9a48-4a21-8dd3-e9e6c84d9f22","local_time":"20201227053458","is_ascension_mode":true,"campfire_choices":[{"data":"Demon Form","floor":8.0,"key":"SMITH"},{"floor":15.0,"key":"REST"}],"circlet_count":0,"master_deck":["Strike_R","Defend_R","Defend_R","Defend_R","Defend_R","Bash","Twin Strike","Demon Form+1","Anger","Doubt","Battle Trance","Heavy Blade","Heavy Blade","Shrug It Off+1","Double Tap+1","Thunderclap","Intimidate+1"],"relics":["Burning Blood","NeowsBlessing","Sundial","Blood Vial","Juzu Bracelet","Ancient Tea Set","Sling","Toxic Egg 2","Empty Cage","MealTicket"],"acts_visited":[],"potions_floor_usage":[21],"damage_taken":[{"damage":0.0,"enemies":"Small Slimes","floor":1.0,"turns":1.0},{"damage":0.0,"enemies":"2 Louse","floor":3.0,"turns":1.0},{"damage":0.0,"enemies":"Jaw Worm","floor":4.0,"turns":1.0},{"damage":15.0,"enemies":"Lagavulin","floor":6.0,"turns":4.0},{"damage":24.0,"enemies":"Gremlin Nob","floor":10.0,"turns":4.0},{"damage":10.0,"enemies":"Lagavulin","floor":12.0,"turns":5.0},{"damage":2.0,"enemies":"3 Louse","floor":13.0,"turns":2.0},{"damage":5.0,"enemies":"3 Sentries","floor":14.0,"turns":2.0},{"damage":14.0,"enemies":"The Guardian","floor":16.0,"turns":8.0},{"damage":38,"enemies":"Shell Parasite","floor":18,"turns":7},{"damage":42,"enemies":"2 Thieves","floor":19,"turns":4},{"damage":18,"enemies":"Cultist and Chosen","floor":21,"turns":3}],"seed_played":"-1892591743410307400","potions_obtained":[{"floor":4.0,"key":"EntropicBrew"},{"floor":10.0,"key":"Fire Potion"},{"floor":19,"key":"Explosive Potion"}],"is_trial":false,"path_per_floor":["M","$","M","M","?","E","?","R","T","E","$","E","M","E","R","B",null,"M","M","$","M"],"character_chosen":"IRONCLAD","items_purchased":["Sling","MealTicket"],"campfire_rested":1,"item_purchase_floors":[11,20],"current_hp_per_floor":[80,80,80,80,80,71,59,59,59,43,43,41,47,50,74,68,77,47,13,13,0,0],"gold":67,"neow_bonus":"THREE_ENEMY_KILL","is_daily":false,"chose_seed":false,"campfire_upgraded":1,"win_rate":0.0,"timestamp":1609043698,"path_taken":["M","$","M","M","?","E","?","R","T","E","?","E","M","E","R","BOSS","M","M","$","M"],"items_purchased_type":["Relic","Relic"],"build_version":"2020-12-22","purchased_purges":2,"victory":false,"max_hp_per_floor":[80,80,80,80,80,80,80,80,80,80,80,80,80,80,80,80,80,80,80,80,80,80],"card_choices":[{"not_picked":["Perfected Strike","Havoc"],"picked":"Twin Strike","floor":1.0},{"not_picked":["Clothesline","Seeing Red"],"picked":"Demon Form","floor":3.0},{"not_picked":["Ghostly Armor","Havoc"],"picked":"Anger","floor":4.0},{"not_picked":["Combust","Seeing Red"],"picked":"Battle Trance","floor":6.0},{"not_picked":["Clothesline","Rampage"],"picked":"Heavy Blade","floor":10.0},{"not_picked":["Body Slam","Iron Wave"],"picked":"Heavy Blade","floor":12.0},{"not_picked":["Headbutt","Cleave"],"picked":"Shrug It Off+1","floor":13.0},{"not_picked":["Impervious+1","Offering+1"],"picked":"Double Tap+1","floor":16.0},{"not_picked":["Flex+1","Havoc+1"],"picked":"Thunderclap","floor":18},{"not_picked":["Entrench+1","Iron Wave"],"picked":"Intimidate+1","floor":19}],"player_experience":588056,"relics_obtained":[{"floor":6.0,"key":"Sundial"},{"floor":9.0,"key":"Juzu Bracelet"},{"floor":10.0,"key":"Ancient Tea Set"},{"floor":12.0,"key":"Toxic Egg 2"}],"event_choices":[{"damage_healed":0.0,"max_hp_gain":0.0,"max_hp_loss":0.0,"gold_gain":175.0,"event_name":"Liars Game","player_choice":"AGREE","floor":5.0,"gold_loss":0.0,"damage_taken":0.0,"cards_obtained":["Doubt"]},{"damage_healed":0.0,"max_hp_gain":0.0,"max_hp_loss":0.0,"gold_gain":0.0,"event_name":"Scrap Ooze","player_choice":"Success","floor":7.0,"gold_loss":0.0,"damage_taken":12.0,"relics_obtained":["Blood Vial"]}],"is_beta":false,"boss_relics":[{"not_picked":["Ectoplasm","Sozu"],"picked":"Empty Cage"}],"items_purged_floors":[2,11],"is_endless":false,"potions_floor_spawned":[4,10,19],"killed_by":"Cultist and Chosen","ascension_level":5}}