{"host":"ishme5wb80o83upk","time":1609067276,"event":{"mods":["Arknights The Spire","BaseMod","Minty Spire (QoL Compilation)","StSLib"],"gold_per_floor":[111,36,53,68,86,120,120,146,221,221,241,261,5,21,21,21,21],"floor_reached":16,"playtime":536,"items_purged":["ats:Strike S"],"score":129,"play_id":"dbd74004-34bd-4e00-8e70-12e8f7e5a4aa","local_time":"20201227200756","is_ascension_mode":true,"campfire_choices":[{"data":"ats:Emotion Absorption","floor":7.0,"key":"SMITH"},{"floor":10,"key":"REST"},{"floor":15,"key":"REST"}],"circlet_count":0,"master_deck":["ats:Strike C","ats:Strike G","ats:Strike V","ats:Armor Crushing Shot+1","ats:Defend","ats:Defend","ats:Defend","ats:Defend","ats:Emotion Absorption+1","ats:Shadow Raid","ats:Powerful Strike","ats:Guardian Obelisk","ats:Ignite","ats:Flame Of Heaven","ats:Part Time Job","ats:Revitalization"],"relics":["ats:Sanity","ats:Originium","Sundial","ats:Originium","WingedGreaves","Bottled Lightning","Odd Mushroom","Singing Bowl"],"acts_visited":["Exordium"],"potions_floor_usage":[8,8,11],"damage_taken":[{"damage":1.0,"enemies":"Cultist","floor":1.0,"turns":4.0},{"damage":7.0,"enemies":"Jaw Worm","floor":3.0,"turns":3.0},{"damage":4.0,"enemies":"Small Slimes","floor":4.0,"turns":3.0},{"damage":7.0,"enemies":"Looter","floor":5.0,"turns":4.0},{"damage":32.0,"enemies":"Gremlin Nob","floor":6.0,"turns":4.0},{"damage":19,"enemies":"Lagavulin","floor":8,"turns":5},{"damage":13,"enemies":"The Mushroom Lair","floor":11,"turns":4},{"damage":4,"enemies":"3 Louse","floor":12,"turns":5},{"damage":8,"enemies":"Blue Slaver","floor":14,"turns":2},{"damage":0,"enemies":"The Guardian","floor":16,"turns":2}],"seed_played":"-8912165674512900891","potions_obtained":[{"floor":4.0,"key":"SpeedPotion"},{"floor":6.0,"key":"LiquidMemories"},{"floor":8,"key":"AttackPotion"}],"is_trial":false,"path_per_floor":["M","$","M","M","M","E","R","E","T","R","?","M","$","M","R","B"],"character_chosen":"DOCTOR_CLASS","items_purchased":["Singing Bowl"],"campfire_rested":2,"item_purchase_floors":[13],"current_hp_per_floor":[71,71,64,60,53,21,21,2,2,23,15,16,16,8,29,29,29],"gold":21,"neow_bonus":"UPGRADE_CARD","is_daily":false,"chose_seed":false,"campfire_upgraded":1,"win_rate":0.0,"timestamp":1609067276,"path_taken":["M","?","M","M","M","E","R","E","T","R","?","M","$","M","R","BOSS"],"items_purchased_type":["Relic"],"build_version":"2020-12-22","purchased_purges":1,"victory":false,"max_hp_per_floor":[72,72,72,72,72,72,72,72,72,72,72,72,72,72,72,72,72],"card_choices":[{"not_picked":["ats:Cat Scratch","ats:Revitalization"],"picked":"ats:Shadow Raid","floor":1.0},{"not_picked":["ats:Healing Strengthening","ats:Revitalization"],"picked":"ats:Powerful Strike","floor":3.0},{"not_picked":["ats:Powerful Strike","ats:Flexible Camouflage"],"picked":"ats:Guardian Obelisk","floor":4.0},{"not_picked":["ats:Hammer On","ats:Leaping Hammer"],"picked":"ats:Ignite","floor":5.0},{"not_picked":["ats:True Silver Slash","ats:Ignite"],"picked":"ats:Flame Of Heaven","floor":6.0},{"not_picked":["ats:Apocalypse","ats:Thorns"],"picked":"ats:Part Time Job","floor":8},{"not_picked":["ats:Revitalization","ats:Consecutive Shot Auto","ats:Childhood Dance"],"picked":"SKIP","floor":12},{"not_picked":["ats:Revitalization","ats:Consecutive Shot Auto","ats:Childhood Dance"],"picked":"SKIP","floor":12},{"not_picked":["ats:LN2 Cannon","ats:Consecutive Shot Auto"],"picked":"ats:Revitalization","floor":14}],"player_experience":1070138,"relics_obtained":[{"floor":6.0,"key":"ats:Originium"},{"floor":6.0,"key":"Sundial"},{"floor":8,"key":"ats:Originium"},{"floor":8,"key":"WingedGreaves"},{"floor":9,"key":"Bottled Lightning"},{"floor":11,"key":"Odd Mushroom"}],"event_choices":[{"damage_healed":0,"gold_gain":0,"player_choice":"Fought Mushrooms","damage_taken":0,"max_hp_gain":0,"max_hp_loss":0,"event_name":"Mushrooms","floor":11,"gold_loss":0}],"is_beta":false,"boss_relics":[],"items_purged_floors":[2],"is_endless":false,"potions_floor_spawned":[4,6,8],"killed_by":"The Guardian","ascension_level":3}}