{"host":"mm0v83pkg2fvsdgl","time":1609090825,"event":{"mods":["2.2 Compatiblity","Alarm Clock","AlwaysNeverKeys","BaseMod","Beaked The Cultist","Bestiary","Better Altar","Better Match","Better Note","Better Sensory Stone","Better Silent Start","Better Third Choice","Clawfect","Displayed Cursed Tome","Energized Spire","Friendly Minions","Highlight Path","Ironclad Rager","Keyboard Shortcuts","Lotus Mark","Marisa????????","Marked Mod","Mimic Mod","Minty Spire (QoL Compilation)","Permanent Neow","Railgun Mod","Remove Card Discount Mod","Shade Mod","Somnambulant","Spicy Shops","StSLib","Swap Starting Deck Mod","The Construct","The Disciple","The Dragon Tamer","The Hierophant","TheHeartMod","TheVacant","Transform Curses","Unceasing Turn Reminder","Wandering Minibosses"],"gold_per_floor":[114,129,129,144,144,144,1,1,1,16,31,61,61,76,76,176,176,191,191,191,23,38,38,78,1,1,1,41,81,81,121,121,246,196,211,1,26,24,55,70,85,115,115,145,145,14,29,79,79,79],"floor_reached":51,"playtime":3109,"items_purged":["Pain","Decay","Shame","Strike_R","Strike_G","Eruption","Defend_R","Defend_G","Defend_P","Strike_B+1","Strike_MRS","MilkyWay","PulseMagic","StarDustReverie"],"score":732,"play_id":"1ea6984e-5fea-48a9-9872-eb6606118192","local_time":"20201227124025","daily_mods":["Chimera","Red Cards","Lethality"],"is_ascension_mode":false,"campfire_choices":[{"data":"StarBarrage","floor":6,"key":"SMITH"},{"data":"NonDirectionalLaser","floor":8,"key":"SMITH"},{"data":"AsteroidBelt","floor":13,"key":"SMITH"},{"data":"Singularity","floor":15,"key":"SMITH"},{"data":"MaximisePower","floor":23,"key":"SMITH"},{"floor":30,"key":"DIG"},{"floor":32,"key":"DIG"},{"data":"Bash","floor":45,"key":"SMITH"},{"floor":49,"key":"DIG"}],"circlet_count":0,"master_deck":["Bash+1","Survivor","Zap+1","StarBarrage+1","NonDirectionalLaser+1","Good Instincts","AsteroidBelt+1","UnstableBomb","Singularity+1","MaximisePower+1","PowerUp+1","MilkyWay","OortCloud","MilkyWay+1","PulseMagic+1","PulseMagic+1","PowerUp+1"],"relics":["MiniHakkero","Bag of Preparation","Ornamental Fan","Regal Pillow","ExperimentalFamiliar","Shovel","Boot","Oddly Smooth Stone","Ginger","Shuriken","StrikeDummy","energizedSpire:HugeHouse","Membership Card","Nunchaku","SproutingBranch","Orichalcum","Pantograph","Darkstone Periapt","Mummified Hand","construct:RocketBooster","Lantern"],"acts_visited":["Exordium","TheCity","TheBeyond"],"potions_floor_usage":[16,16,16,16,16,31,33],"damage_taken":[{"damage":0,"enemies":"2 Louse","floor":1,"turns":2},{"damage":0,"enemies":"Small Slimes","floor":2,"turns":2},{"damage":0,"enemies":"Cultist","floor":4,"turns":3},{"damage":3,"enemies":"Blue Slaver","floor":10,"turns":2},{"damage":13,"enemies":"Red Slaver","floor":11,"turns":2},{"damage":12,"enemies":"Lagavulin","floor":12,"turns":3},{"damage":0,"enemies":"Exordium Wildlife","floor":14,"turns":2},{"damage":27,"enemies":"Hexaghost","floor":16,"turns":4},{"damage":10,"enemies":"Chosen","floor":18,"turns":3},{"damage":16,"enemies":"3 Byrds","floor":22,"turns":3},{"damage":19,"enemies":"Snake Plant","floor":24,"turns":2},{"damage":12,"enemies":"Cultist and Chosen","floor":28,"turns":3},{"damage":6,"enemies":"Snecko","floor":29,"turns":4},{"damage":10,"enemies":"Shelled Parasite and Fungi","floor":31,"turns":2},{"damage":31,"enemies":"Collector","floor":33,"turns":6},{"damage":0,"enemies":"Orb Walker","floor":35,"turns":1},{"damage":0,"enemies":"3 Darklings","floor":39,"turns":4},{"damage":0,"enemies":"3 Darklings","floor":40,"turns":3},{"damage":5,"enemies":"Transient","floor":41,"turns":5},{"damage":0,"enemies":"Giant Head","floor":42,"turns":4},{"damage":5,"enemies":"Nemesis","floor":44,"turns":3},{"damage":0,"enemies":"Maw","floor":47,"turns":2},{"damage":0,"enemies":"Mind Bloom Boss Battle","floor":48,"turns":2},{"damage":70,"enemies":"Awakened One","floor":50,"turns":7}],"seed_played":"4726349093531193793","potions_obtained":[{"floor":4,"key":"EntropicBrew"},{"floor":11,"key":"Explosive Potion"},{"floor":16,"key":"Weak Potion"},{"floor":22,"key":"ColorlessPotion"},{"floor":24,"key":"Dexterity Potion"},{"floor":28,"key":"AttackPotion"},{"floor":31,"key":"FairyPotion"},{"floor":33,"key":"BottledSpark"},{"floor":35,"key":"Dexterity Potion"},{"floor":42,"key":"SmokeBomb"},{"floor":47,"key":"PowerPotion"}],"is_trial":false,"path_per_floor":["M","M","?","M","?","R","$","R","T","M","M","E","R","M","R","B",null,"M","?","?","$","M","R","M","$","T","?","M","M","R","M","R","B",null,"M","$","T","$","MIM","M","M","E","T","E","R","$","M","?","R","B",null],"character_chosen":"MARISA","items_purchased":["Good Instincts","Bag of Preparation","Boot","Oddly Smooth Stone","Membership Card","OortCloud","Mummified Hand"],"campfire_rested":0,"item_purchase_floors":[7,7,21,25,36,36,46],"current_hp_per_floor":[75,75,60,60,60,60,60,60,60,57,44,32,32,32,32,5,75,65,65,65,65,49,49,30,30,30,30,18,12,12,2,2,4,70,70,70,70,70,70,70,68,70,70,69,69,69,70,70,70,10],"gold":79,"neow_bonus":"","is_daily":true,"chose_seed":false,"campfire_upgraded":6,"win_rate":0.0,"timestamp":1609090825,"path_taken":["M","M","?","M","?","R","$","R","T","M","?","E","R","M","R","BOSS","M","?","?","$","?","R","M","$","T","?","?","M","R","M","R","BOSS","M","$","?","$","?","M","M","E","T","E","R","?","M","?","R","BOSS"],"items_purchased_type":["Card","Relic","Relic","Relic","Relic","Card","Relic"],"build_version":"2020-12-22","purchased_purges":14,"victory":true,"max_hp_per_floor":[75,75,75,75,75,75,75,75,75,75,75,75,75,75,75,75,75,75,75,75,75,75,75,75,75,75,75,75,75,75,75,75,75,70,70,70,70,70,70,70,70,70,70,70,70,70,70,70,70,70],"card_choices":[{"not_picked":["LuminesStrike","WitchLeyline"],"picked":"StarBarrage","floor":1},{"not_picked":["GravityBeat","DeepEcoloBomb","EnergyRecoil"],"picked":"SKIP","floor":2},{"not_picked":["PulseMagic","LuminesStrike"],"picked":"NonDirectionalLaser","floor":4},{"not_picked":["MagicChant","DC"],"picked":"AsteroidBelt","floor":10},{"not_picked":["OneTimeOff","GravityBeat"],"picked":"UnstableBomb","floor":11},{"not_picked":["OneTimeOff","AsteroidBelt"],"picked":"Singularity","floor":12},{"not_picked":["EnergyRecoil","6A","OrrerysSun"],"picked":"SKIP","floor":14},{"not_picked":["CasketOfStar","BlazingStar"],"picked":"MaximisePower","floor":16},{"not_picked":["MeteoricShower","DC+1"],"picked":"PulseMagic","floor":18},{"not_picked":["GasGiant","MilkyWay"],"picked":"WitchOfGreed+1","floor":22},{"not_picked":["WitchLeyline+1","6A"],"picked":"PowerUp+1","floor":24},{"not_picked":["GrandCross","PulseMagic"],"picked":"MilkyWay","floor":28},{"not_picked":["IllusionStar","Acceleration","SprinkleStarSeal"],"picked":"SKIP","floor":29},{"not_picked":["GalacticHalo+1","SatelliteIllusion","FairyDestructionRay"],"picked":"SKIP","floor":31},{"not_picked":["EscapeVelocity","JA"],"picked":"StarDustReverie","floor":33},{"not_picked":["IllusionStar","WitchLeyline","SporeBomb+1"],"picked":"SKIP","floor":35},{"not_picked":["ManaConvection","ShootTheMoon+1"],"picked":"MilkyWay+1","floor":40},{"not_picked":["OneTimeOff+1","DC+1"],"picked":"PulseMagic+1","floor":41},{"not_picked":["Acceleration+1","SporeBomb"],"picked":"PulseMagic+1","floor":42},{"not_picked":["UltimateShortwave","SporeBomb+1"],"picked":"PowerUp+1","floor":44},{"not_picked":["StarlightTyphoon+1","MysteriousBeam+1","SporeBomb+1"],"picked":"SKIP","floor":47}],"player_experience":645810,"relics_obtained":[{"floor":9,"key":"Ornamental Fan"},{"floor":12,"key":"Regal Pillow"},{"floor":26,"key":"Ginger"},{"floor":30,"key":"Shuriken"},{"floor":32,"key":"StrikeDummy"},{"floor":37,"key":"Nunchaku"},{"floor":39,"key":"SproutingBranch"},{"floor":42,"key":"Orichalcum"},{"floor":43,"key":"Pantograph"},{"floor":44,"key":"Darkstone Periapt"},{"floor":48,"key":"construct:RocketBooster"},{"floor":49,"key":"Lantern"}],"event_choices":[{"damage_healed":75,"gold_gain":0,"player_choice":"Upgrade","damage_taken":15,"max_hp_gain":0,"max_hp_loss":75,"event_name":"betterThird:BetterShining","floor":3,"gold_loss":0,"cards_upgraded":["Strike_B","Zap"]},{"damage_healed":0,"gold_gain":0,"player_choice":"Bought 0 Potions","damage_taken":0,"max_hp_gain":0,"max_hp_loss":0,"event_name":"The Woman in Blue","floor":5,"gold_loss":0},{"damage_healed":0,"gold_gain":0,"player_choice":"Stole Relic","damage_taken":0,"relics_obtained":["Shovel"],"max_hp_gain":0,"max_hp_loss":0,"event_name":"Addict","floor":19,"gold_loss":0,"cards_obtained":["Shame"]},{"damage_healed":0,"gold_gain":0,"player_choice":"Cursed","damage_taken":0,"max_hp_gain":0,"max_hp_loss":0,"event_name":"Wheel of Change","floor":20,"gold_loss":0,"cards_obtained":["Decay"]},{"damage_healed":0,"gold_gain":0,"player_choice":"Ignored","damage_taken":0,"max_hp_gain":0,"max_hp_loss":0,"event_name":"N\u0027loth","floor":27,"gold_loss":0},{"damage_healed":0,"gold_gain":0,"player_choice":"Fight","damage_taken":0,"max_hp_gain":0,"max_hp_loss":0,"event_name":"MindBloom","floor":48,"gold_loss":0}],"is_beta":false,"boss_relics":[{"not_picked":["Astrolabe","energizedSpire:MagnifyingGlass"],"picked":"ExperimentalFamiliar"},{"not_picked":["Calling Bell","beaked:MawFillet"],"picked":"energizedSpire:HugeHouse"}],"items_purged_floors":[21,21,21,21,21,21,21,21,21,25,38,46,46,46],"is_endless":false,"potions_floor_spawned":[4,11,16,22,24,29,35,42,44,47],"ascension_level":0}}