{"host":"tzyzz5n7hg2ni9q2","time":1609083575,"event":{"mods":["BaseMod","Minty Spire (QoL Compilation)","Quick Restart"],"gold_per_floor":[112,112,112,123,143,143,177,177,200,230,243,243,243,253,253,348,348,362,287,562,236,254,254,274,189,189,189,189,202,233,250,250,351,351,365,19,19,19,69,69,97,97,97,107,107,139,139,139,139,139],"floor_reached":51,"playtime":1454,"items_purged":["Regret"],"score":1026,"play_id":"650b65cb-30c4-4fee-a103-3cef76cbe6f3","local_time":"20201227163935","is_ascension_mode":true,"campfire_choices":[{"data":"Whirlwind","floor":6,"key":"SMITH"},{"floor":8,"key":"REST"},{"data":"True Grit","floor":12,"key":"SMITH"},{"floor":15,"key":"REST"},{"data":"Demon Form","floor":23,"key":"SMITH"},{"floor":28,"key":"REST"},{"floor":32,"key":"REST"},{"data":"1","floor":40,"key":"LIFT"},{"data":"2","floor":42,"key":"LIFT"},{"data":"3","floor":45,"key":"LIFT"},{"data":"Panache","floor":47,"key":"SMITH"},{"floor":49,"key":"REST"}],"circlet_count":0,"master_deck":["Strike_R","Strike_R","Strike_R","Strike_R","Defend_R","Defend_R","Defend_R+1","Defend_R+1","Bash","Rampage+1","Shrug It Off","Whirlwind+1","True Grit+1","Demon Form+1","Battle Trance+1","Panache+1","Madness","Madness"],"relics":["Burning Blood","Potion Belt","Bronze Scales","White Beast Statue","Pen Nib","Regal Pillow","Busted Crown","Gremlin Horn","Ornamental Fan","Singing Bowl","Dream Catcher","Sozu","Oddly Smooth Stone","Girya","Paper Frog","Kunai","Mercury Hourglass"],"acts_visited":["Exordium","TheCity","TheBeyond"],"potions_floor_usage":[16,27,31,33,39,50,50,50],"damage_taken":[{"damage":3.0,"enemies":"Small Slimes","floor":1.0,"turns":4.0},{"damage":4.0,"enemies":"Jaw Worm","floor":4.0,"turns":4.0},{"damage":0.0,"enemies":"2 Louse","floor":5.0,"turns":4.0},{"damage":32,"enemies":"Gremlin Nob","floor":7,"turns":4},{"damage":30,"enemies":"Lagavulin","floor":10,"turns":6},{"damage":8,"enemies":"Blue Slaver","floor":11,"turns":4},{"damage":1,"enemies":"2 Fungi Beasts","floor":14,"turns":3},{"damage":43,"enemies":"Hexaghost","floor":16,"turns":9},{"damage":27,"enemies":"2 Thieves","floor":18,"turns":5},{"damage":11,"enemies":"Spheric Guardian","floor":22,"turns":3},{"damage":32,"enemies":"Centurion and Healer","floor":24,"turns":7},{"damage":14,"enemies":"3 Cultists","floor":29,"turns":4},{"damage":19,"enemies":"Gremlin Leader","floor":30,"turns":6},{"damage":15,"enemies":"Snake Plant","floor":31,"turns":6},{"damage":26,"enemies":"Champ","floor":33,"turns":7},{"damage":14,"enemies":"Orb Walker","floor":35,"turns":4},{"damage":14,"enemies":"Mind Bloom Boss Battle","floor":39,"turns":7},{"damage":22,"enemies":"Giant Head","floor":41,"turns":6},{"damage":0,"enemies":"3 Shapes","floor":44,"turns":1},{"damage":9,"enemies":"Reptomancer","floor":46,"turns":6},{"damage":33,"enemies":"Donu and Deca","floor":50,"turns":8}],"seed_played":"1298469487465226706","potions_obtained":[{"floor":4.0,"key":"Ancient Potion"},{"floor":7,"key":"GamblersBrew"},{"floor":10,"key":"LiquidBronze"},{"floor":11,"key":"PowerPotion"},{"floor":14,"key":"FairyPotion"},{"floor":16,"key":"Regen Potion"},{"floor":18,"key":"FearPotion"},{"floor":24,"key":"BloodPotion"},{"floor":29,"key":"Block Potion"},{"floor":31,"key":"Swift Potion"},{"floor":33,"key":"LiquidMemories"}],"is_trial":false,"path_per_floor":["M","?","?","M","M","R","E","R","T","E","M","R","?","M","R","B",null,"M","?","?","$","M","R","M","?","T","?","R","M","E","M","R","B",null,"M","$","?","?","?","R","E","R","T","M","R","E","R","?","R","B",null],"character_chosen":"IRONCLAD","items_purchased":["Gremlin Horn","Oddly Smooth Stone","Panache"],"campfire_rested":5,"item_purchase_floors":[21,36,36],"current_hp_per_floor":[75,75,57,59,65,65,39,63,63,39,37,37,21,26,65,28,67,46,46,46,46,41,41,15,15,15,16,56,50,37,44,87,69,87,81,81,69,71,65,65,51,51,51,59,59,58,58,48,96,69],"gold":139,"neow_bonus":"RANDOM_COMMON_RELIC","is_daily":false,"chose_seed":false,"campfire_upgraded":4,"win_rate":0.0,"timestamp":1609083575,"path_taken":["M","?","?","M","M","R","E","R","T","E","M","R","?","?","R","BOSS","M","?","?","$","M","R","?","?","T","?","R","M","E","M","R","BOSS","M","$","?","?","?","R","E","R","T","M","R","E","R","?","R","BOSS"],"items_purchased_type":["Relic","Relic","Card"],"build_version":"2020-12-22","purchased_purges":1,"victory":true,"max_hp_per_floor":[80,80,80,80,80,80,80,80,80,80,80,80,80,80,80,80,80,80,80,80,80,80,80,80,80,80,85,85,87,87,89,91,93,93,95,95,95,97,99,99,101,101,101,103,103,105,105,105,107,107],"card_choices":[{"not_picked":["True Grit","Warcry"],"picked":"Rampage","floor":1.0},{"not_picked":["Anger","Perfected Strike"],"picked":"Shrug It Off","floor":4.0},{"not_picked":["Dropkick","Perfected Strike"],"picked":"Whirlwind","floor":5.0},{"not_picked":["Havoc","Flex","Twin Strike"],"picked":"SKIP","floor":7},{"not_picked":["Burning Pact","Armaments","Wild Strike"],"picked":"SKIP","floor":10},{"not_picked":["Evolve","Thunderclap"],"picked":"True Grit","floor":11},{"not_picked":["Body Slam","Heavy Blade","Spot Weakness"],"picked":"SKIP","floor":14},{"not_picked":["Corruption","Exhume"],"picked":"Demon Form","floor":16},{"not_picked":["Bloodletting+1"],"picked":"SKIP","floor":18},{"not_picked":["Hemokinesis+1"],"picked":"SKIP","floor":22},{"not_picked":["Power Through+1"],"picked":"SKIP","floor":24},{"not_picked":["Disarm"],"picked":"Singing Bowl","floor":29},{"not_picked":[],"picked":"Battle Trance+1","floor":30},{"not_picked":["Iron Wave"],"picked":"Singing Bowl","floor":31},{"not_picked":["Spot Weakness"],"picked":"Singing Bowl","floor":32},{"not_picked":["Double Tap"],"picked":"Singing Bowl","floor":33},{"not_picked":["Havoc"],"picked":"Singing Bowl","floor":35},{"not_picked":["Trip"],"picked":"Singing Bowl","floor":38},{"not_picked":["Iron Wave"],"picked":"Singing Bowl","floor":39},{"not_picked":["Reaper"],"picked":"Singing Bowl","floor":41},{"not_picked":["Blood for Blood"],"picked":"Singing Bowl","floor":44},{"not_picked":["Perfected Strike"],"picked":"Singing Bowl","floor":46},{"not_picked":["Dark Embrace+1"],"picked":"Singing Bowl","floor":49}],"player_experience":200557,"relics_obtained":[{"floor":7,"key":"White Beast Statue"},{"floor":9,"key":"Pen Nib"},{"floor":10,"key":"Regal Pillow"},{"floor":26,"key":"Singing Bowl"},{"floor":30,"key":"Dream Catcher"},{"floor":39,"key":"Girya"},{"floor":41,"key":"Paper Frog"},{"floor":43,"key":"Kunai"},{"floor":46,"key":"Mercury Hourglass"}],"event_choices":[{"damage_healed":0.0,"max_hp_gain":0.0,"max_hp_loss":0.0,"gold_gain":0.0,"event_name":"Living Wall","player_choice":"Grow","floor":2.0,"gold_loss":0.0,"damage_taken":0.0,"cards_upgraded":["Rampage"]},{"damage_healed":0.0,"max_hp_gain":0.0,"max_hp_loss":0.0,"gold_gain":0.0,"event_name":"Scrap Ooze","player_choice":"Success","floor":3.0,"gold_loss":0.0,"damage_taken":18.0,"relics_obtained":["Bronze Scales"]},{"damage_healed":0,"gold_gain":0,"player_choice":"Entered Light","damage_taken":16,"max_hp_gain":0,"max_hp_loss":0,"event_name":"Shining Light","floor":13,"gold_loss":0,"cards_upgraded":["Defend_R","Defend_R"]},{"cards_removed":["Strike_R"],"damage_healed":0,"gold_gain":0,"player_choice":"Gave Gold","damage_taken":0,"max_hp_gain":0,"max_hp_loss":0,"event_name":"Beggar","floor":19,"gold_loss":75},{"damage_healed":0,"gold_gain":275,"player_choice":"Desecrate","damage_taken":0,"max_hp_gain":0,"max_hp_loss":0,"event_name":"Golden Shrine","floor":20,"gold_loss":0,"cards_obtained":["Regret"]},{"damage_healed":0,"gold_gain":0,"player_choice":"Obtained Relic","damage_taken":0,"relics_obtained":["Ornamental Fan"],"max_hp_gain":0,"max_hp_loss":0,"event_name":"Addict","floor":25,"gold_loss":85},{"damage_healed":0,"gold_gain":0,"player_choice":"Shed Blood","damage_taken":20,"max_hp_gain":5,"max_hp_loss":0,"event_name":"Forgotten Altar","floor":27,"gold_loss":0},{"damage_healed":0,"gold_gain":0,"player_choice":"Embrace Madness","damage_taken":12,"max_hp_gain":0,"max_hp_loss":0,"event_name":"Winding Halls","floor":37,"gold_loss":0,"cards_obtained":["Madness","Madness"]},{"damage_healed":0,"gold_gain":0,"player_choice":"Memory 1","damage_taken":0,"max_hp_gain":0,"max_hp_loss":0,"event_name":"SensoryStone","floor":38,"gold_loss":0},{"damage_healed":0,"gold_gain":0,"player_choice":"Fight","damage_taken":0,"max_hp_gain":0,"max_hp_loss":0,"event_name":"MindBloom","floor":39,"gold_loss":0},{"damage_healed":0,"gold_gain":0,"player_choice":"Damaged","damage_taken":10,"max_hp_gain":0,"max_hp_loss":0,"event_name":"Wheel of Change","floor":48,"gold_loss":0}],"is_beta":false,"boss_relics":[{"not_picked":["Pandora\u0027s Box","Tiny House"],"picked":"Busted Crown"},{"not_picked":["Coffee Dripper","Black Star"],"picked":"Sozu"}],"items_purged_floors":[21],"is_endless":false,"potions_floor_spawned":[4,7,10,11,14,16,18,22,24,29,30,31,33,35,39,41,44,46],"ascension_level":8}}