{"host":"30jsp143e4v19aze","time":1609098932,"event":{"mods":["BaseMod","Colored Map","Colored Powertips","Curses Come First","DeckTracker","Highlight Path","Minty Spire (QoL Compilation)","Quick Restart","Relic Stats","StSLib","everything is the same but u backflip on backflip","slay the spire mod where everything is the same but ironclad has a cowboy hat"],"gold_per_floor":[213,225,241,241,258,7,42,42,42,42,67,86,117,109,121,204,216,246,173,185,197,484,496,528,551,563,575,617,231,256,271,271,349,349,369,369,384,41,53,53,70,103,172,172,190,207,226,277,277,277,277,277,277,10,10,10],"floor_reached":55,"playtime":2938,"items_purged":["Regret","Backstab"],"score":2064,"play_id":"5fa46b6f-6a4a-44fb-b55b-7766be115314","local_time":"20201227205532","is_ascension_mode":true,"campfire_choices":[{"data":"Die Die Die","floor":8,"key":"SMITH"},{"data":"Bouncing Flask","floor":10,"key":"SMITH"},{"data":"Noxious Fumes","floor":15,"key":"SMITH"},{"data":"Calculated Gamble","floor":23,"key":"SMITH"},{"data":"Venomology","floor":27,"key":"SMITH"},{"floor":32,"key":"REST"},{"floor":40,"key":"REST"},{"floor":49,"key":"RECALL"},{"data":"Adrenaline","floor":53,"key":"SMITH"}],"circlet_count":0,"master_deck":["AscendersBane","Strike_G+1","Strike_G+1","Strike_G+1","Strike_G+1","Defend_G+1","Defend_G+1","Defend_G+1","Defend_G+1","Defend_G+1","Survivor","Neutralize","Bouncing Flask+1","Noxious Fumes+1","Terror","Bane","Die Die Die+1","Deadly Poison","Caltrops","Acrobatics","Calculated Gamble+1","Venomology+1","Adrenaline+1","Catalyst+1","Outmaneuver+1","Deflect+1","PiercingWail+1","Dark Shackles+1","Leg Sweep+1","Tactician+1","Bullet Time+1","Madness+1","Madness+1","Leg Sweep+1","Backflip+1","Noxious Fumes","Finesse+1","Crippling Poison+1","Deflect+1","Night Terror+1","Blur+1","Crippling Poison+1","PiercingWail+1","Footwork"],"relics":["Ring of the Snake","Letter Opener","Incense Burner","TungstenRod","MawBank","Runic Pyramid","Pear","Toxic Egg 2","Singing Bowl","FossilizedHelix","Sling","Orichalcum","SlaversCollar","InkBottle","Tingsha","Strange Spoon"],"acts_visited":["Exordium","TheCity","TheBeyond","TheEnding"],"potions_floor_usage":[13,16,18,24,28,28,30,30,33,33,33,33,39,41,41,42,45,48,48,48,51,51],"damage_taken":[{"damage":1,"enemies":"Cultist","floor":1,"turns":4},{"damage":4,"enemies":"Small Slimes","floor":2,"turns":4},{"damage":0,"enemies":"Jaw Worm","floor":3,"turns":3},{"damage":4,"enemies":"Looter","floor":5,"turns":3},{"damage":6,"enemies":"Gremlin Nob","floor":7,"turns":3},{"damage":10,"enemies":"Lagavulin","floor":11,"turns":5},{"damage":0,"enemies":"Lots of Slimes","floor":12,"turns":1},{"damage":17,"enemies":"3 Sentries","floor":13,"turns":4},{"damage":8,"enemies":"The Guardian","floor":16,"turns":8},{"damage":5,"enemies":"2 Thieves","floor":18,"turns":3},{"damage":7,"enemies":"Shell Parasite","floor":24,"turns":4},{"damage":8,"enemies":"Snake Plant","floor":25,"turns":3},{"damage":7,"enemies":"Gremlin Leader","floor":28,"turns":5},{"damage":0,"enemies":"Slavers","floor":30,"turns":5},{"damage":0,"enemies":"Centurion and Healer","floor":31,"turns":7},{"damage":26,"enemies":"Automaton","floor":33,"turns":10},{"damage":0,"enemies":"3 Shapes","floor":35,"turns":7},{"damage":2,"enemies":"Orb Walker","floor":37,"turns":4},{"damage":18,"enemies":"Sphere and 2 Shapes","floor":39,"turns":7},{"damage":0,"enemies":"Jaw Worm Horde","floor":41,"turns":7},{"damage":8,"enemies":"Reptomancer","floor":42,"turns":5},{"damage":0,"enemies":"3 Darklings","floor":45,"turns":4},{"damage":18,"enemies":"4 Shapes","floor":46,"turns":6},{"damage":0,"enemies":"Writhing Mass","floor":47,"turns":4},{"damage":0,"enemies":"2 Orb Walkers","floor":48,"turns":5},{"damage":0,"enemies":"Time Eater","floor":50,"turns":7},{"damage":22,"enemies":"Donu and Deca","floor":51,"turns":10},{"damage":72,"enemies":"Shield and Spear","floor":55,"turns":3}],"seed_played":"-7614756012182255526","potions_obtained":[{"floor":1,"key":"SpeedPotion"},{"floor":3,"key":"Explosive Potion"},{"floor":5,"key":"EssenceOfSteel"},{"floor":14,"key":"Fire Potion"},{"floor":25,"key":"Poison Potion"},{"floor":28,"key":"AttackPotion"},{"floor":31,"key":"EntropicBrew"},{"floor":35,"key":"Energy Potion"},{"floor":42,"key":"DuplicationPotion"},{"floor":46,"key":"EntropicBrew"}],"is_trial":false,"path_per_floor":["M","M","M","?","M","$","E","R","T","R","E","M","E","?","R","B",null,"M","?","T","?","?","R","M","M","T","R","E","$","E","M","R","B",null,"M","?","M","$","M","R","M","E","T","?","M","M","M","?","R","B","B",null,"R","$","E"],"character_chosen":"THE_SILENT","items_purchased":["Die Die Die","Deadly Poison","Caltrops","PiercingWail+1","Dark Shackles+1","Sling","Backflip+1","Noxious Fumes","Finesse+1","PiercingWail+1","Strange Spoon","Footwork"],"campfire_rested":2,"item_purchase_floors":[6,6,6,29,29,29,38,38,38,54,54,54],"current_hp_per_floor":[58,54,54,54,50,50,44,44,44,44,34,34,17,17,17,9,52,47,57,57,57,57,57,50,42,42,42,35,35,35,35,57,31,65,67,54,52,52,36,60,60,52,52,52,52,36,36,36,36,36,14,65,65,65,0,0],"gold":10,"neow_bonus":"HUNDRED_GOLD","is_daily":false,"chose_seed":false,"campfire_upgraded":6,"win_rate":0.0,"timestamp":1609098932,"path_taken":["M","M","M","?","M","$","E","R","T","R","E","?","E","?","R","BOSS","M","?","?","?","?","R","M","?","T","R","E","$","E","?","R","BOSS","M","?","M","$","M","R","M","E","T","?","M","M","M","?","R","BOSS","BOSS","R","$","E"],"items_purchased_type":["Card","Card","Card","Card","Card","Relic","Card","Card","Card","Card","Relic","Card"],"build_version":"2020-12-22","purchased_purges":2,"victory":false,"max_hp_per_floor":[66,66,66,66,66,66,66,66,66,66,66,66,66,66,66,66,66,66,76,76,76,76,76,76,76,76,76,76,76,76,76,76,76,76,78,78,78,78,80,80,80,80,80,80,80,82,82,82,82,82,82,82,82,82,82,82],"relic_stats":{"Strange Spoon":[1],"Singing Bowl":6,"counters":[28,141],"Tingsha":[43],"Letter Opener":[492],"Orichalcum":[162],"MawBank":192,"obtain_stats":[{"Pear":19,"Singing Bowl":26,"Tingsha":48,"Incense Burner":9,"Letter Opener":7,"Orichalcum":30,"MawBank":13,"Sling":29,"SlaversCollar":34,"Strange Spoon":54,"Toxic Egg 2":20,"TungstenRod":11,"FossilizedHelix":28,"InkBottle":42,"Ring of the Snake":0,"Runic Pyramid":17},{"Pear":10,"Singing Bowl":12,"Tingsha":25,"Incense Burner":5,"Letter Opener":5,"Orichalcum":14,"MawBank":8,"Sling":13,"SlaversCollar":16,"Strange Spoon":27,"Toxic Egg 2":10,"TungstenRod":6,"FossilizedHelix":13,"InkBottle":21,"Ring of the Snake":0,"Runic Pyramid":9},{"Pear":38,"Singing Bowl":45,"Tingsha":121,"Incense Burner":17,"Letter Opener":17,"Orichalcum":55,"MawBank":27,"Sling":50,"SlaversCollar":72,"Strange Spoon":138,"Toxic Egg 2":38,"TungstenRod":22,"FossilizedHelix":50,"InkBottle":102,"Ring of the Snake":0,"Runic Pyramid":35}],"TungstenRod":31,"InkBottle":[12],"Ring of the Snake":[56]},"card_choices":[{"not_picked":["Dodge and Roll","Calculated Gamble"],"picked":"Bouncing Flask","floor":1},{"not_picked":["Prepared","Backflip"],"picked":"Backstab","floor":2},{"not_picked":["Choke","Sucker Punch"],"picked":"Noxious Fumes","floor":3},{"not_picked":["Endless Agony","Heel Hook"],"picked":"Bane","floor":5},{"not_picked":["Caltrops","Concentrate","Quick Slash"],"picked":"SKIP","floor":7},{"not_picked":["Terror","Blade Dance"],"picked":"Acrobatics","floor":11},{"not_picked":["Blade Dance","Cloak And Dagger"],"picked":"Calculated Gamble","floor":12},{"not_picked":["Backflip","Predator"],"picked":"Venomology","floor":13},{"not_picked":["Burst","Glass Knife"],"picked":"Adrenaline","floor":16},{"not_picked":["Blade Dance+1","Deadly Poison"],"picked":"Dagger Spray+1","floor":18},{"not_picked":["Bane","Bouncing Flask+1"],"picked":"Catalyst+1","floor":24},{"not_picked":["Terror+1","Expertise+1"],"picked":"Outmaneuver+1","floor":25},{"not_picked":["Skewer","Storm of Steel+1"],"picked":"Deflect+1","floor":28},{"not_picked":["Accuracy","Acrobatics+1"],"picked":"Leg Sweep+1","floor":30},{"not_picked":["Calculated Gamble+1","Masterful Stab+1"],"picked":"Tactician+1","floor":31},{"not_picked":["Wraith Form v2","After Image"],"picked":"Bullet Time+1","floor":33},{"not_picked":["Dodge and Roll+1","Terror+1","Deadly Poison+1"],"picked":"Singing Bowl","floor":35},{"not_picked":["Footwork","Quick Slash"],"picked":"Leg Sweep+1","floor":37},{"not_picked":["Well Laid Plans","Outmaneuver+1","Dagger Spray"],"picked":"Singing Bowl","floor":39},{"not_picked":["Accuracy","PiercingWail+1"],"picked":"Crippling Poison+1","floor":41},{"not_picked":["Endless Agony","Well Laid Plans"],"picked":"Deflect+1","floor":42},{"not_picked":["Deadly Poison+1","Outmaneuver+1"],"picked":"Night Terror+1","floor":45},{"not_picked":["Backflip+1","All Out Attack","Blade Dance+1"],"picked":"Singing Bowl","floor":46},{"not_picked":["Masterful Stab","Dagger Spray"],"picked":"Blur+1","floor":47},{"not_picked":["Deadly Poison+1","Quick Slash+1"],"picked":"Crippling Poison+1","floor":48}],"player_experience":3269246,"relics_obtained":[{"floor":7,"key":"Letter Opener"},{"floor":9,"key":"Incense Burner"},{"floor":11,"key":"TungstenRod"},{"floor":13,"key":"MawBank"},{"floor":20,"key":"Toxic Egg 2"},{"floor":26,"key":"Singing Bowl"},{"floor":28,"key":"FossilizedHelix"},{"floor":30,"key":"Orichalcum"},{"floor":42,"key":"InkBottle"},{"floor":48,"key":"Tingsha"}],"event_choices":[{"damage_healed":0,"gold_gain":0,"cards_transformed":["Strike_G"],"player_choice":"Transformed","damage_taken":0,"max_hp_gain":0,"max_hp_loss":0,"event_name":"Transmorgrifier","floor":4,"gold_loss":0,"cards_obtained":["Terror"]},{"damage_healed":0,"gold_gain":0,"player_choice":"Bought 1 Potion","damage_taken":0,"max_hp_gain":0,"max_hp_loss":0,"event_name":"The Woman in Blue","floor":14,"gold_loss":0},{"damage_healed":0,"gold_gain":0,"player_choice":"Obtained Relic","damage_taken":0,"relics_obtained":["Pear"],"max_hp_gain":0,"max_hp_loss":0,"event_name":"Addict","floor":19,"gold_loss":85},{"damage_healed":0,"gold_gain":0,"player_choice":"Simplicity","damage_taken":0,"max_hp_gain":0,"max_hp_loss":0,"event_name":"Back to Basics","floor":21,"gold_loss":0,"cards_upgraded":["Strike_G","Strike_G","Strike_G","Strike_G","Defend_G","Defend_G","Defend_G","Defend_G","Defend_G"]},{"damage_healed":0,"gold_gain":275,"player_choice":"Desecrate","damage_taken":0,"max_hp_gain":0,"max_hp_loss":0,"event_name":"Golden Shrine","floor":22,"gold_loss":0,"cards_obtained":["Regret"]},{"damage_healed":0,"gold_gain":0,"player_choice":"Embrace Madness","damage_taken":14,"max_hp_gain":0,"max_hp_loss":0,"event_name":"Winding Halls","floor":36,"gold_loss":0,"cards_obtained":["Madness","Madness"]},{"cards_removed":["Dagger Spray"],"damage_healed":0,"gold_gain":0,"player_choice":"Removed Attack","damage_taken":0,"max_hp_gain":0,"max_hp_loss":0,"event_name":"Falling","floor":44,"gold_loss":0},{"damage_healed":0,"gold_gain":0,"player_choice":"Fight","damage_taken":0,"max_hp_gain":0,"max_hp_loss":0,"event_name":"Mysterious Sphere","floor":48,"gold_loss":0}],"is_beta":false,"boss_relics":[{"not_picked":["Black Star","Coffee Dripper"],"picked":"Runic Pyramid"},{"not_picked":["Tiny House","Velvet Choker"],"picked":"SlaversCollar"}],"items_purged_floors":[29,38],"is_endless":false,"potions_floor_spawned":[1,3,5,16,25,28,31,35,39,42,46,47],"killed_by":"Shield and Spear","ascension_level":20}}