{"host":"szp1d6dso4pv7ddl","time":1609052671,"event":{"mods":["AchievementEnabler","Alarm Clock","BaseMod","Bestiary","Block Reminder","Colored Map","Colored Powertips","Curses Come First","Displayed Cursed Tome","Highlight Path","Minty Spire (QoL Compilation)","Permanent Neow","Quick Restart","Relic Sorter","Relic Stats","StSLib","Synergy Search"],"gold_per_floor":[117,117,131,95,109,134,134,134,134],"floor_reached":8,"playtime":425,"items_purged":[],"score":92,"play_id":"00d5ab6c-13c8-4ee5-9e94-8501a349f74d","local_time":"20201226230431","is_ascension_mode":true,"campfire_choices":[{"floor":7,"key":"REST"}],"circlet_count":0,"master_deck":["AscendersBane","Strike_G","Strike_G","Strike_G","Strike_G","Strike_G","Defend_G","Defend_G","Defend_G","Defend_G","Survivor","Neutralize","A Thousand Cuts","Slice","A Thousand Cuts","Slice","Infinite Blades","Dash","Deflect"],"relics":["Ring of the Snake","InkBottle"],"acts_visited":["Exordium"],"potions_floor_usage":[6],"damage_taken":[{"damage":1,"enemies":"Jaw Worm","floor":1,"turns":8},{"damage":14,"enemies":"Cultist","floor":3,"turns":5},{"damage":1,"enemies":"Small Slimes","floor":5,"turns":4},{"damage":10,"enemies":"Lagavulin","floor":6,"turns":6},{"damage":68,"enemies":"Gremlin Nob","floor":8,"turns":5}],"seed_played":"-3950028747959683142","potions_obtained":[{"floor":5,"key":"SkillPotion"}],"is_trial":false,"path_per_floor":["M","?","M","$","M","E","R","E"],"character_chosen":"THE_SILENT","items_purchased":["Infinite Blades"],"campfire_rested":1,"item_purchase_floors":[4],"current_hp_per_floor":[62,62,48,48,47,37,58,0,0],"gold":134,"neow_bonus":"ONE_RANDOM_RARE_CARD","is_daily":false,"chose_seed":false,"campfire_upgraded":0,"win_rate":0.0,"timestamp":1609052671,"path_taken":["M","?","?","$","M","E","R","E"],"items_purchased_type":["Card"],"build_version":"2020-12-22","purchased_purges":0,"victory":false,"max_hp_per_floor":[70,70,70,70,70,70,70,70,70],"relic_stats":{"counters":[5,28],"obtain_stats":[{"InkBottle":6,"Ring of the Snake":0},{"InkBottle":4,"Ring of the Snake":0},{"InkBottle":23,"Ring of the Snake":0}],"InkBottle":[1],"Ring of the Snake":[10]},"card_choices":[{"not_picked":["Backflip","Underhanded Strike"],"picked":"Slice","floor":1},{"not_picked":["Acrobatics","Terror"],"picked":"Slice","floor":3},{"not_picked":["Glass Knife","Sucker Punch"],"picked":"Dash","floor":5},{"not_picked":["Expertise","Sucker Punch"],"picked":"Deflect","floor":6}],"player_experience":1029581,"relics_obtained":[{"floor":6,"key":"InkBottle"}],"event_choices":[{"damage_healed":0,"gold_gain":0,"cards_transformed":["Defend_G"],"player_choice":"Transformed","damage_taken":0,"max_hp_gain":0,"max_hp_loss":0,"event_name":"Transmorgrifier","floor":2,"gold_loss":0,"cards_obtained":["A Thousand Cuts"]}],"is_beta":false,"boss_relics":[],"items_purged_floors":[],"is_endless":false,"potions_floor_spawned":[5],"killed_by":"Gremlin Nob","ascension_level":13}}