{"host":"dcj2yvrgcvh5dl2s","time":1609060723,"event":{"mods":["BaseMod","Better Note","Block Reminder","Colored Powertips","DeckTracker","Minty Spire (QoL Compilation)","Quick Restart","Rare Cards Sparkle","Relic Stats","StSLib"],"gold_per_floor":[117,117,117,392,317,642,642,642,642,567,591,609,648,678,678,678,678],"floor_reached":16,"playtime":426,"items_purged":["Regret"],"score":191,"play_id":"45945c0e-4ed6-4979-8b6e-3693666fcd15","local_time":"20201227191843","is_ascension_mode":true,"campfire_choices":[{"floor":7,"key":"REST"},{"floor":15,"key":"REST"}],"circlet_count":0,"master_deck":["AscendersBane","Strike_R","Strike_R","Strike_R","Strike_R","Defend_R","Defend_R","Defend_R","Defend_R","Bash+1","Whirlwind+1","Heavy Blade","Shrug It Off","Metallicize","Pummel"],"relics":["Burning Blood","Juzu Bracelet","Prayer Wheel","Old Coin","Golden Idol","Mango","Blue Candle"],"acts_visited":["Exordium"],"potions_floor_usage":[6,13,16],"damage_taken":[{"damage":16,"enemies":"Cultist","floor":1,"turns":4},{"damage":16,"enemies":"Gremlin Nob","floor":6,"turns":3},{"damage":10,"enemies":"Small Slimes","floor":11,"turns":3},{"damage":0,"enemies":"2 Louse","floor":12,"turns":2},{"damage":20,"enemies":"3 Sentries","floor":13,"turns":4},{"damage":75,"enemies":"Hexaghost","floor":16,"turns":10}],"seed_played":"1226293996805500200","potions_obtained":[{"floor":1,"key":"Explosive Potion"},{"floor":11,"key":"Ancient Potion"},{"floor":12,"key":"LiquidBronze"},{"floor":13,"key":"Energy Potion"}],"is_trial":false,"path_per_floor":["M","T","?","?","$","E","R","?","T","?","M","M","E","?","R","B"],"character_chosen":"IRONCLAD","items_purchased":[],"campfire_rested":2,"item_purchase_floors":[],"current_hp_per_floor":[58,58,35,35,35,25,47,47,61,61,57,63,49,49,73,0,0],"gold":678,"neow_bonus":"RANDOM_COMMON_RELIC","is_daily":false,"chose_seed":false,"campfire_upgraded":0,"win_rate":0.0,"timestamp":1609060723,"path_taken":["M","?","?","?","$","E","R","?","T","?","M","M","E","?","R","BOSS"],"items_purchased_type":[],"build_version":"2020-12-22","purchased_purges":1,"victory":false,"max_hp_per_floor":[75,75,75,75,75,75,75,68,82,82,82,82,82,82,82,82,82],"relic_stats":{"counters":[6,26],"Golden Idol":17,"Blue Candle":[0],"Prayer Wheel":2,"Juzu Bracelet":1,"obtain_stats":[{"Golden Idol":8,"Blue Candle":13,"Prayer Wheel":2,"Mango":9,"Juzu Bracelet":0,"Burning Blood":0,"Old Coin":6},{"Golden Idol":2,"Blue Candle":5,"Prayer Wheel":1,"Mango":2,"Juzu Bracelet":0,"Burning Blood":0,"Old Coin":2},{"Golden Idol":7,"Blue Candle":16,"Prayer Wheel":4,"Mango":7,"Juzu Bracelet":0,"Burning Blood":0,"Old Coin":7}],"Burning Blood":30},"card_choices":[{"not_picked":["Clothesline","Flex"],"picked":"Whirlwind","floor":1},{"not_picked":["Sword Boomerang","Anger"],"picked":"Heavy Blade","floor":6},{"not_picked":["Feel No Pain","True Grit"],"picked":"Shrug It Off","floor":11},{"not_picked":["Heavy Blade","Perfected Strike","Body Slam"],"picked":"SKIP","floor":11},{"not_picked":["Clothesline","Juggernaut"],"picked":"Metallicize","floor":12},{"not_picked":["Thunderclap","Perfected Strike"],"picked":"Pummel","floor":12},{"not_picked":["Dual Wield","Fiend Fire","Clash"],"picked":"SKIP","floor":13}],"player_experience":2059033,"relics_obtained":[{"floor":2,"key":"Prayer Wheel"},{"floor":6,"key":"Old Coin"},{"floor":9,"key":"Mango"},{"floor":13,"key":"Blue Candle"}],"event_choices":[{"damage_healed":0,"gold_gain":0,"player_choice":"Entered Light","damage_taken":23,"max_hp_gain":0,"max_hp_loss":0,"event_name":"Shining Light","floor":3,"gold_loss":0,"cards_upgraded":["Bash","Whirlwind"]},{"damage_healed":0,"gold_gain":275,"player_choice":"Desecrate","damage_taken":0,"max_hp_gain":0,"max_hp_loss":0,"event_name":"Golden Shrine","floor":4,"gold_loss":0,"cards_obtained":["Regret"]},{"damage_healed":0,"gold_gain":0,"player_choice":"Lose Max HP","damage_taken":0,"relics_obtained":["Golden Idol"],"max_hp_gain":0,"max_hp_loss":7,"event_name":"Golden Idol","floor":8,"gold_loss":0},{"cards_removed":["Strike_R"],"damage_healed":0,"gold_gain":0,"player_choice":"Card Removal","damage_taken":0,"max_hp_gain":0,"max_hp_loss":0,"event_name":"The Cleric","floor":10,"gold_loss":75},{"damage_healed":0,"gold_gain":30,"player_choice":"Searched \u00272\u0027 times","damage_taken":0,"max_hp_gain":0,"max_hp_loss":0,"event_name":"Dead Adventurer","floor":14,"gold_loss":0}],"is_beta":false,"boss_relics":[],"items_purged_floors":[5],"is_endless":false,"potions_floor_spawned":[1,11,12,13],"killed_by":"Hexaghost","ascension_level":16}}