{"host":"kw4o7b3ro2ktmmbe","time":1609069675,"event":{"mods":["BaseMod","Evolution","Minty Spire (QoL Compilation)","Robot Space Explorer","StSLib"],"gold_per_floor":[115,115,133,133,150,150,166,166,166,183,183,193,193,193,193,291,291,302,302,336,356,356,382,382,392,419,469,479,514,514,53,53,149,149,166,166,186,233,245,274,274,274,274,303,318,353,13,32,32,32],"floor_reached":51,"playtime":4719,"items_purged":[],"score":965,"play_id":"c9b393c8-bd90-4412-b1b6-925547212d4b","local_time":"20201228004755","is_ascension_mode":false,"campfire_choices":[{"data":"RobotSpaceExplorer:Fix","floor":6.0,"key":"SMITH"},{"data":"RobotSpaceExplorer:Pulsar","floor":8.0,"key":"SMITH"},{"data":"RobotSpaceExplorer:Pulsar","floor":11.0,"key":"SMITH"},{"data":"RobotSpaceExplorer:Fix","floor":13.0,"key":"SMITH"},{"data":"RobotSpaceExplorer:Pulsar","floor":15.0,"key":"SMITH"},{"data":"RobotSpaceExplorer:RigExplosive","floor":24.0,"key":"SMITH"},{"data":"RobotSpaceExplorer:Pulsar","floor":32,"key":"SMITH"},{"data":"RobotSpaceExplorer:ShovelStrike","floor":42,"key":"SMITH"},{"data":"RobotSpaceExplorer:ShovelStrike","floor":49,"key":"SMITH"}],"circlet_count":0,"master_deck":["RobotSpaceExplorer:ShovelStrike+1","RobotSpaceExplorer:ShovelStrike","RobotSpaceExplorer:ShovelStrike","RobotSpaceExplorer:ShovelStrike+1","RobotSpaceExplorer:Pulsar+1","RobotSpaceExplorer:Pulsar+1","RobotSpaceExplorer:Pulsar+1","RobotSpaceExplorer:Pulsar+1","RobotSpaceExplorer:Fix+1","RobotSpaceExplorer:RigExplosive+1","RobotSpaceExplorer:Fix+1","RobotSpaceExplorer:DroneSwarm","RobotSpaceExplorer:Fix+1","RobotSpaceExplorer:Calculate+1","Necronomicurse"],"relics":["RobotSpaceExplorer:RoboCore","EVO:Axolotl","Singing Bowl","Blood Vial","RobotSpaceExplorer:SearchSpecs","Red Mask","Necronomicon","The Courier","RobotSpaceExplorer:ClockworkSextant","Ancient Tea Set","MutagenicStrength","Membership Card","Nunchaku","PreservedInsect","RobotSpaceExplorer:BottledGravity","Du-Vu Doll","Busted Crown","Peace Pipe","Eternal Feather","White Beast Statue","Potion Belt","Regal Pillow","Blue Candle","HandDrill","Orichalcum","Bag of Marbles","Akabeko"],"acts_visited":["Exordium","TheCity","TheBeyond"],"potions_floor_usage":[33,33,33,38,38,38,40,44,46,48,50,50],"damage_taken":[{"damage":0.0,"enemies":"Cultist","floor":1.0,"turns":2.0},{"damage":0.0,"enemies":"Small Slimes","floor":3.0,"turns":2.0},{"damage":0.0,"enemies":"2 Louse","floor":5.0,"turns":2.0},{"damage":0.0,"enemies":"2 Fungi Beasts","floor":7.0,"turns":3.0},{"damage":0.0,"enemies":"3 Louse","floor":10.0,"turns":3.0},{"damage":0.0,"enemies":"Large Slime","floor":12.0,"turns":2.0},{"damage":21.0,"enemies":"Hexaghost","floor":16.0,"turns":9.0},{"damage":4.0,"enemies":"Spheric Guardian","floor":18.0,"turns":4.0},{"damage":0.0,"enemies":"Masked Bandits","floor":20.0,"turns":4.0},{"damage":5.0,"enemies":"Shell Parasite","floor":21.0,"turns":6.0},{"damage":25.0,"enemies":"Slavers","floor":23.0,"turns":6.0},{"damage":3.0,"enemies":"3 Cultists","floor":25.0,"turns":4.0},{"damage":6,"enemies":"Centurion and Healer","floor":28,"turns":6},{"damage":31,"enemies":"Gremlin Leader","floor":29,"turns":7},{"damage":5,"enemies":"Collector","floor":33,"turns":4},{"damage":0,"enemies":"3 Shapes","floor":35,"turns":5},{"damage":0,"enemies":"Orb Walker","floor":37,"turns":4},{"damage":7,"enemies":"2 Orb Walkers","floor":38,"turns":5},{"damage":0,"enemies":"4 Shapes","floor":39,"turns":4},{"damage":4,"enemies":"Giant Head","floor":40,"turns":7},{"damage":11,"enemies":"Reptomancer","floor":44,"turns":4},{"damage":0,"enemies":"Spire Growth","floor":45,"turns":5},{"damage":0,"enemies":"Giant Head","floor":46,"turns":5},{"damage":1,"enemies":"Transient","floor":48,"turns":5},{"damage":0,"enemies":"Donu and Deca","floor":50,"turns":3}],"seed_played":"8074500083592088346","potions_obtained":[{"floor":5.0,"key":"RobotSpaceExplorer:RecyclePotion"},{"floor":16.0,"key":"Dexterity Potion"},{"floor":18.0,"key":"LiquidBronze"},{"floor":20.0,"key":"EssenceOfSteel"},{"floor":23.0,"key":"RobotSpaceExplorer:PlasmaFlask"},{"floor":29,"key":"RobotSpaceExplorer:PlasmaFlask"},{"floor":38,"key":"AttackPotion"},{"floor":44,"key":"Block Potion"},{"floor":45,"key":"Energy Potion"},{"floor":46,"key":"Ancient Potion"}],"is_trial":false,"path_per_floor":["M","?","M","?","M","R","M","R","T","M","R","M","R","?","R","B",null,"M","?","?","M","?","E","R","M","T","?","M","E","?","$","R","B",null,"M","?","M","?","M","E","?","R","T","E","M","E","$","M","R","B",null],"character_chosen":"RobotSpaceExplorer","items_purchased":["Membership Card","Nunchaku","PreservedInsect","RobotSpaceExplorer:BottledGravity","Du-Vu Doll","Blue Candle","HandDrill","Orichalcum","Bag of Marbles","Akabeko"],"campfire_rested":0,"item_purchase_floors":[31,31,31,31,31,47,47,47,47,47],"current_hp_per_floor":[84,77,81,74,80,80,88,88,88,90,90,90,90,90,90,75,90,92,92,92,92,76,73,73,92,92,92,98,75,75,75,75,92,102,104,104,106,103,110,112,108,117,117,112,122,124,124,126,126,126],"gold":32,"neow_bonus":"TEN_PERCENT_HP_BONUS","is_daily":false,"chose_seed":false,"campfire_upgraded":9,"win_rate":0.0,"timestamp":1609069675,"path_taken":["M","?","M","?","M","R","M","R","T","M","R","M","R","?","R","BOSS","M","?","?","M","?","E","R","M","T","?","?","E","?","$","R","BOSS","M","?","M","?","M","E","?","R","T","E","M","E","$","?","R","BOSS"],"items_purchased_type":["Relic","Relic","Relic","Relic","Relic","Relic","Relic","Relic","Relic","Relic"],"build_version":"2020-12-22","purchased_purges":0,"victory":true,"max_hp_per_floor":[84,84,84,84,86,86,88,88,88,90,90,90,90,90,90,90,90,92,92,92,92,92,94,94,96,96,96,98,100,100,100,100,102,102,104,104,106,108,110,112,118,118,118,120,122,124,124,126,126,126],"card_choices":[{"not_picked":["RobotSpaceExplorer:Pulsar","RobotSpaceExplorer:BigMissile"],"picked":"RobotSpaceExplorer:Fix","floor":1.0},{"not_picked":["RobotSpaceExplorer:MiniDrones","RobotSpaceExplorer:FreezingShield"],"picked":"RobotSpaceExplorer:RigExplosive","floor":3.0},{"not_picked":["RobotSpaceExplorer:PlasmaMissile","RobotSpaceExplorer:BigMissile","RobotSpaceExplorer:ShockKick"],"picked":"Singing Bowl","floor":5.0},{"not_picked":["RobotSpaceExplorer:MiniDrones","RobotSpaceExplorer:DualCore","RobotSpaceExplorer:LaserBurst"],"picked":"Singing Bowl","floor":7.0},{"not_picked":["RobotSpaceExplorer:DoubleBlock","RobotSpaceExplorer:FranticSearch","RobotSpaceExplorer:FrostMissile"],"picked":"Singing Bowl","floor":10.0},{"not_picked":["RobotSpaceExplorer:LuckyStrike","RobotSpaceExplorer:ShovelStrike"],"picked":"RobotSpaceExplorer:Fix","floor":12.0},{"not_picked":["RobotSpaceExplorer:TrailblazerForm","RobotSpaceExplorer:Accelerator"],"picked":"RobotSpaceExplorer:DroneSwarm","floor":16.0},{"not_picked":["RobotSpaceExplorer:Probe","RobotSpaceExplorer:FranticSearch+1","RobotSpaceExplorer:Counterblock"],"picked":"Singing Bowl","floor":18.0},{"not_picked":["RobotSpaceExplorer:ImprovisedAttack+1","RobotSpaceExplorer:MiniDrones"],"picked":"RobotSpaceExplorer:Fix+1","floor":20.0},{"not_picked":["RobotSpaceExplorer:GlueShot+1","RobotSpaceExplorer:ShockKick"],"picked":"RobotSpaceExplorer:Calculate+1","floor":21.0},{"not_picked":["RobotSpaceExplorer:ScrapMissile","RobotSpaceExplorer:Pulsar","RobotSpaceExplorer:SurgingShield+1"],"picked":"Singing Bowl","floor":23.0},{"not_picked":["RobotSpaceExplorer:Pulsar","RobotSpaceExplorer:SurgingStrike","RobotSpaceExplorer:MetalStrike+1"],"picked":"Singing Bowl","floor":25.0},{"not_picked":["RobotSpaceExplorer:SurgingStrike","RobotSpaceExplorer:SurgingShield","RobotSpaceExplorer:Calculate"],"picked":"Singing Bowl","floor":28},{"not_picked":["RobotSpaceExplorer:Wormhole","RobotSpaceExplorer:SurgingStrike","RobotSpaceExplorer:MetalStrike+1"],"picked":"Singing Bowl","floor":29},{"not_picked":["RobotSpaceExplorer:Blaster","RobotSpaceExplorer:ChargingLaser","RobotSpaceExplorer:Arsenal"],"picked":"Singing Bowl","floor":33},{"not_picked":["RobotSpaceExplorer:Probe"],"picked":"Singing Bowl","floor":35},{"not_picked":["RobotSpaceExplorer:Probe"],"picked":"Singing Bowl","floor":37},{"not_picked":["RobotSpaceExplorer:FranticSearch+1"],"picked":"Singing Bowl","floor":38},{"not_picked":["RobotSpaceExplorer:ShovelStrike+1"],"picked":"Singing Bowl","floor":39},{"not_picked":["RobotSpaceExplorer:SlimeMissile"],"picked":"Singing Bowl","floor":40},{"not_picked":["Mind Blast"],"picked":"Singing Bowl","floor":41},{"not_picked":["The Bomb"],"picked":"Singing Bowl","floor":41},{"not_picked":["Discovery"],"picked":"Singing Bowl","floor":41},{"not_picked":["RobotSpaceExplorer:ImprovisedAttack+1"],"picked":"Singing Bowl","floor":44},{"not_picked":["RobotSpaceExplorer:Pulsar+1"],"picked":"Singing Bowl","floor":45},{"not_picked":["RobotSpaceExplorer:Probe"],"picked":"Singing Bowl","floor":46},{"not_picked":["RobotSpaceExplorer:PowerGlove+1"],"picked":"Singing Bowl","floor":48}],"player_experience":1817266,"relics_obtained":[{"floor":9.0,"key":"Blood Vial"},{"floor":20.0,"key":"Red Mask"},{"floor":22.0,"key":"Necronomicon"},{"floor":23.0,"key":"The Courier"},{"floor":26.0,"key":"RobotSpaceExplorer:ClockworkSextant"},{"floor":29,"key":"Ancient Tea Set"},{"floor":38,"key":"Peace Pipe"},{"floor":40,"key":"Eternal Feather"},{"floor":43,"key":"White Beast Statue"},{"floor":44,"key":"Potion Belt"},{"floor":46,"key":"Regal Pillow"}],"event_choices":[{"cards_removed":["RobotSpaceExplorer:Scan"],"damage_healed":0.0,"max_hp_gain":0.0,"max_hp_loss":0.0,"gold_gain":0.0,"event_name":"Golden Wing","player_choice":"Card Removal","floor":2.0,"gold_loss":0.0,"damage_taken":7.0},{"damage_healed":0.0,"max_hp_gain":0.0,"max_hp_loss":0.0,"gold_gain":0.0,"event_name":"Scrap Ooze","player_choice":"Success","floor":4.0,"gold_loss":0.0,"damage_taken":7.0,"relics_obtained":["Singing Bowl"]},{"damage_healed":0.0,"max_hp_gain":0.0,"max_hp_loss":0.0,"gold_gain":0.0,"event_name":"Liars Game","player_choice":"Ignored","floor":14.0,"gold_loss":0.0,"damage_taken":0.0},{"damage_healed":0.0,"max_hp_gain":0.0,"max_hp_loss":0.0,"gold_gain":0.0,"event_name":"Vampires","player_choice":"Ignored","floor":19.0,"gold_loss":0.0,"damage_taken":0.0},{"damage_healed":0.0,"max_hp_gain":0.0,"max_hp_loss":0.0,"gold_gain":0.0,"event_name":"Masked Bandits","player_choice":"Fought Bandits","floor":20.0,"gold_loss":0.0,"damage_taken":0.0},{"damage_healed":0.0,"max_hp_gain":0.0,"max_hp_loss":0.0,"gold_gain":0.0,"event_name":"Cursed Tome","player_choice":"Obtained Book","floor":22.0,"gold_loss":0.0,"damage_taken":16.0},{"damage_healed":0.0,"max_hp_gain":0.0,"max_hp_loss":0.0,"gold_gain":100.0,"event_name":"The Joust","player_choice":"Bet on Murderer","floor":27.0,"gold_loss":50.0,"damage_taken":0.0},{"damage_healed":0,"gold_gain":0,"player_choice":"Inject Mutagens","damage_taken":0,"relics_obtained":["MutagenicStrength"],"max_hp_gain":0,"max_hp_loss":0,"event_name":"Drug Dealer","floor":30,"gold_loss":0},{"cards_removed":["RobotSpaceExplorer:MiniLasers"],"damage_healed":0,"gold_gain":0,"player_choice":"Removed Attack","damage_taken":0,"max_hp_gain":0,"max_hp_loss":0,"event_name":"Falling","floor":36,"gold_loss":0},{"damage_healed":0,"gold_gain":0,"player_choice":"Fight","damage_taken":0,"max_hp_gain":0,"max_hp_loss":0,"event_name":"Mysterious Sphere","floor":38,"gold_loss":0},{"damage_healed":0,"gold_gain":0,"player_choice":"Memory 3","damage_taken":10,"max_hp_gain":0,"max_hp_loss":0,"event_name":"SensoryStone","floor":41,"gold_loss":0}],"is_beta":false,"boss_relics":[{"not_picked":["Runic Dome","Cursed Key"],"picked":"RobotSpaceExplorer:SearchSpecs"},{"not_picked":["RobotSpaceExplorer:Reprocessor","Fusion Hammer"],"picked":"Busted Crown"}],"items_purged_floors":[],"is_endless":false,"potions_floor_spawned":[5,12,16,18,20,23,29,37,38,39,44,45,46,48],"ascension_level":0}}