{"host":"ywt8u9kq80n9hc8s","time":1609100832,"event":{"mods":["AchievementEnabler","Alarm Clock","BaseMod","Better Altar","Better Match","Better Note","Better Sensory Stone","Better Skull","Better Third Choice","BetterRewards","Displayed Cursed Tome","Filter the Spire","Infinite Spire","Minty Spire (QoL Compilation)","Permanent Neow","Quick Restart","Rare Cards Sparkle","StSLib"],"gold_per_floor":[110,129,141,160,177,177,208,208,258,301,12,38,38,71,71,182,182,201,219,230,246,0,43,71,115,208,251,279,335,415,487,499,625,637,691,435,479,548,322,358,733,791,815,891,936,996,1041,1068,1068,1093],"floor_reached":51,"playtime":6522,"items_purged":["Prepared"],"score":1795,"play_id":"6b140114-f2bf-49be-b345-b5deaa8c9473","local_time":"20201227222712","daily_mods":["Draft","Vintage","Diverse","Heirloom","Time Dilation","Flight","DeadlyEvents","Elite Swarm"],"is_ascension_mode":false,"campfire_choices":[{"floor":6,"key":"REST"},{"data":"Echo Form","floor":8,"key":"SMITH"},{"data":"DevaForm","floor":13,"key":"SMITH"},{"data":"Wraith Form v2","floor":15,"key":"SMITH"},{"data":"Demon Form","floor":32,"key":"SMITH"},{"data":"Establishment","floor":49,"key":"SMITH"}],"circlet_count":0,"master_deck":["Demon Form+1","Wraith Form v2+1","Echo Form+1","DevaForm+1","Sword Boomerang","Coolheaded","Hologram","Outmaneuver+1","Ball Lightning","Streamline","Quick Slash","Body Slam+1","Consecrate+1","CrushJoints","Meditate+1","Hello World","Cloak And Dagger","BootSequence","Backflip","Feed","Corruption","Establishment+1","Wish","Meteor Strike","Barricade+1","Hyperbeam"],"relics":["Snecko Eye","TungstenRod","Singing Bowl","Ornamental Fan","Bronze Scales","Dream Catcher","Potion Belt","CeramicFish","Whetstone","War Paint","Torii","Shovel","CaptainsWheel","Black Star","Dead Branch","Happy Flower","Anchor","Oddly Smooth Stone","HornCleat","Pocketwatch","Lizard Tail","MawBank","Shuriken","Bag of Preparation","infinitespire:Lychee Nut","infinitespire:WardingShard","Nunchaku","Pen Nib","Orichalcum","Mango","Bird Faced Urn","Letter Opener","Frozen Egg 2","Akabeko","infinitespire:FocusingShard","Coffee Dripper","Vajra","Membership Card","Lantern","Omamori","Blue Candle","Strange Spoon","Ancient Tea Set","infinitespire:PuzzleCube","Peace Pipe","Pantograph","infinitespire:Midas Blood","Old Coin","infinitespire:Satchel","Toy Ornithopter","Regal Pillow","White Beast Statue","Gremlin Horn","Bottled Flame","Bottled Lightning","Centennial Puzzle","Mercury Hourglass","Smiling Mask","StrikeDummy"],"acts_visited":["Exordium","TheCity","TheBeyond"],"potions_floor_usage":[],"damage_taken":[{"damage":0,"enemies":"Cultist","floor":1,"turns":2},{"damage":10,"enemies":"Jaw Worm","floor":2,"turns":3},{"damage":6,"enemies":"2 Louse","floor":3,"turns":3},{"damage":14,"enemies":"Lots of Slimes","floor":4,"turns":2},{"damage":5,"enemies":"Exordium Thugs","floor":5,"turns":4},{"damage":0,"enemies":"Lagavulin","floor":7,"turns":5},{"damage":6,"enemies":"3 Sentries","floor":10,"turns":4},{"damage":0,"enemies":"Gremlin Nob","floor":12,"turns":3},{"damage":11,"enemies":"Lagavulin","floor":14,"turns":6},{"damage":0,"enemies":"Hexaghost","floor":16,"turns":5},{"damage":0,"enemies":"Chosen","floor":18,"turns":4},{"damage":27,"enemies":"Shell Parasite","floor":19,"turns":6},{"damage":2,"enemies":"Cultist and Chosen","floor":20,"turns":3},{"damage":0,"enemies":"Centurion and Healer","floor":21,"turns":4},{"damage":0,"enemies":"Gremlin Leader","floor":23,"turns":3},{"damage":0,"enemies":"Book of Stabbing","floor":24,"turns":3},{"damage":0,"enemies":"Slavers","floor":25,"turns":3},{"damage":0,"enemies":"Book of Stabbing","floor":27,"turns":1},{"damage":0,"enemies":"Chosen and Byrds","floor":28,"turns":4},{"damage":0,"enemies":"Nightmare","floor":29,"turns":3},{"damage":5,"enemies":"Gremlin Leader","floor":30,"turns":3},{"damage":0,"enemies":"Slavers","floor":31,"turns":2},{"damage":0,"enemies":"Champ","floor":33,"turns":2},{"damage":0,"enemies":"3 Darklings","floor":35,"turns":2},{"damage":0,"enemies":"3 Shapes","floor":37,"turns":2},{"damage":0,"enemies":"Maw","floor":38,"turns":3},{"damage":0,"enemies":"Nemesis","floor":40,"turns":1},{"damage":0,"enemies":"Giant Head","floor":41,"turns":3},{"damage":0,"enemies":"Reptomancer","floor":42,"turns":2},{"damage":0,"enemies":"Nemesis","floor":44,"turns":3},{"damage":0,"enemies":"Sphere and 2 Shapes","floor":45,"turns":1},{"damage":0,"enemies":"Giant Head","floor":46,"turns":4},{"damage":0,"enemies":"Jaw Worm Horde","floor":47,"turns":1},{"damage":0,"enemies":"Nightmare","floor":48,"turns":4},{"damage":0,"enemies":"Donu and Deca","floor":50,"turns":4}],"seed_played":"-7406114742582566876","potions_obtained":[{"floor":2,"key":"Strength Potion"},{"floor":4,"key":"Strength Potion"},{"floor":14,"key":"Swift Potion"},{"floor":16,"key":"Explosive Potion"},{"floor":18,"key":"SpeedPotion"},{"floor":27,"key":"DistilledChaos"},{"floor":37,"key":"PowerPotion"},{"floor":47,"key":"BlessingOfTheForge"}],"is_trial":true,"path_per_floor":["M","M","M","M","M","R","E","R","T","E","$","E","R","E","R","B",null,"M","M","M","M","$","E","E","E","T","E","M","NM","E","E","R","B",null,"M","$","M","M","$","E","E","E","T","E","M","E","M","NM","R","B",null],"character_chosen":"WATCHER","items_purchased":["Torii","HornCleat","Membership Card","Lantern","Strange Spoon","Ancient Tea Set","infinitespire:PuzzleCube"],"campfire_rested":1,"item_purchase_floors":[11,22,36,36,39,39,39],"current_hp_per_floor":[72,62,56,42,37,58,60,60,60,54,54,59,59,53,53,56,87,87,63,64,67,67,67,69,74,74,76,79,93,96,101,101,104,104,107,107,110,113,113,116,121,126,126,131,134,140,143,145,145,151],"gold":1093,"neow_bonus":"","is_daily":false,"chose_seed":false,"campfire_upgraded":5,"win_rate":0.0,"timestamp":1609100832,"path_taken":["M","M","M","M","M","R","E","R","T","E","$","E","R","E","R","BOSS","M","?","M","M","$","E","E","E","T","E","M","NM","E","E","R","BOSS","M","$","M","M","$","E","E","E","T","E","M","E","M","NM","R","BOSS"],"items_purchased_type":["Relic","Relic","Relic","Relic","Relic","Relic","Relic"],"build_version":"2020-12-22","purchased_purges":1,"victory":true,"max_hp_per_floor":[72,72,72,72,72,72,74,74,74,74,74,79,79,84,84,87,87,87,90,93,96,96,96,98,77,77,79,79,93,96,101,101,104,104,107,107,110,113,113,116,121,126,126,131,134,140,143,145,145,151],"card_choices":[{"not_picked":["Prepared","Deadly Poison"],"picked":"Sword Boomerang","floor":0},{"not_picked":["True Grit","Bouncing Flask"],"picked":"Coolheaded","floor":0},{"not_picked":["Terror","Compile Driver"],"picked":"Hologram","floor":0},{"not_picked":["Compile Driver","Static Discharge"],"picked":"Outmaneuver","floor":0},{"not_picked":["SignatureMove","Barrage"],"picked":"Ball Lightning","floor":0},{"not_picked":["Havoc","Turbo"],"picked":"Streamline","floor":0},{"not_picked":["Twin Strike","Fusion"],"picked":"Quick Slash","floor":0},{"not_picked":["Ball Lightning","Redo"],"picked":"Body Slam","floor":0},{"not_picked":["Twin Strike","Acrobatics"],"picked":"Consecrate","floor":0},{"not_picked":["Backstab","Havoc"],"picked":"CrushJoints","floor":0},{"not_picked":["PathToVictory","ForeignInfluence"],"picked":"Meditate","floor":0},{"not_picked":["Whirlwind","FollowUp"],"picked":"Hello World","floor":0},{"not_picked":["Auto Shields","Sword Boomerang"],"picked":"Cloak And Dagger","floor":0},{"not_picked":["Tactician","Cold Snap"],"picked":"BootSequence","floor":0},{"not_picked":["Flex","Twin Strike"],"picked":"Prepared","floor":0},{"not_picked":["Tactician","LikeWater"],"picked":"Backflip","floor":6},{"not_picked":["Reboot","Malaise","Tools of the Trade"],"picked":"Singing Bowl","floor":7},{"not_picked":["Buffer","Night Terror"],"picked":"Feed","floor":10},{"not_picked":["Adrenaline","Reboot","Offering"],"picked":"Singing Bowl","floor":12},{"not_picked":["Buffer","Rainbow","Multi-Cast"],"picked":"Singing Bowl","floor":14},{"not_picked":["Amplify","Impervious"],"picked":"Corruption","floor":16},{"not_picked":["DevaForm","Biased Cognition"],"picked":"Establishment","floor":23},{"not_picked":["Burst","Juggernaut","Core Surge"],"picked":"Singing Bowl","floor":24},{"not_picked":["Ragnarok","Reaper","Storm of Steel"],"picked":"Singing Bowl","floor":25},{"not_picked":["Juggernaut","Brutality","Glass Knife"],"picked":"Singing Bowl","floor":27},{"not_picked":["DeusExMachina","A Thousand Cuts"],"picked":"Wish","floor":29},{"not_picked":["Fiend Fire","Amplify"],"picked":"Meteor Strike","floor":30},{"not_picked":["Reboot","Blasphemy","Double Tap"],"picked":"Singing Bowl","floor":31},{"not_picked":["Reaper","Demon Form+1"],"picked":"Barricade+1","floor":33},{"not_picked":["Devotion+1","Tools of the Trade+1"],"picked":"Hyperbeam","floor":40},{"not_picked":["Corruption+1","Ragnarok","Core Surge"],"picked":"Singing Bowl","floor":41},{"not_picked":["A Thousand Cuts+1","Offering","Bludgeon"],"picked":"Singing Bowl","floor":42},{"not_picked":["Core Surge","Glass Knife","Impervious"],"picked":"Singing Bowl","floor":44},{"not_picked":["Night Terror","Corruption+1","Unload"],"picked":"Singing Bowl","floor":46},{"not_picked":["Core Surge","Doppelganger","Meteor Strike"],"picked":"Singing Bowl","floor":48}],"player_experience":110457,"relics_obtained":[{"floor":1,"key":"Singing Bowl"},{"floor":2,"key":"Ornamental Fan"},{"floor":3,"key":"Bronze Scales"},{"floor":4,"key":"Dream Catcher"},{"floor":5,"key":"Potion Belt"},{"floor":7,"key":"CeramicFish"},{"floor":9,"key":"Whetstone"},{"floor":10,"key":"War Paint"},{"floor":12,"key":"Shovel"},{"floor":14,"key":"CaptainsWheel"},{"floor":18,"key":"Dead Branch"},{"floor":19,"key":"Happy Flower"},{"floor":20,"key":"Anchor"},{"floor":21,"key":"Oddly Smooth Stone"},{"floor":23,"key":"Pocketwatch"},{"floor":23,"key":"Lizard Tail"},{"floor":24,"key":"MawBank"},{"floor":24,"key":"Shuriken"},{"floor":25,"key":"Bag of Preparation"},{"floor":25,"key":"infinitespire:Lychee Nut"},{"floor":26,"key":"infinitespire:WardingShard"},{"floor":27,"key":"Nunchaku"},{"floor":27,"key":"Pen Nib"},{"floor":28,"key":"Orichalcum"},{"floor":29,"key":"Mango"},{"floor":29,"key":"Bird Faced Urn"},{"floor":30,"key":"Letter Opener"},{"floor":30,"key":"Frozen Egg 2"},{"floor":31,"key":"Akabeko"},{"floor":31,"key":"infinitespire:FocusingShard"},{"floor":35,"key":"Vajra"},{"floor":37,"key":"Omamori"},{"floor":38,"key":"Blue Candle"},{"floor":40,"key":"Peace Pipe"},{"floor":40,"key":"Pantograph"},{"floor":41,"key":"infinitespire:Midas Blood"},{"floor":41,"key":"Old Coin"},{"floor":42,"key":"infinitespire:Satchel"},{"floor":42,"key":"Toy Ornithopter"},{"floor":43,"key":"Regal Pillow"},{"floor":44,"key":"White Beast Statue"},{"floor":44,"key":"Gremlin Horn"},{"floor":45,"key":"Bottled Flame"},{"floor":46,"key":"Bottled Lightning"},{"floor":46,"key":"Centennial Puzzle"},{"floor":47,"key":"Mercury Hourglass"},{"floor":48,"key":"Smiling Mask"},{"floor":48,"key":"StrikeDummy"}],"event_choices":[],"is_beta":false,"boss_relics":[{"not_picked":["Philosopher\u0027s Stone","SacredBark"],"picked":"Black Star"},{"not_picked":["Runic Pyramid","Cursed Key"],"picked":"Coffee Dripper"}],"items_purged_floors":[36],"is_endless":false,"potions_floor_spawned":[2,4,14,16,18,21,27,30,31,33,37,38,45,46,47],"ascension_level":0}}