{"host":"wonp23fsqqcu31ie","time":1609076757,"event":{"mods":["2.2 Compatiblity","AchievementEnabler","Aspiration","BaseMod","Bestiary","Better Altar","Better Match","Better Sensory Stone","Better Skull","Better Third Choice","BetterRewards","Block Reminder","Colored Map","Colored Powertips","Conspire","DeckTracker","Displayed Cursed Tome","Downfall","Hermit","Highlight Path","Hubris","Minty Spire (QoL Compilation)","Permanent Neow","Quick Restart","Rare Cards Sparkle","Relic Stats","Replay The Spire","Shade Mod","Shop Mod","StSLib","SuperFastMode","The Animator","The Cursed","The Dragon Tamer","The Gatherer","The Necromancer","The Runesmith","The Servant 0.9.4"],"gold_per_floor":[113,113,126,90,90,105,135,135,162,182,182,198,198,198,198,299,299,316,352,352,22,22,22,33,62,86,120,131,149,203,203,203,312,312,338,338,364,376,1,1,16,16,16],"floor_reached":42,"playtime":1455,"items_purged":[],"score":532,"play_id":"fcaf03a3-1047-4c8d-9a71-669b7e0ae57d","local_time":"20201228004557","is_ascension_mode":true,"campfire_choices":[{"data":"hermit:FinalCanter","floor":15,"key":"SMITH"},{"data":"1","floor":23,"key":"LIFT"},{"floor":32,"key":"REST"},{"floor":40,"key":"RECALL"}],"circlet_count":0,"master_deck":["hermit:Strike_Hermit","hermit:Strike_Hermit","hermit:Defend_Hermit+1","hermit:Defend_Hermit","hermit:Defend_Hermit","hermit:Defend_Hermit","hermit:Snapshot","hermit:Covet","hermit:Quickdraw","hermit:Grudge","hermit:Enervate","hermit:HighCaliber","hermit:FinalCanter+1","hermit:FullyLoaded","hermit:SprayPray+1","hermit:Manifest","Storm of Steel+1","hermit:Quickdraw+1","hermit:Misfire+1","hermit:ShadowCloak","hermit:LowProfile","hermit:Gestalt+1","hermit:Malice","hermit:TrackingShot","hermit:Scavenge+1","hermit:Brawl","hermit:Reprieve","hermit:Brawl+1","hermit:Ricochet+1","hermit:Maintenance+1","hermit:Grudge"],"relics":["hermit:Momento","m_SnakeCloak","hubris:ToyBattleship","hubris:Icosahedron","aspiration:MobileForge","Girya","MutagenicStrength","MerchantsRug","Art of War","Lantern","ReplayFunnel","Replay:Bronze Core","Anchor","War Paint"],"acts_visited":["Exordium","TheCity","TheBeyond"],"potions_floor_usage":[6,16,16,16,25,27,27,27,27,27,28,33,38,42,42,42],"damage_taken":[{"damage":1,"enemies":"2 Louse","floor":1,"turns":2},{"damage":0,"enemies":"Jaw Worm","floor":3,"turns":3},{"damage":0,"enemies":"Cultist","floor":6,"turns":2},{"damage":17,"enemies":"3 Sentries","floor":7,"turns":5},{"damage":0,"enemies":"Exordium Wildlife","floor":10,"turns":2},{"damage":0,"enemies":"Large Slime","floor":12,"turns":4},{"damage":1,"enemies":"Fading Forest","floor":16,"turns":11},{"damage":9,"enemies":"3 Byrds","floor":18,"turns":5},{"damage":0,"enemies":"Spheric Guardian","floor":24,"turns":1},{"damage":20,"enemies":"Book of Stabbing","floor":25,"turns":6},{"damage":2,"enemies":"Gremlin Leader","floor":27,"turns":7},{"damage":1,"enemies":"Snake Plant","floor":28,"turns":3},{"damage":0,"enemies":"Snecko","floor":29,"turns":2},{"damage":27,"enemies":"Champ","floor":33,"turns":11},{"damage":45,"enemies":"3 Shapes","floor":35,"turns":4},{"damage":3,"enemies":"Orb Walker","floor":37,"turns":3},{"damage":25,"enemies":"4 Shapes","floor":38,"turns":4},{"damage":8,"enemies":"Jaw Worm Horde","floor":41,"turns":3},{"damage":90,"enemies":"Giant Head","floor":42,"turns":9}],"seed_played":"6191482669896424438","potions_obtained":[{"floor":3,"key":"BlessingOfTheForge"},{"floor":6,"key":"Weak Potion"},{"floor":7,"key":"Strength Potion"},{"floor":10,"key":"Explosive Potion"},{"floor":16,"key":"DuplicationPotion"},{"floor":24,"key":"Strength Potion"},{"floor":27,"key":"EssenceOfSteel"},{"floor":29,"key":"Milkshake"},{"floor":33,"key":"Strength Potion"},{"floor":37,"key":"Death Potion"},{"floor":38,"key":"ColorlessPotion"}],"is_trial":false,"path_per_floor":["M","?","M","$","?","M","E","?","T","M","?","M","?","?","R","B",null,"M","?","?","$","?","R","M","E","T","E","M","M","T","?","R","B",null,"M","?","M","M","$","R","M","E"],"character_chosen":"HERMIT","items_purchased":["hermit:Enervate","DollysMirror","MerchantsRug","hermit:ShadowCloak","Anchor","War Paint","conspire:TimeTravelPotion"],"campfire_rested":1,"item_purchase_floors":[4,21,21,21,39,39,39],"current_hp_per_floor":[74,74,74,74,74,74,57,57,57,57,57,57,57,65,65,74,75,66,36,36,36,36,36,36,16,16,14,13,13,13,13,35,8,75,30,85,82,57,57,57,49,0,0],"gold":16,"neow_bonus":"NOSTALGIA","is_daily":false,"chose_seed":false,"campfire_upgraded":1,"win_rate":0.0,"timestamp":1609076757,"path_taken":["M","?","M","$","?","M","E","?","T","?","?","M","?","?","R","BOSS","M","?","?","?","?","R","M","E","T","E","?","M","?","?","R","BOSS","M","?","?","M","$","R","M","E"],"items_purchased_type":["Card","Relic","Relic","Card","Relic","Relic","Potion"],"build_version":"2020-12-22","purchased_purges":0,"victory":false,"max_hp_per_floor":[75,75,75,75,75,75,75,75,75,75,75,75,75,75,75,75,75,75,75,75,75,75,75,75,75,75,75,75,75,75,75,75,75,75,75,85,85,85,85,85,85,85,85],"relic_stats":{"counters":[19,87],"Art of War":[3],"War Paint":["hermit:Gestalt","hermit:Defend_Hermit"],"obtain_stats":[{"m_SnakeCloak":0,"ReplayFunnel":30,"Girya":19,"MerchantsRug":21,"Lantern":27,"aspiration:Nostalgia":0,"War Paint":39,"Dream Catcher":26,"Anchor":39,"hubris:Icosahedron":13,"aspiration:MobileForge":17,"DollysMirror":21,"MutagenicStrength":20,"Replay:Bronze Core":34,"hubris:ToyBattleship":7,"Art of War":25,"hermit:Momento":0},{"m_SnakeCloak":0,"ReplayFunnel":13,"Girya":8,"MerchantsRug":8,"Lantern":11,"aspiration:Nostalgia":0,"War Paint":17,"Dream Catcher":10,"Anchor":17,"hubris:Icosahedron":6,"aspiration:MobileForge":7,"DollysMirror":8,"MutagenicStrength":8,"Replay:Bronze Core":14,"hubris:ToyBattleship":4,"Art of War":10,"hermit:Momento":0},{"m_SnakeCloak":0,"ReplayFunnel":53,"Girya":34,"MerchantsRug":34,"Lantern":48,"aspiration:Nostalgia":0,"War Paint":75,"Dream Catcher":41,"Anchor":75,"hubris:Icosahedron":18,"aspiration:MobileForge":29,"DollysMirror":34,"MutagenicStrength":34,"Replay:Bronze Core":64,"hubris:ToyBattleship":12,"Art of War":41,"hermit:Momento":0}]},"card_choices":[{"not_picked":["hermit:Feint","hermit:GhostlyPresence"],"picked":"hermit:Quickdraw","floor":1},{"not_picked":["Calculated Gamble","hermit:Feint"],"picked":"hermit:Grudge","floor":3},{"not_picked":["Prepared","Calculated Gamble"],"picked":"hermit:HighCaliber","floor":6},{"not_picked":["hermit:LowProfile","hermit:PistolWhip"],"picked":"hermit:FinalCanter","floor":7},{"not_picked":["hermit:Misfire","hermit:NoHoldsBarred"],"picked":"hermit:FullyLoaded","floor":10},{"not_picked":["hermit:SprayPray","hermit:Snipe"],"picked":"hermit:Manifest","floor":12},{"not_picked":["hermit:FatalDesire","hermit:EternalForm"],"picked":"Storm of Steel","floor":16},{"not_picked":["hermit:CalledShot+1","hermit:EyeOfTheStorm+1"],"picked":"hermit:Quickdraw+1","floor":18},{"not_picked":["hermit:LowProfile","hermit:Gestalt"],"picked":"hermit:Misfire+1","floor":19},{"not_picked":["hermit:Spite","hermit:Combo+1"],"picked":"hermit:LowProfile","floor":24},{"not_picked":["hermit:Ricochet","hermit:HighCaliber"],"picked":"hermit:Gestalt","floor":25},{"not_picked":["hermit:Enervate","hermit:Ricochet"],"picked":"hermit:Malice","floor":27},{"not_picked":["hermit:WideOpen","hermit:SprayPray"],"picked":"hermit:TrackingShot","floor":28},{"not_picked":["hermit:Coalescence","hermit:Feint"],"picked":"hermit:Scavenge+1","floor":29},{"not_picked":["hermit:HighCaliber+1","hermit:LoneWolf"],"picked":"hermit:Brawl","floor":32},{"not_picked":["hermit:HighNoon","hermit:Gambit"],"picked":"hermit:Reprieve","floor":33},{"not_picked":["hermit:PistolWhip+1","hermit:FullyLoaded+1"],"picked":"hermit:Brawl+1","floor":35},{"not_picked":["hermit:SprayPray","hermit:HoleUp+1"],"picked":"hermit:Ricochet+1","floor":37},{"not_picked":["hermit:Dive+1","hermit:Misfire"],"picked":"hermit:Maintenance+1","floor":38},{"not_picked":["hermit:CalledShot","hermit:LowProfile+1"],"picked":"hermit:Grudge","floor":41}],"player_experience":403178,"relics_obtained":[{"floor":7,"key":"hubris:ToyBattleship"},{"floor":19,"key":"Girya"},{"floor":25,"key":"Art of War"},{"floor":26,"key":"Dream Catcher"},{"floor":27,"key":"Lantern"},{"floor":30,"key":"ReplayFunnel"}],"event_choices":[{"damage_healed":0,"gold_gain":0,"player_choice":"Ignored","damage_taken":113,"max_hp_gain":0,"max_hp_loss":0,"event_name":"betterThird:BetterSerpent","floor":2,"gold_loss":0},{"damage_healed":0,"gold_gain":0,"player_choice":"Leave","damage_taken":0,"max_hp_gain":0,"max_hp_loss":0,"event_name":"conspire:Investor","floor":5,"gold_loss":0},{"cards_removed":["hermit:Strike_Hermit"],"damage_healed":0,"gold_gain":0,"player_choice":"Purged","damage_taken":0,"max_hp_gain":0,"max_hp_loss":0,"event_name":"Purifier","floor":8,"gold_loss":0},{"damage_healed":0,"gold_gain":0,"player_choice":"Inject Mutagens","damage_taken":0,"relics_obtained":["MutagenicStrength"],"max_hp_gain":0,"max_hp_loss":0,"event_name":"Drug Dealer","floor":20,"gold_loss":0},{"damage_healed":0,"gold_gain":0,"player_choice":"Ignored","damage_taken":0,"max_hp_gain":0,"max_hp_loss":0,"event_name":"Ghosts","floor":31,"gold_loss":0},{"cards_removed":["hermit:FinalCanter"],"damage_healed":45,"gold_gain":0,"player_choice":"Offered Rare","damage_taken":0,"max_hp_gain":10,"max_hp_loss":0,"event_name":"Bonfire Elementals","floor":36,"gold_loss":0}],"is_beta":false,"boss_relics":[{"not_picked":["Runic Dome","Replay:Wanted Poster"],"picked":"aspiration:MobileForge"},{"not_picked":["ReplayTheSpireMod:DimensionalGlitch","hubris:CrackedHourglass"],"picked":"Replay:Bronze Core"}],"items_purged_floors":[],"is_endless":false,"potions_floor_spawned":[3,6,7,10,16,24,27,29,33,37,38,41],"killed_by":"Giant Head","ascension_level":2}}