{"host":"sav7uxregyirlf69","time":1609047936,"event":{"mods":["AchievementEnabler","BaseMod","Colored Map","DeckTracker","Keyboard Shortcuts","Minty Spire (QoL Compilation)","READ ME - Guardian Mod","StSLib","SuperFastMode"],"gold_per_floor":[116,134,134,26,46,46,63,76,128,144,144,144,162,162,162,239,239,256,171,183,183,183],"floor_reached":21,"playtime":353,"items_purged":[],"score":346,"play_id":"29689771-2ba2-480b-a560-ec8d4f1e6fe3","local_time":"20201227144536","is_ascension_mode":true,"campfire_choices":[{"floor":6,"key":"REST"},{"floor":11,"key":"REST"},{"data":"Noxious Fumes","floor":15,"key":"SMITH"}],"circlet_count":0,"master_deck":["AscendersBane","Strike_G","Strike_G","Strike_G","Defend_G+1","Defend_G+1","Defend_G","Defend_G","Survivor","Neutralize","Flechettes","Bane","Deadly Poison","Noxious Fumes+1","Dagger Throw","PiercingWail","Bouncing Flask","Escape Plan","Corpse Explosion","CurseOfTheBell","Catalyst"],"relics":["Ring of the Snake","Dream Catcher","Calling Bell","Toy Ornithopter","Sundial","Peace Pipe","Darkstone Periapt"],"acts_visited":["Exordium","TheCity"],"potions_floor_usage":[10,16,16],"damage_taken":[{"damage":9,"enemies":"Jaw Worm","floor":1,"turns":5},{"damage":1,"enemies":"Small Slimes","floor":2,"turns":4},{"damage":0,"enemies":"2 Louse","floor":5,"turns":3},{"damage":3,"enemies":"Looter","floor":7,"turns":3},{"damage":6,"enemies":"Large Slime","floor":8,"turns":4},{"damage":16,"enemies":"Gremlin Gang","floor":10,"turns":5},{"damage":11,"enemies":"Red Slaver","floor":13,"turns":4},{"damage":25,"enemies":"The Guardian","floor":16,"turns":8},{"damage":28,"enemies":"3 Byrds","floor":18,"turns":3},{"damage":3,"enemies":"Spheric Guardian","floor":20,"turns":3},{"damage":26,"enemies":"Cultist and Chosen","floor":21,"turns":4}],"seed_played":"5650520163687964571","potions_obtained":[{"floor":5,"key":"Explosive Potion"},{"floor":8,"key":"Fruit Juice"},{"floor":10,"key":"Strength Potion"}],"is_trial":false,"path_per_floor":["M","M","?","$","M","R","M","M","T","M","R","?","M","?","R","B",null,"M","?","M","M"],"character_chosen":"THE_SILENT","items_purchased":["Fire Potion","BlessingOfTheForge"],"campfire_rested":2,"item_purchase_floors":[4,4],"current_hp_per_floor":[35,34,14,14,14,33,30,24,24,13,34,57,46,39,39,14,57,29,29,26,0,0],"gold":183,"neow_bonus":"TRANSFORM_TWO_CARDS","is_daily":false,"chose_seed":false,"campfire_upgraded":1,"win_rate":0.0,"timestamp":1609047936,"path_taken":["M","M","?","$","M","R","M","M","T","M","R","?","M","?","R","BOSS","M","?","M","M"],"items_purchased_type":["Potion","Potion"],"build_version":"2020-12-22","purchased_purges":0,"victory":false,"max_hp_per_floor":[66,66,66,66,66,66,66,66,66,71,71,71,71,71,71,71,71,71,71,71,71,71],"card_choices":[{"not_picked":["Deflect","Blade Dance"],"picked":"Deadly Poison","floor":1},{"not_picked":["Deadly Poison","Eviscerate"],"picked":"Noxious Fumes","floor":2},{"not_picked":["Quick Slash","Flechettes"],"picked":"Dagger Throw","floor":5},{"not_picked":["Slice","Underhanded Strike"],"picked":"PiercingWail","floor":7},{"not_picked":["Expertise","Sucker Punch","Grand Finale"],"picked":"SKIP","floor":8},{"not_picked":["Deflect","Prepared","Bane"],"picked":"SKIP","floor":10},{"not_picked":["Dodge and Roll","Night Terror"],"picked":"Bouncing Flask","floor":11},{"not_picked":["Acrobatics","Backflip"],"picked":"Escape Plan","floor":13},{"not_picked":["A Thousand Cuts","Venomology"],"picked":"Corpse Explosion","floor":16},{"not_picked":["Riddle With Holes+1","Escape Plan"],"picked":"Catalyst","floor":18},{"not_picked":["Flying Knee","All Out Attack","Caltrops"],"picked":"SKIP","floor":20}],"player_experience":1016528,"relics_obtained":[{"floor":9,"key":"Dream Catcher"},{"floor":17,"key":"Toy Ornithopter"},{"floor":17,"key":"Sundial"},{"floor":17,"key":"Peace Pipe"}],"event_choices":[{"damage_healed":0,"gold_gain":0,"player_choice":"Entered Light","damage_taken":20,"max_hp_gain":0,"max_hp_loss":0,"event_name":"Shining Light","floor":3,"gold_loss":0,"cards_upgraded":["Defend_G","Defend_G"]},{"damage_healed":23,"gold_gain":0,"player_choice":"Banana","damage_taken":0,"max_hp_gain":0,"max_hp_loss":0,"event_name":"Big Fish","floor":12,"gold_loss":0},{"cards_removed":["Strike_G"],"damage_healed":0,"gold_gain":0,"player_choice":"Card Removal","damage_taken":7,"max_hp_gain":0,"max_hp_loss":0,"event_name":"Golden Wing","floor":14,"gold_loss":0},{"damage_healed":0,"gold_gain":0,"player_choice":"Obtained Relic","damage_taken":0,"relics_obtained":["Darkstone Periapt"],"max_hp_gain":0,"max_hp_loss":0,"event_name":"Addict","floor":19,"gold_loss":85}],"is_beta":false,"boss_relics":[{"not_picked":["WristBlade","Busted Crown"],"picked":"Calling Bell"}],"items_purged_floors":[],"is_endless":false,"potions_floor_spawned":[5,8,10],"killed_by":"Cultist and Chosen","ascension_level":20}}