{"host":"tb138zs7vhci6g1j","time":1609037541,"event":{"mods":["2.2 Compatiblity","Aspiration","BaseMod","Better Note","Friendly Minions","Minty Spire (QoL Compilation)","RNG Fix","Rare Cards Sparkle","StSLib","The Marked"],"gold_per_floor":[115,115,40,5,17,51,51,84,109,138,153,220,236,264,264,363,363,383,383,401,255,33,33,33,51,75,86,86,114,114,114,114,212,212,228,228,228,251,251,262,262,279,333,333,364,380,380,380,380],"floor_reached":48,"playtime":1577,"items_purged":["theMarked:Strike"],"score":637,"play_id":"41a808cb-94d1-46aa-834d-62d0d4f32cd5","local_time":"20201227045221","is_ascension_mode":true,"campfire_choices":[{"data":"theMarked:MysticalArsenal","floor":7,"key":"SMITH"},{"floor":15,"key":"REST"},{"data":"theMarked:SoldierOfQuellstein","floor":23,"key":"SMITH"},{"floor":28,"key":"REST"},{"data":"theMarked:HeritageOfTheMarked","floor":30,"key":"SMITH"},{"floor":32,"key":"REST"},{"data":"theMarked:Levitate","floor":41,"key":"SMITH"},{"data":"theMarked:BanishingWave","floor":44,"key":"SMITH"},{"floor":47,"key":"REST"}],"circlet_count":0,"master_deck":["theMarked:Strike+1","theMarked:Strike+1","theMarked:Defend","theMarked:Defend","theMarked:SoldierOfQuellstein+1","theMarked:WardOff","theMarked:MysticalArsenal+1","theMarked:HeritageOfTheMarked+1","theMarked:DispelDoubt","theMarked:EnhanceMovement","theMarked:BanishingWave+1","theMarked:BindingBlade","theMarked:SwordAndMagic+1","theMarked:HeritageOfTheMarked+1","theMarked:Levitate+1","theMarked:FavorableWinds+1","theMarked:MagicAdept+1","theMarked:Opportunist+1","theMarked:TwofoldDefense+1","Madness","Madness","theMarked:Frustration+1","theMarked:BanishingStrike+1"],"relics":["theMarked:ArtifactOfAir","NeowsBlessing","Whetstone","aspiration:ChemicalBlood","Akabeko","InkBottle","Peace Pipe","Philosopher\u0027s Stone","Anchor","Medical Kit","Bag of Marbles","theMarked:DemonDagger","Astrolabe","Smiling Mask","theMarked:Gun"],"acts_visited":["Exordium","TheCity","TheBeyond"],"potions_floor_usage":[16,18,25,29,29,33,45,46],"damage_taken":[{"damage":0,"enemies":"Small Slimes","floor":1,"turns":1},{"damage":0,"enemies":"Jaw Worm","floor":5,"turns":1},{"damage":0,"enemies":"3 Sentries","floor":6,"turns":2},{"damage":18,"enemies":"Lagavulin","floor":8,"turns":5},{"damage":23,"enemies":"3 Sentries","floor":10,"turns":7},{"damage":0,"enemies":"2 Louse","floor":11,"turns":2},{"damage":0,"enemies":"2 Fungi Beasts","floor":13,"turns":3},{"damage":1,"enemies":"Lagavulin","floor":14,"turns":5},{"damage":0,"enemies":"Slime Boss","floor":16,"turns":5},{"damage":8,"enemies":"3 Byrds","floor":18,"turns":3},{"damage":24,"enemies":"Spheric Guardian","floor":20,"turns":4},{"damage":9,"enemies":"Snake Plant","floor":25,"turns":2},{"damage":0,"enemies":"Centurion and Healer","floor":27,"turns":3},{"damage":9,"enemies":"Slavers","floor":29,"turns":3},{"damage":25,"enemies":"Automaton","floor":33,"turns":6},{"damage":0,"enemies":"3 Darklings","floor":35,"turns":1},{"damage":2,"enemies":"Orb Walker","floor":40,"turns":3},{"damage":0,"enemies":"Jaw Worm Horde","floor":42,"turns":1},{"damage":35,"enemies":"Giant Head","floor":45,"turns":6},{"damage":7,"enemies":"Maw","floor":46,"turns":6},{"damage":46,"enemies":"Nemesis","floor":48,"turns":2}],"seed_played":"7225682497351186177","potions_obtained":[{"floor":5,"key":"Explosive Potion"},{"floor":6,"key":"Dexterity Potion"},{"floor":11,"key":"Regen Potion"},{"floor":16,"key":"BlessingOfTheForge"},{"floor":25,"key":"CultistPotion"},{"floor":33,"key":"theMarked:ChargePotion"},{"floor":35,"key":"Explosive Potion"}],"is_trial":false,"path_per_floor":["M","?","$","?","M","E","R","E","T","E","M","?","M","E","R","B",null,"M","?","M","$","$","R","?","M","T","M","R","E","R","?","R","B",null,"M","?","?","T","?","M","R","M","T","R","E","M","R","E"],"character_chosen":"THE_DEFAULT","items_purchased":["theMarked:MysticalArsenal","Anchor","Medical Kit"],"campfire_rested":4,"item_purchase_floors":[3,21,22],"current_hp_per_floor":[70,70,70,70,70,70,70,52,52,29,29,29,29,28,49,63,70,62,62,38,38,38,38,38,29,29,29,50,41,41,41,62,37,70,70,70,61,61,61,59,59,59,59,59,24,17,38,0,0],"gold":380,"neow_bonus":"THREE_ENEMY_KILL","is_daily":false,"chose_seed":false,"campfire_upgraded":5,"win_rate":0.0,"timestamp":1609037541,"path_taken":["M","?","$","?","M","E","R","E","T","E","M","?","?","E","R","BOSS","M","?","?","?","$","R","?","M","T","M","R","E","R","?","R","BOSS","M","?","?","?","?","M","R","M","T","R","E","?","R","E"],"items_purchased_type":["Card","Relic","Relic"],"build_version":"2020-12-22","purchased_purges":1,"victory":false,"max_hp_per_floor":[70,70,70,70,70,70,70,70,70,70,70,70,70,70,70,70,70,70,70,70,70,70,70,70,70,70,70,70,70,70,70,70,70,70,70,70,70,70,70,70,70,70,70,70,70,70,70,70,70],"card_choices":[{"not_picked":["theMarked:TwofoldDefense","theMarked:Static"],"picked":"theMarked:WardOff","floor":1},{"not_picked":["theMarked:ElectricStrings","theMarked:TwofoldDefense"],"picked":"theMarked:HeritageOfTheMarked","floor":5},{"not_picked":["theMarked:Polarize","theMarked:ComboAttacks"],"picked":"theMarked:DispelDoubt","floor":6},{"not_picked":["theMarked:CreepingChasm","theMarked:Improvise","theMarked:Static"],"picked":"SKIP","floor":8},{"not_picked":["theMarked:Reabsorb","theMarked:Parkour","theMarked:RogueSparks"],"picked":"SKIP","floor":10},{"not_picked":["theMarked:RepellingDischarge","theMarked:MaelstromOfLightning"],"picked":"theMarked:EnhanceMovement","floor":11},{"not_picked":["theMarked:EmpowerWeapon","theMarked:TwofoldDefense"],"picked":"theMarked:BanishingWave","floor":13},{"not_picked":["theMarked:EmpowerWeapon","theMarked:Generate"],"picked":"theMarked:Frustration","floor":14},{"not_picked":["theMarked:EternalStudent","theMarked:SummonStrength"],"picked":"theMarked:BindingBlade","floor":16},{"not_picked":["theMarked:SwordAndMagic","theMarked:Aftermath","theMarked:RogueSparks"],"picked":"SKIP","floor":18},{"not_picked":["theMarked:SummonStrength","theMarked:EmpowerWeapon"],"picked":"theMarked:SwordAndMagic+1","floor":20},{"not_picked":["theMarked:EmpowerWeapon","theMarked:Aftermath+1","theMarked:Frustration"],"picked":"SKIP","floor":25},{"not_picked":["theMarked:ElectricStrings","theMarked:WardOff","theMarked:UnarmedFury"],"picked":"SKIP","floor":27},{"not_picked":["theMarked:SwordAndMagic+1","theMarked:Defy"],"picked":"theMarked:HeritageOfTheMarked+1","floor":29},{"not_picked":["theMarked:EternalStudent","theMarked:ThrowWeapon"],"picked":"theMarked:Levitate","floor":33},{"not_picked":["theMarked:Electrocute","theMarked:RepellingDischarge"],"picked":"theMarked:TwofoldDefense+1","floor":35},{"not_picked":["theMarked:ShockingTouch+1","theMarked:ResourceFulStrike","theMarked:Parkour"],"picked":"SKIP","floor":40},{"not_picked":["theMarked:RepellingDischarge","theMarked:MagicAdept+1"],"picked":"theMarked:Frustration+1","floor":42},{"not_picked":["theMarked:Parkour+1","theMarked:TunnelVision+1","theMarked:ThrowWeapon"],"picked":"SKIP","floor":45},{"not_picked":["theMarked:BanishingWave","theMarked:Opportunist"],"picked":"theMarked:BanishingStrike+1","floor":46}],"player_experience":1704795,"relics_obtained":[{"floor":6,"key":"Whetstone"},{"floor":8,"key":"aspiration:ChemicalBlood"},{"floor":9,"key":"Akabeko"},{"floor":10,"key":"InkBottle"},{"floor":14,"key":"Peace Pipe"},{"floor":26,"key":"Bag of Marbles"},{"floor":29,"key":"theMarked:DemonDagger"},{"floor":43,"key":"Smiling Mask"},{"floor":45,"key":"theMarked:Gun"}],"event_choices":[{"damage_healed":17,"gold_gain":0,"player_choice":"Healed","damage_taken":0,"max_hp_gain":0,"max_hp_loss":0,"event_name":"The Cleric","floor":4,"gold_loss":35},{"damage_healed":0,"gold_gain":67,"player_choice":"Gained Gold","damage_taken":0,"max_hp_gain":0,"max_hp_loss":0,"event_name":"Golden Wing","floor":12,"gold_loss":0},{"damage_healed":0,"gold_gain":0,"player_choice":"Ignored","damage_taken":0,"max_hp_gain":0,"max_hp_loss":0,"event_name":"betterNote:BetterNote","floor":19,"gold_loss":0,"cards_obtained":["Bandage Up"]},{"cards_removed":["theMarked:Strike"],"damage_healed":0,"gold_gain":0,"player_choice":"Purged","damage_taken":0,"max_hp_gain":0,"max_hp_loss":0,"event_name":"Purifier","floor":24,"gold_loss":0},{"damage_healed":0,"gold_gain":0,"player_choice":"Ignored","damage_taken":0,"max_hp_gain":0,"max_hp_loss":0,"event_name":"Ghosts","floor":31,"gold_loss":0},{"cards_removed":["theMarked:Frustration"],"damage_healed":0,"gold_gain":0,"player_choice":"Removed Attack","damage_taken":0,"max_hp_gain":0,"max_hp_loss":0,"event_name":"Falling","floor":36,"gold_loss":0},{"damage_healed":0,"gold_gain":0,"player_choice":"Embrace Madness","damage_taken":9,"max_hp_gain":0,"max_hp_loss":0,"event_name":"Winding Halls","floor":37,"gold_loss":0,"cards_obtained":["Madness","Madness"]},{"damage_healed":0,"gold_gain":0,"player_choice":"Ignored","damage_taken":0,"max_hp_gain":0,"max_hp_loss":0,"event_name":"Tomb of Lord Red Mask","floor":39,"gold_loss":0}],"is_beta":false,"boss_relics":[{"not_picked":["Empty Cage","aspiration:WatcherSkillbook"],"picked":"Philosopher\u0027s Stone"},{"not_picked":["aspiration:FutureDiary","Tiny House"],"picked":"Astrolabe"}],"items_purged_floors":[22],"is_endless":false,"potions_floor_spawned":[5,6,11,14,16,20,25,27,33,35],"killed_by":"Nemesis","ascension_level":2}}