{"host":"kq2g769nefmuyn7c","time":1609078573,"event":{"mods":["Act Like it!","BaseMod","Gensokyo","Koishi","Marisa£®ÏF”Í°°ƒß¿Ì…≥£©","Minty Spire (QoL Compilation)","Reimu£®≤©¿ˆ¡È√Œ£©","Remilia£®¿Ÿ√◊¿Ú—«£©","Replay The Spire","StSLib"],"gold_per_floor":[112,12,12,12,26,26,58,58,58,93,74,74,36,63,63,168,168,180,196,38,52,52,83,83,83,83,114,134,134,134,160,160,255,255,268,282,300,28,28,57,57,86,86,100,128,128,163,180,180,430],"floor_reached":51,"playtime":3341,"items_purged":["Injury"],"score":971,"play_id":"e3a83f2f-dad5-4fab-be9b-d38349532852","local_time":"20201227221613","is_ascension_mode":true,"campfire_choices":[{"data":"Koishi:UnconsciousUrges","floor":6.0,"key":"SMITH"},{"data":"Koishi:BramblyRoseGarden","floor":8.0,"key":"SMITH"},{"data":"Koishi:BasicStrike","floor":15.0,"key":"PURGE"},{"data":"Koishi:ReleaseOfTheId","floor":24.0,"key":"SMITH"},{"data":"Koishi:Whimsy","floor":30.0,"key":"SMITH"},{"floor":32.0,"key":"REST"},{"data":"Koishi:IdleWhim","floor":41,"key":"SMITH"},{"data":"Koishi:JumpScare","floor":49,"key":"SMITH"}],"circlet_count":1,"master_deck":["Koishi:BasicDefend","Koishi:BasicDefend","Koishi:BasicDefend","Koishi:Provoke","Koishi:UnconsciousUrges+1","Koishi:SubconsciousSweep","Koishi:BramblyRoseGarden+1","Koishi:ReleaseOfTheId+1","Koishi:CatchAndRose","Koishi:Untouchable","Koishi:SubterraneanRose+1","Koishi:FleetingPhantom","Koishi:ConfinedInnocent","Koishi:HeartfeltFancy+1","Koishi:DanmakuParanoia+1","Koishi:HeartAttack","Koishi:ReflexRadar+1","Koishi:UnconsciousUprising+1","Koishi:IdleWhim+1","Koishi:ReleaseOfTheId+1","Koishi:FleetingPhantom+1","Koishi:MassHysteria","Koishi:Heartbroken","Koishi:Whimsy+1","Gensokyo:Kunekune","Gensokyo:ShootingStar","Koishi:SilentAndRestless","Koishi:UnconsciousUprising+1","Koishi:RorschachInDanmaku","Koishi:HeartAttack+1","Koishi:UnansweredLove+1","Gensokyo:Taser","Koishi:JumpScare+1"],"relics":["Koishi:ImaginaryFriend","Tea:ReiMu","Happy Flower","Circlet","Omamori","Bag of Marbles","ReplayTheSpireMod:CursedCoin","HornCleat","Philosopher\u0027s Stone","Orrery","Gensokyo:RedStar","The Courier","Kunai","Mango","Ornamental Fan","Empty Cage","Frozen Eye","ReplayTheSpireMod:Lightbulb","Pen Nib","Counterbalance","Toy Ornithopter","Oddly Smooth Stone"],"acts_visited":["Gensokyo:Gensokyo","Gensokyo:Gensokyoer","Gensokyo:Gensokyoest"],"potions_floor_usage":[42,48,50],"damage_taken":[{"damage":2.0,"enemies":"Gensokyo:Gryphon","floor":1.0,"turns":6.0},{"damage":0.0,"enemies":"Gensokyo:2_Kodama","floor":5.0,"turns":6.0},{"damage":12.0,"enemies":"Gensokyo:Cirno","floor":7.0,"turns":5.0},{"damage":21.0,"enemies":"Gensokyo:Aya","floor":10.0,"turns":4.0},{"damage":0.0,"enemies":"Gensokyo:Cirno","floor":14.0,"turns":5.0},{"damage":6.0,"enemies":"Gensokyo:Reimu","floor":16.0,"turns":9.0},{"damage":11.0,"enemies":"Gensokyo:AngelMirror","floor":18.0,"turns":4.0},{"damage":24.0,"enemies":"Gensokyo:3_Dogs","floor":19.0,"turns":5.0},{"damage":0.0,"enemies":"Gensokyo:Slime_Group","floor":21.0,"turns":4.0},{"damage":0.0,"enemies":"Gensokyo:Koishi","floor":23.0,"turns":6.0},{"damage":13.0,"enemies":"Gensokyo:Tenshi","floor":27.0,"turns":6.0},{"damage":0.0,"enemies":"Gensokyo:Wraith","floor":28.0,"turns":3.0},{"damage":7.0,"enemies":"Gensokyo:Koishi","floor":31.0,"turns":6.0},{"damage":18.0,"enemies":"Gensokyo:Eiki","floor":33.0,"turns":12.0},{"damage":6.0,"enemies":"Gensokyo:3_Bats","floor":35.0,"turns":3.0},{"damage":4.0,"enemies":"Gensokyo:3_Boulders","floor":36.0,"turns":4.0},{"damage":2.0,"enemies":"Gensokyo:4_Bats","floor":37.0,"turns":3.0},{"damage":0,"enemies":"Gensokyo:Doremy","floor":40,"turns":6},{"damage":7,"enemies":"Gensokyo:Kasen","floor":42,"turns":5},{"damage":2,"enemies":"Gensokyo:AtlasGolem","floor":44,"turns":4},{"damage":0,"enemies":"Gensokyo:Doremy","floor":45,"turns":5},{"damage":10,"enemies":"Gensokyo:Marisa","floor":47,"turns":5},{"damage":0,"enemies":"Gensokyo:Sharpion","floor":48,"turns":6},{"damage":28,"enemies":"Gensokyo:Scarlet_Devils","floor":50,"turns":12}],"seed_played":"3877611837604560928","potions_obtained":[{"floor":1.0,"key":"Block Potion"},{"floor":10.0,"key":"Energy Potion"},{"floor":16.0,"key":"SteroidPotion"},{"floor":21.0,"key":"EssenceOfSteel"},{"floor":23.0,"key":"LifebloodPotion"},{"floor":27.0,"key":"SkillPotion"},{"floor":28.0,"key":"Fire Potion"},{"floor":33.0,"key":"GamblersBrew"},{"floor":40,"key":"Regen Potion"},{"floor":45,"key":"SkillPotion"}],"is_trial":false,"path_per_floor":["M","?","?","?","M","R","E","R","T","E","$","?","COS","E","R","B",null,"M","M","COS","M","?","E","R","?","T","E","M","?","R","E","R","B",null,"M","M","M","COS","?","E","R","E","T","M","E","?","E","M","R","B",null],"character_chosen":"KOISHI","items_purchased":["ReplayTheSpireMod:CursedCoin","Koishi:CatchAndRose","Koishi:Untouchable"],"campfire_rested":1,"item_purchase_floors":[11,11,11],"current_hp_per_floor":[60,60,60,60,60,60,48,48,48,39,39,39,39,39,39,33,60,49,25,25,25,25,25,25,25,25,26,26,26,26,19,39,49,67,61,57,55,55,55,55,55,62,62,60,60,60,50,55,55,32],"gold":430,"neow_bonus":"UPGRADE_CARD","is_daily":false,"chose_seed":false,"campfire_upgraded":6,"win_rate":0.0,"timestamp":1609078573,"path_taken":["M","?","?","?","?","R","E","R","T","E","?","?","COS","E","R","BOSS","M","M","COS","M","?","E","R","?","T","E","?","?","R","E","R","BOSS","M","M","M","COS","?","E","R","E","T","M","E","?","E","M","R","BOSS"],"items_purchased_type":["Relic","Card","Card"],"build_version":"2020-12-22","purchased_purges":1,"victory":true,"max_hp_per_floor":[60,60,60,60,60,60,60,60,60,60,60,60,60,60,60,60,60,60,60,60,60,60,60,60,60,60,74,74,67,67,67,67,67,67,67,67,67,67,67,67,67,67,67,67,67,67,67,67,67,67],"card_choices":[{"not_picked":["Koishi:SprinkleStarAndHeart","Koishi:PhantomBarrier"],"picked":"Koishi:UnconsciousUrges","floor":1.0},{"not_picked":["Koishi:Jaunt","Koishi:Prune"],"picked":"Koishi:SubconsciousSweep","floor":5.0},{"not_picked":["Koishi:Bloodlust","Koishi:RacingHeart"],"picked":"Koishi:BramblyRoseGarden","floor":7.0},{"not_picked":["Koishi:PhantomBarrier","Koishi:ParalyzingFear"],"picked":"Koishi:ReleaseOfTheId","floor":10.0},{"not_picked":["Koishi:UnansweredLove+1","Koishi:BloodcurdlingScream+1"],"picked":"Koishi:SubterraneanRose+1","floor":14.0},{"not_picked":["Koishi:DreadfulBlow","Koishi:Untouchable"],"picked":"Koishi:FleetingPhantom","floor":14.0},{"not_picked":["Koishi:ConditionedTeleport","Koishi:MentalBreakdown"],"picked":"Koishi:ConfinedInnocent","floor":16.0},{"not_picked":["Koishi:Possession","Koishi:FreudianInstinct"],"picked":"Koishi:HeartfeltFancy+1","floor":18.0},{"not_picked":["Koishi:EmbersOfLove","Koishi:RacingHeart"],"picked":"Koishi:DanmakuParanoia+1","floor":19.0},{"not_picked":["Koishi:StrangeCloudFist","Koishi:Jaunt+1"],"picked":"Koishi:HeartAttack","floor":20.0},{"not_picked":["Koishi:SpiritedAway","Koishi:UnansweredLove+1"],"picked":"Koishi:ReflexRadar+1","floor":20.0},{"not_picked":["Koishi:Whimsy","Koishi:ReflexRadar"],"picked":"Koishi:UnconsciousUprising+1","floor":20.0},{"not_picked":["Koishi:BloodcurdlingScream","Koishi:RacingHeart+1"],"picked":"Koishi:IdleWhim","floor":20.0},{"not_picked":["Koishi:UnansweredLove","Koishi:UnconsciousUrges"],"picked":"Koishi:ReleaseOfTheId","floor":20.0},{"not_picked":["Koishi:EmbryosDream","Koishi:Catatonia"],"picked":"Koishi:FleetingPhantom+1","floor":21.0},{"not_picked":["Koishi:SubterraneanRose","Koishi:DanmakuParanoia+1"],"picked":"Koishi:MassHysteria","floor":23.0},{"not_picked":["Koishi:HeartfeltFancy","Koishi:BloodcurdlingScream"],"picked":"Koishi:Heartbroken","floor":27.0},{"not_picked":["Koishi:SubconsciousSweep+1","Koishi:EmbryosDream"],"picked":"Koishi:Whimsy","floor":28.0},{"not_picked":["Gensokyo:Apocalypse","Gensokyo:MonkeysPaw"],"picked":"Gensokyo:Kunekune","floor":29.0},{"not_picked":["Koishi:FleetingPhantom+1","Koishi:BloodcurdlingScream","Koishi:SpiritedAway"],"picked":"SKIP","floor":31.0},{"not_picked":[],"picked":"Gensokyo:ShootingStar","floor":33.0},{"not_picked":["Koishi:HeartStoppingHorror","Koishi:RoseHell"],"picked":"Koishi:SilentAndRestless","floor":33.0},{"not_picked":["Koishi:ReflexRadar","Koishi:PhilosophyOfTheDespised"],"picked":"Koishi:UnconsciousUprising+1","floor":35.0},{"not_picked":["Koishi:StrangeCloudFist","Koishi:BloodcurdlingScream+1","Koishi:PhantomBarrier"],"picked":"SKIP","floor":36.0},{"not_picked":["Koishi:TremblingHands","Koishi:UnconsciousUprising"],"picked":"Koishi:RorschachInDanmaku","floor":37.0},{"not_picked":["Koishi:UnconsciousUrges+1","Koishi:UnconsciousUprising+1"],"picked":"Koishi:HeartAttack+1","floor":40},{"not_picked":["Koishi:SubterraneanRose+1","Koishi:BramblyRoseGarden"],"picked":"Koishi:UnansweredLove+1","floor":42},{"not_picked":["Koishi:EmbryosDream+1","Koishi:ConfinedInnocent","Koishi:Untouchable"],"picked":"SKIP","floor":44},{"not_picked":["Koishi:UnansweredLove","Koishi:ParalyzingFear","Koishi:MassHysteria+1"],"picked":"SKIP","floor":45},{"not_picked":["Koishi:ParalyzingFear","Koishi:UnansweredLove+1","Koishi:BloodcurdlingScream+1"],"picked":"SKIP","floor":47},{"not_picked":["Koishi:UnansweredLove+1","Koishi:FreudianInstinct"],"picked":"Koishi:JumpScare","floor":48}],"player_experience":183393,"relics_obtained":[{"floor":7.0,"key":"Dead Branch"},{"floor":9.0,"key":"Omamori"},{"floor":10.0,"key":"Bag of Marbles"},{"floor":14.0,"key":"HornCleat"},{"floor":23.0,"key":"The Courier"},{"floor":26.0,"key":"Kunai"},{"floor":27.0,"key":"Mango"},{"floor":31.0,"key":"Ornamental Fan"},{"floor":40,"key":"ReplayTheSpireMod:Lightbulb"},{"floor":42,"key":"Pen Nib"},{"floor":43,"key":"Counterbalance"},{"floor":45,"key":"Toy Ornithopter"},{"floor":47,"key":"Oddly Smooth Stone"}],"event_choices":[],"is_beta":false,"boss_relics":[{"not_picked":["Black Star","ReplayTheSpireMod:DimensionalGlitch"],"picked":"Philosopher\u0027s Stone"},{"not_picked":["Fusion Hammer","Calling Bell"],"picked":"Empty Cage"}],"items_purged_floors":[11],"is_endless":false,"potions_floor_spawned":[1,10,16,21,23,27,28,33,36,40,45],"ascension_level":1}}