{"host":"enfgzo6yn4zdbao9","time":1609111257,"event":{"mods":["AchievementEnabler","BaseMod","Colored Powertips","Minty Spire (QoL Compilation)","Relic Stats","StSLib","slay the spire mod where everything is the same but ironclad has a cowboy hat"],"gold_per_floor":[117,117,132,132,97,129,129,139,187,202,202,202,202,235,235,235,235],"floor_reached":16,"playtime":545,"items_purged":[],"score":162,"play_id":"21108733-5a58-4689-a17b-7308fc422609","local_time":"20201227152057","is_ascension_mode":true,"campfire_choices":[{"floor":7.0,"key":"REST"},{"floor":11.0,"key":"REST"},{"data":"Vigilance","floor":13.0,"key":"SMITH"},{"floor":15.0,"key":"REST"}],"circlet_count":0,"master_deck":["AscendersBane","Strike_P","Strike_P","Strike_P","Strike_P","Defend_P","Defend_P","Defend_P+1","Eruption","Vigilance+1","SashWhip+1","LessonLearned+1","EmptyBody","SashWhip","Wallop"],"relics":["Philosopher\u0027s Stone","Art of War","Happy Flower","Question Card","Meat on the Bone"],"acts_visited":["Exordium"],"potions_floor_usage":[16],"damage_taken":[{"damage":6.0,"enemies":"Small Slimes","floor":1.0,"turns":6.0},{"damage":3.0,"enemies":"Jaw Worm","floor":3.0,"turns":4.0},{"damage":60.0,"enemies":"Lagavulin","floor":6.0,"turns":10.0},{"damage":1.0,"enemies":"2 Louse","floor":8.0,"turns":3.0},{"damage":12.0,"enemies":"Exordium Wildlife","floor":10.0,"turns":2.0},{"damage":34.0,"enemies":"Gremlin Nob","floor":14.0,"turns":3.0},{"damage":39,"enemies":"Slime Boss","floor":16,"turns":7}],"seed_played":"8483566211759632524","potions_obtained":[{"floor":6.0,"key":"Ancient Potion"},{"floor":8.0,"key":"Block Potion"},{"floor":14.0,"key":"Ambrosia"}],"is_trial":false,"path_per_floor":["M","?","M","?","?","E","R","M","T","M","R","?","R","E","R","B"],"character_chosen":"WATCHER","items_purchased":[],"campfire_rested":3,"item_purchase_floors":[],"current_hp_per_floor":[59,64,61,54,73,13,36,35,35,23,46,46,46,12,35,0,0],"gold":235,"neow_bonus":"BOSS_RELIC","is_daily":false,"chose_seed":false,"campfire_upgraded":1,"win_rate":0.0,"timestamp":1609111257,"path_taken":["M","?","M","?","?","E","R","M","T","?","R","?","R","E","R","BOSS"],"items_purchased_type":[],"build_version":"2020-12-22","purchased_purges":0,"victory":false,"max_hp_per_floor":[72,77,77,77,77,77,77,77,77,77,77,77,77,77,77,77,77],"relic_stats":{"Happy Flower":[4],"counters":[7,35],"Art of War":[0],"Question Card":1,"obtain_stats":[{"Happy Flower":9,"Philosopher\u0027s Stone":0,"Art of War":6,"PureWater":0,"Question Card":12,"Meat on the Bone":14},{"Happy Flower":4,"Philosopher\u0027s Stone":0,"Art of War":3,"PureWater":0,"Question Card":5,"Meat on the Bone":6},{"Happy Flower":23,"Philosopher\u0027s Stone":0,"Art of War":20,"PureWater":0,"Question Card":25,"Meat on the Bone":28}],"Meat on the Bone":0},"card_choices":[{"not_picked":["EmptyBody","Halt"],"picked":"SashWhip","floor":1.0},{"not_picked":["BowlingBash","SashWhip"],"picked":"LessonLearned","floor":3.0},{"not_picked":["Devotion","FollowUp"],"picked":"EmptyBody","floor":6.0},{"not_picked":["PathToVictory","Collect","ThirdEye"],"picked":"SKIP","floor":8.0},{"not_picked":["Halt","EmptyBody"],"picked":"SashWhip","floor":10.0},{"not_picked":["Conclude","ConjureBlade","CutThroughFate"],"picked":"Wallop","floor":14.0}],"player_experience":428265,"relics_obtained":[{"floor":6.0,"key":"Art of War"},{"floor":9.0,"key":"Happy Flower"},{"floor":14.0,"key":"Meat on the Bone"}],"event_choices":[{"damage_healed":0.0,"max_hp_gain":5.0,"max_hp_loss":0.0,"gold_gain":0.0,"event_name":"Big Fish","player_choice":"Donut","floor":2.0,"gold_loss":0.0,"damage_taken":0.0},{"cards_removed":["Defend_P"],"damage_healed":0.0,"max_hp_gain":0.0,"max_hp_loss":0.0,"gold_gain":0.0,"event_name":"Golden Wing","player_choice":"Card Removal","floor":4.0,"gold_loss":0.0,"damage_taken":7.0},{"damage_healed":19.0,"max_hp_gain":0.0,"max_hp_loss":0.0,"gold_gain":0.0,"event_name":"The Cleric","player_choice":"Healed","floor":5.0,"gold_loss":35.0,"damage_taken":0.0},{"damage_healed":0.0,"max_hp_gain":0.0,"max_hp_loss":0.0,"gold_gain":0.0,"event_name":"WeMeetAgain","player_choice":"Gave Potion","floor":12.0,"gold_loss":0.0,"damage_taken":0.0,"relics_obtained":["Question Card"]}],"is_beta":false,"boss_relics":[],"items_purged_floors":[],"is_endless":false,"potions_floor_spawned":[6,8,14],"killed_by":"Slime Boss","ascension_level":10}}