{"host":"0cnf9zf1gia27zti","time":1609084684,"event":{"mods":["BaseMod","BetterRewards","Card Forge","Colored Map","Colored Powertips","Conspire","Downfall","Minty Spire (QoL Compilation)","Practice Mode","Quick Restart","Replay The Spire","Robot Space Explorer","Shade Mod","Spicy Shops","StSLib"],"gold_per_floor":[115,115,130,30,30,58,58,58,58,58,72,152,152,152,152],"floor_reached":14,"playtime":596,"items_purged":["Strike_B","Strike_B"],"score":163,"play_id":"b1b56567-d306-404f-9b2d-09bb27db19c9","local_time":"20201227155804","is_ascension_mode":true,"campfire_choices":[{"floor":8,"key":"REST"},{"floor":13,"key":"REST"}],"circlet_count":0,"master_deck":["AscendersBane","Strike_B","Defend_B","Defend_B","Defend_B","Defend_B","Zap","Dualcast","Coolheaded","Auto Shields","Melter","Gash","Panic Button","Tempest","Injury","Sunder","ReplayTheSpireMod:Calculation Training"],"relics":["Cracked Core","Hammer of Thor","Seething Fire","Anvil of the Gods","Runic Capacitor","Replay:Frozen Program","Mummified Hand","Bottled Flame","Golden Idol","Garlic","Shuriken","Strawberry"],"acts_visited":["Exordium"],"potions_floor_usage":[14],"damage_taken":[{"damage":7,"enemies":"Jaw Worm","floor":1,"turns":4},{"damage":0,"enemies":"2 Louse","floor":3,"turns":3},{"damage":32,"enemies":"3 Sentries","floor":6,"turns":12},{"damage":0,"enemies":"Small Slimes","floor":11,"turns":3},{"damage":30,"enemies":"3 Sentries","floor":12,"turns":12},{"damage":51,"enemies":"Gremlin Nob","floor":14,"turns":3}],"seed_played":"9196588573062814134","potions_obtained":[{"floor":6,"key":"Ancient Potion"},{"floor":12,"key":"Adrenaline Potion"}],"is_trial":false,"path_per_floor":["M","?","M","$","?","E","?","R","T","?","M","?","R","E"],"character_chosen":"DEFECT","items_purchased":["Coolheaded","Auto Shields","Runic Capacitor","Replay:Frozen Program","Mummified Hand","Melter"],"campfire_rested":2,"item_purchase_floors":[0,0,0,0,0,0],"current_hp_per_floor":[57,50,50,50,46,14,14,35,35,35,35,12,35,0,0],"gold":152,"neow_bonus":"","is_daily":false,"chose_seed":false,"campfire_upgraded":0,"win_rate":0.0,"timestamp":1609084684,"path_taken":["M","?","M","$","?","E","?","R","T","?","?","?","R","E"],"items_purchased_type":["Card","Card","Relic","Relic","Relic","Card"],"build_version":"2020-12-22","purchased_purges":2,"victory":false,"max_hp_per_floor":[71,71,71,71,71,71,71,71,71,71,71,78,78,78,78],"card_choices":[{"not_picked":["Go for the Eyes","Redo"],"picked":"Gash","floor":1},{"not_picked":["Go for the Eyes","Hologram"],"picked":"Panic Button","floor":3},{"not_picked":["Ball Lightning","Turbo"],"picked":"Tempest","floor":6},{"not_picked":["White Noise","Rebound"],"picked":"Sunder","floor":11},{"not_picked":["ReplayTheSpireMod:System Scan","Gash"],"picked":"ReplayTheSpireMod:Calculation Training","floor":12}],"player_experience":2524797,"relics_obtained":[{"floor":6,"key":"Bottled Flame"},{"floor":9,"key":"Garlic"},{"floor":12,"key":"Strawberry"}],"event_choices":[{"cards_removed":["Strike_B"],"damage_healed":0,"gold_gain":0,"player_choice":"Card Removal","damage_taken":7,"max_hp_gain":0,"max_hp_loss":0,"event_name":"Golden Wing","floor":2,"gold_loss":0},{"damage_healed":0,"gold_gain":0,"player_choice":"Leave","damage_taken":0,"max_hp_gain":0,"max_hp_loss":0,"event_name":"conspire:Investor","floor":5,"gold_loss":0},{"damage_healed":0,"gold_gain":0,"player_choice":"Take Wound","damage_taken":0,"relics_obtained":["Golden Idol"],"max_hp_gain":0,"max_hp_loss":0,"event_name":"Golden Idol","floor":7,"gold_loss":0,"cards_obtained":["Injury"]},{"damage_healed":0,"gold_gain":0,"player_choice":"Gave Potion","damage_taken":0,"relics_obtained":["Shuriken"],"max_hp_gain":0,"max_hp_loss":0,"event_name":"WeMeetAgain","floor":10,"gold_loss":0},{"damage_healed":0,"gold_gain":0,"player_choice":"Searched \u00271\u0027 times","damage_taken":0,"max_hp_gain":0,"max_hp_loss":0,"event_name":"Dead Adventurer","floor":12,"gold_loss":0}],"is_beta":false,"boss_relics":[],"items_purged_floors":[0,4],"is_endless":false,"potions_floor_spawned":[6,12],"killed_by":"Gremlin Nob","ascension_level":18}}