{"host":"tx5rs9w5gu6e5gf0","time":1609069837,"event":{"mods":["BaseMod","Colored Map","Filter the Spire","Minty Spire (QoL Compilation)","Relic Stats","StSLib"],"gold_per_floor":[113,129,204,219,238,238,265,280,280,300,334,334,351,363,363,468,468,484,23,36,55,69,100,100,128,128,159,169,185,185,211,211,306,306,326,44,60,71,71,99,99,132,132,32,46,73,73,101,101,101,101,101,27,55,55],"floor_reached":56,"playtime":3010,"items_purged":["Strike_R","Strike_R"],"score":1490,"play_id":"e4abe35e-df14-4223-bd9c-8b43501a722d","local_time":"20201227125037","is_ascension_mode":true,"campfire_choices":[{"data":"Perfected Strike","floor":6.0,"key":"SMITH"},{"data":"Trip","floor":12.0,"key":"SMITH"},{"data":"Flame Barrier","floor":15.0,"key":"SMITH"},{"data":"Limit Break","floor":24.0,"key":"SMITH"},{"data":"Corruption","floor":30.0,"key":"SMITH"},{"data":"Demon Form","floor":32.0,"key":"SMITH"},{"floor":47.0,"key":"REST"},{"floor":49.0,"key":"RECALL"},{"data":"Berserk","floor":52.0,"key":"SMITH"}],"circlet_count":0,"master_deck":["Strike_R","Strike_R+1","Strike_R","Defend_R","Defend_R","Defend_R","Defend_R","Bash","Trip+1","Perfected Strike+1","Pommel Strike+1","Whirlwind","Uppercut","Shrug It Off","Rage","Limit Break+1","Shrug It Off","Flame Barrier+1","Pommel Strike","Double Tap","Perfected Strike+1","Flex+1","Perfected Strike+1","Demon Form+1","Seeing Red","Corruption+1","Twin Strike","Shrug It Off","Barricade","Feel No Pain+1","Dark Embrace","Master of Strategy","PanicButton","Dark Embrace","Spot Weakness","Berserk+1","Shrug It Off+1","Shrug It Off"],"relics":["Burning Blood","Unceasing Top","Magic Flower","InkBottle","Velvet Choker","DollysMirror","Mummified Hand","Mango","Strawberry","Gremlin Horn","Tiny Chest","Bottled Tornado","Snecko Eye","Paper Frog","Bottled Lightning","TungstenRod","HornCleat","Whetstone","Pantograph"],"acts_visited":["Exordium","TheCity","TheBeyond","TheEnding"],"potions_floor_usage":[54,55,55],"damage_taken":[{"damage":1.0,"enemies":"Cultist","floor":1.0,"turns":3.0},{"damage":4.0,"enemies":"Small Slimes","floor":2.0,"turns":3.0},{"damage":2.0,"enemies":"2 Louse","floor":4.0,"turns":2.0},{"damage":6.0,"enemies":"Exordium Wildlife","floor":5.0,"turns":3.0},{"damage":26.0,"enemies":"Lagavulin","floor":7.0,"turns":7.0},{"damage":1.0,"enemies":"3 Louse","floor":8.0,"turns":3.0},{"damage":1.0,"enemies":"Blue Slaver","floor":10.0,"turns":3.0},{"damage":16.0,"enemies":"Gremlin Nob","floor":11.0,"turns":4.0},{"damage":0.0,"enemies":"2 Fungi Beasts","floor":13.0,"turns":3.0},{"damage":2.0,"enemies":"Red Slaver","floor":14.0,"turns":2.0},{"damage":52.0,"enemies":"The Guardian","floor":16.0,"turns":13.0},{"damage":2.0,"enemies":"Shell Parasite","floor":18.0,"turns":4.0},{"damage":1.0,"enemies":"3 Byrds","floor":20.0,"turns":4.0},{"damage":0.0,"enemies":"Snecko","floor":21.0,"turns":4.0},{"damage":0.0,"enemies":"Cultist and Chosen","floor":22.0,"turns":4.0},{"damage":33.0,"enemies":"Slavers","floor":23.0,"turns":6.0},{"damage":41.0,"enemies":"Gremlin Leader","floor":25.0,"turns":9.0},{"damage":12.0,"enemies":"Slavers","floor":27.0,"turns":4.0},{"damage":0.0,"enemies":"Centurion and Healer","floor":28.0,"turns":5.0},{"damage":0.0,"enemies":"3 Cultists","floor":29.0,"turns":3.0},{"damage":27.0,"enemies":"Book of Stabbing","floor":31.0,"turns":5.0},{"damage":7.0,"enemies":"Champ","floor":33.0,"turns":7.0},{"damage":1.0,"enemies":"3 Darklings","floor":35.0,"turns":4.0},{"damage":4.0,"enemies":"Orb Walker","floor":37.0,"turns":2.0},{"damage":34.0,"enemies":"Writhing Mass","floor":38.0,"turns":5.0},{"damage":29.0,"enemies":"Reptomancer","floor":40.0,"turns":4.0},{"damage":2.0,"enemies":"Giant Head","floor":42.0,"turns":5.0},{"damage":14.0,"enemies":"Maw","floor":45.0,"turns":5.0},{"damage":33.0,"enemies":"Reptomancer","floor":46.0,"turns":5.0},{"damage":0.0,"enemies":"Giant Head","floor":48.0,"turns":4.0},{"damage":43.0,"enemies":"Awakened One","floor":50.0,"turns":8.0},{"damage":51,"enemies":"Shield and Spear","floor":54,"turns":5},{"damage":49,"enemies":"The Heart","floor":55,"turns":8}],"seed_played":"4925943600599344261","potions_obtained":[{"floor":1.0,"key":"Energy Potion"},{"floor":10.0,"key":"Explosive Potion"},{"floor":13.0,"key":"SpeedPotion"},{"floor":16.0,"key":"SpeedPotion"},{"floor":18.0,"key":"Weak Potion"},{"floor":25.0,"key":"BloodPotion"},{"floor":27.0,"key":"GamblersBrew"},{"floor":28.0,"key":"Explosive Potion"},{"floor":33.0,"key":"Regen Potion"},{"floor":37.0,"key":"EntropicBrew"},{"floor":40.0,"key":"GamblersBrew"},{"floor":48.0,"key":"LiquidBronze"}],"is_trial":false,"path_per_floor":["M","M","?","M","M","R","E","M","T","M","E","R","M","M","R","B",null,"M","$","M","M","M","E","R","E","T","E","M","M","R","E","R","B",null,"M","$","M","M","?","E","?","E","T","$","M","E","R","E","R","B",null,"R","$","E","B",null],"character_chosen":"IRONCLAD","items_purchased":["DollysMirror","Mummified Hand","Paper Frog","Dark Embrace","Shrug It Off","Dexterity Potion"],"campfire_rested":1,"item_purchase_floors":[19,19,36,36,53,53],"current_hp_per_floor":[80,80,72,76,76,76,56,61,61,69,62,62,71,78,78,35,80,80,80,80,80,80,70,70,45,45,72,81,90,90,72,72,74,101,101,101,101,76,66,65,65,72,72,72,67,43,73,82,82,48,101,101,101,59,57],"gold":55,"neow_bonus":"RANDOM_COLORLESS","is_daily":false,"chose_seed":false,"campfire_upgraded":7,"win_rate":0.0,"timestamp":1609069837,"path_taken":["M","M","?","M","M","R","E","?","T","M","E","R","M","M","R","BOSS","M","$","?","M","M","E","R","E","T","E","M","M","R","E","R","BOSS","M","$","M","M","?","E","?","E","T","$","M","E","R","E","R","BOSS","R","$","E","BOSS"],"items_purchased_type":["Relic","Relic","Relic","Card","Card","Potion"],"build_version":"2020-12-22","purchased_purges":2,"victory":true,"max_hp_per_floor":[80,80,80,80,80,80,80,80,80,80,80,80,80,80,80,80,80,80,80,80,80,80,94,94,101,101,101,101,101,101,101,101,101,101,101,101,101,101,101,101,101,101,101,101,101,101,101,101,101,101,101,101,101,101,101],"relic_stats":{"Gremlin Horn":[18,18],"counters":[33,156],"Magic Flower":[93],"Whetstone":["Pommel Strike","Strike_R"],"Burning Blood":226,"Mummified Hand":[123],"Pantograph":38,"Snecko Eye":[137,125,144,147],"Tiny Chest":0,"obtain_stats":[{"Gremlin Horn":26,"Magic Flower":9,"Velvet Choker":17,"Mango":23,"Whetstone":48,"Bottled Tornado":31,"Burning Blood":0,"HornCleat":46,"DollysMirror":19,"Mummified Hand":19,"Strawberry":25,"Pantograph":54,"Snecko Eye":34,"Tiny Chest":27,"Bottled Lightning":40,"Unceasing Top":7,"InkBottle":11,"TungstenRod":42,"Paper Frog":36},{"Gremlin Horn":17,"Magic Flower":6,"Velvet Choker":11,"Mango":16,"Whetstone":30,"Bottled Tornado":21,"Burning Blood":0,"HornCleat":29,"DollysMirror":12,"Mummified Hand":12,"Strawberry":17,"Pantograph":32,"Snecko Eye":22,"Tiny Chest":18,"Bottled Lightning":26,"Unceasing Top":5,"InkBottle":8,"TungstenRod":27,"Paper Frog":23},{"Gremlin Horn":77,"Magic Flower":21,"Velvet Choker":46,"Mango":68,"Whetstone":135,"Bottled Tornado":94,"Burning Blood":0,"HornCleat":131,"DollysMirror":50,"Mummified Hand":50,"Strawberry":77,"Pantograph":148,"Snecko Eye":101,"Tiny Chest":81,"Bottled Lightning":116,"Unceasing Top":18,"InkBottle":28,"TungstenRod":121,"Paper Frog":105}],"Unceasing Top":[1],"InkBottle":[49],"TungstenRod":28},"card_choices":[{"not_picked":["Madness","Bandage Up"],"picked":"Trip","floor":0.0},{"not_picked":["True Grit","Thunderclap"],"picked":"Perfected Strike","floor":1.0},{"not_picked":["Fire Breathing","Cleave"],"picked":"Pommel Strike","floor":2.0},{"not_picked":["Burning Pact","Searing Blow"],"picked":"Whirlwind","floor":4.0},{"not_picked":["Body Slam","True Grit"],"picked":"Uppercut","floor":5.0},{"not_picked":["Dark Embrace","Clothesline"],"picked":"Shrug It Off","floor":7.0},{"not_picked":["Cleave","Rupture"],"picked":"Rage","floor":8.0},{"not_picked":["Rupture","Carnage"],"picked":"Limit Break","floor":10.0},{"not_picked":["Warcry","Pommel Strike"],"picked":"Shrug It Off","floor":11.0},{"not_picked":["Whirlwind","Bloodletting"],"picked":"Flame Barrier","floor":13.0},{"not_picked":["Warcry","Thunderclap"],"picked":"Pommel Strike","floor":14.0},{"not_picked":["Bludgeon","Berserk"],"picked":"Double Tap","floor":16.0},{"not_picked":["Headbutt","Armaments","Metallicize"],"picked":"SKIP","floor":18.0},{"not_picked":["Heavy Blade","Whirlwind+1","Anger"],"picked":"SKIP","floor":20.0},{"not_picked":["True Grit","Shockwave"],"picked":"Flex+1","floor":21.0},{"not_picked":["Flex","Pummel"],"picked":"Perfected Strike+1","floor":22.0},{"not_picked":["Infernal Blade","Armaments"],"picked":"Demon Form","floor":23.0},{"not_picked":["Uppercut","Metallicize"],"picked":"Seeing Red","floor":25.0},{"not_picked":["Sever Soul+1","Clash+1"],"picked":"Corruption","floor":27.0},{"not_picked":["Clothesline+1","Warcry"],"picked":"Twin Strike","floor":28.0},{"not_picked":["Dropkick+1","Headbutt"],"picked":"Shrug It Off","floor":29.0},{"not_picked":["Clash","Pommel Strike","Uppercut"],"picked":"SKIP","floor":31.0},{"not_picked":["Double Tap","Berserk"],"picked":"Barricade","floor":33.0},{"not_picked":["Warcry+1","Rampage+1"],"picked":"Feel No Pain+1","floor":35.0},{"not_picked":["Twin Strike+1","Warcry+1","Armaments"],"picked":"SKIP","floor":37.0},{"not_picked":["Dropkick","Pommel Strike+1"],"picked":"Body Slam+1","floor":38.0},{"not_picked":["The Bomb","PanicButton"],"picked":"Master of Strategy","floor":39.0},{"not_picked":["Dramatic Entrance","Panache"],"picked":"PanicButton","floor":39.0},{"not_picked":["Twin Strike+1","Carnage+1","Hemokinesis+1"],"picked":"SKIP","floor":40.0},{"not_picked":["Twin Strike+1","Carnage+1","Hemokinesis+1"],"picked":"SKIP","floor":40.0},{"not_picked":["Anger+1","Cleave"],"picked":"Dark Embrace","floor":42.0},{"not_picked":["Heavy Blade+1","Clothesline+1"],"picked":"Spot Weakness","floor":45.0},{"not_picked":["Warcry+1","Rampage"],"picked":"Berserk","floor":46.0},{"not_picked":["Seeing Red+1","Fire Breathing+1"],"picked":"Shrug It Off+1","floor":48.0},{"not_picked":["True Grit","Whirlwind","Thunderclap"],"picked":"SKIP","floor":54}],"player_experience":14814,"relics_obtained":[{"floor":7.0,"key":"Unceasing Top"},{"floor":9.0,"key":"Magic Flower"},{"floor":11.0,"key":"InkBottle"},{"floor":23.0,"key":"Mango"},{"floor":25.0,"key":"Strawberry"},{"floor":26.0,"key":"Gremlin Horn"},{"floor":27.0,"key":"Tiny Chest"},{"floor":31.0,"key":"Bottled Tornado"},{"floor":40.0,"key":"Bottled Lightning"},{"floor":42.0,"key":"TungstenRod"},{"floor":46.0,"key":"HornCleat"},{"floor":48.0,"key":"Whetstone"},{"floor":54,"key":"Pantograph"}],"event_choices":[{"damage_healed":0.0,"max_hp_gain":0.0,"max_hp_loss":0.0,"gold_gain":75.0,"event_name":"FaceTrader","player_choice":"Touch","floor":3.0,"gold_loss":0.0,"damage_taken":8.0},{"damage_healed":0.0,"max_hp_gain":0.0,"max_hp_loss":0.0,"gold_gain":0.0,"event_name":"SensoryStone","player_choice":"Memory 3","floor":39.0,"gold_loss":0.0,"damage_taken":10.0},{"cards_removed":["Body Slam"],"damage_healed":0.0,"max_hp_gain":0.0,"max_hp_loss":0.0,"gold_gain":0.0,"event_name":"Falling","player_choice":"Removed Attack","floor":41.0,"gold_loss":0.0,"damage_taken":0.0}],"is_beta":false,"boss_relics":[{"not_picked":["Black Star","Sozu"],"picked":"Velvet Choker"},{"not_picked":["Philosopher\u0027s Stone","SlaversCollar"],"picked":"Snecko Eye"}],"items_purged_floors":[19,44],"is_endless":false,"potions_floor_spawned":[1,10,13,16,18,25,27,28,33,37,38,40,48],"ascension_level":1}}