{"host":"55yei7x27djrlaep","time":1609090831,"event":{"mods":["Act Like it!","Aspiration","BaseMod","Better Altar","Better Match","Better Note","Better Sensory Stone","Better Skull","Better Third Choice","BetterRewards","Colored Map","Conspire","Friendly Minions","GifTheSpireLib","Halation","Hubris","Minty Spire (QoL Compilation)","Pale of the Ancients","Relic Sorter","Replay The Spire","Spikes Relics","StSLib","Stuff the Spire","The Elementalist","The Marked"],"gold_per_floor":[19,69,19,19,294,313,324,324,324,358,358,377,377,26,26,131,131,149,159,179,191,203,229,229,257,308,308,327,327,327,342,342,443,443,453,87,133,146,146,146,158,189,189,221,248,248,263,263,289,333,333,345,367,440,179,203,203,261,261,34,34,62,62],"floor_reached":62,"playtime":8411,"items_purged":["Strike_P","Regret","Replay:Hysterical Blindness","Replay:Hysterical Blindness"],"score":977,"play_id":"d0c08eb2-ddc7-4633-b2d3-74a153b7b029","local_time":"20201227204031","is_ascension_mode":false,"campfire_choices":[{"data":"Eruption","floor":8,"key":"SMITH"},{"data":"FollowUp","floor":13,"key":"SMITH"},{"data":"FlurryOfBlows","floor":15,"key":"SMITH"},{"data":"TalkToTheHand","floor":24,"key":"SMITH"},{"floor":27,"key":"REST"},{"floor":29,"key":"REST"},{"floor":32,"key":"RECALL"},{"floor":43,"key":"REST"},{"data":"Scrawl","floor":46,"key":"SMITH"},{"data":"Vault","floor":46,"key":"SMITH"},{"data":"TalkToTheHand","floor":48,"key":"SMITH"},{"data":"Vigilance","floor":48,"key":"SMITH"},{"floor":51,"key":"REST"},{"data":"TalkToTheHand","floor":57,"key":"SMITH"},{"data":"ReachHeaven","floor":57,"key":"SMITH"},{"floor":59,"key":"REST"}],"circlet_count":0,"master_deck":["Strike_P+1","Strike_P+1","Defend_P","Defend_P+1","Eruption+1","Vigilance+1","Replay:DivineShield","Replay:BluntJabs","Replay:BluntJabs+1","FollowUp+1","Scrawl+1","FlurryOfBlows+1","DeceiveReality+1","DeusExMachina","FlurryOfBlows+1","WreathOfFlame+1","WindmillStrike+1","TalkToTheHand+1","Adaptation+1","TalkToTheHand+1","Vault+1","FlyingSleeves+1","FlurryOfBlows+1","TalkToTheHand+1","ReachHeaven+1","CutThroughFate+1","InnerPeace+1","Omniscience","Halt","ClearTheMind+1","Evaluate+1","TalkToTheHand+1"],"relics":["PureWater","Spirit Poop","paleoftheancients:KeyRelic","hubris:Icosahedron","StuffTheSpire:Rhapsscallions","StuffTheSpire:OldFever","Oddly Smooth Stone","Replay:Bronze Core","hubris:Teleporter","Gremlin Food","Replay:Ancient Bell","Bronze Scales","ReplayTheSpireMod:Shallot","Replay:Arrowhead","Membership Card","Matryoshka","StuffTheSpire:MayFlowers","Dream Catcher","StuffTheSpire:HeavyRock","halation:IllGainedPizza","MealTicket","Replay:Bottled Snecko","paleoftheancients:Timepiece","Mercury Hourglass","paleoftheancients:SoulOfTheIroncluck","Whetstone","Anchor","Bag of Preparation","Replay:Rubber Ducky","halation:Thesaurus","halation:Convergence","aspiration:HiddenCompartment"],"acts_visited":["Exordium","TheCity","TheBeyond","paleoftheancients:PaleOfTheAncients"],"potions_floor_usage":[10,23,25,31,35,37,41,52,53,53,55,62,62],"damage_taken":[{"damage":0,"enemies":"2 Louse","floor":1,"turns":3},{"damage":1,"enemies":"Small Slimes","floor":6,"turns":2},{"damage":7,"enemies":"Jaw Worm","floor":7,"turns":2},{"damage":3,"enemies":"Lagavulin","floor":10,"turns":4},{"damage":0,"enemies":"conspire:2 RoseBushes","floor":12,"turns":3},{"damage":0,"enemies":"Slime Boss","floor":16,"turns":5},{"damage":8,"enemies":"conspire:FuzzyDice","floor":18,"turns":4},{"damage":0,"enemies":"Spheric Guardian","floor":19,"turns":3},{"damage":0,"enemies":"Snake Plant","floor":20,"turns":2},{"damage":2,"enemies":"Shelled Parasite and Fungi","floor":21,"turns":3},{"damage":9,"enemies":"Snecko","floor":22,"turns":4},{"damage":27,"enemies":"Slavers","floor":23,"turns":5},{"damage":0,"enemies":"Gremlin Leader","floor":25,"turns":3},{"damage":0,"enemies":"Chosen and Byrds","floor":28,"turns":4},{"damage":8,"enemies":"Shelled Parasite and Fungi","floor":31,"turns":3},{"damage":60,"enemies":"Automaton","floor":33,"turns":9},{"damage":15,"enemies":"3 Shapes","floor":35,"turns":4},{"damage":3,"enemies":"2 Orb Walkers","floor":37,"turns":5},{"damage":0,"enemies":"Orb Walker","floor":38,"turns":4},{"damage":0,"enemies":"Transient","floor":41,"turns":6},{"damage":37,"enemies":"R_Hoarder","floor":42,"turns":7},{"damage":0,"enemies":"Giant Head","floor":44,"turns":7},{"damage":8,"enemies":"Spire Growth","floor":47,"turns":3},{"damage":7,"enemies":"Writhing Mass","floor":49,"turns":6},{"damage":2,"enemies":"conspire:MimicChest","floor":50,"turns":6},{"damage":53,"enemies":"Donu and Deca","floor":52,"turns":9},{"damage":99,"enemies":"Donu and Deca","floor":53,"turns":13},{"damage":25,"enemies":"Donu and Deca","floor":54,"turns":5},{"damage":12,"enemies":"Donu and Deca","floor":58,"turns":9},{"damage":121,"enemies":"paleoftheancients:N","floor":62,"turns":10}],"seed_played":"6550270188323712587","potions_obtained":[{"floor":1,"key":"Adrenaline Potion"},{"floor":10,"key":"Toxic Potion"},{"floor":18,"key":"BlessingOfTheForge"},{"floor":20,"key":"SmokeBomb"},{"floor":21,"key":"SneckoOil"},{"floor":23,"key":"Block Potion"},{"floor":28,"key":"Ambrosia"},{"floor":37,"key":"AttackPotion"},{"floor":38,"key":"DuplicationPotion"},{"floor":42,"key":"SteroidPotion"},{"floor":49,"key":"Venom Potion"}],"is_trial":false,"path_per_floor":["M","?","?","$","?","M","M","R","T","E","?","M","R","$","R","B",null,"M","M","M","M","M","E","R","E","T","R","M","R","?","M","R_BF","B",null,"M","$","?","M","PTL","PTL","M","E","R","E","T","R","M","R","M","?","R","B","M","M","$","T","R","M","R","$","?","B"],"character_chosen":"WATCHER","items_purchased":["FlurryOfBlows","Oddly Smooth Stone","DeceiveReality","Membership Card","FlurryOfBlows","TalkToTheHand","Matryoshka","BargainBundle","Fruit Juice","LifebloodPotion","Reflective Coating","TalkToTheHand","Whetstone","Anchor","halation:Thesaurus","aspiration:HiddenCompartment"],"campfire_rested":5,"item_purchase_floors":[14,14,14,36,36,36,36,55,55,55,55,55,55,55,60,60],"current_hp_per_floor":[72,72,72,72,72,71,64,64,70,67,67,67,67,67,67,67,78,70,70,70,68,59,32,32,32,32,55,55,78,78,70,70,10,78,63,63,60,60,60,60,65,33,56,61,61,61,53,53,49,50,73,78,78,67,83,83,83,77,83,83,83,0,0],"gold":62,"neow_bonus":"REMOVE_TWO","is_daily":false,"chose_seed":false,"campfire_upgraded":10,"win_rate":0.0,"timestamp":1609090831,"path_taken":["M","?","?","?","?","M","?","R","T","E","?","M","R","$","R","BOSS","M","M","M","M","M","E","R","E","T","R","M","R","?","?","R_BF","BOSS","M","$","?","M","PTL","PTL","M","E","R","E","T","R","M","R","M","?","R","BOSS","M","M","?","T","R","M","R","$","?","BOSS"],"items_purchased_type":["Card","Relic","Card","Relic","Card","Card","Relic","Relic","Potion","Potion","Potion","Card","Relic","Relic","Relic","Relic"],"build_version":"2020-12-22","purchased_purges":4,"victory":false,"max_hp_per_floor":[72,72,72,72,72,72,72,72,78,78,78,78,78,78,78,78,78,78,78,78,78,78,78,78,78,78,78,78,78,78,78,78,78,78,78,78,78,78,78,78,78,78,78,78,78,78,78,78,78,78,78,78,78,78,83,83,83,83,83,83,83,83,83],"card_choices":[{"not_picked":["Weave","Consecrate"],"picked":"Replay:DivineShield","floor":1},{"not_picked":["EmptyBody","Sanctity"],"picked":"Replay:BluntJabs","floor":6},{"not_picked":["Collect","Fasting2"],"picked":"Replay:BluntJabs","floor":7},{"not_picked":["Replay:Battleflow","Replay:Anticipation"],"picked":"FollowUp","floor":10},{"not_picked":["BowlingBash","WreathOfFlame"],"picked":"Scrawl","floor":12},{"not_picked":["Scrawl","Replay:AllIn"],"picked":"DeusExMachina","floor":16},{"not_picked":["Replay:AtTheReady","Consecrate"],"picked":"FlurryOfBlows","floor":18},{"not_picked":["Replay:ManipulateFuture","Protect"],"picked":"WreathOfFlame+1","floor":19},{"not_picked":["Replay:BluntJabs","Replay:DivineShield"],"picked":"WindmillStrike+1","floor":20},{"not_picked":["Protect","CrushJoints+1","PathToVictory"],"picked":"SKIP","floor":21},{"not_picked":["Halt+1","SandsOfTime"],"picked":"TalkToTheHand","floor":22},{"not_picked":["EmptyBody","CrushJoints"],"picked":"Adaptation+1","floor":23},{"not_picked":["SandsOfTime+1","WreathOfFlame"],"picked":"TalkToTheHand+1","floor":25},{"not_picked":["FlyingSleeves","Study+1","DeceiveReality"],"picked":"SKIP","floor":28},{"not_picked":["PathToVictory+1","Fasting2","SashWhip"],"picked":"SKIP","floor":31},{"not_picked":["Ragnarok","Judgement"],"picked":"Vault","floor":33},{"not_picked":["Pain","hubris:Disease"],"picked":"Replay:Hysterical Blindness","floor":34},{"not_picked":["Pain","ReplayTheSpireMod:Faulty Equipment"],"picked":"Replay:Hysterical Blindness","floor":34},{"not_picked":["hubris:Lust","CurseOfTheBell"],"picked":"Regret","floor":34},{"not_picked":["Brilliance","Fasting2+1"],"picked":"FlyingSleeves+1","floor":35},{"not_picked":["SashWhip","Protect"],"picked":"ReachHeaven","floor":37},{"not_picked":["Evaluate+1","FlyingSleeves+1"],"picked":"CutThroughFate+1","floor":38},{"not_picked":["SashWhip","JustLucky"],"picked":"InnerPeace+1","floor":41},{"not_picked":["JustLucky+1","ReachHeaven","Nirvana"],"picked":"SKIP","floor":42},{"not_picked":["Collect+1","LikeWater"],"picked":"Omniscience","floor":44},{"not_picked":["Nirvana+1","Protect+1"],"picked":"Halt","floor":47},{"not_picked":["Weave+1","Replay:ManipulateFuture","Pray+1"],"picked":"SKIP","floor":49},{"not_picked":["JustLucky","Indignation+1"],"picked":"ClearTheMind+1","floor":50},{"not_picked":["FollowUp+1","Collect+1"],"picked":"Evaluate+1","floor":51},{"not_picked":["EmptyBody","Conclude","Replay:BluntJabs+1"],"picked":"SKIP","floor":54},{"not_picked":["Indignation+1","ThirdEye","FlyingSleeves"],"picked":"SKIP","floor":58}],"player_experience":381128,"relics_obtained":[{"floor":9,"key":"StuffTheSpire:Rhapsscallions"},{"floor":10,"key":"StuffTheSpire:OldFever"},{"floor":23,"key":"hubris:Teleporter"},{"floor":25,"key":"Gremlin Food"},{"floor":37,"key":"StuffTheSpire:MayFlowers"},{"floor":42,"key":"Dream Catcher"},{"floor":44,"key":"StuffTheSpire:HeavyRock"},{"floor":45,"key":"halation:IllGainedPizza"},{"floor":45,"key":"MealTicket"},{"floor":50,"key":"Replay:Bottled Snecko"},{"floor":54,"key":"paleoftheancients:SoulOfTheIroncluck"},{"floor":56,"key":"Bag of Preparation"},{"floor":56,"key":"Replay:Rubber Ducky"},{"floor":58,"key":"paleoftheancients:SoulOfTheHexaghost"}],"event_choices":[{"cards_removed":["Defend_P"],"damage_healed":0,"gold_gain":0,"player_choice":"Card Removal","damage_taken":0,"max_hp_gain":0,"max_hp_loss":0,"event_name":"The Cleric","floor":3,"gold_loss":50},{"damage_healed":0,"gold_gain":275,"player_choice":"Desecrate","damage_taken":0,"max_hp_gain":0,"max_hp_loss":0,"event_name":"Golden Shrine","floor":5,"gold_loss":0,"cards_obtained":["Regret"]},{"cards_removed":["TalkToTheHand"],"damage_healed":0,"gold_gain":0,"player_choice":"Give","damage_taken":0,"max_hp_gain":0,"max_hp_loss":0,"event_name":"betterNote:BetterNote","floor":30,"gold_loss":0,"cards_obtained":["None"]},{"damage_healed":0,"gold_gain":0,"player_choice":"Fight","damage_taken":0,"max_hp_gain":0,"max_hp_loss":0,"event_name":"Mysterious Sphere","floor":37,"gold_loss":0}],"is_beta":false,"boss_relics":[{"not_picked":["halation:HeavySnake","conspire:RunicOctahedron"],"picked":"Replay:Bronze Core"},{"not_picked":["aspiration:SilentSkillbook","halation:LoveArrow"],"picked":"Replay:Ancient Bell"},{"not_picked":["Tiny Chest","Centennial Puzzle"],"picked":"Bronze Scales"},{"not_picked":["hubris:DisguiseKit","StuffTheSpire:PointBlank"],"picked":"ReplayTheSpireMod:Shallot"},{"not_picked":["conspire:GlowingRock","hubris:MedicalManual"],"picked":"Replay:Arrowhead"}],"items_purged_floors":[14,36,55,60],"is_endless":false,"potions_floor_spawned":[1,10,18,20,21,23,28,37,38,42,49,50,53],"killed_by":"paleoftheancients:N","ascension_level":0}}