{"host":"wy23tj84iquxuyyu","time":1609113440,"event":{"mods":["Aspiration","BaseMod","Better Note","Colored Map","Fireblade Mod","Hermit","Marked Mod","Minty Spire (QoL Compilation)","Random Character Button","Rare Cards Sparkle","Relic Stats","Replay The Spire","Retaliation","Spicy Shops","StSLib","The Cursed","The Death Knight","The Necromancer","Trackpad"],"gold_per_floor":[119,130,130,130,141,141,170,184,238,269,269,286,205,205,205,308,308,322,31,31,31,31,31,31,31,85,115,115,133,147,174,186,300,312,340,371,383,320,336,366,366,366,366,366,386,399,399,54,54,54],"floor_reached":51,"playtime":3771,"items_purged":["Replay:AtTheReady+1","Decay"],"score":551,"play_id":"c8f1afa2-dff8-458b-a31c-69d428207594","local_time":"20201227185720","is_ascension_mode":false,"campfire_choices":[{"data":"Perseverance","floor":6.0,"key":"SMITH"},{"floor":11.0,"key":"REST"},{"floor":15.0,"key":"REST"},{"data":"Devotion","floor":23.0,"key":"SMITH"},{"data":"Prostrate","floor":25.0,"key":"SMITH"},{"floor":32,"key":"REST"},{"floor":41,"key":"REST"},{"floor":44,"key":"REST"},{"floor":49,"key":"REST"}],"circlet_count":0,"master_deck":["Strike_P","Strike_P","Strike_P","Strike_P","Defend_P","Defend_P","Defend_P","Eruption","Vigilance","Replay:Sssssssssshield","Perseverance+1","Prostrate+1","FlyingSleeves","BowlingBash+1","Devotion+1","DeathKnight:AntiMagicShell+1","Evaluate+1","SignatureMove+1","Devotion+1","Ragnarok+1","MentalFortress+1","Pray","ReplayTheSpireMod:Private Reserves"],"relics":["HolyWater","aspiration:ChemicalBlood","trackpad:CultistFigurine","ReplayTheSpireMod:Lightbulb","Eternal Feather","WingedGreaves","trackpad:Compendium","Blue Doll","Replay:Bottled Flurry","MawBank","Fusion Hammer","CaptainsWheel","Vajra","Anchor"],"acts_visited":["Exordium","TheCity","TheBeyond"],"potions_floor_usage":[29,30,33,33,39,39,40,40,40,40,45,46,50],"damage_taken":[{"damage":5.0,"enemies":"Small Slimes","floor":1.0,"turns":7.0},{"damage":1.0,"enemies":"Jaw Worm","floor":2.0,"turns":8.0},{"damage":0.0,"enemies":"Cultist","floor":5.0,"turns":3.0},{"damage":8.0,"enemies":"Lagavulin","floor":7.0,"turns":11.0},{"damage":0.0,"enemies":"Large Slime","floor":8.0,"turns":10.0},{"damage":24.0,"enemies":"Gremlin Nob","floor":10.0,"turns":5.0},{"damage":0.0,"enemies":"Exordium Wildlife","floor":12.0,"turns":4.0},{"damage":5.0,"enemies":"Fading Forest","floor":16.0,"turns":11.0},{"damage":11.0,"enemies":"Chosen","floor":18.0,"turns":7.0},{"damage":24.0,"enemies":"Book of Stabbing","floor":27.0,"turns":6.0},{"damage":5,"enemies":"Spheric Guardian","floor":29,"turns":5},{"damage":3,"enemies":"Snake Plant","floor":30,"turns":6},{"damage":35,"enemies":"Champ","floor":33,"turns":8},{"damage":2,"enemies":"3 Shapes","floor":35,"turns":8},{"damage":8,"enemies":"3 Darklings","floor":36,"turns":5},{"damage":28,"enemies":"Transient","floor":39,"turns":5},{"damage":0,"enemies":"Reptomancer","floor":40,"turns":6},{"damage":2,"enemies":"Jaw Worm Horde","floor":45,"turns":5},{"damage":12,"enemies":"Writhing Mass","floor":46,"turns":5},{"damage":22,"enemies":"Replay:Hell Engine","floor":50,"turns":10}],"seed_played":"8154067299322203402","potions_obtained":[{"floor":1.0,"key":"Adrenaline Potion"},{"floor":2.0,"key":"PowerPotion"},{"floor":7.0,"key":"Elixir"},{"floor":10.0,"key":"Reflective Coating"},{"floor":10.0,"key":"Weak Potion"},{"floor":16.0,"key":"Regen Potion"},{"floor":27,"key":"Explosive Potion"},{"floor":29,"key":"PowerPotion"},{"floor":30,"key":"Adrenaline Potion"},{"floor":33,"key":"ColorlessPotion"},{"floor":39,"key":"DeathKnight:RimePotion"},{"floor":39,"key":"Fire Potion"},{"floor":40,"key":"SpeedPotion"},{"floor":45,"key":"Dexterity Potion"},{"floor":45,"key":"DuplicationPotion"}],"is_trial":false,"path_per_floor":["M","M","?","?","M","R","E","M","T","E","R","M","$","?","R","B",null,"M","$","?","?","$","R","?","R","T","E","?","M","M","T","R","B",null,"M","M","?","$","M","E","R","?","T","R","M","M","?","$","R","B",null],"character_chosen":"WATCHER","items_purchased":["BowlingBash","WingedGreaves","trackpad:Compendium","Anchor","ReplayTheSpireMod:Private Reserves"],"campfire_rested":6,"item_purchase_floors":[13,19,19,48,48],"current_hp_per_floor":[67,66,66,66,66,66,58,58,58,34,61,61,61,47,72,67,72,61,61,61,68,68,72,72,72,72,48,35,30,27,27,62,42,77,75,67,67,67,39,39,72,51,51,73,71,59,59,59,73,51],"gold":54,"neow_bonus":"RANDOM_COLORLESS","is_daily":false,"chose_seed":false,"campfire_upgraded":3,"win_rate":0.0,"timestamp":1609113440,"path_taken":["M","M","?","?","M","R","E","M","T","E","R","M","$","?","R","BOSS","M","$","?","?","?","R","?","R","T","E","?","M","?","?","R","BOSS","M","?","?","$","M","E","R","?","T","R","M","M","?","$","R","BOSS"],"items_purchased_type":["Card","Relic","Relic","Relic","Card"],"build_version":"2020-12-22","purchased_purges":2,"victory":true,"max_hp_per_floor":[72,72,72,72,72,72,72,72,72,72,72,72,72,72,72,72,72,72,72,72,72,72,72,72,72,72,72,77,77,77,77,77,77,77,77,77,73,73,73,73,73,73,73,73,73,73,73,73,73,73],"relic_stats":{"counters":[20,135],"Eternal Feather":67,"MawBank":84,"obtain_stats":[{"Vajra":43,"Eternal Feather":10,"Blue Doll":26,"MawBank":31,"CaptainsWheel":40,"Anchor":48,"HolyWater":17,"WingedGreaves":19,"trackpad:Compendium":19,"Fusion Hammer":34,"Replay:Bottled Flurry":27,"PureWater":0,"trackpad:CultistFigurine":7,"ReplayTheSpireMod:Lightbulb":9,"aspiration:ChemicalBlood":4},{"Vajra":17,"Eternal Feather":6,"Blue Doll":9,"MawBank":12,"CaptainsWheel":17,"Anchor":19,"HolyWater":8,"WingedGreaves":9,"trackpad:Compendium":9,"Fusion Hammer":13,"Replay:Bottled Flurry":10,"PureWater":0,"trackpad:CultistFigurine":4,"ReplayTheSpireMod:Lightbulb":5,"aspiration:ChemicalBlood":2},{"Vajra":115,"Eternal Feather":44,"Blue Doll":66,"MawBank":83,"CaptainsWheel":115,"Anchor":125,"HolyWater":59,"WingedGreaves":66,"trackpad:Compendium":66,"Fusion Hammer":91,"Replay:Bottled Flurry":72,"PureWater":0,"trackpad:CultistFigurine":29,"ReplayTheSpireMod:Lightbulb":39,"aspiration:ChemicalBlood":15}]},"card_choices":[{"not_picked":["Purity","Replay:BasicMightCard"],"picked":"Replay:Sssssssssshield","floor":0.0},{"not_picked":["JustLucky","FlurryOfBlows"],"picked":"Perseverance","floor":1.0},{"not_picked":["Tantrum","FlurryOfBlows","Conclude"],"picked":"SKIP","floor":2.0},{"not_picked":["MarkedMod:Acupuncture","ThirdEye"],"picked":"Prostrate","floor":5.0},{"not_picked":["EmptyFist","Replay:Hum","Consecrate"],"picked":"SKIP","floor":7.0},{"not_picked":["BowlingBash","JustLucky"],"picked":"Replay:AtTheReady","floor":8.0},{"not_picked":["EmptyFist","Swivel","SpiritShield"],"picked":"SKIP","floor":10.0},{"not_picked":["MarkedMod:Acupuncture","TalkToTheHand"],"picked":"FlyingSleeves","floor":12.0},{"not_picked":["MarkedMod:SlowDance","DevaForm"],"picked":"Devotion","floor":16.0},{"not_picked":["MarkedMod:GentlePulse+1","Consecrate","ThirdEye+1"],"picked":"SKIP","floor":18.0},{"not_picked":["Wallop","Ragnarok"],"picked":"Evaluate+1","floor":27},{"not_picked":["MarkedMod:Acupuncture","Crescendo"],"picked":"SignatureMove","floor":29},{"not_picked":["Evaluate","Replay:BluntJabs"],"picked":"Devotion","floor":30},{"not_picked":["MarkedMod:NorthStar","MasterReality"],"picked":"Ragnarok","floor":33},{"not_picked":["Crescendo","Halt"],"picked":"MentalFortress+1","floor":35},{"not_picked":["Halt","WreathOfFlame"],"picked":"Pray","floor":36},{"not_picked":["MentalFortress","BowlingBash+1","FlurryOfBlows+1"],"picked":"SKIP","floor":39},{"not_picked":["Replay:Anticipation+1","EmptyFist","Meditate"],"picked":"SKIP","floor":40},{"not_picked":["Protect","Study","Adaptation"],"picked":"SKIP","floor":45},{"not_picked":["CrushJoints","FlyingSleeves+1","Vengeance"],"picked":"SKIP","floor":46}],"player_experience":827482,"relics_obtained":[{"floor":7.0,"key":"trackpad:CultistFigurine"},{"floor":9.0,"key":"ReplayTheSpireMod:Lightbulb"},{"floor":10.0,"key":"Eternal Feather"},{"floor":26.0,"key":"Blue Doll"},{"floor":27,"key":"Replay:Bottled Flurry"},{"floor":31,"key":"MawBank"},{"floor":40,"key":"CaptainsWheel"},{"floor":43,"key":"Vajra"}],"event_choices":[{"damage_healed":0.0,"max_hp_gain":0.0,"max_hp_loss":0.0,"gold_gain":0.0,"event_name":"Shining Light","player_choice":"Entered Light","floor":14.0,"gold_loss":0.0,"damage_taken":14.0,"cards_upgraded":["BowlingBash","Replay:AtTheReady"]},{"cards_removed":["Replay:Sssssssssshield"],"damage_healed":0.0,"max_hp_gain":0.0,"max_hp_loss":0.0,"gold_gain":0.0,"event_name":"betterNote:BetterNote","player_choice":"Take \u0026 Give","floor":20.0,"gold_loss":0.0,"damage_taken":0.0,"cards_obtained":["DeathKnight:AntiMagicShell"]},{"damage_healed":0,"gold_gain":0,"player_choice":"Shed Blood","damage_taken":18,"max_hp_gain":5,"max_hp_loss":0,"event_name":"Forgotten Altar","floor":28,"gold_loss":0},{"damage_healed":0,"gold_gain":0,"player_choice":"Max HP","damage_taken":0,"max_hp_gain":0,"max_hp_loss":4,"event_name":"Winding Halls","floor":37,"gold_loss":0},{"damage_healed":0,"gold_gain":0,"player_choice":"Cursed","damage_taken":0,"max_hp_gain":0,"max_hp_loss":0,"event_name":"Wheel of Change","floor":47,"gold_loss":0,"cards_obtained":["Decay"]}],"is_beta":false,"boss_relics":[{"not_picked":["trackpad:StolenKidneys","Kintsugi"],"picked":"HolyWater"},{"not_picked":["Runic Pyramid","Velvet Choker"],"picked":"Fusion Hammer"}],"items_purged_floors":[38,48],"is_endless":false,"potions_floor_spawned":[1,2,7,10,27,29,30,33,40,45],"ascension_level":0}}