{"host":"2461dio7vetlq1z3","time":1609070822,"event":{"mods":["2.2 Compatiblity","AchievementEnabler","Aspiration","BaseMod","Better Third Choice","Friendly Minions","Hermit","Minty Spire (QoL Compilation)","Relic Stats","Spicy Shops","StSLib","The Animator","Waifu the Spire"],"gold_per_floor":[115,115,125,143,38,38,65,36,82,97,97,107,107,132,132,207,207,223,223,223],"floor_reached":19,"playtime":569,"items_purged":[],"score":354,"play_id":"ab27f9a1-2434-4f02-bb95-97c57cf7e678","local_time":"20201227130702","is_ascension_mode":true,"campfire_choices":[{"floor":6,"key":"REST"},{"floor":11,"key":"REST"},{"data":"Genetic Algorithm","floor":13,"key":"SMITH"},{"floor":15,"key":"REST"}],"circlet_count":0,"master_deck":["AscendersBane","Strike_B+1","Strike_B","Strike_B","Strike_B","Defend_B","Defend_B","Defend_B","Defend_B","Zap","Dualcast","Cold Snap+1","Rainbow","Auto Shields","Ball Lightning","Genetic Algorithm+1","Ball Lightning","Compile Driver","Cold Snap","Compile Driver","Electrodynamics","Machine Learning","Loop+1"],"relics":["Inserter","Sundial","MealTicket","Centennial Puzzle","Velvet Choker"],"acts_visited":["Exordium","TheCity"],"potions_floor_usage":[7,12,18,19],"damage_taken":[{"damage":4,"enemies":"2 Louse","floor":1,"turns":2},{"damage":7,"enemies":"Jaw Worm","floor":3,"turns":4},{"damage":8,"enemies":"Small Slimes","floor":4,"turns":4},{"damage":28,"enemies":"3 Sentries","floor":7,"turns":7},{"damage":7,"enemies":"Red Slaver","floor":10,"turns":3},{"damage":0,"enemies":"Lots of Slimes","floor":12,"turns":1},{"damage":26,"enemies":"Gremlin Nob","floor":14,"turns":4},{"damage":34,"enemies":"Slime Boss","floor":16,"turns":7},{"damage":12,"enemies":"3 Byrds","floor":18,"turns":3},{"damage":59,"enemies":"Masked Bandits","floor":19,"turns":3}],"seed_played":"9207842426064059274","potions_obtained":[{"floor":1,"key":"Regen Potion"},{"floor":4,"key":"SpeedPotion"},{"floor":7,"key":"Explosive Potion"},{"floor":16,"key":"ColorlessPotion"}],"is_trial":false,"path_per_floor":["M","?","M","M","$","R","E","$","T","M","R","M","R","E","R","B",null,"M","?"],"character_chosen":"DEFECT","items_purchased":["Ball Lightning","Genetic Algorithm","Compile Driver"],"campfire_rested":3,"item_purchase_floors":[5,5,8],"current_hp_per_floor":[60,39,32,24,24,45,32,32,32,25,46,46,46,20,41,7,55,43,0,0],"gold":223,"neow_bonus":"BOSS_RELIC","is_daily":false,"chose_seed":false,"campfire_upgraded":1,"win_rate":0.0,"timestamp":1609070822,"path_taken":["M","?","M","M","$","R","E","$","T","M","R","M","R","E","R","BOSS","M","?"],"items_purchased_type":["Card","Card","Card"],"build_version":"2020-12-22","purchased_purges":0,"victory":false,"max_hp_per_floor":[71,71,71,71,71,71,71,71,71,71,71,71,71,71,71,71,71,71,71,71],"relic_stats":{"Centennial Puzzle":[9],"Inserter":[19],"counters":[10,38],"Sundial":[2],"MealTicket":0,"obtain_stats":[{"Centennial Puzzle":14,"Inserter":0,"Sundial":7,"Velvet Choker":17,"MealTicket":9,"Cracked Core":0},{"Centennial Puzzle":7,"Inserter":0,"Sundial":4,"Velvet Choker":8,"MealTicket":4,"Cracked Core":0},{"Centennial Puzzle":25,"Inserter":0,"Sundial":17,"Velvet Choker":32,"MealTicket":17,"Cracked Core":0}]},"card_choices":[{"not_picked":["Rebound","Conserve Battery"],"picked":"Cold Snap","floor":1},{"not_picked":["Sweeping Beam","Hologram"],"picked":"Rainbow","floor":3},{"not_picked":["Steam Power","Skim"],"picked":"Auto Shields","floor":4},{"not_picked":["Lockon","Self Repair"],"picked":"Ball Lightning","floor":7},{"not_picked":["Rebound","Gash"],"picked":"Cold Snap","floor":10},{"not_picked":["Leap","Undo"],"picked":"Compile Driver","floor":12},{"not_picked":["Turbo","BootSequence"],"picked":"Electrodynamics","floor":14},{"not_picked":["Buffer","Meteor Strike"],"picked":"Machine Learning","floor":16},{"not_picked":["Stack","Skim"],"picked":"Loop+1","floor":18}],"player_experience":1009612,"relics_obtained":[{"floor":7,"key":"Sundial"},{"floor":9,"key":"MealTicket"},{"floor":14,"key":"Centennial Puzzle"}],"event_choices":[{"damage_healed":60,"gold_gain":0,"player_choice":"Upgrade","damage_taken":21,"max_hp_gain":0,"max_hp_loss":71,"event_name":"betterThird:BetterShining","floor":2,"gold_loss":0,"cards_upgraded":["Strike_B","Cold Snap"]},{"damage_healed":0,"gold_gain":0,"player_choice":"Fought Bandits","damage_taken":0,"max_hp_gain":0,"max_hp_loss":0,"event_name":"Masked Bandits","floor":19,"gold_loss":0}],"is_beta":false,"boss_relics":[{"not_picked":["Empty Cage","Black Star"],"picked":"Velvet Choker"}],"items_purged_floors":[],"is_endless":false,"potions_floor_spawned":[1,4,7,16],"killed_by":"Masked Bandits","ascension_level":20}}