{"host":"a5lz0e76zb3fcwkm","time":1609070345,"event":{"mods":["AchievementEnabler","BaseMod","Colored Map","Colored Powertips","Minty Spire (QoL Compilation)","StSLib","SuperFastMode"],"gold_per_floor":[116,191,466,479,493,569,602,68,94,94,126,26,26,39,39,110,110,120,138,138,138,156,186,203,253,253,253,253],"floor_reached":27,"playtime":535,"items_purged":["Normality","Regret"],"score":532,"play_id":"1d39d10c-8571-4424-befc-1bde483b7fb6","local_time":"20201227205905","is_ascension_mode":true,"campfire_choices":[{"data":"Immolate","floor":10.0,"key":"SMITH"},{"data":"Double Tap","floor":13.0,"key":"SMITH"},{"data":"Shockwave","floor":15.0,"key":"SMITH"}],"circlet_count":0,"master_deck":["AscendersBane","Strike_R","Strike_R","Strike_R","Strike_R+1","Defend_R","Defend_R","Defend_R","Defend_R","Bash+1","Immolate+1","Pommel Strike","Shrug It Off","Double Tap+1","Master of Strategy","Power Through","Shockwave+1","Impervious","Clash","True Grit+1"],"relics":["Burning Blood","Question Card","Mercury Hourglass","Matryoshka","Whetstone","Centennial Puzzle","SlaversCollar","Ancient Tea Set","Oddly Smooth Stone","StrikeDummy"],"acts_visited":["Exordium","TheCity"],"potions_floor_usage":[27],"damage_taken":[{"damage":7.0,"enemies":"Small Slimes","floor":1.0,"turns":3.0},{"damage":3.0,"enemies":"2 Louse","floor":4.0,"turns":3.0},{"damage":1.0,"enemies":"Cultist","floor":5.0,"turns":3.0},{"damage":34.0,"enemies":"Gremlin Nob","floor":7.0,"turns":4.0},{"damage":17.0,"enemies":"3 Sentries","floor":11.0,"turns":3.0},{"damage":6.0,"enemies":"Exordium Wildlife","floor":14.0,"turns":2.0},{"damage":16.0,"enemies":"Slime Boss","floor":16.0,"turns":7.0},{"damage":22.0,"enemies":"Shell Parasite","floor":18.0,"turns":4.0},{"damage":7.0,"enemies":"Chosen","floor":19.0,"turns":5.0},{"damage":33.0,"enemies":"Snake Plant","floor":22.0,"turns":6.0},{"damage":0,"enemies":"Slavers","floor":23,"turns":4},{"damage":20,"enemies":"Centurion and Healer","floor":24,"turns":9},{"damage":12,"enemies":"Book of Stabbing","floor":27,"turns":4}],"seed_played":"-8978759844594376034","potions_obtained":[{"floor":5.0,"key":"CultistPotion"},{"floor":7.0,"key":"BlessingOfTheForge"},{"floor":16.0,"key":"ColorlessPotion"}],"is_trial":false,"path_per_floor":["M","?","?","M","M","T","E","$","T","R","E","$","R","M","R","B",null,"M","M","?","?","M","E","M","?","T","E"],"character_chosen":"IRONCLAD","items_purchased":["Matryoshka","Master of Strategy"],"campfire_rested":0,"item_purchase_floors":[8,8],"current_hp_per_floor":[67,56,56,59,64,64,36,36,36,36,25,25,25,25,25,15,60,44,43,43,43,16,22,8,8,8,0,0],"gold":253,"neow_bonus":"THREE_RARE_CARDS","is_daily":false,"chose_seed":false,"campfire_upgraded":3,"win_rate":0.0,"timestamp":1609070345,"path_taken":["M","?","?","M","?","?","E","$","T","R","E","$","R","M","R","BOSS","M","M","?","?","M","E","?","?","T","E"],"items_purchased_type":["Relic","Card"],"build_version":"2020-12-22","purchased_purges":2,"victory":false,"max_hp_per_floor":[75,75,75,75,75,75,75,75,75,75,75,75,75,75,75,75,75,75,75,75,75,75,75,75,75,75,75,75],"card_choices":[{"not_picked":["Demon Form","Offering"],"picked":"Immolate","floor":0.0},{"not_picked":["Perfected Strike","True Grit"],"picked":"Pommel Strike","floor":1.0},{"not_picked":["Heavy Blade","Dropkick","Metallicize"],"picked":"SKIP","floor":4.0},{"not_picked":["Perfected Strike","Entrench"],"picked":"Shrug It Off","floor":5.0},{"not_picked":["Warcry","Sever Soul","Havoc"],"picked":"Double Tap","floor":7.0},{"not_picked":["Reckless Charge","Twin Strike","Metallicize"],"picked":"Power Through","floor":11.0},{"not_picked":["Body Slam","Infernal Blade","Havoc"],"picked":"Shockwave","floor":14.0},{"not_picked":["Limit Break","Fiend Fire","Feed"],"picked":"Impervious","floor":16.0},{"not_picked":["Wild Strike","Combust","Whirlwind","Twin Strike"],"picked":"SKIP","floor":18.0},{"not_picked":["Shockwave","Heavy Blade","Thunderclap","True Grit"],"picked":"SKIP","floor":19.0},{"not_picked":["Reckless Charge","Wild Strike","Rupture","Shrug It Off"],"picked":"SKIP","floor":22.0},{"not_picked":["Intimidate","Limit Break","Twin Strike"],"picked":"True Grit+1","floor":23},{"not_picked":["Wild Strike","Heavy Blade","Thunderclap","Headbutt"],"picked":"SKIP","floor":24}],"player_experience":1650250,"relics_obtained":[{"floor":6.0,"key":"Question Card"},{"floor":7.0,"key":"Mercury Hourglass"},{"floor":9.0,"key":"Whetstone"},{"floor":11.0,"key":"Centennial Puzzle"},{"floor":23,"key":"Ancient Tea Set"},{"floor":26,"key":"Oddly Smooth Stone"},{"floor":26,"key":"StrikeDummy"}],"event_choices":[{"damage_healed":0.0,"max_hp_gain":0.0,"max_hp_loss":0.0,"gold_gain":75.0,"event_name":"World of Goop","player_choice":"Gather Gold","floor":2.0,"gold_loss":0.0,"damage_taken":11.0},{"damage_healed":0.0,"max_hp_gain":0.0,"max_hp_loss":0.0,"gold_gain":275.0,"event_name":"Golden Shrine","player_choice":"Desecrate","floor":3.0,"gold_loss":0.0,"damage_taken":0.0,"cards_obtained":["Regret"]},{"damage_healed":0.0,"max_hp_gain":0.0,"max_hp_loss":0.0,"gold_gain":0.0,"event_name":"The Mausoleum","player_choice":"Ignored","floor":20.0,"gold_loss":0.0,"damage_taken":0.0},{"damage_healed":0.0,"max_hp_gain":0.0,"max_hp_loss":0.0,"gold_gain":0.0,"cards_transformed":["Strike_R"],"event_name":"Transmorgrifier","player_choice":"Transformed","floor":21.0,"gold_loss":0.0,"damage_taken":0.0,"cards_obtained":["Clash"]},{"damage_healed":0,"gold_gain":50,"player_choice":"Stole From Cult","damage_taken":0,"max_hp_gain":0,"max_hp_loss":0,"event_name":"Nest","floor":25,"gold_loss":0}],"is_beta":false,"boss_relics":[{"not_picked":["Philosopher\u0027s Stone","Black Star"],"picked":"SlaversCollar"}],"items_purged_floors":[8,12],"is_endless":false,"potions_floor_spawned":[5,7,16],"killed_by":"Book of Stabbing","ascension_level":20}}