{"host":"s0ikvqhe10eopvjn","time":1609102558,"event":{"mods":["BaseMod","Block Reminder","Colored Map","Colored Powertips","DeckTracker","Hermit","Highlight Path","Minty Spire (QoL Compilation)","Permanent Neow","StSLib","The Blue Laboratory","The Cursed"],"gold_per_floor":[119,119,119,131,142,174,174,185,185,185,198,226,226,253,253,348,348,358,358,358,2,2,21,52,52,52,72,72,87,106,60,60,157,157,169,0,55,71,71,71,96,96,96,96,113,113,126,126,126,126,126,126,34,63,63,63],"floor_reached":55,"playtime":4195,"items_purged":[],"score":733,"play_id":"1cf9d0de-2b5b-4972-b5f1-b0ecfa648bab","local_time":"20201227205558","is_ascension_mode":false,"campfire_choices":[{"floor":7,"key":"RECALL"},{"floor":10,"key":"REST"},{"floor":15,"key":"REST"},{"floor":25,"key":"REST"},{"data":"TheCursedMod:CircleOfBlood","floor":28,"key":"SMITH"},{"floor":32,"key":"REST"},{"floor":40,"key":"REST"},{"floor":42,"key":"REST"},{"floor":44,"key":"REST"},{"data":"TheCursedMod:VoidForm","floor":49,"key":"SMITH"},{"data":"TheCursedMod:CursedRelics","floor":52,"key":"SMITH"}],"circlet_count":0,"master_deck":["TheCursedMod:Strike_TheCursed","TheCursedMod:Strike_TheCursed","TheCursedMod:Strike_TheCursed","TheCursedMod:Defend_TheCursed","TheCursedMod:Defend_TheCursed","TheCursedMod:Defend_TheCursed","TheCursedMod:Defend_TheCursed+1","TheCursedMod:CursedWand","TheCursedMod:CleanUpWorkshop","TheCursedMod:Dregs","TheCursedMod:Wield+1","TheCursedMod:WearCloak+1","TheCursedMod:ReleasedStrength+1","TheCursedMod:TroublousMinions","TheCursedMod:Torture","TheCursedMod:NeowsMight","TheCursedMod:BlessingInDisguise","Regret","TheCursedMod:ShockAndAwe","TheCursedMod:CursedRelics","CurseOfTheBell","TheCursedMod:CircleOfBlood+1","TheCursedMod:CursedBlade","TheCursedMod:Mangle+1","TheCursedMod:CircleOfAbyss","TheCursedMod:Hemoplague+1","TheCursedMod:RapidMovement+1","TheCursedMod:SurpriseAttack","TheCursedMod:SmokeScreen+1","TheCursedMod:CircleOfFlame+1","TheCursedMod:VoidForm+1","TheCursedMod:Hemoplague+1","TheCursedMod:VitalStrike+1","TheCursedMod:CursedSpellbook+1","TheCursedMod:SurpriseAttack+1","TheCursedMod:CursedRelics+1","Deep Breath+1","TheCursedMod:CircleOfBlood+1"],"relics":["TheCursedMod:BlackMagic101","Ornamental Fan","Question Card","TheCursedMod:BloodyHarpoon","Bag of Preparation","War Paint","PreservedInsect","Calling Bell","Dream Catcher","Mummified Hand","Mango","MutagenicStrength","Blood Vial","Sling","White Beast Statue","Toxic Egg 2","SacredBark","Red Mask","WingedGreaves","Centennial Puzzle","Anchor","Sundial"],"acts_visited":["Exordium","TheCity","TheBeyond","TheEnding"],"potions_floor_usage":[6,12,29,33,33,47,50,55],"damage_taken":[{"damage":0,"enemies":"2 Louse","floor":1,"turns":3},{"damage":3,"enemies":"Jaw Worm","floor":4,"turns":3},{"damage":0,"enemies":"Small Slimes","floor":5,"turns":3},{"damage":17,"enemies":"3 Sentries","floor":6,"turns":8},{"damage":0,"enemies":"Exordium Wildlife","floor":8,"turns":4},{"damage":0,"enemies":"2 Fungi Beasts","floor":11,"turns":4},{"damage":24,"enemies":"Gremlin Nob","floor":12,"turns":5},{"damage":3,"enemies":"Lagavulin","floor":14,"turns":6},{"damage":10,"enemies":"Slime Boss","floor":16,"turns":8},{"damage":9,"enemies":"Shell Parasite","floor":18,"turns":5},{"damage":7,"enemies":"3 Byrds","floor":23,"turns":5},{"damage":29,"enemies":"Slavers","floor":24,"turns":4},{"damage":12,"enemies":"Centurion and Healer","floor":27,"turns":5},{"damage":16,"enemies":"Snake Plant","floor":29,"turns":4},{"damage":21,"enemies":"Snecko","floor":30,"turns":4},{"damage":43,"enemies":"Automaton","floor":33,"turns":9},{"damage":35,"enemies":"3 Shapes","floor":35,"turns":4},{"damage":6,"enemies":"2 Orb Walkers","floor":37,"turns":4},{"damage":40,"enemies":"3 Darklings","floor":38,"turns":6},{"damage":45,"enemies":"Reptomancer","floor":41,"turns":5},{"damage":37,"enemies":"Maw","floor":45,"turns":6},{"damage":50,"enemies":"4 Shapes","floor":47,"turns":4},{"damage":76,"enemies":"Awakened One","floor":50,"turns":11},{"damage":51,"enemies":"Shield and Spear","floor":54,"turns":5},{"damage":121,"enemies":"The Heart","floor":55,"turns":6}],"seed_played":"3670491494483711990","potions_obtained":[{"floor":4,"key":"blueLaboratory:StoneskinPotion"},{"floor":5,"key":"blueLaboratory:FruitPunch"},{"floor":6,"key":"blueLaboratory:AbyssPotion"},{"floor":16,"key":"blueLaboratory:BubblePotion"},{"floor":23,"key":"blueLaboratory:SavagePotion"},{"floor":24,"key":"blueLaboratory:FruitPreserves"},{"floor":29,"key":"Block Potion"},{"floor":33,"key":"FairyPotion"},{"floor":35,"key":"DistilledChaos"},{"floor":45,"key":"Energy Potion"},{"floor":47,"key":"Fruit Juice"},{"floor":54,"key":"Weak Potion"}],"is_trial":false,"path_per_floor":["M","?","?","M","M","E","R","M","T","R","M","E","?","E","R","B",null,"M","?","T","$","?","M","E","R","T","M","R","M","M","$","R","B",null,"M","?","?","M","?","R","E","R","T","R","M","?","M","?","R","B",null,"R","$","E","B"],"character_chosen":"THE_CURSED","items_purchased":["Blood Vial","Sling","TheCursedMod:CursedBlade","TheCursedMod:SmokeScreen+1","Deep Breath+1"],"campfire_rested":7,"item_purchase_floors":[21,21,21,31,53],"current_hp_per_floor":[82,66,63,60,60,45,45,45,45,70,70,46,46,43,68,58,98,89,89,89,89,89,88,65,94,94,86,86,82,63,63,92,55,98,75,75,79,45,45,74,35,64,64,93,61,61,23,94,94,18,94,94,94,43,0,0],"gold":63,"neow_bonus":"TEN_PERCENT_HP_BONUS","is_daily":false,"chose_seed":false,"campfire_upgraded":3,"win_rate":0.0,"timestamp":1609102558,"path_taken":["M","?","?","M","M","E","R","M","T","R","M","E","?","E","R","BOSS","M","?","?","$","?","M","E","R","T","M","R","?","M","$","R","BOSS","M","?","?","M","?","R","E","R","T","R","?","?","M","?","R","BOSS","R","$","E","BOSS"],"items_purchased_type":["Relic","Relic","Card","Card","Card"],"build_version":"2020-12-22","purchased_purges":0,"victory":false,"max_hp_per_floor":[82,82,82,82,82,84,84,84,84,84,84,84,84,84,84,84,98,98,98,98,98,98,98,98,98,98,98,98,98,98,98,98,98,98,98,98,98,98,98,98,98,98,98,98,98,98,108,94,94,94,94,94,94,94,94,94],"card_choices":[{"not_picked":["TheCursedMod:Stigma","TheCursedMod:TacticalStrike"],"picked":"TheCursedMod:Wield","floor":1},{"not_picked":["TheCursedMod:Torture","TheCursedMod:CursedStaff"],"picked":"TheCursedMod:WearCloak","floor":4},{"not_picked":["TheCursedMod:RavingStaff","TheCursedMod:Mangle"],"picked":"TheCursedMod:ReleasedStrength","floor":5},{"not_picked":["TheCursedMod:PrepareRite","TheCursedMod:StingEye"],"picked":"TheCursedMod:TroublousMinions","floor":6},{"not_picked":["TheCursedMod:CursedMace","TheCursedMod:Stretching","TheCursedMod:VitalStrike"],"picked":"TheCursedMod:Torture","floor":8},{"not_picked":["TheCursedMod:SmokeScreen","TheCursedMod:Stigma","TheCursedMod:CursedStaff"],"picked":"TheCursedMod:NeowsMight","floor":11},{"not_picked":["TheCursedMod:ManaCirculation","TheCursedMod:RavingStaff","TheCursedMod:Grudge"],"picked":"TheCursedMod:BlessingInDisguise","floor":12},{"not_picked":["TheCursedMod:DoubleShield","TheCursedMod:ReleasedStrength","TheCursedMod:ParallelWorld"],"picked":"TheCursedMod:ShockAndAwe","floor":14},{"not_picked":["TheCursedMod:UltimatePain","TheCursedMod:DarkBarrier","TheCursedMod:CollectTribute"],"picked":"TheCursedMod:CursedRelics","floor":16},{"not_picked":["TheCursedMod:SpreadPlague","TheCursedMod:Evocation+1","TheCursedMod:Torture"],"picked":"TheCursedMod:CircleOfBlood","floor":18},{"not_picked":["TheCursedMod:RavingStaff","TheCursedMod:TacticalStrike","TheCursedMod:CircleOfWindfury"],"picked":"TheCursedMod:Mangle+1","floor":23},{"not_picked":["TheCursedMod:SmokeScreen","TheCursedMod:CursedArmor","TheCursedMod:RapidMovement+1"],"picked":"TheCursedMod:CircleOfAbyss","floor":24},{"not_picked":["TheCursedMod:BlessingInDisguise","TheCursedMod:Stretching","TheCursedMod:Wield"],"picked":"TheCursedMod:Hemoplague+1","floor":25},{"not_picked":["TheCursedMod:WearCloak+1","TheCursedMod:CursedMace","TheCursedMod:Stigma","TheCursedMod:CursedShiv"],"picked":"SKIP","floor":27},{"not_picked":["TheCursedMod:Obscuration+1","TheCursedMod:Wield+1","TheCursedMod:Evocation+1"],"picked":"TheCursedMod:RapidMovement+1","floor":29},{"not_picked":["TheCursedMod:FleshFromBone+1","TheCursedMod:CircleOfFlame+1","TheCursedMod:AntiAging+1"],"picked":"TheCursedMod:SurpriseAttack","floor":30},{"not_picked":["TheCursedMod:SpitefulStrike+1","TheCursedMod:VitalStrike+1","TheCursedMod:Stigma"],"picked":"TheCursedMod:CircleOfFlame+1","floor":32},{"not_picked":["TheCursedMod:StunningStrike","TheCursedMod:DarkBarrier+1","TheCursedMod:DemonicPact"],"picked":"TheCursedMod:VoidForm","floor":33},{"not_picked":["TheCursedMod:SpitefulStrike","TheCursedMod:RavingStaff+1","TheCursedMod:CursedMace+1","TheCursedMod:Torture+1"],"picked":"SKIP","floor":35},{"not_picked":["TheCursedMod:SpreadPlague+1","TheCursedMod:SoulCrush+1","TheCursedMod:WearCloak+1"],"picked":"TheCursedMod:Hemoplague+1","floor":37},{"not_picked":["TheCursedMod:Torture+1","TheCursedMod:CircleOfFlame+1","TheCursedMod:CircleOfAmplification+1"],"picked":"TheCursedMod:VitalStrike+1","floor":38},{"not_picked":["TheCursedMod:CursedShiv+1","TheCursedMod:StingEye+1","TheCursedMod:SpitefulStrike"],"picked":"TheCursedMod:CursedSpellbook+1","floor":40},{"not_picked":["TheCursedMod:CircleOfCorruption+1","TheCursedMod:FleshFromBone+1","TheCursedMod:CircleOfAbyss+1"],"picked":"TheCursedMod:SurpriseAttack+1","floor":41},{"not_picked":["TheCursedMod:Hemoplague","TheCursedMod:CursedAmulet+1","TheCursedMod:CursedBlade"],"picked":"TheCursedMod:CircleOfBlood+1","floor":42},{"not_picked":["TheCursedMod:VitalStrike","TheCursedMod:FleshFromBone+1","TheCursedMod:CursedShiv+1"],"picked":"TheCursedMod:CursedRelics","floor":45},{"not_picked":["TheCursedMod:SurpriseAttack","TheCursedMod:ReleasedStrength+1","TheCursedMod:CircleOfFlame+1","TheCursedMod:Evocation+1"],"picked":"SKIP","floor":47},{"not_picked":["TheCursedMod:RapidMovement+1","TheCursedMod:SpitefulStrike","TheCursedMod:CursedShiv+1"],"picked":"TheCursedMod:CircleOfBlood+1","floor":54}],"player_experience":46659,"relics_obtained":[{"floor":6,"key":"Question Card"},{"floor":9,"key":"TheCursedMod:BloodyHarpoon"},{"floor":12,"key":"Bag of Preparation"},{"floor":14,"key":"PreservedInsect"},{"floor":17,"key":"Dream Catcher"},{"floor":17,"key":"Mummified Hand"},{"floor":17,"key":"Mango"},{"floor":24,"key":"White Beast Statue"},{"floor":26,"key":"Toxic Egg 2"},{"floor":37,"key":"WingedGreaves"},{"floor":41,"key":"Centennial Puzzle"},{"floor":43,"key":"Anchor"},{"floor":54,"key":"Sundial"}],"event_choices":[{"damage_healed":0,"gold_gain":0,"player_choice":"Entered Light","damage_taken":16,"max_hp_gain":0,"max_hp_loss":0,"event_name":"Shining Light","floor":2,"gold_loss":0,"cards_upgraded":["TheCursedMod:Wield","TheCursedMod:Defend_TheCursed"]},{"damage_healed":0,"gold_gain":0,"player_choice":"Success","damage_taken":3,"relics_obtained":["Ornamental Fan"],"max_hp_gain":0,"max_hp_loss":0,"event_name":"Scrap Ooze","floor":3,"gold_loss":0},{"damage_healed":0,"gold_gain":0,"player_choice":"Box","damage_taken":0,"relics_obtained":["War Paint"],"max_hp_gain":0,"max_hp_loss":0,"event_name":"Big Fish","floor":13,"gold_loss":0,"cards_obtained":["Regret"]},{"damage_healed":0,"gold_gain":0,"player_choice":"Inject Mutagens","damage_taken":0,"relics_obtained":["MutagenicStrength"],"max_hp_gain":0,"max_hp_loss":0,"event_name":"Drug Dealer","floor":19,"gold_loss":0},{"cards_removed":["TheCursedMod:Strike_TheCursed"],"damage_healed":0,"gold_gain":0,"player_choice":"Card Removal","damage_taken":0,"max_hp_gain":0,"max_hp_loss":0,"event_name":"Wheel of Change","floor":22,"gold_loss":0},{"damage_healed":0,"gold_gain":0,"player_choice":"Paid","damage_taken":0,"relics_obtained":["Red Mask"],"max_hp_gain":0,"max_hp_loss":0,"event_name":"Tomb of Lord Red Mask","floor":36,"gold_loss":169},{"damage_healed":0,"gold_gain":0,"player_choice":"Fight","damage_taken":0,"max_hp_gain":0,"max_hp_loss":0,"event_name":"Mysterious Sphere","floor":37,"gold_loss":0},{"damage_healed":0,"gold_gain":0,"player_choice":"Got Potions","damage_taken":0,"max_hp_gain":0,"max_hp_loss":0,"event_name":"Lab","floor":39,"gold_loss":0},{"cards_removed":["TheCursedMod:CircleOfBlood"],"damage_healed":0,"gold_gain":0,"player_choice":"Removed Skill","damage_taken":0,"max_hp_gain":0,"max_hp_loss":0,"event_name":"Falling","floor":46,"gold_loss":0},{"damage_healed":94,"gold_gain":0,"player_choice":"Heal","damage_taken":0,"max_hp_gain":0,"max_hp_loss":14,"event_name":"The Moai Head","floor":48,"gold_loss":0}],"is_beta":false,"boss_relics":[{"not_picked":["Astrolabe","TheCursedMod:FourLeafCloverCharm"],"picked":"Calling Bell"},{"not_picked":["Velvet Choker","Coffee Dripper"],"picked":"SacredBark"}],"items_purged_floors":[],"is_endless":false,"potions_floor_spawned":[4,5,6,16,23,24,27,29,30,33,35,37,38,41,45,47,54],"killed_by":"The Heart","ascension_level":0}}