{"host":"1eo5f82aifdzd7pr","time":1609078265,"event":{"mods":["AchievementEnabler","BaseMod","Colored Map","Colored Powertips","DeckTracker","Minty Spire (QoL Compilation)","SuperFastMode"],"gold_per_floor":[111,123,48,59,73,73,73,73,97,110,110,140,140,156,156,234,234,253,253,173,173],"floor_reached":20,"playtime":1006,"items_purged":["Regret"],"score":378,"play_id":"a3498e63-e34f-4841-b3ba-20cc0c1c6780","local_time":"20201227161105","is_ascension_mode":true,"campfire_choices":[{"data":"Coolheaded","floor":6.0,"key":"SMITH"},{"data":"Zap","floor":8.0,"key":"SMITH"},{"floor":11.0,"key":"REST"},{"floor":15.0,"key":"REST"}],"circlet_count":0,"master_deck":["AscendersBane","Strike_B","Strike_B","Strike_B","Defend_B","Defend_B","Defend_B","Defend_B","Zap+1","Dualcast","Capacitor","Coolheaded+1","Defragment"],"relics":["Cracked Core","Emotion Chip","PreservedInsect","Ancient Tea Set","Blood Vial","Inserter"],"acts_visited":["Exordium","TheCity"],"potions_floor_usage":[16,16],"damage_taken":[{"damage":3.0,"enemies":"Cultist","floor":1.0,"turns":4.0},{"damage":3.0,"enemies":"Small Slimes","floor":2.0,"turns":3.0},{"damage":12.0,"enemies":"Jaw Worm","floor":4.0,"turns":3.0},{"damage":14.0,"enemies":"Red Slaver","floor":5.0,"turns":5.0},{"damage":2.0,"enemies":"Exordium Wildlife","floor":10.0,"turns":6.0},{"damage":0.0,"enemies":"Lagavulin","floor":12.0,"turns":7.0},{"damage":0.0,"enemies":"3 Louse","floor":14.0,"turns":4.0},{"damage":6,"enemies":"Slime Boss","floor":16,"turns":6},{"damage":48,"enemies":"3 Byrds","floor":18,"turns":7},{"damage":24,"enemies":"2 Thieves","floor":20,"turns":2}],"seed_played":"-8972308064940977771","potions_obtained":[{"floor":2.0,"key":"EssenceOfDarkness"},{"floor":5.0,"key":"Swift Potion"},{"floor":14.0,"key":"Swift Potion"},{"floor":16,"key":"PotionOfCapacity"}],"is_trial":false,"path_per_floor":["M","M","$","M","M","R","?","R","T","M","R","E","?","M","R","B",null,"M","?","M"],"character_chosen":"DEFECT","items_purchased":[],"campfire_rested":2,"item_purchase_floors":[],"current_hp_per_floor":[61,58,58,46,32,32,25,25,25,23,44,44,9,11,32,28,60,14,14,0,0],"gold":173,"neow_bonus":"ONE_RARE_RELIC","is_daily":false,"chose_seed":false,"campfire_upgraded":2,"win_rate":0.0,"timestamp":1609078265,"path_taken":["M","M","$","M","?","R","?","R","T","M","R","E","?","M","R","BOSS","M","?","M"],"items_purchased_type":[],"build_version":"2020-12-22","purchased_purges":1,"victory":false,"max_hp_per_floor":[71,71,71,71,71,71,71,71,71,71,71,71,71,71,71,71,71,71,71,71,71],"card_choices":[{"not_picked":["Cold Snap","Streamline"],"picked":"Capacitor","floor":1.0},{"not_picked":["Tempest","Leap","Aggregate"],"picked":"SKIP","floor":2.0},{"not_picked":["Leap","Steam Power"],"picked":"Coolheaded","floor":4.0},{"not_picked":["Redo","Coolheaded"],"picked":"Defragment","floor":5.0},{"not_picked":["Barrage","Gash","Leap"],"picked":"SKIP","floor":10.0},{"not_picked":["Fission","Stack","Echo Form"],"picked":"SKIP","floor":12.0},{"not_picked":["Fusion","Hello World","Barrage"],"picked":"SKIP","floor":14.0},{"not_picked":["Ball Lightning","Static Discharge","Skim+1"],"picked":"SKIP","floor":18}],"player_experience":698019,"relics_obtained":[{"floor":9.0,"key":"PreservedInsect"},{"floor":12.0,"key":"Ancient Tea Set"}],"event_choices":[{"cards_removed":["Strike_B"],"damage_healed":0.0,"max_hp_gain":0.0,"max_hp_loss":0.0,"gold_gain":0.0,"event_name":"Golden Wing","player_choice":"Card Removal","floor":7.0,"gold_loss":0.0,"damage_taken":7.0},{"damage_healed":0.0,"max_hp_gain":0.0,"max_hp_loss":0.0,"gold_gain":0.0,"event_name":"Scrap Ooze","player_choice":"Success","floor":13.0,"gold_loss":0.0,"damage_taken":35.0,"relics_obtained":["Blood Vial"]},{"damage_healed":0,"gold_gain":0,"player_choice":"Ignored","damage_taken":0,"max_hp_gain":0,"max_hp_loss":0,"event_name":"Vampires","floor":19,"gold_loss":0}],"is_beta":false,"boss_relics":[{"not_picked":["Astrolabe","Calling Bell"],"picked":"Inserter"}],"items_purged_floors":[3],"is_endless":false,"potions_floor_spawned":[2,5,14,16],"killed_by":"2 Thieves","ascension_level":18}}