{"host":"5bdt6s51dmpd4l3v","time":1609081966,"event":{"mods":["AchievementEnabler","BaseMod","Colored Map","Colored Powertips","Highlight Path","Minty Spire (QoL Compilation)","Quick Restart","Rare Cards Sparkle","StSLib"],"gold_per_floor":[117,129,129,146,146,146,160,160,160,190,190],"floor_reached":10,"playtime":213,"items_purged":[],"score":126,"play_id":"b00e9c9a-0c67-4312-a4c0-b13e6be31a24","local_time":"20201227231246","is_ascension_mode":true,"campfire_choices":[{"data":"Body Slam","floor":6,"key":"SMITH"},{"data":"Flex","floor":8,"key":"SMITH"}],"circlet_count":0,"master_deck":["AscendersBane","Strike_R","Strike_R","Strike_R","Strike_R","Strike_R","Defend_R","Defend_R","Defend_R","Defend_R","Bash","Armaments+1","Pommel Strike","Body Slam+1","Flex+1","Brutality"],"relics":["Burning Blood","NeowsBlessing","Champion Belt","Pocketwatch","Bag of Marbles"],"acts_visited":[],"potions_floor_usage":[7],"damage_taken":[{"damage":0,"enemies":"Cultist","floor":1,"turns":1},{"damage":0,"enemies":"Small Slimes","floor":2,"turns":1},{"damage":0,"enemies":"Jaw Worm","floor":4,"turns":1},{"damage":42,"enemies":"Gremlin Gang","floor":7,"turns":5},{"damage":25,"enemies":"3 Sentries","floor":10,"turns":9}],"seed_played":"-1257897577157630847","potions_obtained":[{"floor":2,"key":"BloodPotion"},{"floor":7,"key":"FairyPotion"}],"is_trial":false,"path_per_floor":["M","M","?","M","?","R","M","R","T","E"],"character_chosen":"IRONCLAD","items_purchased":[],"campfire_rested":0,"item_purchase_floors":[],"current_hp_per_floor":[74,75,75,75,75,75,54,54,54,35,35],"gold":190,"neow_bonus":"THREE_ENEMY_KILL","is_daily":false,"chose_seed":false,"campfire_upgraded":2,"win_rate":0.0,"timestamp":1609081966,"path_taken":["M","M","?","M","?","R","M","R","T","E"],"items_purchased_type":[],"build_version":"2020-12-22","purchased_purges":0,"victory":false,"max_hp_per_floor":[75,75,75,75,75,75,75,75,75,75,75],"card_choices":[{"not_picked":["Anger","Wild Strike"],"picked":"Armaments","floor":1},{"not_picked":["Warcry","Burning Pact"],"picked":"Pommel Strike","floor":2},{"not_picked":["Uppercut","Havoc"],"picked":"Body Slam","floor":4},{"not_picked":["True Grit","Infernal Blade"],"picked":"Flex","floor":7},{"not_picked":["Intimidate","Second Wind"],"picked":"Brutality","floor":10}],"player_experience":258418,"relics_obtained":[{"floor":5,"key":"Champion Belt"},{"floor":9,"key":"Pocketwatch"},{"floor":10,"key":"Bag of Marbles"}],"event_choices":[{"damage_healed":0,"gold_gain":0,"player_choice":"Grow","damage_taken":0,"max_hp_gain":0,"max_hp_loss":0,"event_name":"Living Wall","floor":3,"gold_loss":0,"cards_upgraded":["Armaments"]},{"damage_healed":0,"gold_gain":0,"player_choice":"Relic","damage_taken":0,"max_hp_gain":0,"max_hp_loss":0,"event_name":"Wheel of Change","floor":5,"gold_loss":0}],"is_beta":false,"boss_relics":[],"items_purged_floors":[],"is_endless":false,"potions_floor_spawned":[2,7],"killed_by":"3 Sentries","ascension_level":17}}