{"host":"8k64rvi83ijr822k","time":1609042328,"event":{"mods":["BaseMod","Downfall","Googly Eyes","Hermit","Hero for Fun","Minty Spire (QoL Compilation)","Quick Restart","Replay The Spire","Shop Mod","StSLib","The Animator","The Bug Knight","The Construct","The Wild Card","everything is the same but u backflip on backflip"],"gold_per_floor":[20,52,52,75,99,118,118,161,161,182,182,196,196,232,232,363,363,387,408,427,440,458,458,496,519,519,535,551,564,438,448,448,547,647,647],"floor_reached":34,"playtime":625,"items_purged":[],"score":717,"play_id":"c28ac0a1-f29d-41d0-b005-b0bfea003f18","local_time":"20201226231208","is_ascension_mode":false,"campfire_choices":[{"data":"Do_Nothing","floor":11,"key":"SMITH"},{"floor":15,"key":"RECALL"},{"data":"Wear_Disguise","floor":23,"key":"SMITH"},{"data":"Serious_Punch","floor":32,"key":"SMITH"}],"circlet_count":0,"master_deck":["Strike_Y","Strike_Y","Strike_Y","Strike_Y","Strike_Y","Defend_Y","Defend_Y","Defend_Y","Defend_Y","Yawn","Hop","Do_Nothing+1","Slap","Hip_Strike","Consecutive_Normal_Punch","Slap","Side_Hop","Consecutive_Normal_Punch","Oh","Toss_Stone","Yawn+1","Slap+1","Ignore","Wear_Disguise+1","Hop","Side_Hop","Hop+1","Side_Hop+1","Normal_Punch+1","Sadistic Nature","Toss_Stone","Toss_Stone","Serious_Punch+1","expansioncontent:ManipulateTime","Hop","Terrifying_Presence"],"relics":["Cape","MerchantsRug","Replay:Wanted Poster"],"acts_visited":["Exordium","TheCity","TheBeyond"],"potions_floor_usage":[],"damage_taken":[{"damage":0,"enemies":"2 Louse","floor":1,"turns":1},{"damage":0,"enemies":"Small Slimes","floor":4,"turns":2},{"damage":0,"enemies":"Cultist","floor":5,"turns":1},{"damage":0,"enemies":"Exordium Wildlife","floor":6,"turns":1},{"damage":0,"enemies":"3 Sentries","floor":8,"turns":2},{"damage":0,"enemies":"Looter","floor":10,"turns":1},{"damage":0,"enemies":"Large Slime","floor":12,"turns":1},{"damage":0,"enemies":"Lagavulin","floor":14,"turns":1},{"damage":0,"enemies":"Slime Boss","floor":16,"turns":1},{"damage":0,"enemies":"3 Byrds","floor":18,"turns":1},{"damage":0,"enemies":"2 Thieves","floor":19,"turns":1},{"damage":0,"enemies":"Centurion and Healer","floor":20,"turns":1},{"damage":0,"enemies":"Snake Plant","floor":21,"turns":1},{"damage":0,"enemies":"Chosen and Byrds","floor":22,"turns":1},{"damage":0,"enemies":"Replay:Snechameleon","floor":24,"turns":1},{"damage":0,"enemies":"Centurion and Healer","floor":25,"turns":2},{"damage":0,"enemies":"Sentry and Sphere","floor":27,"turns":1},{"damage":0,"enemies":"3 Cultists","floor":28,"turns":2},{"damage":0,"enemies":"Snake Plant","floor":29,"turns":1},{"damage":0,"enemies":"Centurion and Healer","floor":31,"turns":1},{"damage":0,"enemies":"Collector","floor":33,"turns":1}],"seed_played":"-3839683981904961727","potions_obtained":[{"floor":1,"key":"AttackPotion"},{"floor":2,"key":"SteroidPotion"},{"floor":2,"key":"SmokeBomb"},{"floor":2,"key":"construct:ShiftPotion"},{"floor":8,"key":"DistilledChaos"},{"floor":16,"key":"DistilledChaos"}],"is_trial":false,"path_per_floor":["M","?","?","M","M","M","?","E","T","M","R","M","T","E","R","B",null,"M","M","M","M","M","R","E","M","T","M","M","M","$","M","R","B",null],"character_chosen":"OPM","items_purchased":["MerchantsRug","Sadistic Nature","Toss_Stone","Serious_Punch","expansioncontent:ManipulateTime"],"campfire_rested":0,"item_purchase_floors":[30,30,30,30,30],"current_hp_per_floor":[1098,1098,1098,1098,1098,1098,1098,1098,1098,1098,1098,1098,1098,1098,1098,1098,1098,1098,1098,1098,1098,1098,1098,1098,1098,1098,1098,1098,1098,1098,1098,1098,1098,1098,1098],"gold":647,"neow_bonus":"TEN_PERCENT_HP_BONUS","is_daily":false,"chose_seed":false,"campfire_upgraded":3,"win_rate":0.0,"timestamp":1609042328,"path_taken":["M","?","?","M","M","M","?","E","T","?","R","M","?","E","R","BOSS","M","M","M","M","M","R","E","M","T","M","M","M","$","M","R","BOSS"],"items_purchased_type":["Relic","Card","Card","Card","Card"],"build_version":"2020-12-22","purchased_purges":0,"victory":false,"max_hp_per_floor":[1098,1098,1098,1098,1098,1098,1098,1098,1098,1098,1098,1098,1098,1098,1098,1098,1098,1098,1098,1098,1098,1098,1098,1098,1098,1098,1098,1098,1098,1098,1098,1098,1098,1098,1098],"card_choices":[{"not_picked":["Do_Nothing","Side_Hop"],"picked":"Yawn","floor":1},{"not_picked":["Side_Hop","Serious_Side_Hops"],"picked":"Hop","floor":2},{"not_picked":["Ignore","Hop"],"picked":"Do_Nothing","floor":4},{"not_picked":["Hop","Do_Nothing"],"picked":"Slap","floor":5},{"not_picked":["Slap","Hop"],"picked":"Hip_Strike","floor":6},{"not_picked":["Slap","Ignore"],"picked":"Consecutive_Normal_Punch","floor":8},{"not_picked":["Do_Nothing","Hop"],"picked":"Slap","floor":10},{"not_picked":["Consecutive_Normal_Punch","Do_Nothing"],"picked":"Side_Hop","floor":12},{"not_picked":["Ignore","Hop"],"picked":"Consecutive_Normal_Punch","floor":14},{"not_picked":["Hip_Strike","Terrifying_Presence"],"picked":"Oh","floor":16},{"not_picked":["Ignore","Side_Hop"],"picked":"Toss_Stone","floor":18},{"not_picked":["Ignore","Hop"],"picked":"Yawn+1","floor":19},{"not_picked":["Ignore","Yawn"],"picked":"Slap+1","floor":20},{"not_picked":["Hop","Consecutive_Normal_Punch"],"picked":"Ignore","floor":21},{"not_picked":["Serious_Side_Hops","Toss_Stone"],"picked":"Wear_Disguise","floor":22},{"not_picked":["Yawn","Ignore"],"picked":"Hop","floor":24},{"not_picked":["Hop","Ignore"],"picked":"Side_Hop","floor":25},{"not_picked":["Ignore","Yawn"],"picked":"Hop+1","floor":27},{"not_picked":["Wear_Disguise","Yawn+1"],"picked":"Side_Hop+1","floor":28},{"not_picked":["Consecutive_Normal_Punch","Slap"],"picked":"Normal_Punch+1","floor":29},{"not_picked":["Wear_Disguise","Side_Hop+1"],"picked":"Hop","floor":31},{"not_picked":["Oh","Hip_Strike"],"picked":"Terrifying_Presence","floor":33}],"player_experience":85353,"relics_obtained":[{"floor":8,"key":"Oddly Smooth Stone"},{"floor":9,"key":"Matryoshka"},{"floor":13,"key":"Pet Ghost"},{"floor":14,"key":"Blue Doll"},{"floor":24,"key":"Anchor"},{"floor":26,"key":"Replay:Mystery Machine"},{"floor":26,"key":"Bottled Tornado"}],"event_choices":[{"damage_healed":0,"gold_gain":0,"player_choice":"Take Damage","damage_taken":274,"relics_obtained":["Golden Idol"],"max_hp_gain":0,"max_hp_loss":0,"event_name":"Golden Idol","floor":3,"gold_loss":0},{"cards_removed":["Defend_Y"],"damage_healed":0,"gold_gain":0,"player_choice":"Purged","damage_taken":0,"max_hp_gain":0,"max_hp_loss":0,"event_name":"Purifier","floor":7,"gold_loss":0}],"is_beta":false,"boss_relics":[{"not_picked":["Runic Pyramid","ChewingGum"],"picked":"SlaversCollar"},{"not_picked":["Tiny House","Calling Bell"],"picked":"Replay:Wanted Poster"}],"items_purged_floors":[],"is_endless":false,"potions_floor_spawned":[1,4,8,10,16,18,20,24,27,28,29],"ascension_level":0}}