{"host":"6to0pdz5g3mubtyg","time":1609080009,"event":{"mods":["Act Like it!","Aspiration","BaseMod","BetterRewards","Colored Map","Energized Spire","Hallownest","Highlight Path","Infinite Spire","Jorbs\u0027s Wanderer Trilogy","Minty Spire (QoL Compilation)","Shade Mod","StSLib","The Animator","The Blue Laboratory","The Bug Knight"],"gold_per_floor":[117,192,192,192,203,203,229,7,7,7,24,24,24,24,24,122,122,137,152,152,172,172,172,187,214,239,239,149,149,28,38,38,135,185,205,253,253,270,8,39,39,39,39,65,77,77,89,118,118,118],"floor_reached":51,"playtime":3561,"items_purged":["Strike_B"],"score":811,"play_id":"2eab0860-8a15-4215-99fe-624c78bf8c4d","local_time":"20201227074009","is_ascension_mode":true,"campfire_choices":[{"floor":6.0,"key":"REST"},{"floor":12.0,"key":"REST"},{"data":"White Noise","floor":15.0,"key":"SMITH"},{"data":"White Noise","floor":23.0,"key":"SMITH"},{"floor":27.0,"key":"REST"},{"floor":29.0,"key":"REST"},{"floor":32.0,"key":"REST"},{"floor":41,"key":"REST"},{"floor":46,"key":"REST"},{"floor":49,"key":"REST"}],"circlet_count":0,"master_deck":["Defend_B+1","Zap","Dualcast+1","White Noise+1","Conserve Battery+1","Seek","White Noise+1","Gash+1","FTL+1","Cold Snap","Fusion+1","All For One","Gash","Sweeping Beam+1","Dark Shackles","Swift Strike","Chrysalis","Barrage+1","Scrape+1","Compile Driver"],"relics":["Empty Cage","Runic Capacitor","infinitespire:Chaos","Lizard Tail","Boot","aspiration:RitualDagger","Lee\u0027s Waffle","infinitespire:Satchel","Whetstone","Tiny House","Dead Branch","Bag of Preparation","Kunai","Gambling Chip","Du-Vu Doll","Singing Bowl","infinitespire:Beetle Shell"],"acts_visited":["Exordium","TheCity","TheBeyond"],"potions_floor_usage":[47,50],"damage_taken":[{"damage":12.0,"enemies":"2 Louse","floor":1.0,"turns":2.0},{"damage":7.0,"enemies":"Jaw Worm","floor":5.0,"turns":3.0},{"damage":6.0,"enemies":"3 Sentries","floor":7.0,"turns":3.0},{"damage":0.0,"enemies":"Cultist","floor":11.0,"turns":4.0},{"damage":0.0,"enemies":"Slime Boss","floor":16.0,"turns":13.0},{"damage":23.0,"enemies":"3 Byrds","floor":18.0,"turns":5.0},{"damage":38.0,"enemies":"Chosen","floor":19.0,"turns":5.0},{"damage":55.0,"enemies":"Snecko","floor":21.0,"turns":8.0},{"damage":58.0,"enemies":"Shelled Parasite and Fungi","floor":24.0,"turns":5.0},{"damage":42.0,"enemies":"HollowMod:Nosk","floor":25.0,"turns":6.0},{"damage":17.0,"enemies":"Snake Plant","floor":31.0,"turns":4.0},{"damage":56.0,"enemies":"Collector","floor":33.0,"turns":10.0},{"damage":50.0,"enemies":"3 Shapes","floor":35.0,"turns":9.0},{"damage":41.0,"enemies":"2 Orb Walkers","floor":36.0,"turns":4.0},{"damage":35.0,"enemies":"Orb Walker","floor":38.0,"turns":4.0},{"damage":27,"enemies":"Nemesis","floor":40,"turns":5},{"damage":38,"enemies":"Reptomancer","floor":44,"turns":5},{"damage":32,"enemies":"3 Darklings","floor":45,"turns":6},{"damage":45,"enemies":"Transient","floor":47,"turns":5},{"damage":36,"enemies":"HollowMod:StalkingDevout","floor":48,"turns":6},{"damage":145,"enemies":"infinitespire:MassOfShapes","floor":50,"turns":12}],"seed_played":"-6954934384973185916","potions_obtained":[{"floor":1.0,"key":"blueLaboratory:FruitPunch"},{"floor":16.0,"key":"blueLaboratory:BottleOfRum"},{"floor":19.0,"key":"blueLaboratory:HorrorPotion"},{"floor":24.0,"key":"Swift Potion"},{"floor":31.0,"key":"blueLaboratory:CorrosionFlask"},{"floor":33.0,"key":"Fruit Juice"},{"floor":36.0,"key":"blueLaboratory:BiasPotion"},{"floor":45,"key":"blueLaboratory:LouseDecoction"},{"floor":47,"key":"blueLaboratory:TeslaPotion"}],"is_trial":false,"path_per_floor":["M","?","?","?","M","R","E","$","T","$","M","R","$","?","R","B",null,"M","M","$","M","AVR","R","M","E","T","R","?","R","$","M","R","B",null,"M","?","?","M","$","E","R","?","T","E","M","R","M","E","R","B",null],"character_chosen":"DEFECT","items_purchased":["infinitespire:Chaos","Cold Snap","blueLaboratory:ExaltedPotion","Kunai"],"campfire_rested":8,"item_purchase_floors":[8,30,30,39],"current_hp_per_floor":[56,45,38,24,17,37,31,31,31,31,31,51,51,51,51,51,68,45,7,7,65,77,77,33,12,12,35,35,58,58,54,77,74,82,44,31,31,10,10,15,41,31,31,28,23,49,34,32,58,26],"gold":118,"neow_bonus":"REMOVE_TWO","is_daily":false,"chose_seed":false,"campfire_upgraded":2,"win_rate":0.0,"timestamp":1609080009,"path_taken":["M","?","?","?","M","R","E","$","T","$","M","R","?","?","R","BOSS","M","M","?","M","AVR","R","M","E","T","R","?","R","$","?","R","BOSS","M","?","?","?","$","E","R","?","T","E","M","R","M","E","R","BOSS"],"items_purchased_type":["Relic","Card","Potion","Relic"],"build_version":"2020-12-22","purchased_purges":1,"victory":true,"max_hp_per_floor":[68,68,68,68,68,68,68,68,68,68,68,68,68,68,68,68,68,68,68,68,70,77,77,77,77,77,77,77,77,77,77,77,77,82,82,87,87,87,87,87,87,87,87,87,87,87,87,89,89,89],"card_choices":[{"not_picked":["Hologram","Lockon"],"picked":"White Noise","floor":1.0},{"not_picked":["Ball Lightning","Redo"],"picked":"Conserve Battery","floor":5.0},{"not_picked":["Steam Power","Cold Snap","Blizzard"],"picked":"SKIP","floor":7.0},{"not_picked":["Ball Lightning","Conserve Battery","Rebound"],"picked":"SKIP","floor":11.0},{"not_picked":["Creative AI","Thunder Strike"],"picked":"Seek","floor":16.0},{"not_picked":["Tempest","Conserve Battery","Recycle"],"picked":"SKIP","floor":18.0},{"not_picked":["BootSequence+1","Compile Driver"],"picked":"White Noise","floor":19.0},{"not_picked":["Stack+1","Cold Snap+1"],"picked":"Gash","floor":21.0},{"not_picked":["Stack","Sweeping Beam"],"picked":"FTL","floor":24.0},{"not_picked":["Barrage+1","Defragment","White Noise"],"picked":"SKIP","floor":25.0},{"not_picked":["Recycle","Conserve Battery"],"picked":"Fusion+1","floor":31.0},{"not_picked":["Seek","Biased Cognition"],"picked":"All For One","floor":33.0},{"not_picked":["Genetic Algorithm+1","Hologram"],"picked":"Gash","floor":34.0},{"not_picked":["Recycle+1","Leap+1","Loop"],"picked":"SKIP","floor":35.0},{"not_picked":["Recycle","Ball Lightning"],"picked":"Sweeping Beam+1","floor":38.0},{"not_picked":["Undo","Barrage","Hologram"],"picked":"SKIP","floor":40},{"not_picked":["Mind Blast","The Bomb"],"picked":"Dark Shackles","floor":42},{"not_picked":["Thinking Ahead","Impatience"],"picked":"Swift Strike","floor":42},{"not_picked":["Transmutation","Dramatic Entrance"],"picked":"Chrysalis","floor":42},{"not_picked":["Cold Snap","Recycle+1"],"picked":"Barrage+1","floor":44},{"not_picked":["Go for the Eyes","Streamline"],"picked":"Scrape+1","floor":45},{"not_picked":["Blizzard","Turbo+1"],"picked":"Compile Driver","floor":47},{"not_picked":["Stack+1","Go for the Eyes+1","Fission"],"picked":"Singing Bowl","floor":48}],"player_experience":239685,"relics_obtained":[{"floor":7.0,"key":"Ancient Tea Set"},{"floor":9.0,"key":"Lizard Tail"},{"floor":14.0,"key":"Boot"},{"floor":25.0,"key":"infinitespire:Satchel"},{"floor":26.0,"key":"Whetstone"},{"floor":36.0,"key":"Dead Branch"},{"floor":40,"key":"Gambling Chip"},{"floor":43,"key":"Du-Vu Doll"},{"floor":44,"key":"Singing Bowl"},{"floor":48,"key":"infinitespire:Beetle Shell"}],"event_choices":[{"damage_healed":0.0,"max_hp_gain":0.0,"max_hp_loss":0.0,"gold_gain":75.0,"event_name":"World of Goop","player_choice":"Gather Gold","floor":2.0,"gold_loss":0.0,"damage_taken":11.0},{"cards_removed":["Defend_B"],"damage_healed":0.0,"max_hp_gain":0.0,"max_hp_loss":0.0,"gold_gain":0.0,"event_name":"Golden Wing","player_choice":"Card Removal","floor":3.0,"gold_loss":0.0,"damage_taken":7.0},{"damage_healed":0.0,"max_hp_gain":0.0,"max_hp_loss":0.0,"gold_gain":0.0,"event_name":"Shining Light","player_choice":"Entered Light","floor":4.0,"gold_loss":0.0,"damage_taken":14.0,"cards_upgraded":["Defend_B","Strike_B"]},{"damage_healed":0.0,"max_hp_gain":0.0,"max_hp_loss":0.0,"gold_gain":0.0,"event_name":"Wheel of Change","player_choice":"Relic","floor":14.0,"gold_loss":0.0,"damage_taken":0.0},{"cards_removed":["Strike_B"],"damage_healed":0.0,"max_hp_gain":0.0,"max_hp_loss":0.0,"gold_gain":0.0,"event_name":"Designer","player_choice":"Upgrade and Remove","floor":28.0,"gold_loss":90.0,"damage_taken":0.0,"cards_upgraded":["Conserve Battery"]},{"damage_healed":0.0,"max_hp_gain":0.0,"max_hp_loss":0.0,"gold_gain":0.0,"event_name":"Mysterious Sphere","player_choice":"Fight","floor":36.0,"gold_loss":0.0,"damage_taken":0.0},{"damage_healed":0.0,"max_hp_gain":0.0,"max_hp_loss":0.0,"gold_gain":0.0,"event_name":"WeMeetAgain","player_choice":"Gave Potion","floor":37.0,"gold_loss":0.0,"damage_taken":0.0,"relics_obtained":["Bag of Preparation"]},{"damage_healed":0,"gold_gain":0,"player_choice":"Memory 3","damage_taken":10,"max_hp_gain":0,"max_hp_loss":0,"event_name":"SensoryStone","floor":42,"gold_loss":0}],"is_beta":false,"boss_relics":[{"not_picked":["energizedSpire:EnergizedDie","Calling Bell"],"picked":"aspiration:RitualDagger"},{"not_picked":["Velvet Choker","infinitespire:Cupcake"],"picked":"Tiny House"}],"items_purged_floors":[8],"is_endless":false,"potions_floor_spawned":[1,16,19,24,31,33,36,45,47],"ascension_level":1}}