{"host":"0hb9w7uizu7y13wj","time":1609091984,"event":{"mods":["Act Like it!","Aspiration","BaseMod","BetterRewards","Colored Map","Conspire","Downfall","Energized Spire","FTL Soundtrack","Friendly Minions","Halation","Hubris","Infinite Spire","Minty Spire (QoL Compilation)","Quick Restart","Replay The Spire","StSLib","Synergy Search","The Factory","The Hierophant","The Jungle","The Poker Player","Trackpad","everything is the same but u backflip on backflip","vexMod"],"gold_per_floor":[111,111,111,122,137,137,170,170,170,185,13,13,28,61,61,159,159,169,181,181,181,197,232,232,258,258,258,104,104,137,137,137,249,249,278,310,310,342,342,390,189,232,255,44,88,117,117,167,167,167],"floor_reached":51,"playtime":2228,"items_purged":["Strike_B","Looming Evil","conspire:NecroticWound","Strike_B","Strike_B"],"score":1905,"play_id":"15bdf272-2d9d-40e1-b0c7-d6df46a79ea3","local_time":"20201227175944","is_ascension_mode":true,"campfire_choices":[{"floor":6,"key":"REST"},{"data":"Zap","floor":8,"key":"SMITH"},{"floor":15,"key":"REST"},{"data":"Storm","floor":24,"key":"SMITH"},{"floor":27,"key":"REST"},{"data":"Storm","floor":29,"key":"SMITH"},{"data":"Heatsinks","floor":32,"key":"SMITH"},{"floor":49,"key":"REST"}],"circlet_count":0,"master_deck":["Strike_B","Defend_B","Defend_B","Defend_B","Defend_B","Zap+1","Dualcast","hubris:EnhanceAbility+1","FIFO Queue+1","Heatsinks+1","Coolheaded","ReplayTheSpireMod:Echoes of Time","Storm+1","Barrage","Cold Snap","Storm+1","All For One","hubris:PowerSurge","Machine Learning","Chill","FIFO Queue","Glacier","Core Surge","Barrage","Redo+1","FIFO Queue+1","Heatsinks+1","Storm","Machine Learning","Seek","Loop+1","White Noise+1"],"relics":["Cracked Core","conspire:TopHat","hubris:Spice","hubris:FunFungus","Incense Burner","conspire:Flyswatter","ReplayTheSpireMod:Lightbulb","conspire:RoyalGoblet","Black Star","aspiration:EnhancedActuators","Ice Cream","Replay:WaspNest","halation:BottledLove","infinitespire:EvilPickle","CeramicFish","vexMod:Dragonfruit","Bottled Flame","trackpad:CultistFigurine"],"acts_visited":["Exordium","TheCity","TheBeyond"],"potions_floor_usage":[7,7,10,23,50,50],"damage_taken":[{"damage":0,"enemies":"conspire:RoseBush","floor":1,"turns":4},{"damage":4,"enemies":"Jaw Worm","floor":4,"turns":4},{"damage":0,"enemies":"Cultist","floor":5,"turns":6},{"damage":13,"enemies":"Replay:BlueRogue","floor":7,"turns":7},{"damage":13,"enemies":"Gremlin Gang","floor":10,"turns":4},{"damage":12,"enemies":"Exordium Thugs","floor":13,"turns":6},{"damage":10,"enemies":"3 Sentries","floor":14,"turns":5},{"damage":0,"enemies":"Slime Boss","floor":16,"turns":8},{"damage":3,"enemies":"Shell Parasite","floor":18,"turns":7},{"damage":5,"enemies":"Chosen","floor":19,"turns":5},{"damage":20,"enemies":"Snecko","floor":22,"turns":7},{"damage":22,"enemies":"Book of Stabbing","floor":23,"turns":6},{"damage":17,"enemies":"conspire:SneckoGhost","floor":25,"turns":4},{"damage":12,"enemies":"Replay:Snechameleon","floor":30,"turns":4},{"damage":7,"enemies":"Pondfish","floor":33,"turns":7},{"damage":20,"enemies":"3 Shapes","floor":35,"turns":3},{"damage":5,"enemies":"3 Darklings","floor":36,"turns":3},{"damage":4,"enemies":"Transient","floor":38,"turns":5},{"damage":1,"enemies":"Giant Head","floor":40,"turns":6},{"damage":5,"enemies":"R_Hoarder","floor":42,"turns":4},{"damage":27,"enemies":"Reptomancer","floor":45,"turns":3},{"damage":26,"enemies":"Maw","floor":46,"turns":5},{"damage":10,"enemies":"Nemesis","floor":48,"turns":5},{"damage":22,"enemies":"conspire:OrnateMirror","floor":50,"turns":7}],"seed_played":"6633661065652441251","potions_obtained":[{"floor":1,"key":"Guardian:BlockOnCardUsePotion"},{"floor":4,"key":"Weak Potion"},{"floor":5,"key":"Elixir"},{"floor":14,"key":"champ:CounterPotion"},{"floor":19,"key":"Swift Potion"},{"floor":22,"key":"Cursed Concoction"},{"floor":33,"key":"FairyPotion"},{"floor":46,"key":"SteroidPotion"}],"is_trial":false,"path_per_floor":["M","?","?","M","M","R","E","R","T","M","$","?","M","E","R","B",null,"M","M","AVR","?","M","E","R","E","T","R","$","R","E","?","R","B",null,"M","M","?","M","?","E","$","E","T","$","E","M","AVR","E","R","B",null],"character_chosen":"DEFECT","items_purchased":["hubris:EnhanceAbility","conspire:TopHat","hubris:Spice","FIFO Queue+1","Incense Burner","Heatsinks","Coolheaded","Storm","FIFO Queue","Glacier","Storm","Machine Learning"],"campfire_rested":4,"item_purchase_floors":[0,0,0,0,0,0,0,11,28,28,41,44],"current_hp_per_floor":[37,37,37,33,33,60,48,48,48,35,35,35,29,19,43,45,74,74,71,71,71,55,35,35,18,18,40,40,40,34,42,42,35,59,39,34,34,31,31,37,37,36,36,36,14,23,23,17,36,23],"gold":167,"neow_bonus":"","is_daily":false,"chose_seed":false,"campfire_upgraded":4,"win_rate":0.0,"timestamp":1609091984,"path_taken":["M","?","?","M","?","R","E","R","T","?","?","?","M","E","R","BOSS","M","M","AVR","?","M","E","R","E","T","R","$","R","E","?","R","BOSS","M","M","?","M","?","E","?","E","T","$","E","M","AVR","E","R","BOSS"],"items_purchased_type":["Card","Relic","Relic","Card","Relic","Card","Card","Card","Card","Card","Card","Card"],"build_version":"2020-12-22","purchased_purges":5,"victory":true,"max_hp_per_floor":[91,91,91,91,91,91,91,91,83,83,83,83,83,83,83,83,83,83,83,83,83,83,75,75,75,75,75,75,75,75,75,75,75,67,67,67,67,67,67,59,59,59,59,59,64,64,64,64,64,64],"card_choices":[{"not_picked":["conspire:SharedLibrary","BasicCrystalCard","Darkness"],"picked":"SKIP","floor":1},{"not_picked":["Replay:Fractal Strike","infinitespire:Menacing"],"picked":"ReplayTheSpireMod:Echoes of Time","floor":2},{"not_picked":["Time Bomb","Hologram"],"picked":"Storm","floor":4},{"not_picked":["Panic Button","Undo"],"picked":"Barrage","floor":5},{"not_picked":["Compile Driver","BasicCrystalCard"],"picked":"Cold Snap","floor":7},{"not_picked":["Beam Cell","Panic Button","Fission"],"picked":"SKIP","floor":10},{"not_picked":["Leap","Gash","Genetic Algorithm"],"picked":"SKIP","floor":13},{"not_picked":["hubris:SpiceAddiction","Beam Cell","Thunder Strike"],"picked":"SKIP","floor":14},{"not_picked":["Meteor Strike","hubris:SpiceAddiction"],"picked":"All For One","floor":16},{"not_picked":["Auto Shields+1","hubris:SpiceAddiction","Time Bomb+1"],"picked":"SKIP","floor":18},{"not_picked":["hubris:SpiceAddiction","Streamline","Gash"],"picked":"SKIP","floor":19},{"not_picked":["ReplayTheSpireMod:GoodbyeWorld","Steam"],"picked":"hubris:PowerSurge","floor":22},{"not_picked":["Multi-Cast","Double Energy"],"picked":"Machine Learning","floor":23},{"not_picked":["Go for the Eyes","hubris:Prefetch"],"picked":"Chill","floor":25},{"not_picked":["Fusion","Streamline+1","hubris:DoWhile"],"picked":"SKIP","floor":30},{"not_picked":["Amplify","Buffer"],"picked":"Core Surge","floor":33},{"not_picked":["Stack","hubris:SpiceAddiction"],"picked":"Barrage","floor":35},{"not_picked":["Rebound","Melter+1"],"picked":"Redo+1","floor":36},{"not_picked":["Panic Button","hubris:SpiceAddiction"],"picked":"FIFO Queue+1","floor":38},{"not_picked":["Go for the Eyes+1","Streamline"],"picked":"Heatsinks+1","floor":40},{"not_picked":["ReplayTheSpireMod:System Scan+1","Steam Power","Melter"],"picked":"SKIP","floor":42},{"not_picked":["Barrage+1","hubris:SpiceAddiction"],"picked":"Seek","floor":45},{"not_picked":["Ball Lightning+1","Auto Shields+1"],"picked":"Loop+1","floor":46},{"not_picked":["ReplayTheSpireMod:GoodbyeWorld+1","FTL"],"picked":"White Noise+1","floor":48}],"player_experience":908197,"relics_obtained":[{"floor":7,"key":"conspire:Flyswatter"},{"floor":9,"key":"hubris:Spice"},{"floor":14,"key":"ReplayTheSpireMod:Lightbulb"},{"floor":23,"key":"aspiration:EnhancedActuators"},{"floor":23,"key":"hubris:Spice"},{"floor":25,"key":"Ice Cream"},{"floor":25,"key":"Replay:WaspNest"},{"floor":30,"key":"halation:BottledLove"},{"floor":40,"key":"hubris:Spice"},{"floor":42,"key":"CeramicFish"},{"floor":45,"key":"vexMod:Dragonfruit"},{"floor":45,"key":"Bottled Flame"},{"floor":48,"key":"trackpad:CultistFigurine"}],"event_choices":[{"damage_healed":0,"gold_gain":0,"player_choice":"Forge","damage_taken":0,"max_hp_gain":0,"max_hp_loss":0,"event_name":"Accursed Blacksmith","floor":3,"gold_loss":0,"cards_upgraded":["hubris:EnhanceAbility"]},{"damage_healed":0,"gold_gain":0,"player_choice":"Leave","damage_taken":0,"max_hp_gain":0,"max_hp_loss":0,"event_name":"conspire:Investor","floor":12,"gold_loss":0},{"damage_healed":0,"gold_gain":0,"player_choice":"Memory 1","damage_taken":0,"max_hp_gain":0,"max_hp_loss":0,"event_name":"SensoryStone","floor":39,"gold_loss":0}],"is_beta":false,"boss_relics":[{"not_picked":["hubris:Spice","vexMod:ImprovementManual"],"picked":"conspire:RoyalGoblet"},{"not_picked":["hubris:Spice","Replay:Drink Me"],"picked":"hubris:Spice"}],"items_purged_floors":[0,11,41,44,47],"is_endless":false,"potions_floor_spawned":[1,4,5,14,19,22,33,38,45,46,48],"ascension_level":9}}