{"host":"7krnriczr1b2ou5r","time":1609073141,"event":{"mods":["BaseMod","Keyboard Shortcuts","Minty Spire (QoL Compilation)","Relic Stats","StSLib"],"gold_per_floor":[45,85,124,162,87,87,115,153,153,153,153,53,132,177,177,276,276,331,382,59,110,110,110,175,175,198,198,73,7,73,119,119,238,238,281,92,183,183,183,183,254,254,254,288,15,58,58,109,109,139,169,169,169,19,87,87],"floor_reached":57,"playtime":1915,"items_purged":["Strike_P","Defend_P","Strike_P","Defend_P"],"score":3367,"play_id":"0cf88598-d07c-4de8-b8e8-33f107e29ef2","local_time":"20201227214541","is_ascension_mode":true,"campfire_choices":[{"data":"Eruption","floor":6,"key":"SMITH"},{"data":"Wish","floor":10,"key":"SMITH"},{"data":"Wallop","floor":15,"key":"SMITH"},{"data":"1","floor":23,"key":"LIFT"},{"data":"2","floor":25,"key":"LIFT"},{"data":"3","floor":32,"key":"LIFT"},{"data":"EmptyMind","floor":40,"key":"SMITH"},{"data":"ClearTheMind","floor":42,"key":"SMITH"},{"data":"InnerPeace","floor":47,"key":"SMITH"},{"data":"Madness","floor":49,"key":"SMITH"},{"data":"Madness","floor":53,"key":"SMITH"}],"circlet_count":0,"master_deck":["AscendersBane","Eruption+1","Vigilance","Wish+1","Adaptation+1","Tantrum+1","InnerPeace+1","Halt","Wallop+1","DeusExMachina+1","DeusExMachina","ClearTheMind+1","EmptyMind+1","FlurryOfBlows","FlurryOfBlows","Madness+1","Madness+1","Madness+1"],"relics":["PureWater","Sundial","TeardropLocket","Golden Idol","Pantograph","Black Star","Girya","Darkstone Periapt","Blood Vial","Ancient Tea Set","MutagenicStrength","Shuriken","Mango","Calipers","SlaversCollar","TheAbacus","Torii","Oddly Smooth Stone","Damaru","TungstenRod","Art of War","Dream Catcher","Yang","Bag of Marbles","War Paint"],"acts_visited":["Exordium","TheCity","TheBeyond","TheEnding"],"potions_floor_usage":[7,16,24,33,41,51,56],"damage_taken":[{"damage":10,"enemies":"Cultist","floor":1,"turns":4},{"damage":7,"enemies":"Jaw Worm","floor":2,"turns":2},{"damage":17,"enemies":"2 Louse","floor":3,"turns":3},{"damage":8,"enemies":"Blue Slaver","floor":4,"turns":3},{"damage":3,"enemies":"Gremlin Nob","floor":7,"turns":3},{"damage":6,"enemies":"Exordium Wildlife","floor":8,"turns":3},{"damage":0,"enemies":"Lagavulin Event","floor":13,"turns":2},{"damage":2,"enemies":"3 Louse","floor":14,"turns":3},{"damage":0,"enemies":"Slime Boss","floor":16,"turns":4},{"damage":0,"enemies":"Spheric Guardian","floor":18,"turns":2},{"damage":11,"enemies":"Shell Parasite","floor":19,"turns":4},{"damage":5,"enemies":"Sentry and Sphere","floor":21,"turns":3},{"damage":0,"enemies":"Gremlin Leader","floor":24,"turns":5},{"damage":0,"enemies":"Book of Stabbing","floor":30,"turns":3},{"damage":0,"enemies":"Snecko","floor":31,"turns":2},{"damage":1,"enemies":"Collector","floor":33,"turns":5},{"damage":0,"enemies":"3 Darklings","floor":35,"turns":2},{"damage":45,"enemies":"2 Orb Walkers","floor":37,"turns":4},{"damage":2,"enemies":"Nemesis","floor":41,"turns":5},{"damage":0,"enemies":"Giant Head","floor":44,"turns":3},{"damage":0,"enemies":"3 Shapes","floor":46,"turns":2},{"damage":0,"enemies":"Maw","floor":48,"turns":3},{"damage":0,"enemies":"Donu and Deca","floor":50,"turns":3},{"damage":0,"enemies":"Awakened One","floor":51,"turns":3},{"damage":0,"enemies":"Shield and Spear","floor":55,"turns":2},{"damage":47,"enemies":"The Heart","floor":56,"turns":6}],"seed_played":"-3622390539405914221","potions_obtained":[{"floor":1,"key":"ColorlessPotion"},{"floor":2,"key":"PowerPotion"},{"floor":8,"key":"BlessingOfTheForge"},{"floor":14,"key":"Regen Potion"},{"floor":19,"key":"FearPotion"},{"floor":31,"key":"Block Potion"},{"floor":37,"key":"Weak Potion"},{"floor":46,"key":"SneckoOil"}],"is_trial":false,"path_per_floor":["M","M","M","M","$","R","E","M","T","R","?","$","?","M","R","B",null,"M","M","$","M","?","R","E","R","T","?","$","$","E","M","R","B",null,"M","$","?","?","?","R","E","R","T","E","$","M","R","M","R","B","B",null,"R","$","E","B",null],"character_chosen":"WATCHER","items_purchased":["Girya","Shuriken","EmptyMind","TheAbacus","FlurryOfBlows","Yang"],"campfire_rested":0,"item_purchase_floors":[20,29,29,36,36,45],"current_hp_per_floor":[51,44,27,19,19,19,16,10,10,10,10,10,10,8,8,33,55,55,44,44,39,39,39,53,53,53,53,53,53,69,71,71,75,76,76,76,31,31,17,17,17,17,17,19,19,21,21,23,23,50,76,76,76,76,76,29],"gold":87,"neow_bonus":"THREE_RARE_CARDS","is_daily":false,"chose_seed":false,"campfire_upgraded":8,"win_rate":0.0,"timestamp":1609073141,"path_taken":["M","M","M","M","$","R","E","?","T","R","?","$","?","M","R","BOSS","M","M","$","M","?","R","E","R","T","?","?","$","E","M","R","BOSS","M","$","?","?","?","R","E","R","T","E","$","M","R","M","R","BOSS","BOSS","R","$","E","BOSS"],"items_purchased_type":["Relic","Relic","Card","Relic","Card","Relic"],"build_version":"2020-12-22","purchased_purges":4,"victory":true,"max_hp_per_floor":[68,68,68,68,68,68,68,68,68,68,62,62,62,62,62,62,62,62,62,62,62,62,62,62,62,62,62,62,62,76,76,76,76,76,76,76,76,76,76,76,76,76,76,76,76,76,76,76,76,76,76,76,76,76,76,76],"relic_stats":{"Darkstone Periapt":0,"Torii":76,"counters":[26,84],"Golden Idol":196,"Yang":[151],"War Paint":["Madness","DeusExMachina"],"Blood Vial":18,"Dream Catcher":0,"TheAbacus":[84],"Sundial":[20],"Shuriken":[70],"Pantograph":77,"Black Star":5,"Art of War":[1],"obtain_stats":[{"Darkstone Periapt":24,"Calipers":30,"Torii":37,"Mango":30,"Yang":45,"TeardropLocket":9,"Ancient Tea Set":26,"Blood Vial":24,"Dream Catcher":44,"TheAbacus":36,"Sundial":7,"Pantograph":13,"Girya":20,"Golden Idol":11,"Oddly Smooth Stone":41,"Damaru":41,"War Paint":55,"SlaversCollar":34,"Shuriken":29,"MutagenicStrength":27,"Black Star":17,"Art of War":44,"Bag of Marbles":55,"PureWater":0,"TungstenRod":43},{"Darkstone Periapt":13,"Calipers":14,"Torii":18,"Mango":14,"Yang":20,"TeardropLocket":6,"Ancient Tea Set":13,"Blood Vial":13,"Dream Catcher":20,"TheAbacus":17,"Sundial":5,"Pantograph":6,"Girya":11,"Golden Idol":6,"Oddly Smooth Stone":19,"Damaru":19,"War Paint":25,"SlaversCollar":16,"Shuriken":13,"MutagenicStrength":13,"Black Star":9,"Art of War":20,"Bag of Marbles":25,"PureWater":0,"TungstenRod":19},{"Darkstone Periapt":41,"Calipers":44,"Torii":57,"Mango":44,"Yang":65,"TeardropLocket":18,"Ancient Tea Set":41,"Blood Vial":41,"Dream Catcher":65,"TheAbacus":53,"Sundial":15,"Pantograph":18,"Girya":33,"Golden Idol":18,"Oddly Smooth Stone":62,"Damaru":62,"War Paint":78,"SlaversCollar":51,"Shuriken":41,"MutagenicStrength":41,"Black Star":27,"Art of War":65,"Bag of Marbles":78,"PureWater":0,"TungstenRod":62}],"TungstenRod":53},"card_choices":[{"not_picked":["Alpha","Judgement"],"picked":"Wish","floor":0},{"not_picked":["ThirdEye","Protect","CutThroughFate"],"picked":"SKIP","floor":1},{"not_picked":["JustLucky","Meditate"],"picked":"InnerPeace","floor":2},{"not_picked":["PathToVictory","Sanctity"],"picked":"Halt","floor":3},{"not_picked":["ThirdEye","Prostrate"],"picked":"Wallop","floor":4},{"not_picked":["Pray","Protect","Adaptation"],"picked":"SKIP","floor":7},{"not_picked":["SignatureMove","ReachHeaven","FlyingSleeves"],"picked":"SKIP","floor":8},{"not_picked":["SashWhip","Nirvana","DeceiveReality"],"picked":"SKIP","floor":14},{"not_picked":["DevaForm","Scrawl"],"picked":"DeusExMachina","floor":16},{"not_picked":["ThirdEye","PathToVictory","Meditate"],"picked":"SKIP","floor":18},{"not_picked":["Prostrate","PathToVictory"],"picked":"DeusExMachina","floor":19},{"not_picked":["Wallop","Crescendo","BowlingBash+1"],"picked":"SKIP","floor":21},{"not_picked":["CutThroughFate","Evaluate"],"picked":"ClearTheMind","floor":24},{"not_picked":["FollowUp","WindmillStrike+1"],"picked":"FlurryOfBlows","floor":30},{"not_picked":["WheelKick","Prostrate+1","Consecrate"],"picked":"SKIP","floor":31},{"not_picked":["Halt","ForeignInfluence","Evaluate"],"picked":"SKIP","floor":35},{"not_picked":["Purity","Swift Strike"],"picked":"Madness","floor":38},{"not_picked":["EmptyMind","Consecrate+1","DeceiveReality"],"picked":"SKIP","floor":41},{"not_picked":["CrushJoints+1","SashWhip+1","DeceiveReality"],"picked":"SKIP","floor":44},{"not_picked":["Halt+1","PathToVictory","FollowUp"],"picked":"SKIP","floor":46},{"not_picked":["Crescendo+1","Swivel","Consecrate"],"picked":"SKIP","floor":48},{"not_picked":["Alpha","BowlingBash+1","WindmillStrike"],"picked":"SKIP","floor":55}],"player_experience":1053923,"relics_obtained":[{"floor":7,"key":"Sundial"},{"floor":9,"key":"TeardropLocket"},{"floor":24,"key":"Darkstone Periapt"},{"floor":24,"key":"Blood Vial"},{"floor":26,"key":"Ancient Tea Set"},{"floor":30,"key":"Mango"},{"floor":30,"key":"Calipers"},{"floor":37,"key":"Torii"},{"floor":41,"key":"Oddly Smooth Stone"},{"floor":41,"key":"Damaru"},{"floor":43,"key":"TungstenRod"},{"floor":44,"key":"Art of War"},{"floor":44,"key":"Dream Catcher"},{"floor":55,"key":"Bag of Marbles"},{"floor":55,"key":"War Paint"}],"event_choices":[{"damage_healed":0,"gold_gain":0,"player_choice":"Lose Max HP","damage_taken":0,"relics_obtained":["Golden Idol"],"max_hp_gain":0,"max_hp_loss":6,"event_name":"Golden Idol","floor":11,"gold_loss":0},{"damage_healed":0,"gold_gain":0,"player_choice":"Searched \u00273\u0027 times","damage_taken":0,"relics_obtained":["Pantograph"],"max_hp_gain":0,"max_hp_loss":0,"event_name":"Dead Adventurer","floor":13,"gold_loss":0},{"damage_healed":0,"gold_gain":0,"player_choice":"Ignored","damage_taken":0,"max_hp_gain":0,"max_hp_loss":0,"event_name":"Vampires","floor":22,"gold_loss":0},{"damage_healed":0,"gold_gain":0,"player_choice":"Inject Mutagens","damage_taken":0,"relics_obtained":["MutagenicStrength"],"max_hp_gain":0,"max_hp_loss":0,"event_name":"Drug Dealer","floor":27,"gold_loss":0},{"damage_healed":0,"gold_gain":0,"player_choice":"Fight","damage_taken":0,"max_hp_gain":0,"max_hp_loss":0,"event_name":"Mysterious Sphere","floor":37,"gold_loss":0},{"damage_healed":0,"gold_gain":0,"player_choice":"Memory 1","damage_taken":0,"max_hp_gain":0,"max_hp_loss":0,"event_name":"SensoryStone","floor":38,"gold_loss":0},{"damage_healed":0,"gold_gain":0,"player_choice":"Embrace Madness","damage_taken":14,"max_hp_gain":0,"max_hp_loss":0,"event_name":"Winding Halls","floor":39,"gold_loss":0,"cards_obtained":["Madness","Madness"]}],"is_beta":false,"boss_relics":[{"not_picked":["Sozu","Velvet Choker"],"picked":"Black Star"},{"not_picked":["Astrolabe","Runic Dome"],"picked":"SlaversCollar"}],"items_purged_floors":[5,12,28,54],"is_endless":false,"potions_floor_spawned":[1,2,8,14,19,21,31,37,46,48],"ascension_level":20}}