{"host":"w5ovz9boloi14a0g","time":1609032917,"event":{"mods":["BaseMod","Googly Eyes","Minty Spire (QoL Compilation)","StSLib","SuperFastMode"],"gold_per_floor":[116,128,144,144,156,189,189,148,223,223,262,262,262,278,278,406,406,419,439,3,18,39,39,57,77,157,172,172,191,191,215,215,215,215],"floor_reached":33,"playtime":668,"items_purged":[],"score":261,"play_id":"a82ede3c-b9c7-427a-bb8c-71b1b3370eff","local_time":"20201226193517","is_ascension_mode":false,"campfire_choices":[{"floor":7,"key":"REST"},{"data":"Dualcast","floor":12,"key":"SMITH"},{"floor":15,"key":"REST"},{"floor":23,"key":"REST"},{"floor":32,"key":"REST"}],"circlet_count":0,"master_deck":["Strike_B","Strike_B","Strike_B+1","Strike_B","Defend_B","Defend_B","Defend_B","Defend_B","Zap+1","Dualcast+1","Electrodynamics","Defragment","Ball Lightning","Lockon+1","Leap+1","Static Discharge+1"],"relics":["Cracked Core","Torii","Kunai","Golden Idol","Oddly Smooth Stone","Fusion Hammer","Frozen Egg 2","Tiny Chest","Letter Opener","Boot"],"acts_visited":["Exordium","TheCity"],"potions_floor_usage":[],"damage_taken":[{"damage":6,"enemies":"Jaw Worm","floor":1,"turns":3},{"damage":0,"enemies":"2 Louse","floor":2,"turns":1},{"damage":5,"enemies":"Small Slimes","floor":3,"turns":3},{"damage":4,"enemies":"2 Fungi Beasts","floor":5,"turns":4},{"damage":21,"enemies":"3 Sentries","floor":6,"turns":5},{"damage":16,"enemies":"Gremlin Nob","floor":11,"turns":4},{"damage":1,"enemies":"Exordium Wildlife","floor":14,"turns":3},{"damage":7,"enemies":"The Guardian","floor":16,"turns":14},{"damage":7,"enemies":"3 Byrds","floor":18,"turns":4},{"damage":2,"enemies":"Chosen","floor":19,"turns":4},{"damage":26,"enemies":"Centurion and Healer","floor":21,"turns":6},{"damage":15,"enemies":"Cultist and Chosen","floor":22,"turns":5},{"damage":1,"enemies":"3 Cultists","floor":24,"turns":3},{"damage":26,"enemies":"Snecko","floor":25,"turns":5},{"damage":2,"enemies":"Chosen and Byrds","floor":27,"turns":4},{"damage":8,"enemies":"Shelled Parasite and Fungi","floor":29,"turns":3},{"damage":42,"enemies":"Champ","floor":33,"turns":8}],"seed_played":"-8257598415063715371","potions_obtained":[{"floor":5,"key":"DuplicationPotion"},{"floor":6,"key":"GamblersBrew"},{"floor":19,"key":"LiquidMemories"}],"is_trial":false,"path_per_floor":["M","M","M","?","M","E","R","?","T","?","E","R","?","M","R","B",null,"M","M","$","M","M","R","M","M","T","M","?","M","?","T","R","B"],"character_chosen":"DEFECT","items_purchased":["Frozen Egg 2","Tiny Chest","Ball Lightning"],"campfire_rested":4,"item_purchase_floors":[20,20,20],"current_hp_per_floor":[69,69,64,64,60,39,61,61,61,61,45,45,30,29,51,44,75,68,66,66,40,25,47,46,20,20,18,18,10,10,10,32,0,0],"gold":215,"neow_bonus":"ONE_RANDOM_RARE_CARD","is_daily":false,"chose_seed":false,"campfire_upgraded":1,"win_rate":0.0,"timestamp":1609032917,"path_taken":["M","M","M","?","M","E","R","?","T","?","E","R","?","M","R","BOSS","M","M","$","M","M","R","M","M","T","M","?","?","?","?","R","BOSS"],"items_purchased_type":["Relic","Relic","Card"],"build_version":"2020-12-22","purchased_purges":0,"victory":false,"max_hp_per_floor":[75,75,75,75,75,75,75,75,75,75,75,75,75,75,75,75,75,75,75,75,75,75,75,75,75,75,75,75,75,75,75,75,75,75],"card_choices":[{"not_picked":["Barrage","Stack","Sweeping Beam"],"picked":"SKIP","floor":1},{"not_picked":["Compile Driver","Redo","Turbo"],"picked":"SKIP","floor":2},{"not_picked":["Barrage","Streamline","Aggregate"],"picked":"SKIP","floor":3},{"not_picked":["Gash","Coolheaded","Go for the Eyes"],"picked":"SKIP","floor":5},{"not_picked":["Reinforced Body","Beam Cell","Force Field"],"picked":"SKIP","floor":6},{"not_picked":["Hologram","Steam","Sweeping Beam"],"picked":"SKIP","floor":11},{"not_picked":["Barrage","Steam Power","Hologram"],"picked":"SKIP","floor":14},{"not_picked":["Darkness","Doom and Gloom","Chill"],"picked":"SKIP","floor":18},{"not_picked":["Conserve Battery","Barrage"],"picked":"Defragment","floor":19},{"not_picked":["Coolheaded","Go for the Eyes","Sweeping Beam"],"picked":"SKIP","floor":21},{"not_picked":["Streamline","Leap"],"picked":"Lockon+1","floor":22},{"not_picked":["Defragment+1","Gash"],"picked":"Leap+1","floor":24},{"not_picked":["Aggregate","Reinforced Body"],"picked":"Static Discharge+1","floor":25},{"not_picked":["Tempest","Barrage+1","Hologram"],"picked":"SKIP","floor":27},{"not_picked":["Barrage","Echo Form+1","Beam Cell"],"picked":"SKIP","floor":29}],"player_experience":27352,"relics_obtained":[{"floor":6,"key":"Torii"},{"floor":9,"key":"Kunai"},{"floor":11,"key":"Oddly Smooth Stone"},{"floor":26,"key":"Letter Opener"},{"floor":31,"key":"Boot"}],"event_choices":[{"damage_healed":0,"gold_gain":0,"player_choice":"Ignored","damage_taken":0,"max_hp_gain":0,"max_hp_loss":0,"event_name":"Golden Wing","floor":4,"gold_loss":0},{"damage_healed":0,"gold_gain":0,"player_choice":"Left Gold","damage_taken":0,"max_hp_gain":0,"max_hp_loss":0,"event_name":"World of Goop","floor":8,"gold_loss":41},{"damage_healed":0,"gold_gain":0,"player_choice":"Take Wound","damage_taken":0,"relics_obtained":["Golden Idol"],"max_hp_gain":0,"max_hp_loss":0,"event_name":"Golden Idol","floor":10,"gold_loss":0,"cards_obtained":["Injury"]},{"damage_healed":0,"gold_gain":0,"player_choice":"Entered Light","damage_taken":15,"max_hp_gain":0,"max_hp_loss":0,"event_name":"Shining Light","floor":13,"gold_loss":0,"cards_upgraded":["Zap","Strike_B"]},{"cards_removed":["Injury"],"damage_healed":0,"gold_gain":0,"player_choice":"Purged","damage_taken":0,"max_hp_gain":0,"max_hp_loss":0,"event_name":"Purifier","floor":28,"gold_loss":0},{"damage_healed":0,"gold_gain":0,"player_choice":"Ignored","damage_taken":0,"max_hp_gain":0,"max_hp_loss":0,"event_name":"Ghosts","floor":30,"gold_loss":0}],"is_beta":false,"boss_relics":[{"not_picked":["Runic Dome","Astrolabe"],"picked":"Fusion Hammer"}],"items_purged_floors":[],"is_endless":false,"potions_floor_spawned":[5,6,19,22,25],"killed_by":"Champ","ascension_level":0}}