{"host":"ya062ahhhuj9au1o","time":1609049656,"event":{"mods":["BaseMod","Better Third Choice","Filter the Spire","Hermit","Minty Spire (QoL Compilation)","Random Character Button","Robot Space Explorer","Somnambulant","StSLib","The Bug Knight","The Cursed","The Servant 0.9.4"],"gold_per_floor":[111,129,148,166,180,208,308,308,308,308,318,348,348,348,348,449,449,467,566,566,334,347,347,680,680,703,731,731,749,749,768,768,872,872,886,786,786,786,786,786,804,834,859,892,892,906,906,926,926,926],"floor_reached":51,"playtime":1792,"items_purged":["hermit:Defend_Hermit","hermit:Defend_Hermit+1"],"score":1079,"play_id":"676f3f60-5a5b-4264-81b7-f71c2b6bb408","local_time":"20201227011416","is_ascension_mode":true,"campfire_choices":[{"data":"hermit:CursedWeapon","floor":8.0,"key":"SMITH"},{"data":"hermit:Ricochet","floor":10.0,"key":"SMITH"},{"data":"hermit:Enervate","floor":13,"key":"SMITH"},{"data":"hermit:Enervate","floor":15,"key":"SMITH"},{"data":"hermit:Ricochet","floor":23,"key":"SMITH"},{"floor":28,"key":"REST"},{"data":"hermit:Snapshot","floor":30,"key":"SMITH"},{"data":"hermit:FlashPowder","floor":32,"key":"SMITH"},{"data":"hermit:Manifest","floor":40,"key":"SMITH"},{"data":"hermit:RoundhouseKick","floor":45,"key":"SMITH"},{"floor":47,"key":"REST"},{"floor":49,"key":"REST"}],"circlet_count":0,"master_deck":["hermit:Strike_Hermit+1","hermit:Strike_Hermit+1","hermit:Strike_Hermit+1","hermit:Strike_Hermit+1","hermit:Snapshot+1","hermit:Glare+1","hermit:Glare+1","hermit:CursedWeapon+1","hermit:Ricochet+1","hermit:Ricochet+1","hermit:Enervate+1","hermit:Enervate+1","hermit:RoundhouseKick+1","hermit:CalledShot+1","hermit:FlashPowder+1","hermit:Manifest+1","hermit:Manifest+1"],"relics":["Philosopher\u0027s Stone","Bag of Preparation","hermit:Spyglass","Toy Ornithopter","Question Card","Sozu","Enchiridion","Bag of Marbles","Old Coin","Blood Vial","StrikeDummy","Empty Cage","Torii","Bronze Scales","War Paint"],"acts_visited":["Exordium","TheCity","TheBeyond"],"potions_floor_usage":[50,50],"damage_taken":[{"damage":2.0,"enemies":"Cultist","floor":1.0,"turns":3.0},{"damage":3.0,"enemies":"Jaw Worm","floor":2.0,"turns":3.0},{"damage":0.0,"enemies":"2 Louse","floor":3.0,"turns":2.0},{"damage":6.0,"enemies":"Looter","floor":4.0,"turns":2.0},{"damage":2.0,"enemies":"3 Louse","floor":5.0,"turns":3.0},{"damage":10.0,"enemies":"Gremlin Nob","floor":6.0,"turns":3.0},{"damage":5.0,"enemies":"2 Fungi Beasts","floor":11.0,"turns":2.0},{"damage":18,"enemies":"Lagavulin","floor":12,"turns":3},{"damage":2,"enemies":"Slime Boss","floor":16,"turns":4},{"damage":4,"enemies":"3 Byrds","floor":18,"turns":3},{"damage":2,"enemies":"Spheric Guardian","floor":22,"turns":1},{"damage":29,"enemies":"Gremlin Leader","floor":24,"turns":2},{"damage":2,"enemies":"Book of Stabbing","floor":27,"turns":2},{"damage":0,"enemies":"Snake Plant","floor":29,"turns":2},{"damage":0,"enemies":"Shelled Parasite and Fungi","floor":31,"turns":2},{"damage":14,"enemies":"Champ","floor":33,"turns":5},{"damage":12,"enemies":"3 Darklings","floor":35,"turns":2},{"damage":2,"enemies":"Orb Walker","floor":41,"turns":1},{"damage":9,"enemies":"Reptomancer","floor":42,"turns":2},{"damage":2,"enemies":"HollowMod:StalkingDevout","floor":44,"turns":2},{"damage":22,"enemies":"Writhing Mass","floor":46,"turns":2},{"damage":18,"enemies":"4 Shapes","floor":48,"turns":2},{"damage":59,"enemies":"Time Eater","floor":50,"turns":7}],"seed_played":"-3908722413194005811","potions_obtained":[{"floor":6.0,"key":"SpeedPotion"},{"floor":16,"key":"GamblersBrew"}],"is_trial":false,"path_per_floor":["M","M","M","M","M","E","?","R","T","R","M","E","R","T","R","B",null,"M","?","?","$","M","R","E","?","T","E","R","M","R","M","R","B",null,"M","$","?","?","?","R","M","E","T","E","R","M","R","M","R","B",null],"character_chosen":"HERMIT","items_purchased":["Bag of Marbles"],"campfire_rested":3,"item_purchase_floors":[21],"current_hp_per_floor":[73,70,70,64,62,52,52,52,52,52,47,29,29,29,29,27,63,59,59,43,43,41,41,12,12,12,12,34,36,36,38,38,26,63,53,53,53,53,53,53,53,46,46,46,46,26,47,31,52,5],"gold":926,"neow_bonus":"BOSS_RELIC","is_daily":false,"chose_seed":false,"campfire_upgraded":9,"win_rate":0.0,"timestamp":1609049656,"path_taken":["M","M","?","M","M","E","?","R","T","R","?","E","R","?","R","BOSS","M","?","?","$","M","R","E","?","T","E","R","M","R","M","R","BOSS","M","$","?","?","?","R","M","E","T","E","R","?","R","M","R","BOSS"],"items_purchased_type":["Relic"],"build_version":"2020-12-22","purchased_purges":2,"victory":true,"max_hp_per_floor":[75,75,75,75,75,75,75,75,75,75,75,75,75,75,75,75,75,75,75,75,75,75,75,75,75,75,75,75,75,75,75,75,75,75,75,75,71,71,71,71,71,71,71,71,71,71,71,71,71,71],"card_choices":[{"not_picked":["hermit:Vantage","hermit:HoleUp"],"picked":"hermit:Glare","floor":1.0},{"not_picked":["hermit:Desperado","hermit:Combo"],"picked":"hermit:Glare","floor":2.0},{"not_picked":["hermit:Glare","hermit:SprayPray"],"picked":"hermit:CursedWeapon","floor":3.0},{"not_picked":["hermit:ShadowCloak","hermit:TrackingShot"],"picked":"hermit:Ricochet","floor":4.0},{"not_picked":["hermit:OverwhelmingPower","hermit:Coalescence"],"picked":"hermit:Ricochet","floor":5.0},{"not_picked":["hermit:TrackingShot","hermit:OverwhelmingPower","hermit:SprayPray"],"picked":"SKIP","floor":6.0},{"not_picked":["hermit:Snipe","hermit:ShadowCloak"],"picked":"hermit:Enervate","floor":11.0},{"not_picked":["hermit:Glare","hermit:LowProfile"],"picked":"hermit:Enervate","floor":12},{"not_picked":["hermit:Adapt","hermit:EternalForm","hermit:DeadOrAlive"],"picked":"hermit:RoundhouseKick","floor":16},{"not_picked":["hermit:BodyArmor+1","hermit:LuckOfTheDraw","hermit:ItchyTrigger"],"picked":"hermit:CalledShot+1","floor":18},{"not_picked":["hermit:ItchyTrigger","hermit:Coalescence","hermit:WideOpen","hermit:LowProfile"],"picked":"SKIP","floor":22},{"not_picked":["hermit:Dissolve","hermit:HighNoon","hermit:Magnum","hermit:HeroicBravado"],"picked":"SKIP","floor":24},{"not_picked":["hermit:Coalescence","hermit:WideOpen","hermit:Spite"],"picked":"hermit:Manifest+1","floor":27},{"not_picked":["hermit:Ricochet+1","hermit:Dive","hermit:CalledShot","hermit:CursedWeapon+1"],"picked":"SKIP","floor":29},{"not_picked":["hermit:LuckOfTheDraw","hermit:WideOpen","hermit:EternalForm"],"picked":"hermit:FlashPowder","floor":31},{"not_picked":["hermit:HighCaliber","hermit:Glare+1","hermit:Dive+1"],"picked":"hermit:Manifest","floor":35},{"not_picked":["hermit:Feint+1","hermit:ItchyTrigger","hermit:Headshot","hermit:Cheat"],"picked":"SKIP","floor":41},{"not_picked":["hermit:Midnight+1","hermit:Misfire+1","hermit:ItchyTrigger+1","hermit:Horror"],"picked":"SKIP","floor":42},{"not_picked":["hermit:Desperado+1","hermit:Spite","hermit:ItchyTrigger","hermit:GoldenBullet"],"picked":"SKIP","floor":44},{"not_picked":["hermit:CalledShot","hermit:HighCaliber","hermit:HoleUp+1"],"picked":"hermit:Manifest+1","floor":46},{"not_picked":["hermit:LowProfile+1","hermit:Horror","hermit:Spite+1","hermit:Ricochet+1"],"picked":"SKIP","floor":48}],"player_experience":1682956,"relics_obtained":[{"floor":6.0,"key":"Bag of Preparation"},{"floor":9.0,"key":"hermit:Spyglass"},{"floor":12,"key":"Toy Ornithopter"},{"floor":14,"key":"Question Card"},{"floor":20,"key":"Enchiridion"},{"floor":24,"key":"Old Coin"},{"floor":26,"key":"Blood Vial"},{"floor":27,"key":"StrikeDummy"},{"floor":42,"key":"Torii"},{"floor":43,"key":"Bronze Scales"},{"floor":44,"key":"War Paint"}],"event_choices":[{"damage_healed":0.0,"max_hp_gain":0.0,"max_hp_loss":0.0,"gold_gain":100.0,"event_name":"Golden Shrine","player_choice":"Pray","floor":7.0,"gold_loss":0.0,"damage_taken":0.0},{"damage_healed":0,"gold_gain":99,"player_choice":"Steal","damage_taken":0,"max_hp_gain":0,"max_hp_loss":0,"event_name":"betterThird:BetterNest","floor":19,"gold_loss":0},{"damage_healed":0,"gold_gain":0,"player_choice":"Obtained Book","damage_taken":16,"max_hp_gain":0,"max_hp_loss":0,"event_name":"Cursed Tome","floor":20,"gold_loss":0},{"damage_healed":0,"gold_gain":0,"player_choice":"Simplicity","damage_taken":0,"max_hp_gain":0,"max_hp_loss":7,"event_name":"betterThird:BetterWriting","floor":25,"gold_loss":0},{"damage_healed":0,"gold_gain":0,"player_choice":"Max HP","damage_taken":0,"max_hp_gain":0,"max_hp_loss":4,"event_name":"Winding Halls","floor":37,"gold_loss":0},{"cards_removed":["hermit:Manifest"],"damage_healed":0,"gold_gain":0,"player_choice":"Removed Skill","damage_taken":0,"max_hp_gain":0,"max_hp_loss":0,"event_name":"Falling","floor":38,"gold_loss":0},{"cards_removed":["hermit:Defend_Hermit"],"damage_healed":0,"gold_gain":0,"player_choice":"Offered Basic","damage_taken":0,"max_hp_gain":0,"max_hp_loss":0,"event_name":"Bonfire Elementals","floor":39,"gold_loss":0}],"is_beta":false,"boss_relics":[{"not_picked":["SacredBark","Ectoplasm"],"picked":"Sozu"},{"not_picked":["Busted Crown","Snecko Eye"],"picked":"Empty Cage"}],"items_purged_floors":[21,36],"is_endless":false,"potions_floor_spawned":[6,16,18,27,29,35,41,44],"ascension_level":5}}