{"host":"hgkb2zpbo2dcws21","time":1609062374,"event":{"mods":["AchievementEnabler","BaseMod","Colored Map","Colored Powertips","Custom Start","DeckTracker","KOR Keyword Fix","Minty Spire (QoL Compilation)","Relic Stats","StSLib","SuperFastMode"],"gold_per_floor":[116,128,128,139,156,156,156,156],"floor_reached":7,"playtime":163,"items_purged":[],"score":86,"play_id":"d4617547-b5aa-4fbb-b7d1-c6e798cb6368","local_time":"20201227184614","is_ascension_mode":true,"campfire_choices":[{"data":"Fire Breathing","floor":6,"key":"SMITH"}],"circlet_count":0,"master_deck":["AscendersBane","Strike_R","Strike_R","Strike_R","Strike_R","Defend_R","Defend_R","Defend_R","Bash","Normality","Demon Form","Combust","Power Through","Heavy Blade","Fire Breathing+1","Headbutt"],"relics":["Burning Blood","Red Skull"],"acts_visited":["Exordium"],"potions_floor_usage":[],"damage_taken":[{"damage":7,"enemies":"Cultist","floor":1,"turns":4},{"damage":12,"enemies":"Jaw Worm","floor":2,"turns":5},{"damage":15,"enemies":"2 Louse","floor":4,"turns":4},{"damage":28,"enemies":"Gremlin Gang","floor":5,"turns":4},{"damage":30,"enemies":"3 Sentries","floor":7,"turns":4}],"seed_played":"-9140477461893346171","potions_obtained":[{"floor":2,"key":"DuplicationPotion"}],"is_trial":false,"path_per_floor":["M","M","?","M","M","R","E"],"character_chosen":"IRONCLAD","items_purchased":[],"campfire_rested":0,"item_purchase_floors":[],"current_hp_per_floor":[67,61,56,47,25,25,0,0],"gold":156,"neow_bonus":"TRANSFORM_TWO_CARDS","is_daily":false,"chose_seed":false,"campfire_upgraded":1,"win_rate":0.0,"timestamp":1609062374,"path_taken":["M","?","?","M","M","R","E"],"items_purchased_type":[],"build_version":"2020-12-22","purchased_purges":0,"victory":false,"max_hp_per_floor":[75,75,75,75,75,75,75,75],"relic_stats":{"counters":[5,21],"obtain_stats":[{"Burning Blood":0,"Red Skull":3},{"Burning Blood":0,"Red Skull":2},{"Burning Blood":0,"Red Skull":9}],"Burning Blood":24},"card_choices":[{"not_picked":["Rage","Wild Strike"],"picked":"Power Through","floor":1},{"not_picked":["Perfected Strike","Battle Trance"],"picked":"Heavy Blade","floor":2},{"not_picked":["Shrug It Off","Second Wind"],"picked":"Fire Breathing","floor":4},{"not_picked":["Clothesline","Sword Boomerang"],"picked":"Headbutt","floor":5}],"player_experience":1110964,"relics_obtained":[],"event_choices":[{"damage_healed":0,"gold_gain":0,"player_choice":"Success","damage_taken":5,"relics_obtained":["Red Skull"],"max_hp_gain":0,"max_hp_loss":0,"event_name":"Scrap Ooze","floor":3,"gold_loss":0}],"is_beta":false,"boss_relics":[],"items_purged_floors":[],"is_endless":false,"potions_floor_spawned":[2],"killed_by":"3 Sentries","ascension_level":20}}