{"host":"drrjwv4o5ms3zsrm","time":1609067265,"event":{"mods":["ATMod(°¢èªMod)","Act Like it!","Aspiration","BaseMod","CapriCore","Colored Powertips","Friendly Minions","Gensokyo","Jedi Mod","Lobotomy","LobotomyExtend","Minty Spire (QoL Compilation)","MostiFishMod","Replay The Spire","RumiaBox-Â¶Ã×æ«µÄÉñÃØºÐ×Ó","StSLib","TestMod","The Alterego","The Immortal","Waifu the Spire","[IsaacMod]ÒÔÈö¼âËþ","vexMod","¡¾ÒÅÎï¿¨ÅÆ¡¿REMEMod","²ÐÁôÖ®Îï","óô»ðÖ¸ÄÏ"],"gold_per_floor":[118,129,140,151,151,151,178,193,239,322,322,332,332,137,137,236,236,247,265,265,329,349,349,32,60,60,60,28,62,62,94,94,248,248,248,248],"floor_reached":35,"playtime":1661,"items_purged":[],"score":542,"play_id":"3bea8a1f-6667-48c0-bdda-65086ebb5a5e","local_time":"20201227190745","is_ascension_mode":true,"campfire_choices":[],"circlet_count":0,"master_deck":["SpecialBullet","SpecialBullet","SpecialBullet","SpecialBullet","SpecialBullet","SpecialBullet","SpecialBullet","SpecialBullet","ControlCode","InformationCode","SecurityCode","AT_FamilyPortrait+1","jedi:strikingstrike+1","ScreamingWedge","Wellcheers","Spore","SpiderBud","Soda","MHz","PunishingBird","Regret_ego","OSAHOGD","WelfareCode","DisciplinaryCode","ExtractionCode","CENSORED_ego+1","Rudolta","Regret_ego","UniverseFragment","Ecstasy","MeatLantern","Spore","GoldRush+1","Gensokyo:TarnishedGold","BlackSwan","TheSmile+1","Regret_ego+1","OldLady","GoldRush+1","Variant","GoldRush+1"],"relics":["CogitoBucket","testmod-TestBox","DaveBox","HushsDoor","AT_ATBox","REME_ComplimentaryCards","testmod-ChristmasGift","BrkXgEgg","MoneyPower","NeowsBlessing","SynthV:TestCard","Pear","Counterbalance","ResearcherNote","Blue Doll","jedi:crownofsimplicity","PlaceholderMod:FlatBlood","GodSword4","Darkstone Periapt","PillsDrop","SynthV:C4","Blood Vial","jedi:cryingmask","TimeKeys"],"acts_visited":["Gensokyo:Gensokyo","Gensokyo:Gensokyoer","Gensokyo:Gensokyoest"],"potions_floor_usage":[4,7,7,7,7,7,7,7,7,7,7,7,7,7,7,16,16,16,18,18,18,20,31],"damage_taken":[{"damage":0,"enemies":"Gensokyo:Gryphon","floor":1,"turns":1},{"damage":0,"enemies":"Gensokyo:3_Fairies","floor":2,"turns":1},{"damage":0,"enemies":"Gensokyo:Python","floor":3,"turns":1},{"damage":0,"enemies":"Gensokyo:LivingMonolith","floor":4,"turns":2},{"damage":23,"enemies":"Gensokyo:Cirno","floor":7,"turns":8},{"damage":21,"enemies":"Gensokyo:5_Fairies","floor":8,"turns":4},{"damage":0,"enemies":"Gensokyo:2_Rabbits","floor":12,"turns":1},{"damage":18,"enemies":"Gensokyo:Kokoro","floor":16,"turns":8},{"damage":1,"enemies":"Gensokyo:3_Dogs","floor":18,"turns":3},{"damage":0,"enemies":"Gensokyo:AngelMirror","floor":19,"turns":1},{"damage":0,"enemies":"Gensokyo:Monolith_and_Dog","floor":20,"turns":1},{"damage":1,"enemies":"Gensokyo:Chomper_and_Gloop","floor":22,"turns":3},{"damage":12,"enemies":"Gensokyo:Tenshi","floor":25,"turns":3},{"damage":2,"enemies":"Gensokyo:Koishi","floor":29,"turns":3},{"damage":2,"enemies":"Gensokyo:Reisen","floor":31,"turns":4},{"damage":1,"enemies":"Gensokyo:Eiki","floor":33,"turns":3},{"damage":28,"enemies":"Gensokyo:3_Boulders","floor":35,"turns":4}],"seed_played":"-6385745650822450157","potions_obtained":[{"floor":2,"key":"PowerPotion"},{"floor":10,"key":"testmod-EscapePotion"},{"floor":10,"key":"testmod-TestPotion"}],"is_trial":false,"path_per_floor":["M","M","M","M","?","R","E","M","T","?","R","M","R","COS","R","B",null,"M","M","M","?","M","R","$","E","T","R","COS","E","R","E","R","B",null,"M"],"character_chosen":"Angela","items_purchased":["GodSword4","Spore"],"campfire_rested":0,"item_purchase_floors":[24,24],"current_hp_per_floor":[70,70,70,70,65,65,84,83,83,61,61,75,75,75,75,83,92,96,100,100,85,104,104,104,104,104,104,104,108,108,112,112,116,116,91,91],"gold":248,"neow_bonus":"THREE_ENEMY_KILL","is_daily":false,"chose_seed":false,"campfire_upgraded":0,"win_rate":0.0,"timestamp":1609067265,"path_taken":["M","?","?","M","?","R","E","?","T","?","R","M","R","COS","R","BOSS","M","?","M","?","M","R","?","E","T","R","COS","E","R","E","R","BOSS","M"],"items_purchased_type":["Relic","Card"],"build_version":"2020-12-22","purchased_purges":0,"victory":false,"max_hp_per_floor":[70,70,70,70,80,80,84,88,88,88,88,92,92,92,92,92,92,96,100,100,100,104,104,104,104,104,104,104,108,108,112,112,116,116,116,116],"card_choices":[{"not_picked":["Tough"],"picked":"ScreamingWedge","floor":1},{"not_picked":["ShyLook","BeautyBeast"],"picked":"Wellcheers","floor":2},{"not_picked":["Tough","FrostShard","Twilight+1"],"picked":"Spore","floor":2},{"not_picked":["PunishingBird","FieryBird"],"picked":"SpiderBud","floor":3},{"not_picked":["Galaxy","FourthMatchFlame","RapturousDream","ScreamingWedge"],"picked":"SKIP","floor":3},{"not_picked":["CherryBlossom","Reverberation","Logging"],"picked":"Soda","floor":4},{"not_picked":["ShyLook","CrumblingArmor"],"picked":"MHz","floor":7},{"not_picked":["FrostShard","FourthMatchFlame","InTheNameOfLoveAndHate","WristCuter"],"picked":"SKIP","floor":7},{"not_picked":["OSAHOGD","WallGazer"],"picked":"PunishingBird","floor":8},{"not_picked":["WristCuter","CherryBlossom","MagicBullet","SwordSharpenedByTears"],"picked":"SKIP","floor":8},{"not_picked":["Hypocrisy","BloodyDesire","Wingbeat"],"picked":"Regret_ego","floor":10},{"not_picked":["OldLady","Mercenary"],"picked":"OSAHOGD","floor":12},{"not_picked":["Noise","Galaxy","RedEyes","Loneliness"],"picked":"SKIP","floor":12},{"not_picked":["SoundOfStar+1","Mimicry+1","ParadiseLost+1"],"picked":"CENSORED_ego+1","floor":16},{"not_picked":["BigBird","HeroicMonk"],"picked":"Rudolta","floor":18},{"not_picked":["Soda","Noise","SomewhereSpear"],"picked":"Regret_ego","floor":18},{"not_picked":["NakedNest","Woodsman"],"picked":"UniverseFragment","floor":19},{"not_picked":["Regret_ego","Diffraction+1","WristCuter","Gaze+1"],"picked":"SKIP","floor":19},{"not_picked":["Tough","RedEyes+1","Noise+1"],"picked":"Ecstasy","floor":22},{"not_picked":["Scorched","CrumblingArmor"],"picked":"MeatLantern","floor":22},{"not_picked":["CUTE","Tough","Diffraction","Lantern"],"picked":"SKIP","floor":22},{"not_picked":["Reverberation","FourthMatchFlame+1","Tough","TodaysExpression"],"picked":"GoldRush+1","floor":25},{"not_picked":["Woodsman","ShyLook"],"picked":"BlackSwan","floor":29},{"not_picked":["TodaysExpression","Loneliness","Heaven+1","BearPaw"],"picked":"TheSmile+1","floor":29},{"not_picked":["RapturousDream+1","Tough+1","Penitence+1","CUTE+1"],"picked":"Regret_ego+1","floor":31},{"not_picked":["LaLuna","Laetitia","FieryBird"],"picked":"Singing Bowl","floor":31},{"not_picked":["Laetitia","BigBird"],"picked":"OldLady","floor":31},{"not_picked":["Logging+1","SomewhereSpear+1","Tough+1","Soda+1"],"picked":"GoldRush+1","floor":31},{"not_picked":["Bloodbath","BigBird"],"picked":"Variant","floor":33},{"not_picked":["Mimicry+1","Adoration+1","CENSORED_ego+1","ParadiseLost+1"],"picked":"GoldRush+1","floor":33}],"player_experience":209986,"relics_obtained":[{"floor":1,"key":"SynthV:TestCard"},{"floor":7,"key":"Counterbalance"},{"floor":9,"key":"Blue Doll"},{"floor":10,"key":"jedi:crownofsimplicity"},{"floor":25,"key":"Darkstone Periapt"},{"floor":26,"key":"PillsDrop"},{"floor":29,"key":"SynthV:C4"},{"floor":31,"key":"jedi:cryingmask"}],"event_choices":[],"is_beta":false,"boss_relics":[{"not_picked":["Transparent","Replay:Drink Me","testmod-Fanaticism"]},{"not_picked":["SynthV:MejaisSoulstealer","testmod-EnergyCheck"],"picked":"TimeKeys"},{"not_picked":[]}],"items_purged_floors":[],"is_endless":false,"potions_floor_spawned":[2,12,16,18],"killed_by":"Gensokyo:3_Boulders","ascension_level":3}}