{"host":"qj91dvco5uhu9oti","time":1609090067,"event":{"mods":["BaseMod","Colored Map","Keyboard Shortcuts","Minty Spire (QoL Compilation)","Permanent Neow","Relic Stats","StSLib","SuperFastMode","everything is the same but u backflip on backflip"],"gold_per_floor":[14,33,33,33,33,33,59,59,59,70,95,95,115,135,135,237,237,248,24,38,38,38,38,57,82,107,121,136,55,55,55,55,153,153,173,173,27,40,40,40,71,71,119,119,166,195,213,213,213,213],"floor_reached":51,"playtime":1338,"items_purged":["Defend_P"],"score":1183,"play_id":"e6927097-0207-4e84-a05b-f2d73e666433","local_time":"20201228022747","is_ascension_mode":true,"campfire_choices":[{"data":"Eruption","floor":6.0,"key":"SMITH"},{"data":"WheelKick","floor":8.0,"key":"SMITH"},{"data":"EmptyFist","floor":12.0,"key":"SMITH"},{"data":"ForeignInfluence","floor":15.0,"key":"SMITH"},{"data":"Vault","floor":23.0,"key":"SMITH"},{"data":"MentalFortress","floor":30.0,"key":"SMITH"},{"data":"TalkToTheHand","floor":32.0,"key":"SMITH"},{"data":"Tantrum","floor":40.0,"key":"SMITH"},{"data":"Adaptation","floor":42.0,"key":"SMITH"},{"data":"Scrawl","floor":44.0,"key":"SMITH"},{"floor":49.0,"key":"REST"}],"circlet_count":0,"master_deck":["AscendersBane","Strike_P","Defend_P","Eruption+1","Vigilance","EmptyFist+1","InnerPeace","WheelKick+1","FearNoEvil","DeceiveReality","ForeignInfluence+1","Vault+1","Meditate","Tantrum+1","MentalFortress+1","ClearTheMind","DeusExMachina","Protect","SashWhip","TalkToTheHand+1","Scrawl+1","Study","Adaptation+1","CarveReality+1","Madness","Madness","TalkToTheHand","CrushJoints+1"],"relics":["PureWater","MealTicket","Gambling Chip","White Beast Statue","Empty Cage","OrangePellets","Mercury Hourglass","Vajra","Sozu","StrikeDummy","Smiling Mask","Peace Pipe","Meat on the Bone"],"acts_visited":["Exordium","TheCity","TheBeyond"],"potions_floor_usage":[50],"damage_taken":[{"damage":9.0,"enemies":"2 Louse","floor":1.0,"turns":3.0},{"damage":3.0,"enemies":"Jaw Worm","floor":2.0,"turns":4.0},{"damage":20.0,"enemies":"Lagavulin","floor":7.0,"turns":8.0},{"damage":0.0,"enemies":"Small Slimes","floor":10.0,"turns":1.0},{"damage":8.0,"enemies":"Gremlin Nob","floor":11.0,"turns":3.0},{"damage":4.0,"enemies":"Exordium Thugs","floor":13.0,"turns":3.0},{"damage":0.0,"enemies":"Large Slime","floor":14.0,"turns":2.0},{"damage":0.0,"enemies":"Slime Boss","floor":16.0,"turns":4.0},{"damage":8.0,"enemies":"Chosen","floor":18.0,"turns":2.0},{"damage":0.0,"enemies":"3 Byrds","floor":20.0,"turns":4.0},{"damage":2.0,"enemies":"Centurion and Healer","floor":24.0,"turns":6.0},{"damage":10.0,"enemies":"Book of Stabbing","floor":25.0,"turns":4.0},{"damage":24.0,"enemies":"Snake Plant","floor":27.0,"turns":2.0},{"damage":0.0,"enemies":"Shelled Parasite and Fungi","floor":28.0,"turns":2.0},{"damage":55.0,"enemies":"Collector","floor":33.0,"turns":14.0},{"damage":0.0,"enemies":"Orb Walker","floor":35.0,"turns":3.0},{"damage":0.0,"enemies":"3 Darklings","floor":38.0,"turns":3.0},{"damage":4.0,"enemies":"Nemesis","floor":41.0,"turns":4.0},{"damage":28.0,"enemies":"2 Orb Walkers","floor":45.0,"turns":3.0},{"damage":2.0,"enemies":"Giant Head","floor":46.0,"turns":5.0},{"damage":6.0,"enemies":"Spire Growth","floor":47.0,"turns":4.0},{"damage":34,"enemies":"Awakened One","floor":50,"turns":10}],"seed_played":"-6800269868091628227","potions_obtained":[{"floor":5.0,"key":"StancePotion"},{"floor":5.0,"key":"SneckoOil"},{"floor":5.0,"key":"Swift Potion"},{"floor":7.0,"key":"StancePotion"},{"floor":13.0,"key":"Strength Potion"},{"floor":27.0,"key":"Block Potion"},{"floor":33.0,"key":"SneckoOil"}],"is_trial":false,"path_per_floor":["M","M","?","?","?","R","E","R","T","M","E","R","M","M","R","B",null,"M","$","M","?","?","R","M","E","T","M","M","$","R","?","R","B",null,"M","?","$","M","?","R","E","R","T","R","?","E","M","?","R","B",null],"character_chosen":"WATCHER","items_purchased":["Tantrum","OrangePellets","TalkToTheHand","Adaptation"],"campfire_rested":1,"item_purchase_floors":[19,19,29,37],"current_hp_per_floor":[70,67,67,67,67,67,47,47,47,47,39,39,35,35,35,35,73,65,80,80,80,80,80,78,68,68,44,44,59,59,59,59,4,66,66,66,81,81,70,70,66,66,66,66,38,36,42,42,67,45],"gold":213,"neow_bonus":"TWENTY_PERCENT_HP_BONUS","is_daily":false,"chose_seed":false,"campfire_upgraded":10,"win_rate":0.0,"timestamp":1609090067,"path_taken":["M","M","?","?","?","R","E","R","T","M","E","R","M","M","R","BOSS","M","$","M","?","?","R","M","E","T","M","M","$","R","?","R","BOSS","M","?","$","M","?","R","E","R","T","R","?","E","M","?","R","BOSS"],"items_purchased_type":["Card","Relic","Card","Card"],"build_version":"2020-12-22","purchased_purges":1,"victory":true,"max_hp_per_floor":[86,86,86,86,86,86,86,86,86,86,86,86,86,86,86,86,86,86,86,86,86,86,86,86,86,86,86,86,86,86,86,86,86,86,86,86,86,86,86,86,86,86,86,86,86,86,86,86,86,86],"relic_stats":{"Sozu":6,"Peace Pipe":0,"OrangePellets":[0],"counters":[22,93],"Gambling Chip":[54],"MealTicket":45,"Smiling Mask":0,"obtain_stats":[{"Vajra":26,"Empty Cage":17,"Smiling Mask":43,"White Beast Statue":11,"Mercury Hourglass":25,"Sozu":34,"Peace Pipe":45,"OrangePellets":19,"Gambling Chip":9,"MealTicket":7,"PureWater":0,"StrikeDummy":41,"Meat on the Bone":46},{"Vajra":12,"Empty Cage":8,"Smiling Mask":18,"White Beast Statue":5,"Mercury Hourglass":12,"Sozu":15,"Peace Pipe":19,"OrangePellets":9,"Gambling Chip":3,"MealTicket":3,"PureWater":0,"StrikeDummy":18,"Meat on the Bone":20},{"Vajra":44,"Empty Cage":28,"Smiling Mask":72,"White Beast Statue":19,"Mercury Hourglass":44,"Sozu":62,"Peace Pipe":75,"OrangePellets":30,"Gambling Chip":15,"MealTicket":15,"PureWater":0,"StrikeDummy":72,"Meat on the Bone":80}],"Mercury Hourglass":[216],"Meat on the Bone":24},"card_choices":[{"not_picked":["CutThroughFate","ThirdEye","Prostrate"],"picked":"SKIP","floor":1.0},{"not_picked":["ClearTheMind","Sanctity"],"picked":"EmptyFist","floor":2.0},{"not_picked":["FlyingSleeves","Halt"],"picked":"WheelKick","floor":7.0},{"not_picked":["LikeWater","CutThroughFate"],"picked":"FearNoEvil","floor":10.0},{"not_picked":["EmptyFist","Crescendo","CutThroughFate"],"picked":"SKIP","floor":11.0},{"not_picked":["WindmillStrike","Wallop"],"picked":"DeceiveReality","floor":13.0},{"not_picked":["DeceiveReality","FlurryOfBlows"],"picked":"ForeignInfluence","floor":14.0},{"not_picked":["Alpha","DevaForm"],"picked":"Vault","floor":16.0},{"not_picked":["EmptyFist","ClearTheMind"],"picked":"Meditate","floor":18.0},{"not_picked":["FlyingSleeves","ForeignInfluence"],"picked":"MentalFortress","floor":20.0},{"not_picked":["CutThroughFate","SandsOfTime"],"picked":"ClearTheMind","floor":24.0},{"not_picked":["DeceiveReality+1","EmptyMind+1"],"picked":"DeusExMachina","floor":25.0},{"not_picked":["WaveOfTheHand","PathToVictory"],"picked":"Protect","floor":27.0},{"not_picked":["Worship+1","ClearTheMind"],"picked":"SashWhip","floor":28.0},{"not_picked":["Establishment","Devotion"],"picked":"Scrawl","floor":33.0},{"not_picked":["BowlingBash","ThirdEye"],"picked":"Study","floor":35.0},{"not_picked":["Consecrate+1","Nirvana"],"picked":"CarveReality+1","floor":38.0},{"not_picked":["Evaluate+1","ThirdEye"],"picked":"TalkToTheHand","floor":41.0},{"not_picked":["Omniscience","ClearTheMind"],"picked":"CrushJoints+1","floor":46.0},{"not_picked":["PathToVictory","Prostrate","Consecrate"],"picked":"SKIP","floor":47.0}],"player_experience":302466,"relics_obtained":[{"floor":7.0,"key":"MealTicket"},{"floor":9.0,"key":"Gambling Chip"},{"floor":11.0,"key":"White Beast Statue"},{"floor":25.0,"key":"Mercury Hourglass"},{"floor":26.0,"key":"Vajra"},{"floor":41.0,"key":"StrikeDummy"},{"floor":43.0,"key":"Smiling Mask"},{"floor":45.0,"key":"Peace Pipe"},{"floor":46.0,"key":"Meat on the Bone"}],"event_choices":[{"damage_healed":0.0,"max_hp_gain":0.0,"max_hp_loss":0.0,"gold_gain":0.0,"cards_transformed":["Strike_P"],"event_name":"Living Wall","player_choice":"Change","floor":3.0,"gold_loss":0.0,"damage_taken":0.0,"cards_obtained":["InnerPeace"]},{"damage_healed":0.0,"max_hp_gain":0.0,"max_hp_loss":0.0,"gold_gain":0.0,"event_name":"Liars Game","player_choice":"Ignored","floor":4.0,"gold_loss":0.0,"damage_taken":0.0},{"damage_healed":0.0,"max_hp_gain":0.0,"max_hp_loss":0.0,"gold_gain":0.0,"event_name":"Lab","player_choice":"Got Potions","floor":5.0,"gold_loss":0.0,"damage_taken":0.0},{"cards_removed":["Defend_P"],"damage_healed":0.0,"max_hp_gain":0.0,"max_hp_loss":0.0,"gold_gain":0.0,"event_name":"Back to Basics","player_choice":"Elegance","floor":21.0,"gold_loss":0.0,"damage_taken":0.0},{"damage_healed":0.0,"max_hp_gain":0.0,"max_hp_loss":0.0,"gold_gain":0.0,"event_name":"Ghosts","player_choice":"Ignored","floor":22.0,"gold_loss":0.0,"damage_taken":0.0},{"damage_healed":0.0,"max_hp_gain":0.0,"max_hp_loss":0.0,"gold_gain":0.0,"event_name":"The Mausoleum","player_choice":"Ignored","floor":31.0,"gold_loss":0.0,"damage_taken":0.0},{"damage_healed":0.0,"max_hp_gain":0.0,"max_hp_loss":0.0,"gold_gain":0.0,"event_name":"Tomb of Lord Red Mask","player_choice":"Ignored","floor":36.0,"gold_loss":0.0,"damage_taken":0.0},{"damage_healed":0.0,"max_hp_gain":0.0,"max_hp_loss":0.0,"gold_gain":0.0,"event_name":"Winding Halls","player_choice":"Embrace Madness","floor":39.0,"gold_loss":0.0,"damage_taken":11.0,"cards_obtained":["Madness","Madness"]},{"damage_healed":0.0,"max_hp_gain":0.0,"max_hp_loss":0.0,"gold_gain":0.0,"event_name":"Mysterious Sphere","player_choice":"Fight","floor":45.0,"gold_loss":0.0,"damage_taken":0.0},{"cards_removed":["Strike_P"],"damage_healed":0.0,"max_hp_gain":0.0,"max_hp_loss":0.0,"gold_gain":0.0,"event_name":"Wheel of Change","player_choice":"Card Removal","floor":48.0,"gold_loss":0.0,"damage_taken":0.0}],"is_beta":false,"boss_relics":[{"not_picked":["SacredBark","Pandora\u0027s Box"],"picked":"Empty Cage"},{"not_picked":["Philosopher\u0027s Stone","Astrolabe"],"picked":"Sozu"}],"items_purged_floors":[37],"is_endless":false,"potions_floor_spawned":[7,13,14,16,18,20,24,25,27,28,33,35,38,41,45,46,47],"ascension_level":11}}