{"host":"1ltt377nc7aury4n","time":1609038912,"event":{"mods":["AchievementEnabler","BaseMod","Best Route Mod","Colored Powertips","Minty Spire (QoL Compilation)","StSLib"],"gold_per_floor":[110,128,53,53,53,53,80,94,143,143,143,318,339,239,239,358,358,373,298,111,132,147,180,180,198,222,246,246,246],"floor_reached":28,"playtime":1539,"items_purged":["Strike_B","Doubt"],"score":372,"play_id":"fd2def89-3c14-49df-8a18-4b852a930017","local_time":"20201226221512","is_ascension_mode":true,"campfire_choices":[{"floor":6,"key":"REST"},{"data":"Barrage","floor":10,"key":"SMITH"},{"floor":15,"key":"REST"},{"floor":24,"key":"REST"}],"circlet_count":0,"master_deck":["Strike_B","Strike_B","Strike_B","Defend_B","Defend_B","Defend_B","Zap+1","Dualcast+1","Doom and Gloom","Cold Snap","Steam","Barrage+1","Machine Learning","Hologram+1","Loop","Streamline"],"relics":["Cracked Core","Juzu Bracelet","Pen Nib","Vajra","Golden Idol","Philosopher\u0027s Stone","Bronze Scales","Shuriken","Smiling Mask"],"acts_visited":["TheCity"],"potions_floor_usage":[7,18,21,25,27],"damage_taken":[{"damage":0,"enemies":"Small Slimes","floor":1,"turns":3},{"damage":12,"enemies":"Jaw Worm","floor":2,"turns":2},{"damage":12,"enemies":"Lagavulin","floor":7,"turns":5},{"damage":3,"enemies":"2 Louse","floor":8,"turns":2},{"damage":3,"enemies":"Blue Slaver","floor":13,"turns":4},{"damage":40,"enemies":"The Guardian","floor":16,"turns":10},{"damage":5,"enemies":"2 Thieves","floor":18,"turns":3},{"damage":15,"enemies":"3 Byrds","floor":21,"turns":2},{"damage":10,"enemies":"Sentry and Sphere","floor":22,"turns":3},{"damage":36,"enemies":"Gremlin Leader","floor":23,"turns":7},{"damage":9,"enemies":"Centurion and Healer","floor":25,"turns":4},{"damage":16,"enemies":"Snake Plant","floor":27,"turns":3},{"damage":15,"enemies":"3 Cultists","floor":28,"turns":3}],"seed_played":"-2070541325125018559","potions_obtained":[{"floor":1,"key":"Fire Potion"},{"floor":16,"key":"LiquidMemories"},{"floor":18,"key":"PowerPotion"},{"floor":23,"key":"AttackPotion"},{"floor":25,"key":"Weak Potion"}],"is_trial":false,"path_per_floor":["M","M","$","?","?","R","E","M","T","R","?","?","M","$","R","B",null,"M","?","$","M","M","E","R","M","T","M","M"],"character_chosen":"DEFECT","items_purchased":["Bronze Scales","Loop"],"campfire_rested":3,"item_purchase_floors":[20,20],"current_hp_per_floor":[82,70,70,54,42,66,54,51,51,51,51,51,48,48,70,30,76,71,71,71,56,46,10,32,23,23,7,0,0],"gold":246,"neow_bonus":"TEN_PERCENT_HP_BONUS","is_daily":false,"chose_seed":false,"campfire_upgraded":1,"win_rate":0.0,"timestamp":1609038912,"path_taken":["M","M","$","?","?","R","E","M","T","R","?","?","M","$","R","BOSS","M","?","$","M","M","E","R","M","T","M","M"],"items_purchased_type":["Relic","Card"],"build_version":"2020-12-22","purchased_purges":2,"victory":false,"max_hp_per_floor":[82,82,82,82,82,82,82,82,82,82,76,76,76,76,76,76,76,76,76,76,76,76,76,76,76,76,76,76,76],"card_choices":[{"not_picked":["Force Field","Barrage"],"picked":"Doom and Gloom","floor":1},{"not_picked":["Static Discharge","Beam Cell"],"picked":"Cold Snap","floor":2},{"not_picked":["Reinforced Body","Rebound"],"picked":"Steam","floor":7},{"not_picked":["Turbo","Steam"],"picked":"Barrage","floor":8},{"not_picked":["Stack","Beam Cell","Reboot"],"picked":"SKIP","floor":13},{"not_picked":["Core Surge","Electrodynamics"],"picked":"Machine Learning","floor":16},{"not_picked":["Streamline","Cold Snap"],"picked":"Hologram+1","floor":18},{"not_picked":["Genetic Algorithm","Rip and Tear"],"picked":"Streamline","floor":21},{"not_picked":["Cold Snap","Sweeping Beam","Barrage"],"picked":"SKIP","floor":22},{"not_picked":["Aggregate","Storm+1","Redo"],"picked":"SKIP","floor":23},{"not_picked":["Ball Lightning","Compile Driver","Hologram"],"picked":"SKIP","floor":25},{"not_picked":["Stack","Reboot","Cold Snap"],"picked":"SKIP","floor":27}],"player_experience":233501,"relics_obtained":[{"floor":7,"key":"Pen Nib"},{"floor":9,"key":"Vajra"},{"floor":23,"key":"Shuriken"},{"floor":26,"key":"Smiling Mask"}],"event_choices":[{"damage_healed":0,"gold_gain":0,"player_choice":"Entered Light","damage_taken":16,"max_hp_gain":0,"max_hp_loss":0,"event_name":"Shining Light","floor":4,"gold_loss":0,"cards_upgraded":["Zap","Dualcast"]},{"damage_healed":0,"gold_gain":0,"player_choice":"Success","damage_taken":12,"relics_obtained":["Juzu Bracelet"],"max_hp_gain":0,"max_hp_loss":0,"event_name":"Scrap Ooze","floor":5,"gold_loss":0},{"damage_healed":0,"gold_gain":0,"player_choice":"Lose Max HP","damage_taken":0,"relics_obtained":["Golden Idol"],"max_hp_gain":0,"max_hp_loss":6,"event_name":"Golden Idol","floor":11,"gold_loss":0},{"damage_healed":0,"gold_gain":175,"player_choice":"AGREE","damage_taken":0,"max_hp_gain":0,"max_hp_loss":0,"event_name":"Liars Game","floor":12,"gold_loss":0,"cards_obtained":["Doubt"]},{"cards_removed":["Defend_B"],"damage_healed":0,"gold_gain":0,"player_choice":"Gave Gold","damage_taken":0,"max_hp_gain":0,"max_hp_loss":0,"event_name":"Beggar","floor":19,"gold_loss":75}],"is_beta":false,"boss_relics":[{"not_picked":["Calling Bell","Runic Pyramid"],"picked":"Philosopher\u0027s Stone"}],"items_purged_floors":[3,14],"is_endless":false,"potions_floor_spawned":[1,16,18,23,25],"killed_by":"3 Cultists","ascension_level":2}}