{"host":"tw8gm4p1o2j6gfl4","time":1609104855,"event":{"mods":["AchievementEnabler","Ascension Reborn","Aspiration","BaseMod","BetterRewards","Colored Map","Colored Powertips","Downfall","Hermit","Hubris","Infinite Spire","Lobotomy","Minty Spire (QoL Compilation)","Quick Restart","Replay The Spire","StSLib","SuperFastMode","The Cursed","The Jungle","The Marked","Trackpad","[IsaacMod]????"],"gold_per_floor":[99,99,99,99,117,117,186,26,60,74,74,74,74,74],"floor_reached":12,"playtime":670,"items_purged":[],"score":74,"play_id":"c4571ea6-dc8e-492d-ac19-eb8b4405c40d","local_time":"20201227133415","is_ascension_mode":false,"campfire_choices":[{"floor":1,"key":"RECALL"},{"floor":11,"key":"REST"}],"circlet_count":0,"master_deck":["Slimebound:Strike_Slimebound","Slimebound:Strike_Slimebound","Slimebound:Strike_Slimebound","Slimebound:Tackle","Slimebound:Defend_Slimebound","Slimebound:Defend_Slimebound","Slimebound:Defend_Slimebound","Slimebound:Defend_Slimebound","Slimebound:Split","Slimebound:Dissolve","Slimebound:FirmFortitude","Slimebound:SamplingLick","Slimebound:LeechEnergy","Deadly Poison","Slimebound:HungryTackle","Slimebound:AcidTongue","Slimebound:ComboTackle","Bane","Slimebound:LeechingTouch","Slimebound:SamplingLick"],"relics":["HushsDoor","GuppysTail","downfall:HeartsMalice","m_SlimeRing","Potion Belt"],"acts_visited":["Exordium"],"potions_floor_usage":[10],"damage_taken":[{"damage":0,"enemies":"Jaw Worm","floor":2,"turns":1},{"damage":0,"enemies":"Small Slimes","floor":3,"turns":1},{"damage":0,"enemies":"Cultist","floor":4,"turns":1},{"damage":12,"enemies":"Exordium Thugs","floor":5,"turns":5},{"damage":7,"enemies":"downfall:FleeingMerchant","floor":8,"turns":4},{"damage":38,"enemies":"Lagavulin","floor":9,"turns":4},{"damage":6,"enemies":"Lots of Slimes","floor":10,"turns":4},{"damage":42,"enemies":"Gremlin Nob","floor":12,"turns":3}],"seed_played":"9102112795773473610","potions_obtained":[{"floor":5,"key":"Fire Potion"},{"floor":9,"key":"Elixir"}],"is_trial":false,"path_per_floor":["R","M","M","M","M","?","T","$","E","M","R","E"],"character_chosen":"SLIMEBOUND","items_purchased":["Slimebound:AcidTongue","Slimebound:ComboTackle","Bane"],"campfire_rested":1,"item_purchase_floors":[8,8,8],"current_hp_per_floor":[60,60,60,60,60,60,60,57,23,21,39,0,0,0],"gold":74,"neow_bonus":"THREE_ENEMY_KILL","is_daily":false,"chose_seed":false,"campfire_upgraded":0,"win_rate":0.0,"timestamp":1609104855,"path_taken":["R","M","M","M","M","?","T","?","E","?","R","E"],"items_purchased_type":["Card","Card","Card"],"build_version":"2020-12-22","purchased_purges":0,"victory":false,"max_hp_per_floor":[60,60,60,60,60,60,60,60,60,60,60,60,60,60],"card_choices":[{"not_picked":["Slimebound:SplitLeeching","Slimebound:SplitMire"],"picked":"Slimebound:Dissolve","floor":2},{"not_picked":["Slimebound:HungryTackle","Slimebound:ComboTackle"],"picked":"Slimebound:FirmFortitude","floor":3},{"not_picked":["Slimebound:DisruptingSlam","Slimebound:SplitBruiser"],"picked":"Slimebound:SamplingLick","floor":4},{"not_picked":["Slimebound:RollThrough","Slimebound:SamplingLick"],"picked":"Slimebound:LeechEnergy","floor":5},{"not_picked":["Slimebound:LevelUp","Slimebound:DisruptingSlam"],"picked":"Slimebound:HungryTackle","floor":8},{"not_picked":["Slimebound:SlimeSpikes","Slimebound:GrowthPunch"],"picked":"Slimebound:LeechingTouch","floor":9},{"not_picked":["Bane","Slimebound:SplitMire"],"picked":"Slimebound:SamplingLick","floor":10}],"player_experience":144772,"relics_obtained":[{"floor":9,"key":"Potion Belt"}],"event_choices":[],"is_beta":false,"boss_relics":[],"items_purged_floors":[],"is_endless":false,"potions_floor_spawned":[5,9],"killed_by":"Gremlin Nob","ascension_level":0}}