{"host":"yvb207ks1sg3cxef","time":1609068091,"event":{"mods":["2.2 Compatiblity","BaseMod","Bestiary","Colored Powertips","Minty Spire (QoL Compilation)","Permanent Neow","Quick Restart","Relic Stats","StSLib"],"gold_per_floor":[115,184,184,259,224,252,252,252,252],"floor_reached":8,"playtime":517,"items_purged":[],"score":99,"play_id":"ac901aee-eb30-42c9-816b-ac2aa0ec9290","local_time":"20201227165131","is_ascension_mode":true,"campfire_choices":[{"data":"Bouncing Flask","floor":7,"key":"SMITH"}],"circlet_count":0,"master_deck":["AscendersBane","Strike_G","Strike_G","Strike_G","Strike_G","Strike_G","Defend_G","Defend_G","Defend_G","Defend_G","Defend_G","Survivor","Neutralize+1","Backstab","Bouncing Flask+1"],"relics":["Runic Dome","Anchor"],"acts_visited":["Exordium"],"potions_floor_usage":[6],"damage_taken":[{"damage":2,"enemies":"2 Louse","floor":1,"turns":3},{"damage":36,"enemies":"Gremlin Nob","floor":6,"turns":6},{"damage":32,"enemies":"3 Sentries","floor":8,"turns":8}],"seed_played":"1870257463307651615","potions_obtained":[{"floor":1,"key":"Block Potion"}],"is_trial":false,"path_per_floor":["M","?","?","?","?","E","R","E"],"character_chosen":"THE_SILENT","items_purchased":[],"campfire_rested":0,"item_purchase_floors":[],"current_hp_per_floor":[57,57,57,46,62,26,26,0,0],"gold":252,"neow_bonus":"BOSS_RELIC","is_daily":false,"chose_seed":false,"campfire_upgraded":1,"win_rate":0.0,"timestamp":1609068091,"path_taken":["M","?","?","?","?","E","R","E"],"items_purchased_type":[],"build_version":"2020-12-22","purchased_purges":0,"victory":false,"max_hp_per_floor":[66,66,66,66,66,66,66,66,66],"relic_stats":{"counters":[3,17],"obtain_stats":[{"Runic Dome":0,"Anchor":6,"Ring of the Snake":0},{"Runic Dome":0,"Anchor":2,"Ring of the Snake":0},{"Runic Dome":0,"Anchor":9,"Ring of the Snake":0}]},"card_choices":[{"not_picked":["Concentrate","Backflip"],"picked":"Backstab","floor":1},{"not_picked":["Deflect","Distraction"],"picked":"Bouncing Flask","floor":6}],"player_experience":234019,"relics_obtained":[{"floor":6,"key":"Anchor"}],"event_choices":[{"damage_healed":0,"gold_gain":69,"player_choice":"Gained Gold","damage_taken":0,"max_hp_gain":0,"max_hp_loss":0,"event_name":"Golden Wing","floor":2,"gold_loss":0},{"damage_healed":0,"gold_gain":0,"player_choice":"Grow","damage_taken":0,"max_hp_gain":0,"max_hp_loss":0,"event_name":"Living Wall","floor":3,"gold_loss":0,"cards_upgraded":["Neutralize"]},{"damage_healed":0,"gold_gain":75,"player_choice":"Gather Gold","damage_taken":11,"max_hp_gain":0,"max_hp_loss":0,"event_name":"World of Goop","floor":4,"gold_loss":0},{"damage_healed":16,"gold_gain":0,"player_choice":"Healed","damage_taken":0,"max_hp_gain":0,"max_hp_loss":0,"event_name":"The Cleric","floor":5,"gold_loss":35}],"is_beta":false,"boss_relics":[],"items_purged_floors":[],"is_endless":false,"potions_floor_spawned":[1],"killed_by":"3 Sentries","ascension_level":18}}