{"host":"yvb207ks1sg3cxef","time":1609054208,"event":{"mods":["2.2 Compatiblity","BaseMod","Bestiary","Colored Powertips","Minty Spire (QoL Compilation)","Permanent Neow","Quick Restart","Relic Stats","StSLib"],"gold_per_floor":[17,17,31,31,31,31,61,61,61,88,106,135,199,23,23,97,97,117,135,135,151,165,191,191,217,217,252,252,264,277,309,309,383,383,398,417,465,64,74,108,108,134,185,185,210,210,222,222,222,222,222,222,11,37,37,37],"floor_reached":55,"playtime":2229,"items_purged":["Strike_G","Strike_G"],"score":1599,"play_id":"369652b7-0282-44ea-a76a-b6d09db8a7a2","local_time":"20201227130008","is_ascension_mode":true,"campfire_choices":[{"data":"1","floor":6.0,"key":"LIFT"},{"data":"2","floor":8.0,"key":"LIFT"},{"data":"3","floor":15.0,"key":"LIFT"},{"data":"Cloak And Dagger","floor":24,"key":"SMITH"},{"data":"Blade Dance","floor":32,"key":"SMITH"},{"floor":41,"key":"RECALL"},{"floor":44,"key":"REST"},{"floor":49,"key":"REST"},{"floor":52,"key":"REST"}],"circlet_count":0,"master_deck":["AscendersBane","Strike_G","Defend_G","Defend_G","Defend_G","Defend_G","Defend_G","Survivor+1","Neutralize","Quick Slash+1","Backstab","Dagger Throw","Quick Slash+1","Backstab+1","Adrenaline","Blade Dance+1","After Image","Dagger Spray+1","After Image","Accuracy+1","Backflip","Cloak And Dagger+1","PiercingWail","Terror+1","PiercingWail","Masterful Stab+1","Cloak And Dagger","Blade Dance+1","Crippling Poison+1","Predator+1","Night Terror","Deadly Poison+1","Dodge and Roll+1","Backstab+1","Master of Strategy","Backflip+1","Accuracy+1","After Image","Infinite Blades","Tactician","Blur+1"],"relics":["Ring of the Snake","Girya","White Beast Statue","The Courier","Molten Egg 2","Ancient Tea Set","Lantern","Toy Ornithopter","SacredBark","StoneCalendar","Art of War","TungstenRod","Darkstone Periapt","Paper Crane","Fusion Hammer","Thread and Needle","MealTicket","War Paint","Bottled Flame","Eternal Feather","HornCleat"],"acts_visited":["Exordium","TheCity","TheBeyond","TheEnding"],"potions_floor_usage":[19,21,21,21,22,23,25,27,30,31,33,37,39,45,45,47,54,55],"damage_taken":[{"damage":0.0,"enemies":"2 Louse","floor":1.0,"turns":6.0},{"damage":7.0,"enemies":"Jaw Worm","floor":3.0,"turns":6.0},{"damage":12.0,"enemies":"3 Sentries","floor":7.0,"turns":11.0},{"damage":12.0,"enemies":"Lagavulin","floor":10.0,"turns":5.0},{"damage":0.0,"enemies":"Small Slimes","floor":11.0,"turns":1.0},{"damage":5.0,"enemies":"3 Sentries","floor":12.0,"turns":6.0},{"damage":6.0,"enemies":"Gremlin Nob","floor":13.0,"turns":3.0},{"damage":11.0,"enemies":"Hexaghost","floor":16.0,"turns":7.0},{"damage":0.0,"enemies":"Spheric Guardian","floor":18.0,"turns":3.0},{"damage":0,"enemies":"Chosen","floor":19,"turns":3},{"damage":11,"enemies":"Sentry and Sphere","floor":21,"turns":5},{"damage":0,"enemies":"Centurion and Healer","floor":22,"turns":3},{"damage":33,"enemies":"Book of Stabbing","floor":23,"turns":5},{"damage":9,"enemies":"Gremlin Leader","floor":25,"turns":4},{"damage":16,"enemies":"Book of Stabbing","floor":27,"turns":4},{"damage":22,"enemies":"Shelled Parasite and Fungi","floor":29,"turns":3},{"damage":12,"enemies":"Snecko","floor":30,"turns":4},{"damage":12,"enemies":"Gremlin Leader","floor":31,"turns":3},{"damage":42,"enemies":"Champ","floor":33,"turns":7},{"damage":0,"enemies":"Orb Walker","floor":35,"turns":2},{"damage":0,"enemies":"3 Shapes","floor":36,"turns":4},{"damage":0,"enemies":"2 Orb Walkers","floor":37,"turns":2},{"damage":10,"enemies":"Sphere and 2 Shapes","floor":39,"turns":5},{"damage":0,"enemies":"Nemesis","floor":40,"turns":5},{"damage":0,"enemies":"Giant Head","floor":42,"turns":3},{"damage":14,"enemies":"Nemesis","floor":45,"turns":6},{"damage":0,"enemies":"Spire Growth","floor":47,"turns":2},{"damage":28,"enemies":"Awakened One","floor":50,"turns":12},{"damage":55,"enemies":"Shield and Spear","floor":54,"turns":7},{"damage":38,"enemies":"The Heart","floor":55,"turns":2}],"seed_played":"-4555318079581983487","potions_obtained":[{"floor":7.0,"key":"SteroidPotion"},{"floor":10.0,"key":"Weak Potion"},{"floor":11.0,"key":"EssenceOfSteel"},{"floor":12.0,"key":"LiquidBronze"},{"floor":13.0,"key":"Ancient Potion"},{"floor":16.0,"key":"EssenceOfSteel"},{"floor":19,"key":"EntropicBrew"},{"floor":21,"key":"Strength Potion"},{"floor":22,"key":"Poison Potion"},{"floor":23,"key":"SteroidPotion"},{"floor":25,"key":"GamblersBrew"},{"floor":27,"key":"FairyPotion"},{"floor":29,"key":"SkillPotion"},{"floor":30,"key":"SkillPotion"},{"floor":31,"key":"CunningPotion"},{"floor":33,"key":"SkillPotion"},{"floor":35,"key":"Weak Potion"},{"floor":36,"key":"CunningPotion"},{"floor":37,"key":"EssenceOfSteel"},{"floor":39,"key":"LiquidBronze"},{"floor":40,"key":"EssenceOfSteel"},{"floor":45,"key":"DistilledChaos"},{"floor":47,"key":"SpeedPotion"},{"floor":54,"key":"SneckoOil"}],"is_trial":false,"path_per_floor":["M","?","M","T","?","R","E","R","T","E","M","E","?","$","R","B",null,"M","M","?","M","M","E","R","E","T","E","?","M","M","E","R","B",null,"M","M","?","$","M","E","R","E","T","R","E","?","M","?","R","B",null,"R","$","E","B"],"character_chosen":"THE_SILENT","items_purchased":["After Image","Dagger Spray+1","Backstab+1","MealTicket","Master of Strategy","Infinite Blades","Tactician"],"campfire_rested":3,"item_purchase_floors":[14,14,38,38,38,53,53],"current_hp_per_floor":[59,59,52,52,57,57,45,45,45,33,33,28,22,22,22,16,57,57,62,42,46,51,23,23,19,19,8,8,38,31,24,24,45,68,68,68,73,73,66,66,66,66,66,76,67,67,72,72,76,48,69,76,76,26,0,0],"gold":37,"neow_bonus":"ONE_RARE_RELIC","is_daily":false,"chose_seed":false,"campfire_upgraded":2,"win_rate":0.0,"timestamp":1609054208,"path_taken":["M","?","M","?","?","R","E","R","T","E","M","E","?","$","R","BOSS","M","M","?","M","M","E","R","E","T","E","?","?","M","E","R","BOSS","M","M","?","$","M","E","R","E","T","R","E","?","?","?","R","BOSS","R","$","E","BOSS"],"items_purchased_type":["Card","Card","Card","Relic","Card","Card","Card"],"build_version":"2020-12-22","purchased_purges":2,"victory":false,"max_hp_per_floor":[66,66,66,66,71,71,71,71,71,71,71,71,71,71,71,71,71,71,71,76,76,76,76,76,76,76,76,76,76,76,76,76,76,76,76,76,76,76,76,76,76,76,76,76,76,76,76,76,76,76,76,76,76,76,76,76],"relic_stats":{"Darkstone Periapt":0,"counters":[30,139],"StoneCalendar":[52],"MealTicket":0,"Eternal Feather":11,"Art of War":[7],"War Paint":["Survivor","Blade Dance"],"obtain_stats":[{"Darkstone Periapt":27,"Girya":0,"Lantern":12,"SacredBark":17,"StoneCalendar":23,"Thread and Needle":37,"Eternal Feather":45,"The Courier":7,"Paper Crane":31,"War Paint":40,"Ancient Tea Set":10,"White Beast Statue":4,"Bottled Flame":42,"HornCleat":54,"Molten Egg 2":9,"MealTicket":38,"Fusion Hammer":34,"Art of War":25,"Toy Ornithopter":13,"TungstenRod":26,"Ring of the Snake":0},{"Darkstone Periapt":15,"Girya":0,"Lantern":6,"SacredBark":8,"StoneCalendar":13,"Thread and Needle":22,"Eternal Feather":26,"The Courier":3,"Paper Crane":18,"War Paint":24,"Ancient Tea Set":4,"White Beast Statue":2,"Bottled Flame":25,"HornCleat":29,"Molten Egg 2":3,"MealTicket":22,"Fusion Hammer":19,"Art of War":14,"Toy Ornithopter":7,"TungstenRod":14,"Ring of the Snake":0},{"Darkstone Periapt":72,"Girya":0,"Lantern":35,"SacredBark":45,"StoneCalendar":64,"Thread and Needle":97,"Eternal Feather":116,"The Courier":23,"Paper Crane":82,"War Paint":107,"Ancient Tea Set":28,"White Beast Statue":12,"Bottled Flame":110,"HornCleat":137,"Molten Egg 2":23,"MealTicket":97,"Fusion Hammer":89,"Art of War":68,"Toy Ornithopter":38,"TungstenRod":68,"Ring of the Snake":0}],"Toy Ornithopter":88,"TungstenRod":31,"Ring of the Snake":[60]},"card_choices":[{"not_picked":["Backflip","PiercingWail"],"picked":"Quick Slash","floor":1.0},{"not_picked":["Backflip","Dodge and Roll"],"picked":"Backstab","floor":3.0},{"not_picked":["Outmaneuver","Dodge and Roll"],"picked":"Dagger Throw","floor":7.0},{"not_picked":["Cloak And Dagger","Skewer+1"],"picked":"Quick Slash+1","floor":10.0},{"not_picked":["Dagger Spray+1","Outmaneuver"],"picked":"Backstab+1","floor":11.0},{"not_picked":["Slice+1","Backflip"],"picked":"Adrenaline","floor":12.0},{"not_picked":["Deflect","Underhanded Strike+1"],"picked":"Blade Dance","floor":13.0},{"not_picked":["Grand Finale+1","Glass Knife+1"],"picked":"After Image","floor":16.0},{"not_picked":["Bouncing Flask","Dodge and Roll"],"picked":"Accuracy+1","floor":18.0},{"not_picked":["Dodge and Roll","Dagger Throw+1"],"picked":"Backflip","floor":19},{"not_picked":["Bane+1","Flechettes+1"],"picked":"Cloak And Dagger","floor":21},{"not_picked":["Dagger Throw+1","Backflip","All Out Attack+1"],"picked":"SKIP","floor":22},{"not_picked":["Dagger Throw+1","Backflip","All Out Attack+1"],"picked":"SKIP","floor":22},{"not_picked":["Underhanded Strike+1","Glass Knife+1"],"picked":"PiercingWail","floor":23},{"not_picked":["Outmaneuver","Cloak And Dagger+1"],"picked":"Terror+1","floor":25},{"not_picked":["Acrobatics","All Out Attack+1"],"picked":"PiercingWail","floor":27},{"not_picked":["Acrobatics","Endless Agony+1"],"picked":"Blade Dance","floor":29},{"not_picked":["Catalyst","Acrobatics"],"picked":"Crippling Poison+1","floor":30},{"not_picked":["Escape Plan","Blur+1"],"picked":"Predator+1","floor":31},{"not_picked":["Storm of Steel","Adrenaline"],"picked":"Night Terror","floor":33},{"not_picked":["Sucker Punch+1","Heel Hook+1","Setup"],"picked":"SKIP","floor":35},{"not_picked":["Blur","Dagger Throw+1"],"picked":"Deadly Poison+1","floor":36},{"not_picked":["Deadly Poison","Skewer+1"],"picked":"Dodge and Roll+1","floor":37},{"not_picked":["Cloak And Dagger+1","Flying Knee+1"],"picked":"Backflip+1","floor":39},{"not_picked":["Endless Agony+1","Outmaneuver"],"picked":"Accuracy","floor":40},{"not_picked":["Underhanded Strike+1","Masterful Stab+1","Dagger Throw+1"],"picked":"SKIP","floor":42},{"not_picked":["Acrobatics","Blur+1"],"picked":"After Image","floor":45},{"not_picked":["Bane+1","Dagger Spray+1","Dagger Throw+1"],"picked":"SKIP","floor":47},{"not_picked":["Endless Agony+1","Sucker Punch+1"],"picked":"Blur+1","floor":54}],"player_experience":226406,"relics_obtained":[{"floor":4.0,"key":"White Beast Statue"},{"floor":7.0,"key":"The Courier"},{"floor":9.0,"key":"Molten Egg 2"},{"floor":10.0,"key":"Ancient Tea Set"},{"floor":12.0,"key":"Lantern"},{"floor":13.0,"key":"Toy Ornithopter"},{"floor":23,"key":"StoneCalendar"},{"floor":25,"key":"Art of War"},{"floor":26,"key":"TungstenRod"},{"floor":27,"key":"Darkstone Periapt"},{"floor":31,"key":"Paper Crane"},{"floor":37,"key":"Thread and Needle"},{"floor":40,"key":"War Paint"},{"floor":42,"key":"Bottled Flame"},{"floor":45,"key":"Eternal Feather"},{"floor":54,"key":"HornCleat"}],"event_choices":[{"damage_healed":0.0,"max_hp_gain":0.0,"max_hp_loss":0.0,"gold_gain":0.0,"event_name":"Living Wall","player_choice":"Grow","floor":2.0,"gold_loss":0.0,"damage_taken":0.0,"cards_upgraded":["Quick Slash"]},{"damage_healed":0.0,"max_hp_gain":5.0,"max_hp_loss":0.0,"gold_gain":0.0,"event_name":"Big Fish","player_choice":"Donut","floor":5.0,"gold_loss":0.0,"damage_taken":0.0},{"damage_healed":0.0,"max_hp_gain":0.0,"max_hp_loss":0.0,"gold_gain":0.0,"event_name":"Dead Adventurer","player_choice":"Searched \u00271\u0027 times","floor":13.0,"gold_loss":0.0,"damage_taken":0.0},{"damage_healed":0,"gold_gain":0,"player_choice":"Shed Blood","damage_taken":25,"max_hp_gain":5,"max_hp_loss":0,"event_name":"Forgotten Altar","floor":20,"gold_loss":0},{"damage_healed":0,"gold_gain":0,"cards_transformed":["Strike_G","Strike_G"],"player_choice":"Became Test Subject","damage_taken":0,"max_hp_gain":0,"max_hp_loss":0,"event_name":"Drug Dealer","floor":28,"gold_loss":0,"cards_obtained":["Masterful Stab","Cloak And Dagger"]},{"damage_healed":0,"gold_gain":0,"player_choice":"Fight","damage_taken":0,"max_hp_gain":0,"max_hp_loss":0,"event_name":"Mysterious Sphere","floor":37,"gold_loss":0},{"damage_healed":0,"gold_gain":0,"player_choice":"Forge","damage_taken":0,"max_hp_gain":0,"max_hp_loss":0,"event_name":"Accursed Blacksmith","floor":46,"gold_loss":0,"cards_upgraded":["Accuracy"]},{"damage_healed":0,"gold_gain":0,"player_choice":"Ignored","damage_taken":0,"max_hp_gain":0,"max_hp_loss":0,"event_name":"Tomb of Lord Red Mask","floor":48,"gold_loss":0}],"is_beta":false,"boss_relics":[{"not_picked":["Sozu","Philosopher\u0027s Stone"],"picked":"SacredBark"},{"not_picked":["Runic Dome","Busted Crown"],"picked":"Fusion Hammer"}],"items_purged_floors":[38,53],"is_endless":false,"potions_floor_spawned":[7,10,11,12,13,16,18,19,21,22,23,25,27,29,30,31,33,35,36,37,39,40,42,45,47,54],"killed_by":"The Heart","ascension_level":17}}