{"host":"6to0pdz5g3mubtyg","time":1609068402,"event":{"mods":["Act Like it!","Aspiration","BaseMod","BetterRewards","Colored Map","Energized Spire","Hallownest","Highlight Path","Infinite Spire","Jorbs\u0027s Wanderer Trilogy","Minty Spire (QoL Compilation)","Shade Mod","StSLib","The Animator","The Blue Laboratory","The Bug Knight"],"gold_per_floor":[110,110,127,145,164,198,198,208,234,234,261,7,19,30,30,133,133,144,144,144,164,164,193,212,212,212,229,244,258,286,286,286,397,397,429,123,160,10,14,14],"floor_reached":39,"playtime":2682,"items_purged":["Strike_B","Defend_B"],"score":507,"play_id":"3faba9d8-2c0f-4119-a912-d586ed6c26c1","local_time":"20201227042642","is_ascension_mode":true,"campfire_choices":[{"data":"Dualcast","floor":7.0,"key":"SMITH"},{"floor":10.0,"key":"REST"},{"floor":15.0,"key":"REST"},{"floor":25.0,"key":"REST"},{"floor":32.0,"key":"REST"}],"circlet_count":0,"master_deck":["Defend_B","Defend_B","Defend_B","Zap","Dualcast+1","Flash of Steel","Streamline","Conserve Battery","Stack","Streamline","Stack","Chill","Gash","Good Instincts","Steam","Stack","Beam Cell","Go for the Eyes","Creative AI","Hello World+1","infinitespire:Oblivion","Bite","Bite","Bite","Bite","Bite","Compile Driver","Sweeping Beam","FTL","Machine Learning","Defragment","infinitespire:UltimateForm","Cold Snap","Echo Form","Lockon+1","Gash"],"relics":["Cracked Core","Omamori","Dream Catcher","Lantern","Black Star","MutagenicStrength","infinitespire:Beetle Shell","infinitespire:Midas Blood","infinitespire:Freezer","Blue Candle","Centennial Puzzle","energizedSpire:RedRose","aspiration:MysteriousAuxiliaryCore","aspiration:Lifesprig"],"acts_visited":["Exordium","TheCity","TheBeyond"],"potions_floor_usage":[39,39,39],"damage_taken":[{"damage":5.0,"enemies":"2 Louse","floor":1.0,"turns":2.0},{"damage":13.0,"enemies":"infinitespire:Voidling","floor":3.0,"turns":3.0},{"damage":1.0,"enemies":"Cultist","floor":4.0,"turns":3.0},{"damage":26.0,"enemies":"Lots of Slimes","floor":5.0,"turns":4.0},{"damage":18.0,"enemies":"3 Sentries","floor":6.0,"turns":6.0},{"damage":8.0,"enemies":"2 Fungi Beasts","floor":8.0,"turns":3.0},{"damage":19.0,"enemies":"Lagavulin","floor":11.0,"turns":7.0},{"damage":0.0,"enemies":"3 Louse","floor":13.0,"turns":2.0},{"damage":3.0,"enemies":"Exordium Wildlife","floor":14.0,"turns":4.0},{"damage":30.0,"enemies":"Slime Boss","floor":16.0,"turns":13.0},{"damage":30.0,"enemies":"Chosen","floor":18.0,"turns":8.0},{"damage":17.0,"enemies":"3 Byrds","floor":21.0,"turns":4.0},{"damage":26.0,"enemies":"Book of Stabbing","floor":23.0,"turns":8.0},{"damage":9.0,"enemies":"Centurion and Healer","floor":24.0,"turns":7.0},{"damage":5.0,"enemies":"Cultist and Chosen","floor":27.0,"turns":6.0},{"damage":13.0,"enemies":"Snake Plant","floor":28.0,"turns":4.0},{"damage":7.0,"enemies":"Centurion and Healer","floor":29.0,"turns":4.0},{"damage":12.0,"enemies":"HollowMod:Nosk","floor":30.0,"turns":8.0},{"damage":29,"enemies":"Champ","floor":33,"turns":18},{"damage":12,"enemies":"Orb Walker","floor":35,"turns":4},{"damage":40,"enemies":"3 Darklings","floor":37,"turns":8},{"damage":17,"enemies":"Jaw Worm Horde","floor":39,"turns":2}],"seed_played":"45685351649327747","potions_obtained":[{"floor":1.0,"key":"BlessingOfTheForge"},{"floor":4.0,"key":"blueLaboratory:ArtificerPotion"},{"floor":8.0,"key":"blueLaboratory:RememoryPotion"},{"floor":16.0,"key":"blueLaboratory:FrostheartPotion"},{"floor":18.0,"key":"blueLaboratory:PlasmaFuel"},{"floor":23.0,"key":"blueLaboratory:TrueEctoplasm"},{"floor":28.0,"key":"blueLaboratory:CreativityPotion"}],"is_trial":false,"path_per_floor":["M","?","M","M","M","E","R","M","T","R","E","$","M","M","R","B",null,"M","?","AVR","M","?","E","M","R","T","M","M","M","E","?","R","B",null,"M","$","M","$","M"],"character_chosen":"DEFECT","items_purchased":["Gash","Good Instincts","Steam","aspiration:MysteriousAuxiliaryCore","aspiration:Lifesprig"],"campfire_rested":4,"item_purchase_floors":[12,12,12,36,38],"current_hp_per_floor":[70,75,66,65,39,21,21,13,13,35,16,16,16,13,35,5,75,45,45,45,28,28,18,21,36,36,39,32,31,25,25,40,19,52,40,40,12,12,0,0],"gold":14,"neow_bonus":"RANDOM_COLORLESS","is_daily":false,"chose_seed":false,"campfire_upgraded":1,"win_rate":0.0,"timestamp":1609068402,"path_taken":["M","?","M","M","?","E","R","M","T","R","E","?","M","?","R","BOSS","M","?","AVR","M","?","E","M","R","T","M","M","M","E","?","R","BOSS","M","$","M","$","M"],"items_purchased_type":["Card","Card","Card","Relic","Relic"],"build_version":"2020-12-22","purchased_purges":2,"victory":false,"max_hp_per_floor":[75,75,75,75,75,75,75,75,75,75,75,75,75,75,75,75,75,75,75,75,75,52,52,52,52,52,52,52,52,52,52,52,52,52,52,52,52,52,52,52],"card_choices":[{"not_picked":["Bandage Up","Panacea"],"picked":"Flash of Steel","floor":0.0},{"not_picked":["Skim","Beam Cell"],"picked":"Steam","floor":1.0},{"not_picked":["Barrage","Force Field","Blizzard"],"picked":"SKIP","floor":3.0},{"not_picked":["Force Field","Sweeping Beam"],"picked":"Streamline","floor":4.0},{"not_picked":["Turbo","Beam Cell"],"picked":"Conserve Battery","floor":5.0},{"not_picked":["BootSequence","Blizzard"],"picked":"Stack","floor":6.0},{"not_picked":["Redo","Rebound"],"picked":"Streamline","floor":8.0},{"not_picked":["Conserve Battery","Blizzard"],"picked":"Stack","floor":10.0},{"not_picked":["Reprogram","Fission"],"picked":"Chill","floor":11.0},{"not_picked":["Force Field","Redo"],"picked":"Stack","floor":13.0},{"not_picked":["Coolheaded","Conserve Battery"],"picked":"Beam Cell","floor":14.0},{"not_picked":["Redo","Compile Driver"],"picked":"Go for the Eyes","floor":15.0},{"not_picked":["Hyperbeam","Reboot"],"picked":"Creative AI","floor":16.0},{"not_picked":["Beam Cell","Rip and Tear"],"picked":"Hello World+1","floor":18.0},{"not_picked":["Rip and Tear","Turbo","Aggregate+1"],"picked":"SKIP","floor":21.0},{"not_picked":["Fusion","Redo"],"picked":"Compile Driver","floor":23.0},{"not_picked":["Rebound","Redo+1","Darkness"],"picked":"SKIP","floor":24.0},{"not_picked":["Steam","Hologram"],"picked":"Sweeping Beam","floor":25.0},{"not_picked":["Steam","Beam Cell","Undo"],"picked":"SKIP","floor":27.0},{"not_picked":["Stack","Coolheaded"],"picked":"FTL","floor":28.0},{"not_picked":["Rebound","Go for the Eyes+1"],"picked":"Machine Learning","floor":29.0},{"not_picked":["Self Repair","Storm"],"picked":"Defragment","floor":30.0},{"not_picked":["infinitespire:Menacing","infinitespire:SealOfDarkness+"],"picked":"infinitespire:UltimateForm","floor":31.0},{"not_picked":["Leap","Static Discharge"],"picked":"Cold Snap","floor":32.0},{"not_picked":["Rainbow","Amplify"],"picked":"Echo Form","floor":33},{"not_picked":["Force Field","Steam+1"],"picked":"Lockon+1","floor":35},{"not_picked":["Steam","Stack"],"picked":"Gash","floor":37}],"player_experience":237003,"relics_obtained":[{"floor":6.0,"key":"Omamori"},{"floor":9.0,"key":"Dream Catcher"},{"floor":11.0,"key":"Lantern"},{"floor":23.0,"key":"infinitespire:Beetle Shell"},{"floor":23.0,"key":"infinitespire:Midas Blood"},{"floor":26.0,"key":"infinitespire:Freezer"},{"floor":30.0,"key":"Blue Candle"},{"floor":30.0,"key":"Centennial Puzzle"}],"event_choices":[{"cards_removed":["Steam"],"damage_healed":5.0,"max_hp_gain":0.0,"max_hp_loss":0.0,"gold_gain":0.0,"event_name":"Bonfire Elementals","player_choice":"Offered Common","floor":2.0,"gold_loss":0.0,"damage_taken":0.0},{"cards_removed":["Steam"],"damage_healed":5.0,"max_hp_gain":0.0,"max_hp_loss":0.0,"gold_gain":0.0,"event_name":"Bonfire Elementals","player_choice":"Offered Special","floor":2.0,"gold_loss":0.0,"damage_taken":0.0},{"damage_healed":0.0,"max_hp_gain":0.0,"max_hp_loss":0.0,"gold_gain":0.0,"event_name":"Drug Dealer","player_choice":"Inject Mutagens","floor":19.0,"gold_loss":0.0,"damage_taken":0.0,"relics_obtained":["MutagenicStrength"]},{"damage_healed":0.0,"max_hp_gain":0.0,"max_hp_loss":23.0,"gold_gain":0.0,"event_name":"Vampires","player_choice":"Became a vampire","floor":22.0,"gold_loss":0.0,"damage_taken":0.0,"cards_obtained":["Bite","Bite","Bite","Bite","Bite"]}],"is_beta":false,"boss_relics":[{"not_picked":["Sozu","aspiration:RitualDagger"],"picked":"Black Star"},{"not_picked":["infinitespire:Cupcake","energizedSpire:NeverEndingSparkler"],"picked":"energizedSpire:RedRose"}],"items_purged_floors":[12,20],"is_endless":false,"potions_floor_spawned":[1,4,8,16,18,23,28,29],"killed_by":"Jaw Worm Horde","ascension_level":1}}