{"host":"sav7uxregyirlf69","time":1609054047,"event":{"mods":["AchievementEnabler","BaseMod","Colored Map","DeckTracker","Keyboard Shortcuts","Minty Spire (QoL Compilation)","READ ME - Guardian Mod","StSLib","SuperFastMode"],"gold_per_floor":[19,19,36,46,46,77,77,102,170,170,193,232,232,232,232,232,232],"floor_reached":16,"playtime":351,"items_purged":[],"score":286,"play_id":"a74f5cc2-f50e-4fe4-ac8d-2c4a1272c4bd","local_time":"20201227162727","is_ascension_mode":true,"campfire_choices":[{"data":"Noxious Fumes","floor":7,"key":"SMITH"},{"floor":13,"key":"REST"},{"data":"Concentrate","floor":15,"key":"SMITH"}],"circlet_count":0,"master_deck":["AscendersBane","Strike_G","Strike_G","Strike_G","Strike_G","Defend_G","Defend_G","Defend_G","Defend_G","Defend_G","Survivor","Neutralize+1","Heel Hook","Noxious Fumes+1","Backflip","Catalyst","After Image","Concentrate+1","Dagger Throw"],"relics":["Ring of the Snake","Tingsha","Pen Nib","StrikeDummy","Golden Idol","Boot"],"acts_visited":["Exordium"],"potions_floor_usage":[6,12,12],"damage_taken":[{"damage":4,"enemies":"Jaw Worm","floor":1,"turns":6},{"damage":10,"enemies":"Cultist","floor":3,"turns":5},{"damage":1,"enemies":"Small Slimes","floor":4,"turns":4},{"damage":28,"enemies":"3 Sentries","floor":6,"turns":10},{"damage":7,"enemies":"Lagavulin","floor":8,"turns":8},{"damage":1,"enemies":"2 Fungi Beasts","floor":11,"turns":5},{"damage":0,"enemies":"3 Sentries","floor":12,"turns":6},{"damage":35,"enemies":"Slime Boss","floor":16,"turns":7}],"seed_played":"-7259866603969165614","potions_obtained":[{"floor":1,"key":"SneckoOil"},{"floor":3,"key":"BlessingOfTheForge"},{"floor":6,"key":"Swift Potion"},{"floor":11,"key":"GamblersBrew"}],"is_trial":false,"path_per_floor":["M","?","M","M","?","E","R","E","T","?","M","E","R","?","R","B"],"character_chosen":"THE_SILENT","items_purchased":[],"campfire_rested":1,"item_purchase_floors":[],"current_hp_per_floor":[67,67,57,56,49,21,21,14,14,14,13,13,34,34,34,0,0],"gold":232,"neow_bonus":"TWENTY_PERCENT_HP_BONUS","is_daily":false,"chose_seed":false,"campfire_upgraded":2,"win_rate":0.0,"timestamp":1609054047,"path_taken":["M","?","M","?","?","E","R","E","T","?","M","E","R","?","R","BOSS"],"items_purchased_type":[],"build_version":"2020-12-22","purchased_purges":0,"victory":false,"max_hp_per_floor":[78,78,78,78,78,78,78,78,78,71,71,71,71,71,71,71,71],"card_choices":[{"not_picked":["Cloak And Dagger","Deflect"],"picked":"Heel Hook","floor":1},{"not_picked":["Deadly Poison","Blur"],"picked":"Backflip","floor":3},{"not_picked":["Backflip","Calculated Gamble"],"picked":"Catalyst","floor":4},{"not_picked":["All Out Attack","Underhanded Strike"],"picked":"After Image","floor":6},{"not_picked":["Phantasmal Killer","Heel Hook"],"picked":"Concentrate","floor":8},{"not_picked":["Cloak And Dagger","Bane"],"picked":"Dagger Throw","floor":11},{"not_picked":["Dash","Leg Sweep","Sucker Punch"],"picked":"SKIP","floor":12}],"player_experience":1019842,"relics_obtained":[{"floor":6,"key":"Tingsha"},{"floor":8,"key":"Pen Nib"},{"floor":9,"key":"StrikeDummy"},{"floor":12,"key":"Boot"}],"event_choices":[{"damage_healed":0,"gold_gain":0,"player_choice":"1 cards matched","damage_taken":0,"max_hp_gain":0,"max_hp_loss":0,"event_name":"Match and Keep!","floor":2,"gold_loss":0,"cards_obtained":["Noxious Fumes"]},{"cards_removed":["Strike_G"],"damage_healed":0,"gold_gain":0,"player_choice":"Card Removal","damage_taken":7,"max_hp_gain":0,"max_hp_loss":0,"event_name":"Golden Wing","floor":5,"gold_loss":0},{"damage_healed":0,"gold_gain":0,"player_choice":"Lose Max HP","damage_taken":0,"relics_obtained":["Golden Idol"],"max_hp_gain":0,"max_hp_loss":7,"event_name":"Golden Idol","floor":10,"gold_loss":0},{"damage_healed":0,"gold_gain":0,"player_choice":"Upgraded","damage_taken":0,"max_hp_gain":0,"max_hp_loss":0,"event_name":"Upgrade Shrine","floor":14,"gold_loss":0,"cards_upgraded":["Neutralize"]}],"is_beta":false,"boss_relics":[],"items_purged_floors":[],"is_endless":false,"potions_floor_spawned":[1,3,6,11],"killed_by":"Slime Boss","ascension_level":20}}