{"host":"wbjiqg83duq292na","time":1609050153,"event":{"mods":["BaseMod","Minty Spire (QoL Compilation)"],"gold_per_floor":[117,129,144,160,160,186,186,212,236,254,173,188,153,188,188,284,284,299,299,309,323,238,238,253,253,253,265,265,290,26,60,60,163,163,183,27,77,92,109,109,122,154,177,177,177,193,193,193,193,193,193,193,41,68,68,68],"floor_reached":55,"playtime":3236,"items_purged":["Writhe"],"score":742,"play_id":"2098c020-2363-41ac-a147-840b91600c6b","local_time":"20201227042233","is_ascension_mode":true,"campfire_choices":[{"floor":7,"key":"REST"},{"floor":15,"key":"REST"},{"floor":23,"key":"REST"},{"floor":25,"key":"RECALL"},{"data":"Fire Breathing","floor":28,"key":"SMITH"},{"data":"Mayhem","floor":32,"key":"SMITH"},{"floor":40,"key":"REST"},{"floor":44,"key":"REST"},{"data":"Feel No Pain","floor":47,"key":"SMITH"},{"data":"Juggernaut","floor":49,"key":"SMITH"},{"data":"Demon Form","floor":52,"key":"SMITH"}],"circlet_count":0,"master_deck":["Strike_R","Strike_R","Strike_R","Strike_R+1","Strike_R+1","Defend_R","Defend_R+1","Defend_R+1","Bash","Reckless Charge","Flame Barrier","Anger","Uppercut","Ghostly Armor","Flex","Flex","Fire Breathing+1","Rampage","Feed","Metallicize+1","Inflame","Feel No Pain+1","Dark Embrace+1","Reckless Charge","Mayhem+1","Demon Form+1","Feel No Pain+1","Reckless Charge+1","Battle Trance+1","Juggernaut+1","Metallicize+1"],"relics":["Black Blood","Magic Flower","Charon\u0027s Ashes","Nunchaku","Ancient Tea Set","Mark of Pain","Torii","Self Forming Clay","HornCleat","Whetstone","Akabeko","War Paint","CaptainsWheel","Happy Flower","Centennial Puzzle","Pen Nib","Bag of Marbles"],"acts_visited":["Exordium","TheCity","TheBeyond","TheEnding"],"potions_floor_usage":[3,16,29,31,31,33,37,42,50,50,50,55],"damage_taken":[{"damage":12,"enemies":"Cultist","floor":1,"turns":5},{"damage":0,"enemies":"2 Louse","floor":2,"turns":3},{"damage":6,"enemies":"Jaw Worm","floor":3,"turns":5},{"damage":1,"enemies":"3 Louse","floor":4,"turns":3},{"damage":45,"enemies":"Gremlin Nob","floor":6,"turns":5},{"damage":19,"enemies":"3 Sentries","floor":8,"turns":7},{"damage":12,"enemies":"Exordium Wildlife","floor":10,"turns":5},{"damage":9,"enemies":"Lots of Slimes","floor":12,"turns":5},{"damage":33,"enemies":"Gremlin Nob","floor":14,"turns":4},{"damage":70,"enemies":"The Guardian","floor":16,"turns":14},{"damage":8,"enemies":"3 Byrds","floor":18,"turns":5},{"damage":20,"enemies":"Shell Parasite","floor":20,"turns":8},{"damage":31,"enemies":"Shelled Parasite and Fungi","floor":21,"turns":8},{"damage":10,"enemies":"Cultist and Chosen","floor":24,"turns":7},{"damage":25,"enemies":"Snecko","floor":27,"turns":6},{"damage":38,"enemies":"Book of Stabbing","floor":29,"turns":7},{"damage":32,"enemies":"Slavers","floor":31,"turns":6},{"damage":75,"enemies":"Automaton","floor":33,"turns":11},{"damage":21,"enemies":"3 Darklings","floor":35,"turns":7},{"damage":9,"enemies":"Mind Bloom Boss Battle","floor":37,"turns":7},{"damage":24,"enemies":"3 Shapes","floor":38,"turns":5},{"damage":37,"enemies":"Spire Growth","floor":39,"turns":6},{"damage":30,"enemies":"Maw","floor":41,"turns":7},{"damage":43,"enemies":"Nemesis","floor":42,"turns":7},{"damage":22,"enemies":"Writhing Mass","floor":46,"turns":6},{"damage":60,"enemies":"Time Eater","floor":50,"turns":10},{"damage":83,"enemies":"Shield and Spear","floor":54,"turns":8},{"damage":50,"enemies":"The Heart","floor":55,"turns":6}],"seed_played":"1648552210736760312","potions_obtained":[{"floor":3,"key":"Fruit Juice"},{"floor":8,"key":"FairyPotion"},{"floor":10,"key":"GamblersBrew"},{"floor":12,"key":"SpeedPotion"},{"floor":14,"key":"AttackPotion"},{"floor":18,"key":"BloodPotion"},{"floor":27,"key":"CultistPotion"},{"floor":29,"key":"Regen Potion"},{"floor":31,"key":"SneckoOil"},{"floor":33,"key":"AttackPotion"},{"floor":35,"key":"Regen Potion"},{"floor":39,"key":"SneckoOil"},{"floor":42,"key":"Fire Potion"},{"floor":45,"key":"DuplicationPotion"},{"floor":45,"key":"AttackPotion"},{"floor":54,"key":"DistilledChaos"}],"is_trial":false,"path_per_floor":["M","M","M","M","$","E","R","E","T","M","$","M","?","E","R","B",null,"M","?","M","M","?","R","M","R","T","M","R","E","$","E","R","B",null,"M","$","?","M","M","R","M","E","T","R","?","M","R","?","R","B",null,"R","$","E","B"],"character_chosen":"IRONCLAD","items_purchased":["Fire Breathing","Mayhem","War Paint","Pen Nib"],"campfire_rested":5,"item_purchase_floors":[11,30,36,53],"current_hp_per_floor":[53,62,70,78,78,42,67,57,57,54,54,54,75,51,76,15,85,88,88,77,55,55,81,85,85,85,69,69,40,40,66,66,50,91,93,93,94,88,69,94,82,57,57,85,85,81,81,81,81,58,94,94,94,29,0,0],"gold":68,"neow_bonus":"ONE_RARE_RELIC","is_daily":false,"chose_seed":false,"campfire_upgraded":5,"win_rate":0.0,"timestamp":1609050153,"path_taken":["M","?","M","M","$","E","R","E","T","M","?","M","?","E","R","BOSS","M","?","M","M","?","R","M","R","T","M","R","E","$","E","R","BOSS","M","$","?","M","M","R","M","E","T","R","?","?","R","?","R","BOSS","R","$","E","BOSS"],"items_purchased_type":["Card","Card","Relic","Relic"],"build_version":"2020-12-22","purchased_purges":1,"victory":false,"max_hp_per_floor":[80,80,85,85,85,85,85,85,85,85,85,85,85,85,85,85,85,88,88,88,88,88,88,91,91,91,91,91,91,91,91,91,91,91,94,94,94,94,94,94,94,94,94,94,94,94,94,94,94,94,94,94,94,94,94,94],"card_choices":[{"not_picked":["Havoc","Rage"],"picked":"Reckless Charge","floor":1},{"not_picked":["Body Slam","Hemokinesis"],"picked":"Flame Barrier","floor":2},{"not_picked":["Heavy Blade","Twin Strike"],"picked":"Anger","floor":3},{"not_picked":["Warcry","Shrug It Off"],"picked":"Uppercut","floor":4},{"not_picked":["Heavy Blade","Inflame"],"picked":"Ghostly Armor","floor":6},{"not_picked":["Rupture","Disarm"],"picked":"Flex","floor":8},{"not_picked":["Impervious","Warcry"],"picked":"Flex","floor":10},{"not_picked":["Flex","Thunderclap","Hemokinesis"],"picked":"SKIP","floor":12},{"not_picked":["Power Through","Metallicize"],"picked":"Rampage","floor":14},{"not_picked":["Impervious","Double Tap"],"picked":"Feed","floor":16},{"not_picked":["True Grit","Wild Strike"],"picked":"Metallicize+1","floor":18},{"not_picked":["Hemokinesis","Cleave+1"],"picked":"Inflame","floor":20},{"not_picked":["Warcry","Clash","Sword Boomerang"],"picked":"SKIP","floor":21},{"not_picked":["Thunderclap","Reckless Charge"],"picked":"Feel No Pain","floor":24},{"not_picked":["Shockwave","Twin Strike+1"],"picked":"Dark Embrace+1","floor":27},{"not_picked":["Twin Strike+1","Shockwave"],"picked":"Reckless Charge","floor":29},{"not_picked":["Anger","Sever Soul","Metallicize"],"picked":"SKIP","floor":31},{"not_picked":["Double Tap","Offering"],"picked":"Demon Form","floor":33},{"not_picked":["Body Slam","Flex","Twin Strike+1"],"picked":"SKIP","floor":35},{"not_picked":["True Grit","Flex+1"],"picked":"Feel No Pain+1","floor":37},{"not_picked":["Body Slam+1","Flex+1","Shrug It Off"],"picked":"SKIP","floor":38},{"not_picked":["Whirlwind+1","Flex"],"picked":"Reckless Charge+1","floor":39},{"not_picked":["Perfected Strike+1","Twin Strike+1"],"picked":"Battle Trance+1","floor":41},{"not_picked":["Iron Wave+1","Cleave"],"picked":"Juggernaut","floor":42},{"not_picked":["Sword Boomerang+1","Perfected Strike"],"picked":"Metallicize+1","floor":46},{"not_picked":["Warcry+1","Rage+1","Combust+1"],"picked":"SKIP","floor":54}],"player_experience":215049,"relics_obtained":[{"floor":6,"key":"Charon\u0027s Ashes"},{"floor":8,"key":"Nunchaku"},{"floor":14,"key":"Ancient Tea Set"},{"floor":26,"key":"HornCleat"},{"floor":29,"key":"Whetstone"},{"floor":31,"key":"Akabeko"},{"floor":37,"key":"CaptainsWheel"},{"floor":42,"key":"Happy Flower"},{"floor":43,"key":"Centennial Puzzle"},{"floor":54,"key":"Bag of Marbles"}],"event_choices":[{"damage_healed":21,"gold_gain":0,"player_choice":"Healed","damage_taken":0,"max_hp_gain":0,"max_hp_loss":0,"event_name":"The Cleric","floor":13,"gold_loss":35},{"damage_healed":0,"gold_gain":0,"player_choice":"Opened","damage_taken":0,"relics_obtained":["Torii"],"max_hp_gain":0,"max_hp_loss":0,"event_name":"The Mausoleum","floor":19,"gold_loss":0,"cards_obtained":["Writhe"]},{"damage_healed":0,"gold_gain":0,"player_choice":"Obtained Relic","damage_taken":0,"relics_obtained":["Self Forming Clay"],"max_hp_gain":0,"max_hp_loss":0,"event_name":"Addict","floor":22,"gold_loss":85},{"damage_healed":0,"gold_gain":0,"player_choice":"Fight","damage_taken":0,"max_hp_gain":0,"max_hp_loss":0,"event_name":"MindBloom","floor":37,"gold_loss":0},{"damage_healed":0,"gold_gain":0,"player_choice":"Got Potions","damage_taken":0,"max_hp_gain":0,"max_hp_loss":0,"event_name":"Lab","floor":45,"gold_loss":0},{"cards_removed":["Defend_R"],"damage_healed":0,"gold_gain":0,"player_choice":"Removed Skill","damage_taken":0,"max_hp_gain":0,"max_hp_loss":0,"event_name":"Falling","floor":48,"gold_loss":0}],"is_beta":false,"boss_relics":[{"not_picked":["Runic Cube","Snecko Eye"],"picked":"Mark of Pain"},{"not_picked":["Fusion Hammer","Cursed Key"],"picked":"Black Blood"}],"items_purged_floors":[30],"is_endless":false,"potions_floor_spawned":[3,8,10,12,14,18,27,29,31,33,35,39,42,46,54],"killed_by":"The Heart","ascension_level":1}}