{"host":"qj91dvco5uhu9oti","time":1609078831,"event":{"mods":["BaseMod","Colored Map","Keyboard Shortcuts","Minty Spire (QoL Compilation)","Permanent Neow","Relic Stats","StSLib","SuperFastMode","everything is the same but u backflip on backflip"],"gold_per_floor":[114,133,152,2,15,48,48,64,64,64,64,94,94,129,129,129,129],"floor_reached":16,"playtime":466,"items_purged":["Defend_G"],"score":193,"play_id":"a0fe7325-53fd-4753-b220-9b5299e8372d","local_time":"20201227232031","is_ascension_mode":true,"campfire_choices":[{"data":"Glass Knife","floor":7.0,"key":"SMITH"},{"data":"Crippling Poison","floor":13.0,"key":"SMITH"},{"data":"Prepared","floor":15.0,"key":"SMITH"}],"circlet_count":0,"master_deck":["AscendersBane","Strike_G","Strike_G","Strike_G","Defend_G","Defend_G","Defend_G","Defend_G","Survivor","Neutralize","Poisoned Stab","Escape Plan","Dagger Spray","Crippling Poison+1","Blade Dance","Glass Knife+1","Prepared+1","Tactician","Backflip","Finisher"],"relics":["Ring of the Snake","Bag of Preparation","Juzu Bracelet","Odd Mushroom","Vajra"],"acts_visited":["Exordium"],"potions_floor_usage":[16],"damage_taken":[{"damage":1.0,"enemies":"Cultist","floor":1.0,"turns":5.0},{"damage":0.0,"enemies":"Small Slimes","floor":2.0,"turns":4.0},{"damage":0.0,"enemies":"2 Louse","floor":3.0,"turns":3.0},{"damage":1.0,"enemies":"Gremlin Gang","floor":5.0,"turns":6.0},{"damage":19.0,"enemies":"3 Sentries","floor":6.0,"turns":6.0},{"damage":0.0,"enemies":"Exordium Thugs","floor":8.0,"turns":3.0},{"damage":1.0,"enemies":"The Mushroom Lair","floor":12.0,"turns":3.0},{"damage":13.0,"enemies":"Gremlin Nob","floor":14.0,"turns":3.0},{"damage":28,"enemies":"Slime Boss","floor":16,"turns":7}],"seed_played":"-8413324977786349486","potions_obtained":[{"floor":2.0,"key":"PowerPotion"},{"floor":5.0,"key":"LiquidBronze"},{"floor":6.0,"key":"Ancient Potion"}],"is_trial":false,"path_per_floor":["M","M","M","$","M","E","R","M","T","?","$","?","R","E","R","B"],"character_chosen":"THE_SILENT","items_purchased":["Crippling Poison"],"campfire_rested":0,"item_purchase_floors":[4],"current_hp_per_floor":[58,58,58,58,57,38,38,38,38,38,38,37,37,24,24,0,0],"gold":129,"neow_bonus":"REMOVE_CARD","is_daily":false,"chose_seed":false,"campfire_upgraded":3,"win_rate":0.0,"timestamp":1609078831,"path_taken":["M","?","M","$","M","E","R","M","T","?","$","?","R","E","R","BOSS"],"items_purchased_type":["Card"],"build_version":"2020-12-22","purchased_purges":1,"victory":false,"max_hp_per_floor":[66,66,66,66,66,66,66,66,66,66,66,66,66,66,66,66,66],"relic_stats":{"counters":[9,40],"Bag of Preparation":[8],"Juzu Bracelet":1,"obtain_stats":[{"Vajra":14,"Bag of Preparation":6,"Juzu Bracelet":9,"Odd Mushroom":12,"Ring of the Snake":0},{"Vajra":8,"Bag of Preparation":5,"Juzu Bracelet":6,"Odd Mushroom":7,"Ring of the Snake":0},{"Vajra":33,"Bag of Preparation":24,"Juzu Bracelet":27,"Odd Mushroom":30,"Ring of the Snake":0}],"Ring of the Snake":[18]},"card_choices":[{"not_picked":["Finisher","Dodge and Roll"],"picked":"Poisoned Stab","floor":1.0},{"not_picked":["Quick Slash","Choke"],"picked":"Escape Plan","floor":2.0},{"not_picked":["Masterful Stab","Deflect"],"picked":"Dagger Spray","floor":3.0},{"not_picked":["Calculated Gamble","Footwork"],"picked":"Blade Dance","floor":5.0},{"not_picked":["Tactician","Slice"],"picked":"Glass Knife","floor":6.0},{"not_picked":["Quick Slash","Flying Knee"],"picked":"Prepared","floor":8.0},{"not_picked":["Blur","Acrobatics"],"picked":"Backflip","floor":12.0},{"not_picked":["Flying Knee","Finisher","Unload"],"picked":"SKIP","floor":14.0},{"not_picked":["Flying Knee","Unload"],"picked":"Finisher","floor":14.0}],"player_experience":297374,"relics_obtained":[{"floor":6.0,"key":"Bag of Preparation"},{"floor":9.0,"key":"Juzu Bracelet"},{"floor":12.0,"key":"Odd Mushroom"},{"floor":14.0,"key":"Vajra"}],"event_choices":[{"damage_healed":0.0,"max_hp_gain":0.0,"max_hp_loss":0.0,"gold_gain":0.0,"cards_transformed":["Strike_G"],"event_name":"Transmorgrifier","player_choice":"Transformed","floor":10.0,"gold_loss":0.0,"damage_taken":0.0,"cards_obtained":["Tactician"]},{"damage_healed":0.0,"max_hp_gain":0.0,"max_hp_loss":0.0,"gold_gain":0.0,"event_name":"Mushrooms","player_choice":"Fought Mushrooms","floor":12.0,"gold_loss":0.0,"damage_taken":0.0}],"is_beta":false,"boss_relics":[],"items_purged_floors":[4],"is_endless":false,"potions_floor_spawned":[2,5,6],"killed_by":"Slime Boss","ascension_level":15}}