{"host":"b0l902yh1rk3g5bq","time":1609081336,"event":{"mods":["AchievementEnabler","Act Like it!","Aspiration","BaseMod","Better Match","Better Sensory Stone","Better Skull","Better Third Choice","BetterRewards","Challenge The Spire","Colored Map","Colored Powertips","Conspire","Downfall","Energized Spire","GifTheSpireLib","Halation","Hubris","Infinite Spire","Minty Spire (QoL Compilation)","Quick Restart","Rare Cards Sparkle","Replay The Spire","StSLib","Stuff the Spire","Trackpad","Virulent Crown","Wandering Minibosses","egg","everything is the same but u backflip on backflip","vexMod"],"gold_per_floor":[115,57,57,76,103,129,164,193,193,218,247,247,7,38,38,143,143,143],"floor_reached":17,"playtime":692,"items_purged":[],"score":314,"play_id":"b7c9a370-659d-46ef-8932-9e50c9f1d5e6","local_time":"20201227160216","daily_mods":["Draft","Heirloom","Flight","DeadlyEvents","Elite Swarm"],"is_ascension_mode":true,"campfire_choices":[{"data":"Fluid Movement","floor":12,"key":"SMITH"},{"data":"After Image","floor":15,"key":"SMITH"}],"circlet_count":0,"master_deck":["Dash","Cloak And Dagger","Fluid Movement+1","Blade Dance","Deflect","Distraction","Sucker Punch","Hidden Blade","Dagger Spray","Cloak And Dagger","Dodge and Roll+1","Deflect","Dagger Spray","Quick Slash+1","Accuracy+1","Die Die Die+1","Die Die Die","After Image+1"],"relics":["Ring of the Snake","Ring of Chaos","Guardian:GemstoneGun","trackpad:Compendium","trackpad:WondrousWand","Pen Nib","Vajra","Whetstone","vexMod:PlasmaPancake","Ornamental Fan","aspiration:HummingbirdHeart","Empty Cage"],"acts_visited":["Exordium","TheCity"],"potions_floor_usage":[],"damage_taken":[{"damage":0,"enemies":"Small Slimes","floor":1,"turns":3},{"damage":0,"enemies":"Jaw Worm","floor":4,"turns":3},{"damage":0,"enemies":"Lagavulin","floor":6,"turns":6},{"damage":0,"enemies":"3 Sentries","floor":7,"turns":2},{"damage":14,"enemies":"Lagavulin","floor":8,"turns":4},{"damage":0,"enemies":"Gremlin Nob","floor":10,"turns":2},{"damage":6,"enemies":"Lagavulin","floor":11,"turns":3},{"damage":0,"enemies":"Gremlin Nob","floor":14,"turns":2},{"damage":1,"enemies":"Hexaghost","floor":16,"turns":7}],"seed_played":"8717090741060750407","potions_obtained":[{"floor":1,"key":"ColorlessPotion"},{"floor":6,"key":"Elixir"},{"floor":8,"key":"DuplicationPotion"}],"is_trial":true,"path_per_floor":["M","$","?","M","T","E","E","E","T","E","E","R","$","E","R","B",null],"character_chosen":"THE_SILENT","items_purchased":["Accuracy+1","Ornamental Fan"],"campfire_rested":0,"item_purchase_floors":[2,13],"current_hp_per_floor":[70,70,70,70,70,70,70,56,56,56,56,56,56,56,56,55,76,76],"gold":143,"neow_bonus":"","is_daily":false,"chose_seed":false,"campfire_upgraded":2,"win_rate":0.0,"timestamp":1609081336,"path_taken":["M","$","?","M","?","E","E","E","T","E","?","R","$","E","R","BOSS"],"items_purchased_type":["Card","Relic"],"build_version":"2020-12-22","purchased_purges":0,"victory":false,"max_hp_per_floor":[70,70,70,70,70,70,70,70,70,70,76,76,76,76,76,76,76,76],"card_choices":[{"not_picked":["Dagger Spray","Calculated Gamble"],"picked":"Dash","floor":0},{"not_picked":["Underhanded Strike","StuffTheSpire:Fury"],"picked":"Bane","floor":0},{"not_picked":["StuffTheSpire:Python","Quick Slash"],"picked":"StuffTheSpire:ClusterCrunch","floor":0},{"not_picked":["Backflip","Endless Agony"],"picked":"Cloak And Dagger","floor":0},{"not_picked":["Backflip","StuffTheSpire:ClusterCrunch"],"picked":"Fluid Movement","floor":0},{"not_picked":["Dash","Concentrate"],"picked":"Blade Dance","floor":0},{"not_picked":["StuffTheSpire:Injection","Quick Slash"],"picked":"Deflect","floor":0},{"not_picked":["Riddle With Holes","StuffTheSpire:Python"],"picked":"Distraction","floor":0},{"not_picked":["Quick Slash","Bane"],"picked":"Sucker Punch","floor":0},{"not_picked":["PiercingWail","StuffTheSpire:ClusterCrunch"],"picked":"Hidden Blade","floor":0},{"not_picked":["Underhanded Strike","Deadly Poison"],"picked":"Dagger Spray","floor":0},{"not_picked":["Underhanded Strike","Poisoned Stab"],"picked":"Cloak And Dagger","floor":0},{"not_picked":["Acrobatics","Slice"],"picked":"Dodge and Roll","floor":0},{"not_picked":["Expertise","Quick Slash"],"picked":"Deflect","floor":0},{"not_picked":["Underhanded Strike","Quick Slash"],"picked":"Dagger Spray","floor":0},{"not_picked":["Slice","StuffTheSpire:BumpUp"],"picked":"Quick Slash","floor":1},{"not_picked":["hubris:Counter","Well Laid Plans","Underhanded Strike"],"picked":"SKIP","floor":4},{"not_picked":["Adrenaline","Replay:Bag of Tricks"],"picked":"Die Die Die","floor":6},{"not_picked":["Replay:Bag of Tricks","Venomology"],"picked":"Die Die Die","floor":7},{"not_picked":["Storm of Steel","Wraith Form v2","aspiration:Lunge"],"picked":"SKIP","floor":8},{"not_picked":["Doppelganger","ReplayTheSpireMod:Necrosis"],"picked":"After Image","floor":10},{"not_picked":["Glass Knife","ReplayTheSpireMod:From All Sides","infinitespire:Neurotoxin"],"picked":"SKIP","floor":11},{"not_picked":["Corpse Explosion","Storm of Steel","Burst"],"picked":"SKIP","floor":14}],"player_experience":596572,"relics_obtained":[{"floor":5,"key":"trackpad:Compendium"},{"floor":7,"key":"trackpad:WondrousWand"},{"floor":8,"key":"Pen Nib"},{"floor":9,"key":"Vajra"},{"floor":10,"key":"Whetstone"},{"floor":11,"key":"vexMod:PlasmaPancake"},{"floor":14,"key":"aspiration:HummingbirdHeart"}],"event_choices":[{"damage_healed":0,"gold_gain":0,"player_choice":"Grow","damage_taken":0,"max_hp_gain":0,"max_hp_loss":0,"event_name":"Living Wall","floor":3,"gold_loss":0,"cards_upgraded":["Dodge and Roll"]}],"is_beta":false,"boss_relics":[{"not_picked":["infinitespire:Cupcake","halation:CatFaceCupcake"],"picked":"Empty Cage"}],"items_purged_floors":[],"is_endless":false,"potions_floor_spawned":[1,6,8],"ascension_level":1}}