{"host":"1tmagqyeywr2w44t","time":1609066532,"event":{"mods":["2.2 Compatiblity","BaseMod","Colored Powertips","Downfall","Marisa£¨Ùöéë¡¡Øª×âÞÞ£©","Minty Spire (QoL Compilation)","Rare Cards Sparkle","Replay The Spire","StSLib","SuperFastMode","The Marked"],"gold_per_floor":[112,112,181,201,218,218,233,252,323,323,54,71,71,100,100,174,474,493,17,29,40,51,86,105,131,183,215,227,246,260,278,278,357,357,371,383,48,96,96,130,130,160,160,180,192,225,225,259,259,259,259,259,6,36,36],"floor_reached":56,"playtime":2448,"items_purged":[],"score":2608,"play_id":"3be4e460-fad6-49ba-ae83-4ccce3dcd13b","local_time":"20201227195532","is_ascension_mode":true,"campfire_choices":[{"data":"Slimebound:Split","floor":6,"key":"SMITH"},{"data":"Slimebound:CorrosiveSpit","floor":10,"key":"SMITH"},{"data":"Slimebound:RainOfGoop","floor":13,"key":"SMITH"},{"data":"expansioncontent:Corrupt","floor":15,"key":"SMITH"},{"data":"Slimebound:SelfFormingGoo","floor":32,"key":"SMITH"},{"data":"Slimebound:SlimeSlap","floor":41,"key":"SMITH"},{"floor":49,"key":"RECALL"},{"data":"Sadistic Nature","floor":52,"key":"SMITH"}],"circlet_count":0,"master_deck":["AscendersBane","Slimebound:Strike_Slimebound","Slimebound:Strike_Slimebound+1","Slimebound:Strike_Slimebound","Slimebound:Tackle","Slimebound:Defend_Slimebound","Slimebound:Defend_Slimebound+1","Slimebound:Defend_Slimebound","Slimebound:Defend_Slimebound","Slimebound:Split+1","Slimebound:CorrosiveSpit+1","Slimebound:SlimeBrawl","Slimebound:MegaLick","Slimebound:SplitLeeching","Slimebound:Prepare","Specialist","expansioncontent:Corrupt+1","Slimebound:RainOfGoop+1","Slimebound:OneTwoCombo+1","CurseOfTheBell","Slimebound:SplitAcid","expansioncontent:StudyTheSpire+1","Slimebound:SelfFormingGoo+1","Slimebound:Nibble","Slimebound:OozeBath","Slimebound:Grow","Slimebound:WasteNot","Slimebound:LeechEnergy","Slimebound:SplitBruiser","Slimebound:Teamwork","Slimebound:MassFeed","Slimebound:Schlurp","Sadistic Nature+1","Slimebound:SlimeSlap+1","Slimebound:SplitMire","Slimebound:ProtectTheBoss","Slimebound:Darklings"],"relics":["Slimebound:AbsorbEndCombat","Eternal Feather","Du-Vu Doll","Calling Bell","Regal Pillow","Letter Opener","Old Coin","Replay:Rubber Ducky","Guide Book","Centennial Puzzle","Dream Catcher","Gremlin Food","Replay:Bronze Core","Happy Flower","CatCart","Kunai","InkBottle","Calipers","Pocketwatch","Orichalcum","StoneCalendar","Garlic","Pen Nib"],"acts_visited":["Exordium","TheCity","TheBeyond","TheEnding"],"potions_floor_usage":[7,14,22,24,27,28,33,42,55,55,55],"damage_taken":[{"damage":25,"enemies":"Jaw Worm","floor":1,"turns":4},{"damage":12,"enemies":"Cultist","floor":4,"turns":4},{"damage":4,"enemies":"Small Slimes","floor":5,"turns":4},{"damage":31,"enemies":"Exordium Thugs","floor":7,"turns":4},{"damage":41,"enemies":"Exordium Wildlife","floor":8,"turns":4},{"damage":12,"enemies":"Looter","floor":12,"turns":3},{"damage":34,"enemies":"3 Sentries","floor":14,"turns":6},{"damage":67,"enemies":"Slime Boss","floor":16,"turns":10},{"damage":20,"enemies":"3 Byrds","floor":18,"turns":4},{"damage":13,"enemies":"Spheric Guardian","floor":20,"turns":3},{"damage":28,"enemies":"Snecko","floor":21,"turns":5},{"damage":16,"enemies":"Chosen and Byrds","floor":22,"turns":5},{"damage":44,"enemies":"Slavers","floor":23,"turns":4},{"damage":27,"enemies":"Shelled Parasite and Fungi","floor":24,"turns":4},{"damage":42,"enemies":"Replay:Snechameleon","floor":25,"turns":5},{"damage":65,"enemies":"Book of Stabbing","floor":27,"turns":6},{"damage":24,"enemies":"Cultist and Chosen","floor":28,"turns":4},{"damage":37,"enemies":"Snake Plant","floor":29,"turns":5},{"damage":22,"enemies":"Centurion and Healer","floor":30,"turns":4},{"damage":16,"enemies":"Sentry and Sphere","floor":31,"turns":3},{"damage":87,"enemies":"Pondfish","floor":33,"turns":9},{"damage":22,"enemies":"Orb Walker","floor":35,"turns":4},{"damage":49,"enemies":"3 Darklings","floor":36,"turns":4},{"damage":41,"enemies":"Orin","floor":38,"turns":7},{"damage":34,"enemies":"Reptomancer","floor":40,"turns":5},{"damage":66,"enemies":"Nemesis","floor":42,"turns":5},{"damage":29,"enemies":"Sphere and 2 Shapes","floor":44,"turns":3},{"damage":37,"enemies":"4 Shapes","floor":45,"turns":3},{"damage":32,"enemies":"Giant Head","floor":46,"turns":4},{"damage":32,"enemies":"Reptomancer","floor":48,"turns":4},{"damage":95,"enemies":"Time Eater","floor":50,"turns":7},{"damage":66,"enemies":"Shield and Spear","floor":54,"turns":4},{"damage":132,"enemies":"The Heart","floor":55,"turns":6}],"seed_played":"-7694063216566538086","potions_obtained":[{"floor":4,"key":"Adrenaline Potion"},{"floor":5,"key":"Explosive Potion"},{"floor":12,"key":"ColorlessPotion"},{"floor":18,"key":"hexamod:EctoCoolerPotion"},{"floor":22,"key":"AttackPotion"},{"floor":24,"key":"FairyPotion"},{"floor":27,"key":"Swift Potion"},{"floor":28,"key":"PowerPotion"},{"floor":36,"key":"Weak Potion"},{"floor":42,"key":"LiquidBronze"},{"floor":48,"key":"EntropicBrew"}],"is_trial":false,"path_per_floor":["M","?","?","M","M","R","M","M","T","R","$","M","R","E","R","B",null,"M","$","M","M","M","E","M","E","T","E","M","M","M","M","R","B",null,"M","M","$","?","T","E","R","E","T","M","M","E","?","E","R","B",null,"R","$","E","B",null],"character_chosen":"SLIMEBOUND","items_purchased":["Specialist","expansioncontent:Corrupt","expansioncontent:StudyTheSpire","Replay:Rubber Ducky","Guide Book","Sadistic Nature","Happy Flower","Garlic"],"campfire_rested":0,"item_purchase_floors":[11,11,19,19,19,37,37,53],"current_hp_per_floor":[47,34,34,42,54,54,47,26,26,35,35,47,56,50,59,28,57,61,61,64,50,58,54,47,41,41,22,38,25,27,31,49,10,52,53,28,28,35,35,49,67,39,39,42,25,69,69,69,69,18,56,69,69,63,36],"gold":36,"neow_bonus":"TEN_PERCENT_HP_BONUS","is_daily":false,"chose_seed":false,"campfire_upgraded":7,"win_rate":0.0,"timestamp":1609066532,"path_taken":["M","?","?","M","M","R","M","M","T","R","$","?","R","E","R","BOSS","M","?","M","M","?","E","M","E","T","E","M","M","M","M","R","BOSS","M","M","$","?","?","E","R","E","T","?","M","E","?","E","R","BOSS","R","$","E","BOSS"],"items_purchased_type":["Card","Card","Card","Relic","Relic","Card","Relic","Relic"],"build_version":"2020-12-22","purchased_purges":0,"victory":true,"max_hp_per_floor":[66,66,66,66,66,66,66,66,66,66,66,66,66,66,66,66,66,66,66,66,66,66,66,66,66,66,66,66,66,66,66,66,66,66,69,69,69,69,69,69,69,69,69,69,69,69,69,69,69,69,69,69,69,69,69],"card_choices":[{"not_picked":["Slimebound:ComboTackle","Slimebound:SlimeBarrage","Slimebound:ViciousTackle"],"picked":"SKIP","floor":1},{"not_picked":["Slimebound:LeechEnergy","Slimebound:RollThrough"],"picked":"Slimebound:SlimeBrawl","floor":4},{"not_picked":["Slimebound:PressTheAttack","Slimebound:SlimeSpikes"],"picked":"Slimebound:MegaLick","floor":5},{"not_picked":["Slimebound:SamplingLick","Slimebound:ViciousTackle"],"picked":"Slimebound:SplitLeeching","floor":7},{"not_picked":["Slimebound:AcidTongue","Slimebound:Repurpose"],"picked":"Slimebound:Prepare","floor":8},{"not_picked":["Slimebound:SplitLeeching","Slimebound:SlimeBarrage"],"picked":"Slimebound:RainOfGoop","floor":12},{"not_picked":["Slimebound:LivingWall","Slimebound:RejuvenatingLick","Slimebound:ComboTackle"],"picked":"SKIP","floor":14},{"not_picked":["Slimebound:DuplicatedForm","Slimebound:WasteNot"],"picked":"Slimebound:OneTwoCombo","floor":16},{"not_picked":["Slimebound:Schlurp","Slimebound:SlimeTap"],"picked":"Slimebound:SplitAcid","floor":18},{"not_picked":["Slimebound:LeechEnergy","Slimebound:FinishingTackle"],"picked":"Slimebound:SelfFormingGoo","floor":20},{"not_picked":["Slimebound:SamplingLick","Slimebound:LeechingTouch"],"picked":"Slimebound:Nibble","floor":21},{"not_picked":["Slimebound:Dissolve","Slimebound:SplitLeeching","Slimebound:DisruptingSlam"],"picked":"SKIP","floor":22},{"not_picked":["Slimebound:ComboTackle","Slimebound:Repurpose"],"picked":"Slimebound:OozeBath","floor":23},{"not_picked":["Slimebound:RainOfGoop","Slimebound:ViciousTackle"],"picked":"Slimebound:Grow","floor":24},{"not_picked":["Slimebound:Chomp","Slimebound:PrepareCrush"],"picked":"Slimebound:WasteNot","floor":25},{"not_picked":["Slimebound:SamplingLick","Slimebound:LevelUp","Slimebound:LeechingTouch+1"],"picked":"SKIP","floor":27},{"not_picked":["Slimebound:Prepare","Slimebound:LivingWall"],"picked":"Slimebound:LeechEnergy","floor":28},{"not_picked":["Slimebound:SlimeSpikes","Slimebound:RollThrough"],"picked":"Slimebound:SplitBruiser","floor":29},{"not_picked":["Slimebound:FlameTackle","Slimebound:Grow"],"picked":"Slimebound:Teamwork","floor":30},{"not_picked":["Slimebound:RollThrough","Slimebound:SlimeBrawl","Slimebound:SplitBruiser"],"picked":"SKIP","floor":31},{"not_picked":["Slimebound:DouseInSlime","Slimebound:LeechLife"],"picked":"Slimebound:MassFeed","floor":33},{"not_picked":["Slimebound:SplitBruiser","Slimebound:SlimeSpikes+1"],"picked":"Slimebound:Schlurp","floor":35},{"not_picked":["Slimebound:PressTheAttack","Slimebound:ComboTackle","Slimebound:WasteNot"],"picked":"SKIP","floor":36},{"not_picked":["Slimebound:LeechEnergy","Slimebound:ViciousTackle"],"picked":"Slimebound:SlimeSlap","floor":40},{"not_picked":["Slimebound:HungryTackle","Slimebound:SlimeSpikes+1","Slimebound:FinishingTackle"],"picked":"SKIP","floor":42},{"not_picked":["Slimebound:AcidTongue+1","Slimebound:Prepare+1"],"picked":"Slimebound:SplitMire","floor":44},{"not_picked":["Slimebound:FinishingTackle","Slimebound:ComboTackle"],"picked":"Slimebound:ProtectTheBoss","floor":45},{"not_picked":["Slimebound:SlimeSpikes","Slimebound:DisruptingSlam","Slimebound:ForwardTackle"],"picked":"SKIP","floor":46},{"not_picked":["Slimebound:FlameTackle+1","Slimebound:ComboTackle","Slimebound:OozeBath"],"picked":"SKIP","floor":48},{"not_picked":["Slimebound:SelfFormingGoo","Slimebound:MegaLick+1","Slimebound:SamplingLick"],"picked":"SKIP","floor":54}],"player_experience":212377,"relics_obtained":[{"floor":9,"key":"Eternal Feather"},{"floor":14,"key":"Du-Vu Doll"},{"floor":17,"key":"Regal Pillow"},{"floor":17,"key":"Letter Opener"},{"floor":17,"key":"Old Coin"},{"floor":23,"key":"Centennial Puzzle"},{"floor":25,"key":"Dream Catcher"},{"floor":27,"key":"Gremlin Food"},{"floor":38,"key":"CatCart"},{"floor":39,"key":"Kunai"},{"floor":40,"key":"InkBottle"},{"floor":42,"key":"Calipers"},{"floor":43,"key":"Pocketwatch"},{"floor":46,"key":"Orichalcum"},{"floor":48,"key":"StoneCalendar"},{"floor":54,"key":"Pen Nib"}],"event_choices":[{"damage_healed":0,"gold_gain":0,"player_choice":"Entered Light","damage_taken":13,"max_hp_gain":0,"max_hp_loss":0,"event_name":"Shining Light","floor":2,"gold_loss":0,"cards_upgraded":["Slimebound:Strike_Slimebound","Slimebound:Defend_Slimebound"]},{"damage_healed":0,"gold_gain":69,"player_choice":"Gained Gold","damage_taken":0,"max_hp_gain":0,"max_hp_loss":0,"event_name":"Golden Wing","floor":3,"gold_loss":0},{"damage_healed":0,"gold_gain":0,"player_choice":"Fight","damage_taken":0,"max_hp_gain":0,"max_hp_loss":0,"event_name":"OrinTheCat","floor":38,"gold_loss":0}],"is_beta":false,"boss_relics":[{"not_picked":["Coffee Dripper","Empty Cage"],"picked":"Calling Bell"},{"not_picked":["Runic Dome","Sozu"],"picked":"Replay:Bronze Core"}],"items_purged_floors":[],"is_endless":false,"potions_floor_spawned":[4,5,12,18,22,24,27,28,29,30,36,42,45,48],"ascension_level":13}}