{"host":"sav7uxregyirlf69","time":1609048737,"event":{"mods":["AchievementEnabler","BaseMod","Colored Map","DeckTracker","Keyboard Shortcuts","Minty Spire (QoL Compilation)","READ ME - Guardian Mod","StSLib","SuperFastMode"],"gold_per_floor":[110,126,201,201,201,201,213,224,306,306,365,376,401,420,420,492,492,466,123,133,162,162,162,176,189,212,262,262,262,262,262,262,262,262],"floor_reached":33,"playtime":756,"items_purged":["Strike_G"],"score":490,"play_id":"a87fb7b0-70d1-4df6-85f1-bd0e0e0ac343","local_time":"20201227145857","is_ascension_mode":true,"campfire_choices":[{"data":"Phantasmal Killer","floor":6.0,"key":"SMITH"},{"floor":15,"key":"REST"},{"data":"Tactician","floor":23,"key":"SMITH"},{"data":"Noxious Fumes","floor":32,"key":"SMITH"}],"circlet_count":0,"master_deck":["AscendersBane","Strike_G","Defend_G","Defend_G","Defend_G","Survivor+1","Neutralize+1","Acrobatics","Phantasmal Killer+1","Blade Dance","Tactician+1","Well Laid Plans","Bouncing Flask","Leg Sweep","Noxious Fumes+1","Leg Sweep+1","Blade Dance+1","After Image+1","Calculated Gamble","Flash of Steel","Prepared"],"relics":["Ring of the Snake","White Beast Statue","Art of War","Shovel","HornCleat","Astrolabe","Oddly Smooth Stone","Red Mask","Dead Branch","Vajra","Pear"],"acts_visited":["Exordium","TheCity"],"potions_floor_usage":[13,14,16,16,20,21,24,33,33],"damage_taken":[{"damage":8.0,"enemies":"Small Slimes","floor":1.0,"turns":5.0},{"damage":1.0,"enemies":"Cultist","floor":2.0,"turns":4.0},{"damage":0.0,"enemies":"Jaw Worm","floor":7.0,"turns":4.0},{"damage":0.0,"enemies":"Large Slime","floor":8.0,"turns":3.0},{"damage":8.0,"enemies":"Gremlin Nob","floor":11.0,"turns":3.0},{"damage":0.0,"enemies":"2 Fungi Beasts","floor":12.0,"turns":3.0},{"damage":29,"enemies":"Gremlin Nob","floor":13,"turns":4},{"damage":0,"enemies":"Exordium Thugs","floor":14,"turns":3},{"damage":15,"enemies":"The Guardian","floor":16,"turns":11},{"damage":7,"enemies":"2 Thieves","floor":18,"turns":4},{"damage":3,"enemies":"Shell Parasite","floor":20,"turns":4},{"damage":2,"enemies":"Masked Bandits","floor":21,"turns":3},{"damage":16,"enemies":"Cultist and Chosen","floor":24,"turns":6},{"damage":0,"enemies":"Centurion and Healer","floor":25,"turns":5},{"damage":37,"enemies":"Automaton","floor":33,"turns":8}],"seed_played":"6942960669300464444","potions_obtained":[{"floor":2.0,"key":"AttackPotion"},{"floor":8.0,"key":"SmokeBomb"},{"floor":11.0,"key":"ColorlessPotion"},{"floor":12.0,"key":"Dexterity Potion"},{"floor":13,"key":"ColorlessPotion"},{"floor":14,"key":"Swift Potion"},{"floor":16,"key":"Energy Potion"},{"floor":18,"key":"Fire Potion"},{"floor":20,"key":"BlessingOfTheForge"},{"floor":21,"key":"SpeedPotion"},{"floor":24,"key":"Poison Potion"},{"floor":25,"key":"SkillPotion"}],"is_trial":false,"path_per_floor":["M","M","?","?","?","R","M","M","T","?","?","M","E","M","R","B",null,"M","$","M","?","?","R","M","M","T","?","?","T","?","?","R","B"],"character_chosen":"THE_SILENT","items_purchased":["Flash of Steel","Oddly Smooth Stone"],"campfire_rested":1,"item_purchase_floors":[19,19],"current_hp_per_floor":[36,35,24,4,66,66,66,66,66,48,40,40,11,11,30,15,53,46,46,43,41,41,41,25,25,25,25,25,35,35,35,35,0,0],"gold":262,"neow_bonus":"TRANSFORM_TWO_CARDS","is_daily":false,"chose_seed":false,"campfire_upgraded":3,"win_rate":0.0,"timestamp":1609048737,"path_taken":["M","M","?","?","?","R","M","?","T","?","?","M","E","M","R","BOSS","M","$","M","?","?","R","?","M","T","?","?","?","?","?","R","BOSS"],"items_purchased_type":["Card","Relic"],"build_version":"2020-12-22","purchased_purges":1,"victory":false,"max_hp_per_floor":[66,66,66,66,66,66,66,66,66,66,66,66,66,66,66,66,66,66,66,66,66,66,66,66,66,66,66,66,76,76,76,76,76,76],"card_choices":[{"not_picked":["Sucker Punch","Flying Knee"],"picked":"Blade Dance","floor":1.0},{"not_picked":["Well Laid Plans","Catalyst"],"picked":"Tactician","floor":2.0},{"not_picked":["Outmaneuver","Setup"],"picked":"Well Laid Plans","floor":7.0},{"not_picked":["Blade Dance","Night Terror"],"picked":"Bouncing Flask","floor":8.0},{"not_picked":["Blur","Slice"],"picked":"Leg Sweep","floor":11.0},{"not_picked":["Backflip","Predator","Poisoned Stab"],"picked":"SKIP","floor":12.0},{"not_picked":["Outmaneuver","Cloak And Dagger","Crippling Poison"],"picked":"SKIP","floor":13},{"not_picked":["Riddle With Holes","Dagger Spray"],"picked":"Noxious Fumes","floor":14},{"not_picked":["Dagger Throw","Blade Dance"],"picked":"Calculated Gamble","floor":18},{"not_picked":["Eviscerate","Dodge and Roll","Masterful Stab"],"picked":"SKIP","floor":20},{"not_picked":["Backflip","PiercingWail"],"picked":"Prepared","floor":21},{"not_picked":["Sucker Punch","Prepared","Bane"],"picked":"SKIP","floor":24},{"not_picked":["Acrobatics","Underhanded Strike","Poisoned Stab"],"picked":"SKIP","floor":25}],"player_experience":1016881,"relics_obtained":[{"floor":9.0,"key":"White Beast Statue"},{"floor":11.0,"key":"Shovel"},{"floor":13,"key":"HornCleat"},{"floor":21,"key":"Red Mask"},{"floor":26,"key":"Vajra"},{"floor":29,"key":"Pear"}],"event_choices":[{"damage_healed":0.0,"max_hp_gain":0.0,"max_hp_loss":0.0,"gold_gain":75.0,"event_name":"World of Goop","player_choice":"Gather Gold","floor":3.0,"gold_loss":0.0,"damage_taken":11.0},{"damage_healed":0.0,"max_hp_gain":0.0,"max_hp_loss":0.0,"gold_gain":0.0,"event_name":"Shining Light","player_choice":"Entered Light","floor":4.0,"gold_loss":0.0,"damage_taken":20.0,"cards_upgraded":["Survivor","Neutralize"]},{"damage_healed":62.0,"max_hp_gain":0.0,"max_hp_loss":0.0,"gold_gain":0.0,"event_name":"Wheel of Change","player_choice":"Full Heal","floor":5.0,"gold_loss":0.0,"damage_taken":0.0},{"damage_healed":0.0,"max_hp_gain":0.0,"max_hp_loss":0.0,"gold_gain":0.0,"event_name":"Scrap Ooze","player_choice":"Success","floor":10.0,"gold_loss":0.0,"damage_taken":18.0,"relics_obtained":["Art of War"]},{"damage_healed":0.0,"max_hp_gain":0.0,"max_hp_loss":0.0,"gold_gain":0.0,"event_name":"Dead Adventurer","player_choice":"Searched \u00271\u0027 times","floor":11.0,"gold_loss":0.0,"damage_taken":0.0},{"damage_healed":0,"gold_gain":0,"player_choice":"Fought Bandits","damage_taken":0,"max_hp_gain":0,"max_hp_loss":0,"event_name":"Masked Bandits","floor":21,"gold_loss":0},{"damage_healed":0,"gold_gain":0,"player_choice":"Gave Potion","damage_taken":0,"relics_obtained":["Dead Branch"],"max_hp_gain":0,"max_hp_loss":0,"event_name":"WeMeetAgain","floor":22,"gold_loss":0},{"damage_healed":0,"gold_gain":50,"player_choice":"Stole From Cult","damage_taken":0,"max_hp_gain":0,"max_hp_loss":0,"event_name":"Nest","floor":27,"gold_loss":0},{"damage_healed":0,"gold_gain":0,"player_choice":"Ignored","damage_taken":0,"max_hp_gain":0,"max_hp_loss":0,"event_name":"Cursed Tome","floor":28,"gold_loss":0},{"damage_healed":0,"gold_gain":0,"player_choice":"Ignored","damage_taken":0,"max_hp_gain":0,"max_hp_loss":0,"event_name":"Ghosts","floor":30,"gold_loss":0},{"damage_healed":0,"gold_gain":0,"player_choice":"Ignored","damage_taken":0,"max_hp_gain":0,"max_hp_loss":0,"event_name":"Vampires","floor":31,"gold_loss":0}],"is_beta":false,"boss_relics":[{"not_picked":["Runic Dome","Philosopher\u0027s Stone"],"picked":"Astrolabe"}],"items_purged_floors":[19],"is_endless":false,"potions_floor_spawned":[2,8,11,12,13,14,16,18,20,21,24,25],"killed_by":"Automaton","ascension_level":20}}