{"host":"t7rtdu4954o308h4","time":1609041785,"event":{"mods":["ATMod(阿瑾Mod)","AchievementEnabler","Act Like it!","BaseMod","Conspire","Minty Spire (QoL Compilation)","MostiFishMod","Replay The Spire","StSLib","TestMod","Waifu the Spire","【功能Mod】聪明的最终Boss","【遗物卡牌】REMEMod","残留之物"],"gold_per_floor":[114,129,129,144,159,189,39,39,39,39,84,114,114,129,129,229,229,229,229,244,19,19,19,34,64,64,64,79,94,94,109,109,309,309,324,324,359,109,124,254,269,284,309,439,439,39,54,54,54,154],"floor_reached":51,"playtime":3207,"items_purged":["Strike_B","Defend_P"],"score":1091,"play_id":"fe850d58-6a52-494e-9672-34b948b86dfa","local_time":"20201227120305","daily_mods":["Chimera","Red Cards","Lethality"],"is_ascension_mode":false,"campfire_choices":[{"data":"MostiFishMod:AdrenalineArouse","floor":8,"key":"SMITH"},{"data":"Armaments","floor":13,"key":"SMITH"},{"data":"Massacre","floor":15,"key":"SMITH"},{"data":"AT_FamilyPortrait","floor":19,"key":"SMITH"},{"data":"ReplayTheSpireMod:Strike From Hell","floor":23,"key":"SMITH"},{"data":"MostiFishMod:Listen","floor":30,"key":"SMITH"},{"data":"Inflame","floor":32,"key":"SMITH"},{"data":"Outmaneuver","floor":45,"key":"SMITH"},{"floor":49,"key":"REST"}],"circlet_count":0,"master_deck":["Bash","Survivor","Zap","Eruption","Strike_R+1","Strike_G+1","AT_FamilyPortrait+1","Jack Of All Trades+1","Outmaneuver+1","Massacre+1","Bludgeon","Defy Death","MostiFishMod:AdrenalineArouse+1","Armaments+1","Inflame+1","Envenom","ReplayTheSpireMod:Strike From Hell+1","ReplayTheSpireMod:Scrap Shanks+1","MostiFishMod:Listen+1","MostiFishMod:Opportunism","MostiFishMod:InvigoratingSolution+1","Seeing Red+1","Hidden Blade+1","REME_SingleHolding+1","REME_MagicPocketWatch"],"relics":["Ring of the Snake","DaveBox","testmod-TestBox","REME_ComplimentaryCards","AT_ATBox","testmod-Register","EGODaCapo","SynthV:TestCard","testmod-IndustrialRevolution","ChiLing","Chi","Ling","Sundial","Dead Branch","ChewingGum","Toolbox","HornCleat","AT_TheCollector","Black Star","AT_ChloranthyRing","testmod-TurbochargingSystem","Bottled Lightning","Orichalcum","Bag of Marbles","testmod-AssaultLearning","Replay:Bottled Snecko","Regal Pillow"],"acts_visited":["Exordium","TheCity","TheBeyond"],"potions_floor_usage":[11,12,25],"damage_taken":[{"damage":0,"enemies":"2 Louse","floor":1,"turns":1},{"damage":0,"enemies":"Small Slimes","floor":2,"turns":2},{"damage":0,"enemies":"Cultist","floor":4,"turns":3},{"damage":0,"enemies":"Blue Slaver","floor":5,"turns":3},{"damage":22,"enemies":"Lagavulin","floor":6,"turns":4},{"damage":6,"enemies":"Red Slaver","floor":11,"turns":2},{"damage":1,"enemies":"Gremlin Nob","floor":12,"turns":2},{"damage":1,"enemies":"Exordium Wildlife","floor":14,"turns":1},{"damage":9,"enemies":"Hexaghost","floor":16,"turns":5},{"damage":0,"enemies":"Shell Parasite","floor":18,"turns":1},{"damage":2,"enemies":"2 Thieves","floor":20,"turns":1},{"damage":2,"enemies":"Shelled Parasite and Fungi","floor":24,"turns":2},{"damage":2,"enemies":"Book of Stabbing","floor":25,"turns":2},{"damage":1,"enemies":"3 Cultists","floor":28,"turns":1},{"damage":2,"enemies":"Snake Plant","floor":29,"turns":1},{"damage":2,"enemies":"Cultist and Chosen","floor":31,"turns":1},{"damage":2,"enemies":"conspire:MysteriousRune","floor":33,"turns":2},{"damage":2,"enemies":"3 Darklings","floor":35,"turns":1},{"damage":1,"enemies":"3 Shapes","floor":37,"turns":1},{"damage":32,"enemies":"Transient","floor":39,"turns":5},{"damage":2,"enemies":"Nemesis","floor":40,"turns":3},{"damage":3,"enemies":"Maw","floor":41,"turns":2},{"damage":1,"enemies":"Sphere and 2 Shapes","floor":42,"turns":1},{"damage":3,"enemies":"Reptomancer","floor":44,"turns":1},{"damage":3,"enemies":"Spire Growth","floor":47,"turns":1},{"damage":40,"enemies":"Time Eater","floor":50,"turns":5}],"seed_played":"4726349093531193793","potions_obtained":[{"floor":4,"key":"Doom Potion"},{"floor":6,"key":"LiquidMemories"},{"floor":11,"key":"Energy Potion"},{"floor":14,"key":"CunningPotion"},{"floor":31,"key":"Adrenaline Potion"},{"floor":40,"key":"PowerPotion"}],"is_trial":false,"path_per_floor":["M","M","?","M","M","E","$","R","T","?","M","E","R","M","R","B",null,"M","R","M","$","?","R","M","E","T","?","M","M","R","M","R","B",null,"M","?","M","$","M","E","M","M","T","E","R","$","M","?","R","B",null],"character_chosen":"THE_SILENT","items_purchased":["ChiLing","Toolbox","AT_ChloranthyRing","Replay:Bottled Snecko","Regal Pillow"],"campfire_rested":1,"item_purchase_floors":[7,21,38,46,46],"current_hp_per_floor":[70,70,56,56,56,34,34,34,34,34,28,32,32,31,31,22,70,70,70,68,68,68,68,66,64,64,64,63,61,61,59,59,57,70,68,68,67,67,41,39,36,35,35,32,32,32,29,29,65,25],"gold":154,"neow_bonus":"","is_daily":true,"chose_seed":false,"campfire_upgraded":8,"win_rate":0.0,"timestamp":1609041785,"path_taken":["M","M","?","M","M","E","$","R","T","?","?","E","R","M","R","BOSS","M","M","M","$","?","R","M","E","T","?","?","M","R","M","R","BOSS","M","?","?","?","M","E","M","M","T","E","R","?","M","?","R","BOSS"],"items_purchased_type":["Relic","Relic","Relic","Relic","Relic"],"build_version":"2020-12-22","purchased_purges":2,"victory":true,"max_hp_per_floor":[70,70,70,70,70,70,70,70,70,70,70,70,70,70,70,70,70,70,70,70,70,70,70,70,70,70,70,70,70,70,70,70,70,70,70,70,70,70,70,70,70,70,70,70,70,70,70,70,70,70],"card_choices":[{"not_picked":["Clothesline","Flying Knee"],"picked":"Outmaneuver","floor":1},{"not_picked":["Dagger Spray","Dagger Throw","Replay:Undeath\u0027s Touch","AT_ThistleTea"],"picked":"Massacre","floor":2},{"not_picked":["AT_WindFlip","AT_ManFootWork","Cloak And Dagger","Clothesline"],"picked":"Bludgeon","floor":4},{"not_picked":["Backstab","True Grit","Rupture","REME_SingleHolding"],"picked":"Defy Death","floor":5},{"not_picked":["Bane","Feel No Pain","Blade Dance","Caltrops"],"picked":"MostiFishMod:AdrenalineArouse","floor":6},{"not_picked":["Headbutt","AT_BodySlamDance","Expertise","Escape Plan"],"picked":"Armaments","floor":11},{"not_picked":["Armaments","Perfected Strike","Shockwave","MostiFishMod:#F4004"],"picked":"Inflame","floor":12},{"not_picked":["Underhanded Strike","True Grit","Clothesline","Massacre","Wild Strike"],"picked":"SKIP","floor":14},{"not_picked":["Double Tap","Bludgeon","MostiFishMod:UltimateDefense","MostiFishMod:HellRitual"],"picked":"Envenom","floor":16},{"not_picked":["Perfected Strike+1","Sword Boomerang+1","Dodge and Roll","Sucker Punch"],"picked":"ReplayTheSpireMod:Strike From Hell","floor":20},{"not_picked":["conspire:Charge+1","ReplayTheSpireMod:The Works","Metallicize","Acrobatics+1","Iron Wave"],"picked":"SKIP","floor":24},{"not_picked":["Crippling Poison","Poisoned Stab","Body Slam+1","Armaments+1","Replay:Undeath\u0027s Touch"],"picked":"SKIP","floor":25},{"not_picked":["Poisoned Stab+1","AT_FocusSwordFire","Quick Slash","Bloodletting"],"picked":"ReplayTheSpireMod:Scrap Shanks+1","floor":28},{"not_picked":["Replay:Undeath\u0027s Touch+1","Headbutt","Iron Wave+1","Calculated Gamble"],"picked":"MostiFishMod:Listen","floor":29},{"not_picked":["Backflip","AT_TinkerSharpsword","ReplayTheSpireMod:Scrap Shanks","Twin Strike","Iron Wave+1"],"picked":"SKIP","floor":31},{"not_picked":["MostiFishMod:FlyOverUtopia","Demon Form","MostiFishMod:NewArrival","MostiFishMod:Dislodge"],"picked":"MostiFishMod:Opportunism","floor":33},{"not_picked":["Metallicize","Infinite Blades","Choke","Sucker Punch+1"],"picked":"MostiFishMod:InvigoratingSolution+1","floor":35},{"not_picked":["Spot Weakness+1","Dodge and Roll+1","MostiFishMod:InvigoratingSolution+1","REME_GreenPollution+1"],"picked":"Seeing Red+1","floor":37},{"not_picked":["Feel No Pain","Twin Strike","PiercingWail","Prepared","MostiFishMod:ThornCasing"],"picked":"SKIP","floor":39},{"not_picked":["ReplayTheSpireMod:Scrap Shanks","Deflect","Twin Strike+1","Deadly Poison","Glass Knife"],"picked":"SKIP","floor":40},{"not_picked":["Backflip+1","Headbutt+1","REME_GrazeFinale","Warcry"],"picked":"Hidden Blade+1","floor":41},{"not_picked":["Pommel Strike","Hidden Blade","Replay:Poison Smokescreen+1","Clothesline"],"picked":"REME_SingleHolding+1","floor":42},{"not_picked":["Reflex","Clothesline+1","Quick Slash+1","Hidden Blade","Perfected Strike"],"picked":"SKIP","floor":44},{"not_picked":["Dagger Spray+1","Caltrops","Dodge and Roll","Entrench+1","Fluid Movement"],"picked":"SKIP","floor":47},{"not_picked":["testmod-ConditionedReflex","testmod-TemporaryDeletion","Master of Strategy","ReplayTheSpireMod:Trickstab"],"picked":"REME_MagicPocketWatch","floor":48}],"player_experience":38739,"relics_obtained":[{"floor":1,"key":"SynthV:TestCard"},{"floor":6,"key":"testmod-IndustrialRevolution"},{"floor":9,"key":"Sundial"},{"floor":12,"key":"Dead Branch"},{"floor":25,"key":"HornCleat"},{"floor":26,"key":"AT_TheCollector"},{"floor":40,"key":"testmod-TurbochargingSystem"},{"floor":40,"key":"Bottled Lightning"},{"floor":43,"key":"Orichalcum"},{"floor":44,"key":"Bag of Marbles"},{"floor":44,"key":"testmod-AssaultLearning"}],"event_choices":[{"damage_healed":0,"gold_gain":0,"player_choice":"Entered Light","damage_taken":14,"max_hp_gain":0,"max_hp_loss":0,"event_name":"Shining Light","floor":3,"gold_loss":0,"cards_upgraded":["Strike_G","Strike_R"]},{"cards_removed":["Defend_R"],"damage_healed":0,"gold_gain":0,"player_choice":"Offered Basic","damage_taken":0,"max_hp_gain":0,"max_hp_loss":0,"event_name":"Bonfire Elementals","floor":10,"gold_loss":0},{"cards_removed":["Defend_G"],"damage_healed":0,"gold_gain":0,"player_choice":"Purged","damage_taken":0,"max_hp_gain":0,"max_hp_loss":0,"event_name":"Purifier","floor":27,"gold_loss":0},{"damage_healed":0,"gold_gain":0,"player_choice":"Upgraded","damage_taken":0,"max_hp_gain":0,"max_hp_loss":0,"event_name":"Upgrade Shrine","floor":36,"gold_loss":0,"cards_upgraded":["Jack Of All Trades"]},{"damage_healed":0,"gold_gain":0,"player_choice":"Memory 1","damage_taken":0,"max_hp_gain":0,"max_hp_loss":0,"event_name":"SensoryStone","floor":48,"gold_loss":0}],"is_beta":false,"boss_relics":[{"not_picked":["Ectoplasm","testmod-PortableAltar"],"picked":"ChewingGum"},{"not_picked":["WristBlade","Painkiller Herb"],"picked":"Black Star"}],"items_purged_floors":[21,38],"is_endless":false,"potions_floor_spawned":[4,6,11,14,20,24,31,33,35,37,40,41],"ascension_level":0}}