{"host":"hfxahm4y1ssattqc","time":1609112497,"event":{"mods":["2.2 Compatiblity","Act Like it!","BaseMod","Beaked The Cultist","BetterRewards","Colored Map","Colored Powertips","Custom Start","Googly Eyes","Halation","Hallownest","Highlight Path","Hubris","Mimic Mod","Minty Spire (QoL Compilation)","Shop Mod","Spikes Relics","StSLib","The Bug Knight","The IronCluck","The Jungle","Unknown Chances","slay the spire mod where everything is the same but ironclad has a cowboy hat"],"gold_per_floor":[112,112,128,49,224,255,255,275,275,294,307,319,319,319],"floor_reached":13,"playtime":416,"items_purged":[],"score":87,"play_id":"e373f95c-2f91-4a63-94e7-9eaadfd87613","local_time":"20201227154137","is_ascension_mode":false,"campfire_choices":[],"circlet_count":0,"master_deck":["Strike_R","Strike_R","Strike_R","Strike_R","Strike_R","Defend_R","Defend_R","Defend_R","Defend_R","Bash","hubris:CleavingFinish","Anger","Doubt","Flex","Disarm","Anger","Combust"],"relics":["halation:SimulatedSpire","halation:LostSnail","hubris:Reverence","hubris:Towel","Du-Vu Doll"],"acts_visited":["Exordium"],"potions_floor_usage":[6,6],"damage_taken":[{"damage":6,"enemies":"Jaw Worm","floor":1,"turns":3},{"damage":1,"enemies":"Cultist","floor":3,"turns":3},{"damage":31,"enemies":"Lagavulin","floor":6,"turns":4},{"damage":0,"enemies":"2 Louse","floor":8,"turns":2},{"damage":5,"enemies":"Looter","floor":10,"turns":3},{"damage":17,"enemies":"Large Slime","floor":11,"turns":6},{"damage":4,"enemies":"Exordium Wildlife","floor":12,"turns":4},{"damage":37,"enemies":"3 Sentries","floor":13,"turns":5}],"seed_played":"8227100210166667541","potions_obtained":[{"floor":1,"key":"BloodPotion"},{"floor":2,"key":"DistilledChaos"},{"floor":2,"key":"ElixirPotion"},{"floor":11,"key":"SmokeBomb"}],"is_trial":false,"path_per_floor":["M","?","M","$","?","E","?","M","T","M","M","M","E"],"character_chosen":"IRONCLAD","items_purchased":["halation:LostSnail"],"campfire_rested":0,"item_purchase_floors":[4],"current_hp_per_floor":[74,74,73,73,73,58,58,58,58,53,36,32,0,0],"gold":319,"neow_bonus":"SIMULATED_SPIRE","is_daily":false,"chose_seed":false,"campfire_upgraded":0,"win_rate":0.0,"timestamp":1609112497,"path_taken":["M","?","?","$","?","E","?","M","T","M","M","M","E"],"items_purchased_type":["Relic"],"build_version":"2020-12-22","purchased_purges":0,"victory":false,"max_hp_per_floor":[80,80,80,80,80,80,80,80,80,80,80,80,80,80],"card_choices":[{"not_picked":["Perfected Strike","hubris:ReadiedAction"],"picked":"hubris:CleavingFinish","floor":1},{"not_picked":["hubris:ReadiedAction","Sword Boomerang"],"picked":"Anger","floor":3},{"not_picked":["Cleave","Headbutt"],"picked":"Flex","floor":6},{"not_picked":["Sword Boomerang","Hemokinesis","Burning Pact"],"picked":"SKIP","floor":8},{"not_picked":["Whirlwind","Hemokinesis"],"picked":"Disarm","floor":10},{"not_picked":["Hemokinesis","Evolve","Clothesline"],"picked":"SKIP","floor":10},{"not_picked":["Warcry","Iron Wave"],"picked":"Anger","floor":11},{"not_picked":["Headbutt","Dual Wield","Wild Strike"],"picked":"SKIP","floor":11},{"not_picked":["Warcry","Body Slam"],"picked":"Combust","floor":12}],"player_experience":836580,"relics_obtained":[{"floor":6,"key":"hubris:Reverence"},{"floor":9,"key":"Du-Vu Doll"}],"event_choices":[{"damage_healed":0,"gold_gain":0,"player_choice":"Got Potions","damage_taken":0,"max_hp_gain":0,"max_hp_loss":0,"event_name":"Lab","floor":2,"gold_loss":0},{"damage_healed":0,"gold_gain":175,"player_choice":"AGREE","damage_taken":0,"max_hp_gain":0,"max_hp_loss":0,"event_name":"Liars Game","floor":5,"gold_loss":0,"cards_obtained":["Doubt"]}],"is_beta":false,"boss_relics":[],"items_purged_floors":[],"is_endless":false,"potions_floor_spawned":[1,11],"killed_by":"3 Sentries","ascension_level":0}}