{"host":"kw4o7b3ro2ktmmbe","time":1609044029,"event":{"mods":["BaseMod","Evolution","Minty Spire (QoL Compilation)","StSLib","The Death Knight","Treasure Hunter"],"gold_per_floor":[386,386,399,416,366,366,377,377,377,390,390,13,13,0,0,101,101,101],"floor_reached":17,"playtime":699,"items_purged":["DeathKnight:UnholyFrenzy"],"score":214,"play_id":"971250a9-7abf-42e3-9623-48df78a87476","local_time":"20201227174029","is_ascension_mode":true,"campfire_choices":[{"data":"DeathKnight:Defile","floor":6.0,"key":"SMITH"},{"data":"DeathKnight:Hysteria","floor":11,"key":"SMITH"},{"data":"DeathKnight:BladedArmor","floor":13,"key":"SMITH"},{"floor":15,"key":"REST"}],"circlet_count":0,"master_deck":["DeathKnight:DeathAndDecay","DeathKnight:DeathAndDecay","DeathKnight:DeathAndDecay","DeathKnight:DeathAndDecay","DeathKnight:RuneTap","DeathKnight:BloodBoil","DeathKnight:Defile+1","DeathKnight:Contagion","DeathKnight:DeathCoil","DeathKnight:PlagueStrike","DeathKnight:BladedArmor+1","TH:BikiniMail","DeathKnight:Hysteria+1","TH:ElvenBoots","DeathKnight:SindragosasBreath+1","DeathKnight:BoneStorm+1","DeathKnight:FrostStrike+1","DeathKnight:Runeguard+1"],"relics":["EVO:Axolotl","Pandora\u0027s Box","DeathKnight:TomeOfFrostSpecialization","HandDrill","Ancient Tea Set","Astrolabe"],"acts_visited":["Exordium","TheCity"],"potions_floor_usage":[16],"damage_taken":[{"damage":0.0,"enemies":"2 Louse","floor":1.0,"turns":2.0},{"damage":8.0,"enemies":"Small Slimes","floor":3.0,"turns":2.0},{"damage":5.0,"enemies":"Jaw Worm","floor":4.0,"turns":3.0},{"damage":0,"enemies":"2 Fungi Beasts","floor":7,"turns":2},{"damage":6,"enemies":"Exordium Wildlife","floor":10,"turns":3},{"damage":58,"enemies":"The Guardian","floor":16,"turns":6}],"seed_played":"-2097494071492613456","potions_obtained":[{"floor":4.0,"key":"Dexterity Potion"},{"floor":10,"key":"FearPotion"},{"floor":16,"key":"Weak Potion"}],"is_trial":false,"path_per_floor":["M","?","M","M","?","R","M","?","T","M","R","$","R","?","R","B",null],"character_chosen":"DEATH_KNIGHT","items_purchased":["HandDrill","Ancient Tea Set"],"campfire_rested":1,"item_purchase_floors":[12,12],"current_hp_per_floor":[68,68,60,55,55,55,55,55,55,49,49,49,49,49,71,13,60,60],"gold":101,"neow_bonus":"BOSS_RELIC","is_daily":false,"chose_seed":false,"campfire_upgraded":3,"win_rate":0.0,"timestamp":1609044029,"path_taken":["M","?","M","M","?","R","M","?","T","M","R","$","R","?","R","BOSS"],"items_purchased_type":["Relic","Relic"],"build_version":"2020-12-22","purchased_purges":1,"victory":false,"max_hp_per_floor":[75,75,75,75,75,75,75,75,75,75,75,75,75,75,75,75,75,75],"card_choices":[{"not_picked":["DeathKnight:DeathCoil","DeathKnight:Lichborne"],"picked":"DeathKnight:Contagion","floor":1.0},{"not_picked":["DeathKnight:FrostStrike","DeathKnight:HornOfWinter"],"picked":"DeathKnight:DeathCoil","floor":3.0},{"not_picked":["DeathKnight:RuneShock","DeathKnight:BloodPact"],"picked":"DeathKnight:PlagueStrike","floor":4.0},{"not_picked":["DeathKnight:BloodEchoes","DeathKnight:IceboundArmor"],"picked":"DeathKnight:BladedArmor","floor":7},{"not_picked":["TH:EnergyPotion"],"picked":"TH:BikiniMail","floor":9},{"not_picked":["DeathKnight:BloodEchoes","DeathKnight:BoneSpear"],"picked":"DeathKnight:Hysteria","floor":10},{"not_picked":["TH:CopperCoins"],"picked":"TH:ElvenBoots","floor":16},{"not_picked":["DeathKnight:Runesurge","DeathKnight:BoneStorm"],"picked":"DeathKnight:SindragosasBreath+1","floor":16}],"player_experience":1860309,"relics_obtained":[{"floor":9,"key":"DeathKnight:TomeOfFrostSpecialization"}],"event_choices":[{"damage_healed":0.0,"max_hp_gain":0.0,"max_hp_loss":0.0,"gold_gain":0.0,"event_name":"Liars Game","player_choice":"Ignored","floor":2.0,"gold_loss":0.0,"damage_taken":0.0},{"cards_removed":["DeathKnight:Obliterate"],"damage_healed":0.0,"max_hp_gain":0.0,"max_hp_loss":0.0,"gold_gain":0.0,"event_name":"The Cleric","player_choice":"Card Removal","floor":5.0,"gold_loss":50.0,"damage_taken":0.0},{"damage_healed":0,"gold_gain":0,"player_choice":"Ignored","damage_taken":0,"max_hp_gain":0,"max_hp_loss":0,"event_name":"Golden Idol","floor":8,"gold_loss":0},{"damage_healed":0,"gold_gain":0,"player_choice":"Left Gold","damage_taken":0,"max_hp_gain":0,"max_hp_loss":0,"event_name":"World of Goop","floor":14,"gold_loss":13}],"is_beta":false,"boss_relics":[{"not_picked":["Black Star","Coffee Dripper"],"picked":"Astrolabe"}],"items_purged_floors":[12],"is_endless":false,"potions_floor_spawned":[4,10,16],"ascension_level":6}}