{"host":"wx0faojc3iccakqy","time":1609070751,"event":{"mods":["Act Like it!","Ascension Reborn","BaseMod","BetterRewards","Colored Map","Colored Powertips","Downfall","Infinite Spire","Minty Spire (QoL Compilation)","Pale of the Ancients","Permanent Neow","Quick Restart","Replay The Spire","StSLib","The Jungle"],"gold_per_floor":[113,133,133,133,63,63,74,74,101,123,135,147,9,24,24,129,129,139,139,39,39,39,39,39,39,114,114,114,127,127,127,127,223,223,239,249,249,249,249,249,249,279,306,306,306,4,4,4,4,4],"floor_reached":51,"playtime":2138,"items_purged":["PiercingWail","Heel Hook","Sucker Punch"],"score":478,"play_id":"462fe872-443e-4998-922e-ab61575adba7","local_time":"20201227060551","daily_mods":["Draft","Heirloom","Time Dilation","Flight"],"is_ascension_mode":true,"campfire_choices":[{"data":"Toxin Wave","floor":6,"key":"SMITH"},{"data":"Catalyst","floor":8,"key":"SMITH"},{"data":"Toxin Wave","floor":15,"key":"SMITH"},{"data":"Replay:Bag of Tricks","floor":23,"key":"SMITH"},{"data":"Backflip","floor":24,"key":"SMITH"},{"data":"Poisoned Stab","floor":25,"key":"SMITH"},{"data":"Slice","floor":30,"key":"SMITH"},{"floor":32,"key":"REST"},{"floor":40,"key":"REST"},{"floor":41,"key":"REST"},{"data":"Slice","floor":44,"key":"SMITH"},{"floor":47,"key":"REST"},{"data":"Poison Darts","floor":49,"key":"SMITH"}],"circlet_count":0,"master_deck":["Deadly Poison","Slice+1","Deflect","Slice+1","Deflect","Catalyst+1","Noxious Fumes+1","Deadly Poison","Toxin Wave+1","Catalyst+1","Poisoned Stab+1","Toxin Wave+1","Backflip+1","Replay:Bag of Tricks+1","infinitespire:Neurotoxin+1","Poison Darts+1"],"relics":["Ring of the Snake","Replay:Kaleidoscope","MawBank","Busted Crown","infinitespire:Broken Mirror","Ring of Chaos","Prayer Wheel","Snake Skull","Toolbox"],"acts_visited":["Exordium","Exordium","TheBeyond"],"potions_floor_usage":[16,16,29,50],"damage_taken":[{"damage":1,"enemies":"infinitespire:Voidling","floor":1,"turns":2},{"damage":0,"enemies":"Cultist","floor":2,"turns":2},{"damage":0,"enemies":"2 Louse","floor":7,"turns":1},{"damage":2,"enemies":"Exordium Thugs","floor":10,"turns":3},{"damage":2,"enemies":"2 Fungi Beasts","floor":14,"turns":2},{"damage":0,"enemies":"Slime Boss","floor":16,"turns":3},{"damage":4,"enemies":"theJungle:5_Spyders","floor":18,"turns":3},{"damage":4,"enemies":"theJungle:Flameango_and_Byrd","floor":29,"turns":3},{"damage":26,"enemies":"theJungle:FunGuy","floor":33,"turns":5},{"damage":18,"enemies":"3 Darklings","floor":35,"turns":3},{"damage":27,"enemies":"3 Shapes","floor":36,"turns":3},{"damage":22,"enemies":"Giant Head","floor":42,"turns":5},{"damage":80,"enemies":"Time Eater","floor":50,"turns":6}],"seed_played":"-1944052291858368767","potions_obtained":[{"floor":1,"key":"Ancient Potion"},{"floor":7,"key":"PowerPotion"},{"floor":14,"key":"Block Potion"},{"floor":29,"key":"SteroidPotion"},{"floor":33,"key":"sneckomod:MuddlingPotion"},{"floor":42,"key":"ColorlessPotion"}],"is_trial":true,"path_per_floor":["M","M","WH","WH","$","R","M","R","T","M","WH","WH","$","M","R","B",null,"M","AVR","$","WH","WH","R","R","R","T","WH","WH","M","R","?","R","B",null,"M","M","WH","WH","WH","R","R","E","T","R","?","$","R","$","R","B",null],"character_chosen":"THE_SILENT","items_purchased":["Toxin Wave","Toxin Wave","Poison Darts","Toolbox"],"campfire_rested":4,"item_purchase_floors":[5,13,46,46],"current_hp_per_floor":[69,69,76,76,76,76,76,76,76,74,74,74,74,72,72,72,77,73,73,73,73,57,57,57,57,57,57,57,53,53,43,66,40,77,59,32,39,39,39,64,84,62,62,62,62,62,84,84,84,4],"gold":4,"neow_bonus":"UPGRADE_CARD","is_daily":false,"chose_seed":false,"campfire_upgraded":9,"win_rate":0.0,"timestamp":1609070751,"path_taken":["M","M","WH","WH","$","R","M","R","T","?","WH","WH","$","M","R","BOSS","M","AVR","$","WH","WH","R","R","R","T","WH","WH","M","R","?","R","BOSS","M","M","WH","WH","WH","R","R","E","T","R","?","$","R","$","R","BOSS"],"items_purchased_type":["Card","Card","Card","Relic"],"build_version":"2020-12-22","purchased_purges":3,"victory":true,"max_hp_per_floor":[70,70,77,77,77,77,77,77,77,77,77,77,77,77,77,77,77,77,77,77,77,77,77,77,77,77,77,77,77,77,77,77,77,77,77,77,84,84,84,84,84,84,84,84,84,84,84,84,84,84],"card_choices":[{"not_picked":["Prepared","Terror"],"picked":"Quick Slash","floor":0},{"not_picked":["Tactician","Dagger Throw"],"picked":"PiercingWail","floor":0},{"not_picked":["Deflect","PiercingWail"],"picked":"Deadly Poison","floor":0},{"not_picked":["Bane","Underhanded Strike"],"picked":"Slice","floor":0},{"not_picked":["Blade Dance","Hidden Blade"],"picked":"Flying Knee","floor":0},{"not_picked":["Infinite Blades","Eviscerate"],"picked":"Deadly Poison","floor":0},{"not_picked":["Outmaneuver","Blade Dance"],"picked":"Sucker Punch","floor":0},{"not_picked":["Blade Dance","Accuracy"],"picked":"Heel Hook","floor":0},{"not_picked":["Finisher","Fluid Movement"],"picked":"Dodge and Roll","floor":0},{"not_picked":["Flying Knee","Dodge and Roll"],"picked":"Deflect","floor":0},{"not_picked":["Sucker Punch","Quick Slash"],"picked":"Slice","floor":0},{"not_picked":["Masterful Stab","PiercingWail"],"picked":"Deflect","floor":0},{"not_picked":["ReplayTheSpireMod:Shiv Toss","Cloak And Dagger"],"picked":"Catalyst","floor":0},{"not_picked":["Slice","Deflect"],"picked":"Noxious Fumes","floor":0},{"not_picked":["Dagger Throw","PiercingWail"],"picked":"Sucker Punch","floor":0},{"not_picked":["Prepared","ReplayTheSpireMod:Shiv Toss"],"picked":"Quick Slash","floor":1},{"not_picked":["Underhanded Strike","Calculated Gamble"],"picked":"Deadly Poison","floor":2},{"not_picked":["Unload","Well Laid Plans"],"picked":"Catalyst","floor":7},{"not_picked":["Flying Knee","Cloak And Dagger"],"picked":"Poisoned Stab","floor":10},{"not_picked":["Prepared","Quick Slash"],"picked":"Backflip","floor":14},{"not_picked":["Malaise","ReplayTheSpireMod:From All Sides"],"picked":"Replay:Bag of Tricks","floor":16},{"not_picked":["Blur"],"picked":"SKIP","floor":18},{"not_picked":["Flying Knee"],"picked":"SKIP","floor":29},{"not_picked":[],"picked":"infinitespire:Neurotoxin","floor":33},{"not_picked":["Acrobatics"],"picked":"SKIP","floor":35},{"not_picked":["Hidden Blade+1"],"picked":"SKIP","floor":36},{"not_picked":["Underhanded Strike"],"picked":"SKIP","floor":42}],"player_experience":39368,"relics_obtained":[{"floor":9,"key":"MawBank"},{"floor":26,"key":"infinitespire:Broken Mirror"},{"floor":42,"key":"Prayer Wheel"},{"floor":43,"key":"Snake Skull"}],"event_choices":[{"cards_removed":["Flying Knee"],"damage_healed":0,"gold_gain":0,"player_choice":"Purged","damage_taken":0,"max_hp_gain":0,"max_hp_loss":0,"event_name":"Purifier","floor":12,"gold_loss":0}],"is_beta":false,"boss_relics":[{"not_picked":["Replay:Wanted Poster","Ectoplasm"],"picked":"Busted Crown"},{"not_picked":["Tiny House","Snecko Heart"],"picked":"Ring of Chaos"}],"items_purged_floors":[13,19,20],"is_endless":false,"potions_floor_spawned":[1,7,14,29,33,42],"ascension_level":0}}