{"host":"dbo0lztt1pyfwysk","time":1609053127,"event":{"mods":["Act Like it!","BaseMod","Conspire","Downfall","Gensokyo","GifTheSpireLib","Hubris","Infinite Spire","KinomotoSakuraMod(????)","Koishi","Luminous","Marisa????????","Minty Spire (QoL Compilation)","Prisma Mod","Remilia??????","Replay The Spire","Shade Mod","Shop Mod","StSLib","The Gatherer"],"gold_per_floor":[114,147,165,165,165,165,190,190,190,218,218,229,249,229,229,229,229],"floor_reached":16,"playtime":472,"items_purged":[],"score":173,"play_id":"4a8ab4e4-1af5-4d40-bfa8-43a7e3463f70","local_time":"20201227081207","is_ascension_mode":true,"campfire_choices":[{"data":"Neutralize","floor":6,"key":"SMITH"},{"floor":8,"key":"REST"},{"data":"Accuracy","floor":15,"key":"SMITH"}],"circlet_count":0,"master_deck":["AscendersBane","Strike_G","Strike_G","Strike_G","Strike_G","Defend_G","Defend_G","Defend_G","Defend_G","Defend_G","Survivor","Neutralize+1","Hidden Blade","Footwork+1","PiercingWail","Die Die Die","Accuracy+1"],"relics":["Ring of the Snake","NeowsBlessing","hubris:PeanutButter","hubris:TenFootPole","Meat on the Bone","Iron Hammer"],"acts_visited":["Exordium"],"potions_floor_usage":[7,7],"damage_taken":[{"damage":0,"enemies":"Cultist","floor":1,"turns":1},{"damage":0,"enemies":"conspire:MimicChest","floor":2,"turns":1},{"damage":0,"enemies":"2 Louse","floor":3,"turns":2},{"damage":37,"enemies":"Gremlin Nob","floor":7,"turns":7},{"damage":25,"enemies":"3 Sentries","floor":10,"turns":12},{"damage":0,"enemies":"Jaw Worm","floor":12,"turns":5},{"damage":0,"enemies":"3 Louse","floor":13,"turns":1},{"damage":12,"enemies":"Hexaghost","floor":16,"turns":15}],"seed_played":"5356600819506198576","potions_obtained":[{"floor":1,"key":"Block Potion"},{"floor":3,"key":"Energy Potion"},{"floor":12,"key":"Explosive Potion"},{"floor":14,"key":"Weak Potion"}],"is_trial":false,"path_per_floor":["M","?","M","?","?","R","E","R","T","E","?","M","M","?","R","B"],"character_chosen":"THE_SILENT","items_purchased":[],"campfire_rested":1,"item_purchase_floors":[],"current_hp_per_floor":[63,63,63,63,56,56,19,40,40,27,27,39,39,39,39,27,27],"gold":229,"neow_bonus":"THREE_ENEMY_KILL","is_daily":false,"chose_seed":false,"campfire_upgraded":2,"win_rate":0.0,"timestamp":1609053127,"path_taken":["M","?","?","?","?","R","E","R","T","E","?","M","?","?","R","BOSS"],"items_purchased_type":[],"build_version":"2020-12-22","purchased_purges":0,"victory":false,"max_hp_per_floor":[70,70,70,70,70,70,70,70,70,70,70,70,70,70,70,70,70],"card_choices":[{"not_picked":["All Out Attack","hubris:SlightOfHand"],"picked":"Hidden Blade","floor":1},{"not_picked":["hubris:Counter","Expertise"],"picked":"Footwork","floor":2},{"not_picked":["Underhanded Strike","Skewer"],"picked":"PiercingWail","floor":3},{"not_picked":["Backflip","Deadly Poison"],"picked":"Die Die Die","floor":7},{"not_picked":["Underhanded Strike","Blade Dance"],"picked":"Accuracy","floor":10},{"not_picked":["Quick Slash","Catalyst","Sucker Punch"],"picked":"SKIP","floor":12},{"not_picked":["All Out Attack","Well Laid Plans","Acrobatics"],"picked":"SKIP","floor":13}],"player_experience":614653,"relics_obtained":[{"floor":2,"key":"hubris:PeanutButter"},{"floor":7,"key":"hubris:TenFootPole"},{"floor":9,"key":"Meat on the Bone"},{"floor":10,"key":"Iron Hammer"}],"event_choices":[{"cards_removed":["Strike_G"],"damage_healed":0,"gold_gain":0,"player_choice":"Card Removal","damage_taken":7,"max_hp_gain":0,"max_hp_loss":0,"event_name":"Golden Wing","floor":5,"gold_loss":0},{"damage_healed":0,"gold_gain":0,"player_choice":"Fled","damage_taken":0,"max_hp_gain":0,"max_hp_loss":0,"event_name":"Scrap Ooze","floor":11,"gold_loss":0},{"damage_healed":0,"gold_gain":0,"player_choice":"Bought 1 Potion","damage_taken":0,"max_hp_gain":0,"max_hp_loss":0,"event_name":"The Woman in Blue","floor":14,"gold_loss":0}],"is_beta":false,"boss_relics":[],"items_purged_floors":[],"is_endless":false,"potions_floor_spawned":[1,3,12],"killed_by":"Hexaghost","ascension_level":12}}