{"host":"5cnm2qapaqj5mmu7","time":1609072848,"event":{"mods":["BaseMod","Bestiary","Colored Map","Minty Spire (QoL Compilation)","StSLib"],"gold_per_floor":[119,135,135,135,32,71,71,71,71,89,123,123,136,151,151,276,276,292,292,217,132,57,88,112,143,143,143,143,143,143,159,159,279,279,295,295,310,330,330,371,371,371],"floor_reached":41,"playtime":2460,"items_purged":["Strike_G"],"score":615,"play_id":"6ba124a9-70f1-4fa2-bed4-c275c47d03bf","local_time":"20201227134048","is_ascension_mode":true,"campfire_choices":[{"floor":8.0,"key":"REST"},{"data":"Dagger Spray","floor":12.0,"key":"SMITH"},{"data":"Accuracy","floor":15.0,"key":"SMITH"},{"data":"Envenom","floor":27.0,"key":"SMITH"},{"data":"Well Laid Plans","floor":29.0,"key":"SMITH"},{"data":"Bane","floor":32.0,"key":"SMITH"}],"circlet_count":0,"master_deck":["Strike_G","Strike_G","Defend_G","Defend_G+1","Defend_G","Survivor","Neutralize","Deflect","Dagger Throw","Slice","Dagger Spray+1","Infinite Blades+1","Well Laid Plans+1","Blade Dance","Backflip","Accuracy+1","Envenom+1","Tactician+1","Bane+1","Bouncing Flask","Footwork","Noxious Fumes","Writhe","Dash+1","Dodge and Roll"],"relics":["Ring of the Snake","Pocketwatch","Golden Idol","Regal Pillow","Bottled Flame","Unceasing Top","Empty Cage","StrikeDummy","Prayer Wheel","HornCleat","Dead Branch","Eternal Feather","MutagenicStrength","Philosopher\u0027s Stone","Matryoshka"],"acts_visited":["Exordium","TheCity","TheBeyond"],"potions_floor_usage":[38,40],"damage_taken":[{"damage":0.0,"enemies":"Small Slimes","floor":1.0,"turns":3.0},{"damage":0.0,"enemies":"Jaw Worm","floor":2.0,"turns":3.0},{"damage":14.0,"enemies":"3 Sentries","floor":6.0,"turns":7.0},{"damage":1.0,"enemies":"2 Louse","floor":10.0,"turns":2.0},{"damage":16.0,"enemies":"Lagavulin","floor":11.0,"turns":6.0},{"damage":5.0,"enemies":"Blue Slaver","floor":13.0,"turns":3.0},{"damage":0.0,"enemies":"Large Slime","floor":14.0,"turns":5.0},{"damage":15.0,"enemies":"The Guardian","floor":16.0,"turns":9.0},{"damage":4.0,"enemies":"Chosen","floor":18.0,"turns":3.0},{"damage":5.0,"enemies":"Gremlin Leader","floor":23.0,"turns":4.0},{"damage":0.0,"enemies":"Spheric Guardian","floor":24.0,"turns":3.0},{"damage":17.0,"enemies":"Book of Stabbing","floor":25.0,"turns":3.0},{"damage":8.0,"enemies":"Centurion and Healer","floor":31.0,"turns":4.0},{"damage":27.0,"enemies":"Automaton","floor":33.0,"turns":7.0},{"damage":12.0,"enemies":"Orb Walker","floor":35.0,"turns":3.0},{"damage":25,"enemies":"3 Shapes","floor":37,"turns":4},{"damage":4,"enemies":"Transient","floor":38,"turns":5},{"damage":25,"enemies":"Reptomancer","floor":40,"turns":5},{"damage":16,"enemies":"Sphere and 2 Shapes","floor":41,"turns":3}],"seed_played":"5576738983644566183","potions_obtained":[{"floor":6.0,"key":"SkillPotion"},{"floor":11.0,"key":"FearPotion"},{"floor":13.0,"key":"Poison Potion"},{"floor":16.0,"key":"CunningPotion"},{"floor":25.0,"key":"ColorlessPotion"},{"floor":31.0,"key":"LiquidMemories"},{"floor":37,"key":"Energy Potion"}],"is_trial":false,"path_per_floor":["M","M","?","?","$","E","?","R","T","M","E","R","M","M","R","B",null,"M","?","?","?","$","E","M","E","T","R","?","R","?","M","R","B",null,"M","?","M","M","?","E","M"],"character_chosen":"THE_SILENT","items_purchased":["Dagger Spray","Infinite Blades"],"campfire_rested":1,"item_purchase_floors":[5,5],"current_hp_per_floor":[70,70,67,50,50,36,22,58,58,57,41,41,36,36,36,21,58,54,54,54,54,54,49,49,32,32,44,44,56,56,48,60,33,61,49,67,42,38,38,13,0,0],"gold":371,"neow_bonus":"TRANSFORM_CARD","is_daily":false,"chose_seed":false,"campfire_upgraded":5,"win_rate":0.0,"timestamp":1609072848,"path_taken":["M","M","?","?","$","E","?","R","T","M","E","R","M","M","R","BOSS","M","?","?","?","$","E","M","E","T","R","?","R","?","M","R","BOSS","M","?","M","M","?","E","M"],"items_purchased_type":["Card","Card"],"build_version":"2020-12-22","purchased_purges":1,"victory":false,"max_hp_per_floor":[70,70,70,70,70,70,70,70,70,70,70,70,70,70,70,70,70,70,70,70,70,70,70,70,70,70,70,70,70,70,70,70,70,70,70,70,70,70,70,70,70,70],"card_choices":[{"not_picked":["Quick Slash","Escape Plan"],"picked":"Dagger Throw","floor":1.0},{"not_picked":["Prepared","Flying Knee"],"picked":"Slice","floor":2.0},{"not_picked":["Sucker Punch","Flechettes"],"picked":"Well Laid Plans","floor":6.0},{"not_picked":["Dagger Spray","Expertise"],"picked":"Blade Dance","floor":10.0},{"not_picked":["Quick Slash","Infinite Blades"],"picked":"Backflip","floor":11.0},{"not_picked":["Poisoned Stab","Glass Knife","Flechettes"],"picked":"SKIP","floor":13.0},{"not_picked":["Dagger Throw","Deadly Poison"],"picked":"Accuracy","floor":14.0},{"not_picked":["Glass Knife","Grand Finale"],"picked":"Envenom","floor":16.0},{"not_picked":["Dagger Spray","Quick Slash"],"picked":"Tactician+1","floor":18.0},{"not_picked":["Masterful Stab","Well Laid Plans","Endless Agony"],"picked":"SKIP","floor":23.0},{"not_picked":["Underhanded Strike","Eviscerate"],"picked":"Bane","floor":24.0},{"not_picked":["Blur","Deadly Poison"],"picked":"Bouncing Flask","floor":24.0},{"not_picked":["Reflex","Underhanded Strike","Deadly Poison"],"picked":"SKIP","floor":25.0},{"not_picked":["Finisher","Setup"],"picked":"Footwork","floor":31.0},{"not_picked":["Bane+1","Predator","Deadly Poison"],"picked":"SKIP","floor":31.0},{"not_picked":["Predator","Catalyst"],"picked":"Noxious Fumes","floor":35.0},{"not_picked":["Acrobatics","Blade Dance","Accuracy+1"],"picked":"SKIP","floor":35.0},{"not_picked":["Dagger Throw+1","Outmaneuver","Acrobatics"],"picked":"SKIP","floor":37},{"not_picked":["Well Laid Plans","Tactician+1","Backflip+1"],"picked":"SKIP","floor":37},{"not_picked":["Poisoned Stab+1","Dagger Throw"],"picked":"Dash+1","floor":38},{"not_picked":["Sucker Punch","Leg Sweep","Crippling Poison+1"],"picked":"SKIP","floor":38},{"not_picked":["Endless Agony+1","Bane+1"],"picked":"Dodge and Roll","floor":40}],"player_experience":528210,"relics_obtained":[{"floor":6.0,"key":"Regal Pillow"},{"floor":9.0,"key":"Bottled Flame"},{"floor":11.0,"key":"Unceasing Top"},{"floor":23.0,"key":"HornCleat"},{"floor":25.0,"key":"Dead Branch"},{"floor":26.0,"key":"Eternal Feather"},{"floor":40,"key":"Matryoshka"}],"event_choices":[{"damage_healed":0.0,"max_hp_gain":0.0,"max_hp_loss":0.0,"gold_gain":0.0,"event_name":"Scrap Ooze","player_choice":"Success","floor":3.0,"gold_loss":0.0,"damage_taken":3.0,"relics_obtained":["Pocketwatch"]},{"damage_healed":0.0,"max_hp_gain":0.0,"max_hp_loss":0.0,"gold_gain":0.0,"event_name":"Golden Idol","player_choice":"Take Damage","floor":4.0,"gold_loss":0.0,"damage_taken":17.0,"relics_obtained":["Golden Idol"]},{"damage_healed":0.0,"max_hp_gain":0.0,"max_hp_loss":0.0,"gold_gain":0.0,"event_name":"Shining Light","player_choice":"Entered Light","floor":7.0,"gold_loss":0.0,"damage_taken":14.0,"cards_upgraded":["Infinite Blades","Defend_G"]},{"damage_healed":0.0,"max_hp_gain":0.0,"max_hp_loss":0.0,"gold_gain":0.0,"event_name":"The Mausoleum","player_choice":"Opened","floor":19.0,"gold_loss":0.0,"damage_taken":0.0,"relics_obtained":["StrikeDummy"]},{"cards_removed":["Defend_G"],"damage_healed":0.0,"max_hp_gain":0.0,"max_hp_loss":0.0,"gold_gain":0.0,"event_name":"Beggar","player_choice":"Gave Gold","floor":20.0,"gold_loss":75.0,"damage_taken":0.0},{"damage_healed":0.0,"max_hp_gain":0.0,"max_hp_loss":0.0,"gold_gain":0.0,"event_name":"Addict","player_choice":"Obtained Relic","floor":21.0,"gold_loss":85.0,"damage_taken":0.0,"relics_obtained":["Prayer Wheel"]},{"damage_healed":0.0,"max_hp_gain":0.0,"max_hp_loss":0.0,"gold_gain":0.0,"event_name":"Cursed Tome","player_choice":"Ignored","floor":28.0,"gold_loss":0.0,"damage_taken":0.0},{"damage_healed":0.0,"max_hp_gain":0.0,"max_hp_loss":0.0,"gold_gain":0.0,"event_name":"Drug Dealer","player_choice":"Inject Mutagens","floor":30.0,"gold_loss":0.0,"damage_taken":0.0,"relics_obtained":["MutagenicStrength"]},{"damage_healed":18.0,"max_hp_gain":0.0,"max_hp_loss":0.0,"gold_gain":0.0,"event_name":"Winding Halls","player_choice":"Writhe","floor":36.0,"gold_loss":0.0,"damage_taken":0.0,"cards_obtained":["Writhe"]},{"damage_healed":0,"gold_gain":0,"player_choice":"Ignored","damage_taken":0,"max_hp_gain":0,"max_hp_loss":0,"event_name":"Mysterious Sphere","floor":39,"gold_loss":0}],"is_beta":false,"boss_relics":[{"not_picked":["Tiny House","Runic Pyramid"],"picked":"Empty Cage"},{"not_picked":["Velvet Choker","Runic Dome"],"picked":"Philosopher\u0027s Stone"}],"items_purged_floors":[22],"is_endless":false,"potions_floor_spawned":[6,11,13,16,25,31,37],"killed_by":"Sphere and 2 Shapes","ascension_level":5}}