{"host":"1bmpebsu0h6jmm2g","time":1609048070,"event":{"mods":["BaseMod","Colored Map","Highlight Path","Keyboard Shortcuts","Minty Spire (QoL Compilation)","Permanent Neow","Quick Restart","Relic Stats","Slay the Relics Exporter","StSLib","SuperFastMode"],"gold_per_floor":[113,113,113,29,40,40,40,40],"floor_reached":7,"playtime":100,"items_purged":[],"score":78,"play_id":"c18605d8-35c7-4ed2-958b-a4d3c976de2b","local_time":"20201227144750","is_ascension_mode":true,"campfire_choices":[{"data":"Bouncing Flask","floor":6,"key":"SMITH"}],"circlet_count":0,"master_deck":["AscendersBane","Strike_G","Strike_G","Strike_G","Defend_G","Defend_G","Defend_G","Survivor","Neutralize","Riddle With Holes","Dagger Throw","Backflip","Bouncing Flask+1"],"relics":["Ring of the Snake"],"acts_visited":["Exordium"],"potions_floor_usage":[],"damage_taken":[{"damage":7,"enemies":"Jaw Worm","floor":1,"turns":7},{"damage":7,"enemies":"Small Slimes","floor":5,"turns":4},{"damage":35,"enemies":"Gremlin Nob","floor":7,"turns":3}],"seed_played":"6861013787557667799","potions_obtained":[],"is_trial":false,"path_per_floor":["M","?","?","$","M","R","E"],"character_chosen":"THE_SILENT","items_purchased":["Dagger Throw","Backflip"],"campfire_rested":0,"item_purchase_floors":[4,4],"current_hp_per_floor":[37,30,30,30,23,23,0,0],"gold":40,"neow_bonus":"REMOVE_TWO","is_daily":false,"chose_seed":false,"campfire_upgraded":1,"win_rate":0.0,"timestamp":1609048070,"path_taken":["M","?","?","$","M","R","E"],"items_purchased_type":["Card","Card"],"build_version":"2020-12-22","purchased_purges":0,"victory":false,"max_hp_per_floor":[66,66,66,66,66,66,66,66],"relic_stats":{"counters":[3,14],"obtain_stats":[{"Ring of the Snake":0},{"Ring of the Snake":0},{"Ring of the Snake":0}],"Ring of the Snake":[6]},"card_choices":[{"not_picked":["Outmaneuver","Dodge and Roll"],"picked":"Riddle With Holes","floor":1},{"not_picked":["Accuracy","Dagger Throw"],"picked":"Bouncing Flask","floor":5}],"player_experience":477715,"relics_obtained":[],"event_choices":[{"cards_removed":["Strike_G"],"damage_healed":0,"gold_gain":0,"player_choice":"Card Removal","damage_taken":7,"max_hp_gain":0,"max_hp_loss":0,"event_name":"Golden Wing","floor":2,"gold_loss":0},{"cards_removed":["Defend_G"],"damage_healed":0,"gold_gain":0,"player_choice":"Purged","damage_taken":0,"max_hp_gain":0,"max_hp_loss":0,"event_name":"Purifier","floor":3,"gold_loss":0}],"is_beta":false,"boss_relics":[],"items_purged_floors":[],"is_endless":false,"potions_floor_spawned":[],"killed_by":"Gremlin Nob","ascension_level":20}}