{"host":"q0yztes6vyjz67b3","time":1609028230,"event":{"mods":["BaseMod","Better Altar","Better Match","Better Note","Better Sensory Stone","Better Skull","Better Third Choice","Energized Spire","Halation","Hermit","Minty Spire (QoL Compilation)","Replay The Spire","StSLib","The Gatherer"],"gold_per_floor":[119,135,135,154,114,114,146,146,223,239,249,249,249,281,281,281,281],"floor_reached":16,"playtime":458,"items_purged":[],"score":110,"play_id":"8d8a510d-8e29-47d3-b8cf-a30cf4204907","local_time":"20201226161710","is_ascension_mode":false,"campfire_choices":[{"data":"FollowUp","floor":6,"key":"SMITH"},{"data":"Halt","floor":8,"key":"SMITH"},{"data":"TalkToTheHand","floor":12,"key":"SMITH"},{"data":"Halt","floor":15,"key":"SMITH"}],"circlet_count":0,"master_deck":["Strike_P","Strike_P+1","Strike_P","Strike_P","Defend_P","Defend_P","Defend_P","Defend_P","Eruption+1","Vigilance","FollowUp+1","Halt+1","Decay","EmptyBody","Halt+1","TalkToTheHand+1"],"relics":["PureWater","Whetstone","halation:KoshaPiece","Matryoshka","Gremlin Horn"],"acts_visited":["Exordium"],"potions_floor_usage":[11,11,14,16],"damage_taken":[{"damage":0,"enemies":"2 Louse","floor":1,"turns":2},{"damage":0,"enemies":"Cultist","floor":2,"turns":2},{"damage":5,"enemies":"Jaw Worm","floor":4,"turns":5},{"damage":4,"enemies":"Lagavulin","floor":7,"turns":4},{"damage":3,"enemies":"Red Slaver","floor":10,"turns":4},{"damage":4,"enemies":"Exordium Wildlife","floor":11,"turns":3},{"damage":16,"enemies":"Gremlin Nob","floor":14,"turns":5},{"damage":43,"enemies":"Hexaghost","floor":16,"turns":14}],"seed_played":"-3306064345410563549","potions_obtained":[{"floor":5,"key":"Fire Potion"},{"floor":5,"key":"Explosive Potion"},{"floor":5,"key":"Dexterity Potion"},{"floor":11,"key":"Explosive Potion"},{"floor":13,"key":"AttackPotion"}],"is_trial":false,"path_per_floor":["M","M","?","M","?","R","E","R","T","M","M","R","?","E","R","B"],"character_chosen":"WATCHER","items_purchased":[],"campfire_rested":0,"item_purchase_floors":[],"current_hp_per_floor":[72,72,72,67,67,67,63,63,63,60,56,56,56,40,40,0,0],"gold":281,"neow_bonus":"RANDOM_COMMON_RELIC","is_daily":false,"chose_seed":false,"campfire_upgraded":4,"win_rate":0.0,"timestamp":1609028230,"path_taken":["M","M","?","?","?","R","E","R","T","M","?","R","?","E","R","BOSS"],"items_purchased_type":[],"build_version":"2020-12-22","purchased_purges":0,"victory":false,"max_hp_per_floor":[72,72,72,72,72,72,72,72,72,72,72,72,72,72,72,72,72],"card_choices":[{"not_picked":["PathToVictory","CrushJoints"],"picked":"FollowUp","floor":1},{"not_picked":["Prostrate","CutThroughFate"],"picked":"Halt","floor":2},{"not_picked":["Prostrate","Wireheading"],"picked":"EmptyBody","floor":4},{"not_picked":["ThirdEye","ConjureBlade"],"picked":"Halt","floor":7},{"not_picked":["CutThroughFate","Prostrate"],"picked":"TalkToTheHand","floor":10},{"not_picked":["BowlingBash","ForeignInfluence","Halt"],"picked":"SKIP","floor":11},{"not_picked":["Collect","Judgement","Worship"],"picked":"SKIP","floor":14}],"player_experience":525452,"relics_obtained":[{"floor":7,"key":"halation:KoshaPiece"},{"floor":9,"key":"Matryoshka"},{"floor":14,"key":"Gremlin Horn"}],"event_choices":[{"damage_healed":0,"gold_gain":0,"player_choice":"Cursed","damage_taken":0,"max_hp_gain":0,"max_hp_loss":0,"event_name":"Wheel of Change","floor":3,"gold_loss":0,"cards_obtained":["Decay"]},{"damage_healed":0,"gold_gain":0,"player_choice":"Bought 3 Potions","damage_taken":0,"max_hp_gain":0,"max_hp_loss":0,"event_name":"The Woman in Blue","floor":5,"gold_loss":0},{"damage_healed":0,"gold_gain":0,"player_choice":"Got Potions","damage_taken":0,"max_hp_gain":0,"max_hp_loss":0,"event_name":"Lab","floor":13,"gold_loss":0}],"is_beta":false,"boss_relics":[],"items_purged_floors":[],"is_endless":false,"potions_floor_spawned":[7,11],"killed_by":"Hexaghost","ascension_level":0}}