{"host":"cz3p2o9n3b1gdmkz","time":1609049829,"event":{"mods":["AchievementEnabler","BaseMod","CapriCore","GungeonMod","Hermit","Lobotomy","Minty Spire (QoL Compilation)","Replay The Spire","Shop Mod","StSLib","SuperFastMode","The Cursed","The Dragon Tamer","The Gatherer","The Jungle","The Poker Player","The Runesmith"],"gold_per_floor":[39,100,100,100,143,195,195,240,290,290,358,358,422,422,422,545,545,632,547,747,321,359,359,359,359,384,384,445,510,510,255,255,357,407,451,451,463,489,74,102,102,119,119,119,219,146,146,162,162,162,162],"floor_reached":52,"playtime":2062,"items_purged":["Gatherer:Strike_Gatherer","Gatherer:Strike_Gatherer","Gatherer:Strike_Gatherer"],"score":841,"play_id":"b3035de3-fb75-41bb-a386-3922e5d94c8b","local_time":"20201227151709","is_ascension_mode":true,"metric_token":1117,"campfire_choices":[{"floor":7.0,"key":"REST"},{"data":"Gatherer:FlowerWhip","floor":10.0,"key":"SMITH"},{"data":"Gatherer:FlowerWhip+1","floor":12.0,"key":"SMITH"},{"floor":15.0,"key":"REST"},{"data":"Gatherer:FlowerFalling","floor":23,"key":"SMITH"},{"data":"Gatherer:Photoscythe","floor":25,"key":"SMITH"},{"data":"Gatherer:FlowerFalling","floor":30,"key":"SMITH"},{"floor":32,"key":"REST"},{"data":"Gatherer:PoisonMastery","floor":41,"key":"SMITH"},{"data":"Gatherer:Centralize","floor":47,"key":"SMITH"}],"circlet_count":0,"master_deck":["AscendersBane","Gatherer:Strike_Gatherer","Gatherer:Strike_Gatherer+1","Gatherer:Defend_Gatherer","Gatherer:Defend_Gatherer","Gatherer:Defend_Gatherer+1","Gatherer:Defend_Gatherer","Gatherer:Defend_Gatherer+1","Gatherer:Centralize+1","Gatherer:FlowerWhip+2","HandOfGreed+1","Gatherer:ScherryThrow","Gatherer:ScrollOfPurity","Gatherer:FruitForce","Gatherer:Photoscythe+1","Gatherer:ScentOfRosmari","Gatherer:FlowerFalling+1","Gatherer:Photoscythe","Gatherer:GatherMaterial","Gatherer:FruitForce+1","Gatherer:FlowerFalling+1","AbeCurse","Gatherer:Photoscythe","Gatherer:Transmute","Gatherer:VenomBarrier+1","Gatherer:FlowerShield","Gatherer:PoisonMastery+1","Gatherer:PotentialSlash","Gatherer:FlowerShield","Gatherer:FlowerBeam","Gatherer:SmartManeuver"],"relics":["Gatherer:AlchemyBag","Akabeko","Gatherer:MistGenerator","StoneCalendar","Gatherer:ExplorersPath","DemoMod:Metronome","DemoMod:ClearGuonStone","DollysMirror","Bag of Preparation","Strange Spoon","Tiny House","MawBank","Juzu Bracelet","Lee\u0027s Waffle","Happy Flower","Lizard Tail","Incense Burner"],"acts_visited":["Exordium","TheCity","TheBeyond"],"potions_floor_usage":[29,29,40],"damage_taken":[{"damage":7.0,"enemies":"Jaw Worm","floor":1.0,"turns":2.0},{"damage":5.0,"enemies":"Small Slimes","floor":2.0,"turns":4.0},{"damage":0.0,"enemies":"Cultist","floor":5.0,"turns":2.0},{"damage":37.0,"enemies":"Replay:BlueRogue","floor":6.0,"turns":4.0},{"damage":0.0,"enemies":"Blue Slaver","floor":8.0,"turns":1.0},{"damage":0.0,"enemies":"2 Fungi Beasts","floor":11.0,"turns":3.0},{"damage":0.0,"enemies":"Exordium Thugs","floor":13.0,"turns":4.0},{"damage":22.0,"enemies":"Slime Boss","floor":16.0,"turns":7.0},{"damage":11.0,"enemies":"3 Byrds","floor":18.0,"turns":7.0},{"damage":10,"enemies":"Shell Parasite","floor":22,"turns":2},{"damage":0,"enemies":"Centurion and Healer","floor":28,"turns":7},{"damage":8,"enemies":"Sentry and Sphere","floor":29,"turns":6},{"damage":29,"enemies":"Pondfish","floor":33,"turns":11},{"damage":13,"enemies":"3 Shapes","floor":35,"turns":3},{"damage":1,"enemies":"Orb Walker","floor":38,"turns":3},{"damage":17,"enemies":"R_Hoarder","floor":40,"turns":8},{"damage":14,"enemies":"Spire Growth","floor":42,"turns":4},{"damage":0,"enemies":"Mind Bloom Boss Battle","floor":45,"turns":7},{"damage":38,"enemies":"Writhing Mass","floor":48,"turns":5},{"damage":75,"enemies":"Awakened One","floor":50,"turns":17}],"seed_played":"-2599212566350167645","potions_obtained":[{"floor":1.0,"key":"LiquidMemories"},{"floor":2.0,"key":"Elixir"},{"floor":13.0,"key":"LifebloodPotion"},{"floor":22,"key":"LifebloodPotion"},{"floor":34,"key":"DuplicationPotion"},{"floor":35,"key":"Toxic Potion"}],"is_trial":false,"path_per_floor":["M","M","?","?","M","E","R","M","T","R","M","R","M","?","R","B",null,"M","?","?","$","M","R","?","R","T","?","M","M","R","$","R","B",null,"M","?","$","M","$","E","R","M","T","$","?","$","R","M","R","B",null,null],"character_chosen":"THE_GATHERER","items_purchased":["Gatherer:FlowerFalling","DemoMod:ClearGuonStone","DollysMirror","Strange Spoon","Juzu Bracelet","Lee\u0027s Waffle","Gatherer:FlowerBeam"],"campfire_rested":3,"item_purchase_floors":[21,21,21,31,39,39,46],"current_hp_per_floor":[58,53,39,39,39,2,23,23,23,23,23,23,27,24,46,24,63,52,52,52,52,42,42,28,28,28,28,36,28,28,28,53,56,83,77,77,77,84,97,84,84,82,82,82,94,94,94,64,64,1,1],"gold":162,"neow_bonus":"RANDOM_COLORLESS_2","is_daily":false,"chose_seed":false,"campfire_upgraded":7,"win_rate":0.0,"timestamp":1609049829,"path_taken":["M","M","?","?","M","E","R","M","T","R","M","R","M","?","R","BOSS","M","?","?","$","?","R","?","R","T","?","M","M","R","?","R","BOSS","M","?","$","M","$","E","R","M","T","?","?","?","R","M","R","BOSS"],"items_purchased_type":["Card","Relic","Relic","Relic","Relic","Relic","Card"],"build_version":"2020-12-22","purchased_purges":3,"victory":true,"max_hp_per_floor":[72,72,72,72,72,72,72,72,72,72,72,72,76,76,76,76,76,76,76,76,76,76,76,81,81,81,81,85,85,85,85,85,85,90,90,90,90,90,97,97,97,97,97,97,97,97,97,97,97,97,97],"card_choices":[{"not_picked":["Crow Ritual","ReplayTheSpireMod:Necrogeddon"],"picked":"HandOfGreed","floor":0.0},{"not_picked":["Gatherer:CollectorsShot","Gatherer:Convert","Gatherer:SaveValuables"],"picked":"SKIP","floor":1.0},{"not_picked":["Gatherer:QuickSynthesis","Gatherer:Snatch"],"picked":"Gatherer:ScherryThrow","floor":2.0},{"not_picked":["Gatherer:PotentialSlash","Gatherer:FlowerBeam"],"picked":"Gatherer:ScrollOfPurity","floor":5.0},{"not_picked":["Gatherer:ScherryThrow","Gatherer:Uplift","Gatherer:Convert"],"picked":"SKIP","floor":6.0},{"not_picked":["Gatherer:Herbalism","Gatherer:FragileHammer","Gatherer:AcidicSpray"],"picked":"SKIP","floor":8.0},{"not_picked":["Gatherer:GatherMaterial","Gatherer:Transmute","Gatherer:FeelingFine"],"picked":"SKIP","floor":11.0},{"not_picked":["Gatherer:TreeGrowth","Gatherer:FlowerFalling"],"picked":"Gatherer:FruitForce","floor":13.0},{"not_picked":["Gatherer:HeartToFruit","Gatherer:ColorfulGarden"],"picked":"Gatherer:Photoscythe","floor":16.0},{"not_picked":["Gatherer:DrugPower","Gatherer:EnergyBasket"],"picked":"Gatherer:ScentOfRosmari","floor":18.0},{"not_picked":["Gatherer:Enchant","Gatherer:EnergyBasket+1"],"picked":"Gatherer:GatherMaterial","floor":22},{"not_picked":["Gatherer:Nutrients","Gatherer:Transmute+1"],"picked":"Gatherer:FruitForce+1","floor":28},{"not_picked":["Gatherer:Convert","Gatherer:VenomBarrier+1"],"picked":"Gatherer:FlowerFalling","floor":29},{"not_picked":["Gatherer:Bulldoze","Gatherer:BlackTea"],"picked":"Gatherer:Photoscythe","floor":33},{"not_picked":["Gatherer:BigPouch","Gatherer:Enchant+1"],"picked":"Gatherer:Transmute","floor":34},{"not_picked":["Gatherer:AlchemyTrial","Gatherer:Liquidism+1"],"picked":"Gatherer:VenomBarrier+1","floor":35},{"not_picked":["Gatherer:AcidicSpray","Gatherer:PotentialSlash"],"picked":"Gatherer:FlowerShield","floor":38},{"not_picked":["Gatherer:PotentialSlash+1","Gatherer:Solidify+1"],"picked":"Gatherer:PoisonMastery","floor":40},{"not_picked":["Gatherer:Frenzy+1","Gatherer:TacticalStrike"],"picked":"Gatherer:PotentialSlash","floor":42},{"not_picked":["Gatherer:ScentOfRosmari+1","Gatherer:FragileHammer+1"],"picked":"Gatherer:FlowerShield","floor":45},{"not_picked":["Gatherer:BambuSword","Gatherer:Snatch+1"],"picked":"Gatherer:SmartManeuver","floor":48}],"player_experience":1035906,"relics_obtained":[{"floor":6.0,"key":"Akabeko"},{"floor":9.0,"key":"Gatherer:MistGenerator"},{"floor":26,"key":"Bag of Preparation"},{"floor":40,"key":"Happy Flower"},{"floor":43,"key":"Lizard Tail"},{"floor":45,"key":"Incense Burner"}],"event_choices":[{"damage_healed":0.0,"max_hp_gain":0.0,"max_hp_loss":0.0,"gold_gain":0.0,"event_name":"Shining Light","player_choice":"Entered Light","floor":3.0,"gold_loss":0.0,"damage_taken":14.0,"cards_upgraded":["Gatherer:Defend_Gatherer","Gatherer:Defend_Gatherer"]},{"damage_healed":0.0,"max_hp_gain":0.0,"max_hp_loss":0.0,"gold_gain":0.0,"event_name":"Living Wall","player_choice":"Grow","floor":4.0,"gold_loss":0.0,"damage_taken":0.0,"cards_upgraded":["HandOfGreed"]},{"damage_healed":0.0,"max_hp_gain":0.0,"max_hp_loss":0.0,"gold_gain":0.0,"event_name":"Scrap Ooze","player_choice":"Success","floor":14.0,"gold_loss":0.0,"damage_taken":3.0,"relics_obtained":["StoneCalendar"]},{"damage_healed":0.0,"max_hp_gain":0.0,"max_hp_loss":0.0,"gold_gain":0.0,"event_name":"Addict","player_choice":"Obtained Relic","floor":19.0,"gold_loss":85.0,"damage_taken":0.0,"relics_obtained":["DemoMod:Metronome"]},{"damage_healed":0.0,"max_hp_gain":0.0,"max_hp_loss":0.0,"gold_gain":200.0,"event_name":"Wheel of Change","player_choice":"Gold","floor":20.0,"gold_loss":0.0,"damage_taken":0.0},{"damage_healed":0,"gold_gain":0,"player_choice":"Shed Blood","damage_taken":19,"max_hp_gain":5,"max_hp_loss":0,"event_name":"Forgotten Altar","floor":24,"gold_loss":0},{"damage_healed":0,"gold_gain":0,"player_choice":"Gave Potion","damage_taken":0,"relics_obtained":["MawBank"],"max_hp_gain":0,"max_hp_loss":0,"event_name":"WeMeetAgain","floor":36,"gold_loss":0},{"damage_healed":0,"gold_gain":0,"player_choice":"Fight","damage_taken":0,"max_hp_gain":0,"max_hp_loss":0,"event_name":"MindBloom","floor":45,"gold_loss":0},{"damage_healed":0,"gold_gain":0,"player_choice":"Ignored","damage_taken":0,"max_hp_gain":0,"max_hp_loss":0,"event_name":"The Moai Head","floor":49,"gold_loss":0}],"is_beta":false,"boss_relics":[{"not_picked":["Snecko Heart","Replay:Drink Me"],"picked":"Gatherer:ExplorersPath"},{"not_picked":["ReplayTheSpireMod:DimensionalGlitch","Busted Crown"],"picked":"Tiny House"}],"items_purged_floors":[21,31,39],"is_endless":false,"potions_floor_spawned":[1,2,13,22,35],"ascension_level":11}}