{"host":"oy4pyvr762z5n0bb","time":1609047604,"event":{"mods":["AchievementEnabler","BaseMod","Colored Map","Colored Powertips","Googly Eyes","Key Reminder","Minty Spire (QoL Compilation)","Quick Restart","Relic Sorter","StSLib","SuperFastMode","Unceasing Turn Reminder","slay the spire mod where everything is the same but ironclad has a cowboy hat"],"gold_per_floor":[10,10,10,20,20,20,40,69,69,15,28,28,45,45,45,143,443,470,407,419,431,105,105,105,105],"floor_reached":24,"playtime":496,"items_purged":[],"score":298,"play_id":"a68ce251-2eb3-45a9-b71b-45926684ce6e","local_time":"20201226214004","is_ascension_mode":true,"campfire_choices":[{"data":"Genetic Algorithm","floor":6,"key":"SMITH"},{"floor":12,"key":"REST"},{"floor":15,"key":"REST"},{"floor":23,"key":"REST"}],"circlet_count":0,"master_deck":["AscendersBane","Strike_B","Strike_B","Strike_B","Defend_B","Defend_B","Defend_B","Defend_B","Zap","Dualcast","Apotheosis+1","Genetic Algorithm+1","Loop","Stack","Compile Driver","Redo","Scrape","Echo Form","CurseOfTheBell","Barrage","Loop","Coolheaded"],"relics":["Cracked Core","Mercury Hourglass","Akabeko","Art of War","Calling Bell","MawBank","Singing Bowl","Old Coin","Gambling Chip","Incense Burner","DollysMirror","Happy Flower"],"acts_visited":["Exordium","TheCity"],"potions_floor_usage":[24],"damage_taken":[{"damage":0,"enemies":"Cultist","floor":1,"turns":4},{"damage":11,"enemies":"2 Louse","floor":4,"turns":2},{"damage":7,"enemies":"Small Slimes","floor":7,"turns":3},{"damage":24,"enemies":"Gremlin Nob","floor":8,"turns":4},{"damage":0,"enemies":"Exordium Wildlife","floor":11,"turns":3},{"damage":6,"enemies":"Looter","floor":13,"turns":2},{"damage":25,"enemies":"The Guardian","floor":16,"turns":10},{"damage":27,"enemies":"Shell Parasite","floor":18,"turns":8},{"damage":85,"enemies":"Gremlin Leader","floor":24,"turns":8}],"seed_played":"-736210099545531959","potions_obtained":[{"floor":7,"key":"Block Potion"},{"floor":13,"key":"Explosive Potion"},{"floor":16,"key":"Regen Potion"}],"is_trial":false,"path_per_floor":["M","?","?","M","?","R","M","E","T","$","M","R","M","$","R","B",null,"M","?","T","?","$","R","E"],"character_chosen":"DEFECT","items_purchased":["Redo","DollysMirror","Happy Flower","Coolheaded"],"campfire_rested":3,"item_purchase_floors":[10,22,22,22],"current_hp_per_floor":[68,68,68,57,50,50,43,19,19,19,19,41,35,35,57,32,64,37,37,37,37,37,59,0,0],"gold":105,"neow_bonus":"RANDOM_COLORLESS_2","is_daily":false,"chose_seed":false,"campfire_upgraded":1,"win_rate":0.0,"timestamp":1609047604,"path_taken":["M","?","?","M","?","R","M","E","T","$","M","R","M","$","R","BOSS","M","?","?","?","$","R","E"],"items_purchased_type":["Card","Relic","Relic","Card"],"build_version":"2020-12-22","purchased_purges":0,"victory":false,"max_hp_per_floor":[75,75,75,75,75,75,75,75,75,75,75,75,75,75,75,75,75,75,75,75,75,75,75,75,75],"card_choices":[{"not_picked":["Violence","Panache"],"picked":"Apotheosis","floor":0},{"not_picked":["Leap","Redo"],"picked":"Genetic Algorithm","floor":1},{"not_picked":["Sweeping Beam","Gash"],"picked":"Loop","floor":4},{"not_picked":["Hologram","Leap"],"picked":"Stack","floor":7},{"not_picked":["Genetic Algorithm","Go for the Eyes"],"picked":"Compile Driver","floor":8},{"not_picked":["Darkness","Meteor Strike","Go for the Eyes"],"picked":"SKIP","floor":11},{"not_picked":["Coolheaded","Cold Snap"],"picked":"Scrape","floor":13},{"not_picked":["Seek","Reboot"],"picked":"Echo Form","floor":16},{"not_picked":["Rebound","Darkness+1"],"picked":"Barrage","floor":18}],"player_experience":589333,"relics_obtained":[{"floor":8,"key":"Akabeko"},{"floor":9,"key":"Art of War"},{"floor":17,"key":"MawBank"},{"floor":17,"key":"Singing Bowl"},{"floor":17,"key":"Old Coin"},{"floor":20,"key":"Gambling Chip"}],"event_choices":[{"damage_healed":0,"gold_gain":0,"player_choice":"Grow","damage_taken":0,"max_hp_gain":0,"max_hp_loss":0,"event_name":"Living Wall","floor":2,"gold_loss":0,"cards_upgraded":["Apotheosis"]},{"damage_healed":0,"gold_gain":0,"player_choice":"Box","damage_taken":0,"relics_obtained":["Mercury Hourglass"],"max_hp_gain":0,"max_hp_loss":0,"event_name":"Big Fish","floor":3,"gold_loss":0,"cards_obtained":["Regret"]},{"cards_removed":["Regret"],"damage_healed":0,"gold_gain":0,"player_choice":"Card Removal","damage_taken":7,"max_hp_gain":0,"max_hp_loss":0,"event_name":"Golden Wing","floor":5,"gold_loss":0},{"cards_removed":["Strike_B"],"damage_healed":0,"gold_gain":0,"player_choice":"Gave Gold","damage_taken":0,"max_hp_gain":0,"max_hp_loss":0,"event_name":"Beggar","floor":19,"gold_loss":75},{"damage_healed":0,"gold_gain":0,"player_choice":"Gave Potion","damage_taken":0,"relics_obtained":["Incense Burner"],"max_hp_gain":0,"max_hp_loss":0,"event_name":"WeMeetAgain","floor":21,"gold_loss":0}],"is_beta":false,"boss_relics":[{"not_picked":["FrozenCore","Velvet Choker"],"picked":"Calling Bell"}],"items_purged_floors":[],"is_endless":false,"potions_floor_spawned":[7,13,16],"killed_by":"Gremlin Leader","ascension_level":11}}