{"host":"e87rn453naquue3h","time":1609051604,"event":{"mods":["AchievementEnabler","BaseMod","Downfall","Minty Spire (QoL Compilation)","StSLib"],"gold_per_floor":[99,109,121,121,141,66,90,90,90,117,217,236,236,253,269,269,269,269],"floor_reached":16,"playtime":1614,"items_purged":[],"score":112,"play_id":"57a5163d-5cb5-46ae-a6ad-242aac1376a4","local_time":"20201227014644","is_ascension_mode":true,"campfire_choices":[{"floor":1,"key":"RECALL"},{"data":"Guardian:SpikerProtocol","floor":6,"key":"SMITH"},{"data":"Guardian:Preprogram","floor":9,"key":"SMITH"},{"data":"Guardian:TemporalShield","floor":13,"key":"SMITH"}],"circlet_count":0,"master_deck":["Guardian:Strike_Guardian","Guardian:Strike_Guardian","Guardian:Strike_Guardian","Guardian:Strike_Guardian","Guardian:Defend_Guardian","Guardian:Defend_Guardian","Guardian:Defend_Guardian","Guardian:CurlUp","Guardian:TwinSlam","Guardian:SpikerProtocol+1","Guardian:Preprogram+1","Guardian:TemporalShield+1","Guardian:Gem_Synthetic","Guardian:Gem_Yellow","Guardian:Incinerate+1"],"relics":["Runic Dome","downfall:HeartBlessingRed","Lantern","Molten Egg 2","White Beast Statue"],"acts_visited":["Exordium"],"potions_floor_usage":[16,16,16],"damage_taken":[{"damage":0,"enemies":"Cultist","floor":2,"turns":3},{"damage":7,"enemies":"Small Slimes","floor":3,"turns":3},{"damage":0,"enemies":"2 Louse","floor":5,"turns":2},{"damage":4,"enemies":"3 Sentries","floor":10,"turns":10},{"damage":29,"enemies":"downfall:LadyInBlue","floor":11,"turns":12},{"damage":0,"enemies":"Exordium Wildlife","floor":12,"turns":2},{"damage":0,"enemies":"Blue Slaver","floor":14,"turns":3},{"damage":0,"enemies":"2 Fungi Beasts","floor":15,"turns":3},{"damage":36,"enemies":"downfall:Defect","floor":16,"turns":7}],"seed_played":"-5114515388534310446","potions_obtained":[{"floor":2,"key":"Dexterity Potion"},{"floor":11,"key":"SteroidPotion"},{"floor":11,"key":"LiquidMemories"},{"floor":12,"key":"Guardian:AcceleratePotion"},{"floor":14,"key":"DuplicationPotion"}],"is_trial":false,"path_per_floor":["R","M","M","?","M","R","T","?","R","E","?","M","R","M","M","B"],"character_chosen":"GUARDIAN","items_purchased":[],"campfire_rested":0,"item_purchase_floors":[],"current_hp_per_floor":[80,80,73,73,73,73,73,67,67,63,34,34,34,34,34,0,0,0],"gold":269,"neow_bonus":"BOSS_RELIC","is_daily":false,"chose_seed":false,"campfire_upgraded":3,"win_rate":0.0,"timestamp":1609051604,"path_taken":["R","M","M","?","M","R","T","?","R","E","?","M","R","?","M","BOSS"],"items_purchased_type":[],"build_version":"2020-12-22","purchased_purges":0,"victory":false,"max_hp_per_floor":[80,80,80,80,80,80,80,80,80,80,80,80,80,80,80,80,80,80],"card_choices":[{"not_picked":["Guardian:MultiBeam","Guardian:Gem_Lightblue"],"picked":"Guardian:SpikerProtocol","floor":2},{"not_picked":["Guardian:Reroute","Guardian:RefractedBeam"],"picked":"Guardian:Preprogram","floor":3},{"not_picked":["Guardian:RollAttack","Guardian:VentSteam"],"picked":"Guardian:TemporalShield","floor":5},{"not_picked":["Guardian:VentSteam","Guardian:Planning"],"picked":"Guardian:Gem_Synthetic","floor":10},{"not_picked":["Guardian:Gem_Lightblue","Guardian:TemporalStrike+1"],"picked":"Guardian:Gem_White","floor":11},{"not_picked":["Guardian:Gem_Red","Guardian:SentryBeam+1","Guardian:CrystalBeam+1"],"picked":"SKIP","floor":12},{"not_picked":["Guardian:CrystalBeam+1","Guardian:ShieldSpikes"],"picked":"Guardian:Gem_Yellow","floor":14},{"not_picked":["Guardian:Gem_Yellow","Guardian:EvasiveProtocol"],"picked":"Guardian:Incinerate+1","floor":15}],"player_experience":2405276,"relics_obtained":[{"floor":7,"key":"Lantern"},{"floor":10,"key":"Molten Egg 2"},{"floor":11,"key":"White Beast Statue"}],"event_choices":[],"is_beta":false,"boss_relics":[],"items_purged_floors":[],"is_endless":false,"potions_floor_spawned":[2,12,14,15],"killed_by":"downfall:Defect","ascension_level":2}}