{"host":"3c27c697js19kaoo","time":1609072400,"event":{"mods":["ATMod(阿瑾Mod)","Aspiration","BaseMod","CapriCore","Dota2Spire","Hermit","Minty Spire (QoL Compilation)","Quick Restart","Remilia（蕾米莉亚）","Replay The Spire","Robot Space Explorer","RumiaBox-露米娅的神秘盒子","Spicy Shops","StSLib","The Alterego","The Cursed","The Runesmith","The Servant 0.9.4","vexMod","【功能Mod】混沌之环修复补丁","【遗物卡牌】REMEMod"],"gold_per_floor":[114,64,64,11,22,56,84,135,135,165,229,229,12,210,210,232,232],"floor_reached":16,"playtime":480,"items_purged":[],"score":130,"play_id":"e12dfba7-2425-4bf6-9efe-78e44057a5ff","local_time":"20201227203320","is_ascension_mode":true,"campfire_choices":[],"circlet_count":0,"master_deck":["Strike_R","Strike_R","Strike_R","Strike_R","Strike_R+1","Defend_R","Defend_R","Defend_R","Bash","AT_DrawKnifeCut+1","alterego_mod:Palingenesis+1","AT_IchimonjiDouble","Thunderclap","Metallicize","Anger","Replay:Undeath\u0027s Touch+1","REME_Fury","ReplayTheSpireMod:Splinters","Disarm"],"relics":["Burning Blood","REME_ComplimentaryCards","AT_ATBox","Replay:Bandana","Oddly Smooth Stone","Replay:Bottled Flurry","Charon\u0027s Ashes"],"acts_visited":["Exordium"],"potions_floor_usage":[8,10,16,16],"damage_taken":[{"damage":2.0,"enemies":"Small Slimes","floor":1.0,"turns":4.0},{"damage":7.0,"enemies":"Jaw Worm","floor":5.0,"turns":2.0},{"damage":27,"enemies":"Replay:BlueRogue","floor":6,"turns":4},{"damage":0,"enemies":"Cultist","floor":7,"turns":2},{"damage":15,"enemies":"Lagavulin","floor":8,"turns":3},{"damage":13,"enemies":"3 Louse","floor":10,"turns":2},{"damage":21,"enemies":"3 Sentries","floor":11,"turns":5},{"damage":67,"enemies":"The Guardian","floor":16,"turns":7}],"seed_played":"3718199469347082889","potions_obtained":[{"floor":5.0,"key":"Death Potion"},{"floor":6,"key":"Energy Potion"},{"floor":10,"key":"BloodPotion"},{"floor":11,"key":"FearPotion"}],"is_trial":false,"path_per_floor":["M","?","?","$","M","E","M","E","T","M","E","?","$","?","R","B"],"character_chosen":"IRONCLAD","items_purchased":["Anger","REME_Fury"],"campfire_rested":0,"item_purchase_floors":[4,13],"current_hp_per_floor":[80,80,64,64,63,42,48,39,39,48,33,38,38,38,62,0,0],"gold":232,"neow_bonus":"UPGRADE_CARD","is_daily":false,"chose_seed":false,"campfire_upgraded":0,"win_rate":0.0,"timestamp":1609072400,"path_taken":["M","?","?","$","?","E","M","E","T","M","E","?","?","?","R","BOSS"],"items_purchased_type":["Card","Card"],"build_version":"2020-12-22","purchased_purges":0,"victory":false,"max_hp_per_floor":[80,80,80,80,80,80,80,80,80,80,80,80,80,80,80,80,80],"card_choices":[{"not_picked":["REME_FearOfPain","Headbutt"],"picked":"AT_IchimonjiDouble","floor":1.0},{"not_picked":["Defy Death","Replay:Undeath\u0027s Touch"],"picked":"Thunderclap","floor":5.0},{"not_picked":["Entrench","Body Slam"],"picked":"Metallicize","floor":6},{"not_picked":["Pommel Strike","Sword Boomerang"],"picked":"Anger","floor":7},{"not_picked":["Inflame","Body Slam"],"picked":"Replay:Undeath\u0027s Touch","floor":8},{"not_picked":["Clothesline","REME_Scribble","Headbutt"],"picked":"SKIP","floor":10},{"not_picked":["Heavy Blade","Battle Trance","AT_GerminateFire"],"picked":"SKIP","floor":11},{"not_picked":["Evolve","Body Slam"],"picked":"Disarm","floor":14}],"player_experience":190151,"relics_obtained":[{"floor":6,"key":"Replay:Bandana"},{"floor":8,"key":"Oddly Smooth Stone"},{"floor":9,"key":"Replay:Bottled Flurry"},{"floor":11,"key":"Charon\u0027s Ashes"}],"event_choices":[{"cards_removed":["Defend_R"],"damage_healed":0.0,"max_hp_gain":0.0,"max_hp_loss":0.0,"gold_gain":0.0,"event_name":"The Cleric","player_choice":"Card Removal","floor":2.0,"gold_loss":50.0,"damage_taken":0.0},{"damage_healed":0.0,"max_hp_gain":0.0,"max_hp_loss":0.0,"gold_gain":0.0,"event_name":"Shining Light","player_choice":"Entered Light","floor":3.0,"gold_loss":0.0,"damage_taken":16.0,"cards_upgraded":["Strike_R","AT_DrawKnifeCut"]},{"cards_removed":["Anger"],"damage_healed":5,"gold_gain":0,"player_choice":"Offered Common","damage_taken":0,"max_hp_gain":0,"max_hp_loss":0,"event_name":"Bonfire Elementals","floor":12,"gold_loss":0},{"cards_removed":["Anger"],"damage_healed":5,"gold_gain":0,"player_choice":"Offered Special","damage_taken":0,"max_hp_gain":0,"max_hp_loss":0,"event_name":"Bonfire Elementals","floor":12,"gold_loss":0}],"is_beta":false,"boss_relics":[],"items_purged_floors":[],"is_endless":false,"potions_floor_spawned":[5,6,10,11],"killed_by":"The Guardian","ascension_level":2}}