{"host":"cwd5s03r1oaxs6mx","time":1609074284,"event":{"mods":["Act Like it!","BaseMod","Better Third Choice","BetterRewards","CapriCore","Card Filter","Colored Map","Custom Start","DeckTracker","Friendly Minions","Hubris","Infinite Spire","Minty Spire (QoL Compilation)","Quick Restart","Relic Stats","Shop Mod","Spicy Shops","StSLib","SuperFastMode","The Gatherer"],"gold_per_floor":[115,52,66,85,96,130,130,26,74,74,124,154,166,177,177,252,252,269,120,170,170,182,216,230,230,307,320,338,338,338],"floor_reached":29,"playtime":1282,"items_purged":["Strike_G","Strike_G","Strike_G","Survivor"],"score":589,"play_id":"c01a39ab-5d3a-4f92-a7f7-498a3c12c8ed","local_time":"20201227220444","is_ascension_mode":true,"campfire_choices":[{"data":"Bouncing Flask","floor":7,"key":"SMITH"},{"data":"Apotheosis","floor":10,"key":"SMITH"},{"data":"Catalyst","floor":15,"key":"SMITH"},{"data":"Footwork","floor":25,"key":"SMITH"}],"circlet_count":0,"master_deck":["AscendersBane","Defend_G","Defend_G","Defend_G","Defend_G","Defend_G","Neutralize","Bane","Sadistic Nature","Bouncing Flask+1","Blur","hubris:DuctTapeCard","Apotheosis+1","Catalyst+1","PiercingWail","Burst","Well Laid Plans","Sadistic Nature","Blur","Bouncing Flask","Footwork+1","Blur","Blur"],"relics":["Ring of the Snake","Membership Card","TwistedFunnel","hubris:DuctTape","infinitespire:FocusingShard","hubris:CrackedHourglass","DollysMirror","Girya","Meat on the Bone"],"acts_visited":["Exordium","TheCity"],"potions_floor_usage":[0,0,24],"damage_taken":[{"damage":0,"enemies":"Cultist","floor":1,"turns":2},{"damage":0,"enemies":"2 Louse","floor":3,"turns":2},{"damage":0,"enemies":"Jaw Worm","floor":4,"turns":2},{"damage":12,"enemies":"Lots of Slimes","floor":5,"turns":3},{"damage":6,"enemies":"Gremlin Nob","floor":6,"turns":3},{"damage":0,"enemies":"Lagavulin","floor":12,"turns":5},{"damage":2,"enemies":"Red Slaver","floor":13,"turns":2},{"damage":6,"enemies":"Exordium Wildlife","floor":14,"turns":2},{"damage":6,"enemies":"Hexaghost","floor":16,"turns":6},{"damage":0,"enemies":"Spheric Guardian","floor":18,"turns":2},{"damage":24,"enemies":"3 Byrds","floor":22,"turns":3},{"damage":10,"enemies":"Gremlin Leader","floor":23,"turns":7},{"damage":7,"enemies":"Shelled Parasite and Fungi","floor":24,"turns":2},{"damage":21,"enemies":"Snecko","floor":27,"turns":5},{"damage":0,"enemies":"Sentry and Sphere","floor":28,"turns":4},{"damage":27,"enemies":"Book of Stabbing","floor":29,"turns":3}],"seed_played":"798437868489677569","potions_obtained":[{"floor":1,"key":"LiquidBronze"},{"floor":6,"key":"DistilledChaos"},{"floor":24,"key":"LiquidBronze"}],"is_trial":false,"path_per_floor":["M","$","M","M","M","E","R","$","T","R","?","E","M","M","R","B",null,"M","$","?","AVR","M","E","M","R","T","M","M","E"],"character_chosen":"THE_SILENT","items_purchased":["Membership Card","TwistedFunnel","Bane","Fruit Juice","Sadistic Nature","Bouncing Flask","Apotheosis","Well Laid Plans","DollysMirror"],"campfire_rested":0,"item_purchase_floors":[0,0,0,0,0,0,8,19,19],"current_hp_per_floor":[69,69,69,69,57,51,51,51,51,51,44,44,42,36,36,30,65,65,65,65,65,41,31,24,24,24,15,27,0,0],"gold":338,"neow_bonus":"","is_daily":false,"chose_seed":false,"campfire_upgraded":4,"win_rate":0.0,"timestamp":1609074284,"path_taken":["M","?","M","M","?","E","R","$","T","R","?","E","M","?","R","BOSS","M","$","?","AVR","?","E","M","R","T","M","M","E"],"items_purchased_type":["Relic","Relic","Card","Potion","Card","Card","Card","Card","Relic"],"build_version":"2020-12-22","purchased_purges":4,"victory":false,"max_hp_per_floor":[76,76,76,76,76,76,76,76,76,76,76,76,76,76,76,76,76,76,76,76,76,76,76,76,76,76,76,76,76,76],"relic_stats":{"counters":[16,53],"obtain_stats":[{"TwistedFunnel":0,"Girya":23,"hubris:DuctTape":6,"DollysMirror":19,"infinitespire:FocusingShard":12,"Membership Card":0,"hubris:CrackedHourglass":17,"Ring of the Snake":0,"Meat on the Bone":26},{"TwistedFunnel":0,"Girya":12,"hubris:DuctTape":5,"DollysMirror":10,"infinitespire:FocusingShard":6,"Membership Card":0,"hubris:CrackedHourglass":9,"Ring of the Snake":0,"Meat on the Bone":13},{"TwistedFunnel":0,"Girya":39,"hubris:DuctTape":12,"DollysMirror":29,"infinitespire:FocusingShard":17,"Membership Card":0,"hubris:CrackedHourglass":27,"Ring of the Snake":0,"Meat on the Bone":41}],"Ring of the Snake":[32],"Meat on the Bone":60},"card_choices":[{"not_picked":["Eviscerate","Outmaneuver","PiercingWail"],"picked":"SKIP","floor":1},{"not_picked":["Prepared","PiercingWail","Dodge and Roll"],"picked":"SKIP","floor":3},{"not_picked":["Eviscerate","Deflect","PiercingWail"],"picked":"SKIP","floor":4},{"not_picked":["Deflect","Concentrate"],"picked":"Blur","floor":5},{"not_picked":["Caltrops","Prepared","Underhanded Strike"],"picked":"SKIP","floor":6},{"not_picked":["Tactician","Underhanded Strike","Blade Dance"],"picked":"SKIP","floor":12},{"not_picked":["Flying Knee","Acrobatics"],"picked":"Catalyst","floor":13},{"not_picked":["Concentrate","Crippling Poison","PiercingWail"],"picked":"SKIP","floor":14},{"not_picked":["Concentrate","Crippling Poison"],"picked":"PiercingWail","floor":14},{"not_picked":["Corpse Explosion","Grand Finale"],"picked":"Burst","floor":16},{"not_picked":["Cloak And Dagger","Eviscerate+1","Reflex"],"picked":"SKIP","floor":18},{"not_picked":["Blade Dance","Slice"],"picked":"Blur","floor":22},{"not_picked":["Dagger Throw+1","Deflect"],"picked":"Bouncing Flask","floor":23},{"not_picked":["Sucker Punch","All Out Attack"],"picked":"Footwork","floor":24},{"not_picked":["Dagger Throw","Backflip"],"picked":"Blur","floor":27},{"not_picked":["Flechettes","Skewer"],"picked":"Blur","floor":28}],"player_experience":972484,"relics_obtained":[{"floor":6,"key":"hubris:DuctTape"},{"floor":12,"key":"infinitespire:FocusingShard"},{"floor":23,"key":"Girya"},{"floor":26,"key":"Meat on the Bone"}],"event_choices":[{"damage_healed":0,"gold_gain":50,"player_choice":"Touch","damage_taken":7,"max_hp_gain":0,"max_hp_loss":0,"event_name":"FaceTrader","floor":11,"gold_loss":0},{"damage_healed":0,"gold_gain":50,"player_choice":"Pray","damage_taken":0,"max_hp_gain":0,"max_hp_loss":0,"event_name":"Golden Shrine","floor":20,"gold_loss":0}],"is_beta":false,"boss_relics":[{"not_picked":["SlaversCollar","Pandora\u0027s Box"],"picked":"hubris:CrackedHourglass"}],"items_purged_floors":[0,0,2,21],"is_endless":false,"potions_floor_spawned":[1,6,18,24,27],"killed_by":"Book of Stabbing","ascension_level":20}}