{"host":"jak4ncvfzor9mys0","time":1609064222,"event":{"mods":["2.2 Compatiblity","AchievementEnabler","BaseMod","Better Altar","Better Match","Better Note","Better Sensory Stone","Better Skull","Better Third Choice","BetterRewards","Block Reminder","Colored Map","Colored Powertips","Energized Spire","Gold Saver","Hubris","Infinite Spire","Key Reminder","Minty Spire (QoL Compilation)","Rare Cards Sparkle","Red Circlet Mod","Relic Sorter","Relic Stats","Replay The Spire","Retaliation","StSLib","SuperFastMode","The Blue Laboratory"],"gold_per_floor":[505,505,505,515,515,515,525,525,598,598,598,614,409,419,419,518,518,528,541,541,557,557,557,570,570,570,570,589,589,589,620,620,759,759,823,823,893,970,1048,1048,1048,1148,1175,1265,1365,1471,1583,1115,1115,1115,1115],"floor_reached":50,"playtime":1598,"items_purged":["Strike_G","Strike_G","Strike_G","hubris:Envy"],"score":631,"play_id":"1e07b625-211b-480a-85a1-f11f17f40b4d","local_time":"20201227021702","is_ascension_mode":false,"campfire_choices":[{"data":"Deadly Poison","floor":6,"key":"SMITH"},{"data":"Survivor","floor":10,"key":"SMITH"},{"floor":15,"key":"REST"},{"data":"infinitespire:DeathsTouch","floor":23,"key":"SMITH"},{"data":"Noxious Fumes","floor":25,"key":"SMITH"},{"data":"hubris:SlightOfHand","floor":27,"key":"SMITH"},{"data":"Deadly Poison","floor":29,"key":"SMITH"},{"floor":32,"key":"REST"},{"floor":40,"key":"REST"},{"floor":49,"key":"REST"}],"circlet_count":0,"master_deck":["Strike_G","Strike_G","Defend_G+1","Defend_G","Defend_G","Defend_G","Defend_G","Survivor+1","Neutralize+1","Deadly Poison+1","infinitespire:DeathsTouch+1","hubris:SlightOfHand+1","Noxious Fumes+1","Backflip","Deadly Poison+1","Bane","Noxious Fumes","Deadly Poison+1","Footwork","Poisoned Stab","Poisoned Strike"],"relics":["Ring of the Snake","infinitespire:Eraser","energizedSpire:CursedPentagram","Oddly Smooth Stone","Iron Hammer","Membership Card","Onion Ring","ReplayTheSpireMod:Shallot","infinitespire:EvilPickle","Black Star","PreservedInsect","Gremlin Food","Letter Opener","TheAbacus"],"acts_visited":["Exordium","TheCity","TheBeyond"],"potions_floor_usage":[24,30,31,50],"damage_taken":[{"damage":0,"enemies":"2 Louse","floor":1,"turns":3},{"damage":0,"enemies":"Small Slimes","floor":4,"turns":3},{"damage":0,"enemies":"Jaw Worm","floor":7,"turns":3},{"damage":10,"enemies":"Looter","floor":12,"turns":2},{"damage":12,"enemies":"Gremlin Gang","floor":14,"turns":4},{"damage":6,"enemies":"Slime Boss","floor":16,"turns":8},{"damage":0,"enemies":"Spheric Guardian","floor":18,"turns":3},{"damage":0,"enemies":"Chosen","floor":19,"turns":4},{"damage":8,"enemies":"Centurion and Healer","floor":21,"turns":7},{"damage":4,"enemies":"Shelled Parasite and Fungi","floor":24,"turns":4},{"damage":6,"enemies":"Snake Plant","floor":28,"turns":2},{"damage":13,"enemies":"Colosseum Slavers","floor":30,"turns":2},{"damage":8,"enemies":"Nightmare","floor":31,"turns":8},{"damage":29,"enemies":"Pondfish","floor":33,"turns":10},{"damage":0,"enemies":"3 Shapes","floor":35,"turns":4},{"damage":21,"enemies":"3 Darklings","floor":37,"turns":4},{"damage":11,"enemies":"Sphere and 2 Shapes","floor":38,"turns":4},{"damage":0,"enemies":"Maw","floor":39,"turns":6},{"damage":12,"enemies":"Writhing Mass","floor":44,"turns":4},{"damage":10,"enemies":"Sphere and 2 Shapes","floor":45,"turns":5},{"damage":12,"enemies":"Spire Growth","floor":46,"turns":5},{"damage":21,"enemies":"Jaw Worm Horde","floor":47,"turns":2},{"damage":33,"enemies":"infinitespire:MassOfShapes","floor":50,"turns":7}],"seed_played":"1963209784439190378","potions_obtained":[{"floor":7,"key":"blueLaboratory:BubblePotion"},{"floor":16,"key":"Ancient Potion"},{"floor":19,"key":"Toxic Potion"},{"floor":31,"key":"blueLaboratory:HorrorPotion"},{"floor":38,"key":"blueLaboratory:ArtistsPotion"},{"floor":46,"key":"blueLaboratory:PhilterOfMotion"}],"is_trial":false,"path_per_floor":["M","?","?","M","?","R","M","?","T","R","?","M","$","M","R","B",null,"M","M","?","M","AVR","R","M","R","T","R","M","R","?","NM","R","B",null,"M","AVR","M","M","M","R","?","?","T","M","M","M","M","$","R","B"],"character_chosen":"THE_SILENT","items_purchased":["Oddly Smooth Stone","Membership Card","hubris:SlightOfHand","Gremlin Food","Footwork","Poisoned Stab","Letter Opener","Poisoned Strike","TheAbacus"],"campfire_rested":4,"item_purchase_floors":[0,13,13,48,48,48,48,48,48],"current_hp_per_floor":[70,70,70,70,75,75,75,75,75,75,57,47,47,35,57,51,75,75,75,75,67,67,67,63,63,63,63,57,57,44,36,58,29,75,75,75,54,43,43,65,65,65,65,53,43,31,10,10,32,0,0],"gold":1115,"neow_bonus":"","is_daily":false,"chose_seed":false,"campfire_upgraded":6,"win_rate":0.0,"timestamp":1609064222,"path_taken":["M","?","?","M","?","R","M","?","T","R","?","?","$","M","R","BOSS","M","M","?","M","AVR","R","M","R","T","R","M","R","?","NM","R","BOSS","M","AVR","M","M","M","R","?","?","T","M","?","M","M","$","R","BOSS"],"items_purchased_type":["Relic","Relic","Card","Relic","Card","Card","Relic","Card","Relic"],"build_version":"2020-12-22","purchased_purges":4,"victory":false,"max_hp_per_floor":[70,70,70,70,75,75,75,75,75,75,75,75,75,75,75,75,75,75,75,75,75,75,75,75,75,75,75,75,75,75,75,75,75,75,75,75,75,75,75,75,75,75,75,75,75,75,75,75,75,75,75],"relic_stats":{"TheAbacus":[6],"counters":[35,184],"PreservedInsect":0,"Black Star":0,"Letter Opener":[5],"obtain_stats":[{"Gremlin Food":48,"hubris:MobiusCoin":6,"Torii":17,"Golden Idol":12,"Oddly Smooth Stone":0,"The Courier":22,"PreservedInsect":43,"Letter Opener":48,"Odd Mushroom":14,"Calling Bell":17,"infinitespire:EvilPickle":33,"energizedSpire:CursedPentagram":17,"TheAbacus":48,"ReplayTheSpireMod:Shallot":31,"Onion Ring":26,"Iron Hammer":9,"Replay:Bottled Flurry":9,"Snack Pack":17,"Black Star":34,"Membership Card":20,"infinitespire:Eraser":36,"infinitespire:PuzzleCube":17,"Ring of the Snake":0},{"Gremlin Food":34,"hubris:MobiusCoin":2,"Torii":6,"Golden Idol":3,"Oddly Smooth Stone":12,"The Courier":8,"PreservedInsect":30,"Letter Opener":34,"Odd Mushroom":5,"Calling Bell":6,"infinitespire:EvilPickle":26,"energizedSpire:CursedPentagram":18,"TheAbacus":34,"ReplayTheSpireMod:Shallot":25,"Onion Ring":22,"Iron Hammer":15,"Replay:Bottled Flurry":2,"Snack Pack":6,"Black Star":26,"Membership Card":7,"infinitespire:Eraser":27,"infinitespire:PuzzleCube":6,"Ring of the Snake":0},{"Gremlin Food":177,"hubris:MobiusCoin":17,"Torii":42,"Golden Idol":21,"Oddly Smooth Stone":80,"The Courier":56,"PreservedInsect":161,"Letter Opener":177,"Odd Mushroom":30,"Calling Bell":42,"infinitespire:EvilPickle":143,"energizedSpire:CursedPentagram":103,"TheAbacus":177,"ReplayTheSpireMod:Shallot":133,"Onion Ring":121,"Iron Hammer":89,"Replay:Bottled Flurry":17,"Snack Pack":42,"Black Star":143,"Membership Card":48,"infinitespire:Eraser":147,"infinitespire:PuzzleCube":42,"Ring of the Snake":0}],"Ring of the Snake":[70]},"card_choices":[{"not_picked":["Dagger Throw","ReplayTheSpireMod:Scrap Shanks"],"picked":"Deadly Poison","floor":1},{"not_picked":["Outmaneuver","Draining Mist","Sucker Punch"],"picked":"SKIP","floor":4},{"not_picked":["Outmaneuver","hubris:Sniper","Sucker Punch"],"picked":"SKIP","floor":7},{"not_picked":["infinitespire:TheBestDefense","infinitespire:Collect"],"picked":"infinitespire:DeathsTouch","floor":11},{"not_picked":["Dagger Throw","ReplayTheSpireMod:Exploit Weakness","Finisher"],"picked":"SKIP","floor":12},{"not_picked":["ReplayTheSpireMod:Tripwire","Caltrops"],"picked":"Noxious Fumes","floor":14},{"not_picked":["ReplayTheSpireMod:Tripwire","Reflex"],"picked":"Backflip","floor":18},{"not_picked":["Heel Hook","Hidden Blade","Slice"],"picked":"SKIP","floor":19},{"not_picked":["Dagger Throw","Quick Slash+1","Prepared"],"picked":"SKIP","floor":21},{"not_picked":["Underhanded Strike+1","Dagger Spray","Storm of Steel"],"picked":"SKIP","floor":24},{"not_picked":["Sucker Punch","Slice+1"],"picked":"Deadly Poison","floor":28},{"not_picked":["Blur+1","Prepared","PiercingWail"],"picked":"SKIP","floor":31},{"not_picked":["Flying Knee+1","Well Laid Plans+1","hubris:SlightOfHand+1"],"picked":"SKIP","floor":35},{"not_picked":["Footwork","Tools of the Trade"],"picked":"Bane","floor":37},{"not_picked":["Escape Plan+1","hubris:Counter+1","Slice+1"],"picked":"SKIP","floor":38},{"not_picked":["Quick Slash+1","Acrobatics","Dagger Throw+1"],"picked":"SKIP","floor":39},{"not_picked":["Masterful Stab+1","Dagger Spray+1"],"picked":"Noxious Fumes","floor":44},{"not_picked":["Hidden Blade","Quick Slash+1","Blade Dance+1"],"picked":"SKIP","floor":45},{"not_picked":["Sucker Punch+1","Skewer+1","Draining Mist"],"picked":"SKIP","floor":46},{"not_picked":["hubris:SlightOfHand","Flying Knee"],"picked":"Deadly Poison+1","floor":47}],"player_experience":2681276,"relics_obtained":[{"floor":9,"key":"Iron Hammer"},{"floor":26,"key":"Onion Ring"},{"floor":31,"key":"ReplayTheSpireMod:Shallot"},{"floor":43,"key":"PreservedInsect"}],"event_choices":[{"damage_healed":0,"gold_gain":0,"player_choice":"Ignored","damage_taken":0,"max_hp_gain":0,"max_hp_loss":0,"event_name":"Golden Wing","floor":2,"gold_loss":0},{"damage_healed":0,"gold_gain":0,"player_choice":"Donut","damage_taken":0,"max_hp_gain":5,"max_hp_loss":0,"event_name":"Big Fish","floor":5,"gold_loss":0},{"damage_healed":0,"gold_gain":0,"player_choice":"Grow","damage_taken":0,"max_hp_gain":0,"max_hp_loss":0,"event_name":"Living Wall","floor":8,"gold_loss":0,"cards_upgraded":["Neutralize"]},{"cards_removed":["Defend_G"],"damage_healed":0,"gold_gain":0,"player_choice":"Give","damage_taken":0,"max_hp_gain":0,"max_hp_loss":0,"event_name":"betterNote:BetterNote","floor":20,"gold_loss":0,"cards_obtained":["Strike_G"]},{"damage_healed":0,"gold_gain":0,"player_choice":"Fight","damage_taken":0,"max_hp_gain":0,"max_hp_loss":0,"event_name":"Colosseum","floor":30,"gold_loss":0},{"damage_healed":0,"gold_gain":0,"player_choice":"Fled From Nobs","damage_taken":0,"max_hp_gain":0,"max_hp_loss":0,"event_name":"Colosseum","floor":30,"gold_loss":0},{"damage_healed":0,"gold_gain":0,"player_choice":"2","damage_taken":0,"max_hp_gain":0,"max_hp_loss":0,"event_name":"betterMatch:BetterMatch","floor":41,"gold_loss":0,"cards_obtained":["betterMatch:UncommonCard","betterMatch:CommonCard"]},{"damage_healed":0,"gold_gain":100,"player_choice":"Pray","damage_taken":0,"max_hp_gain":0,"max_hp_loss":0,"event_name":"Golden Shrine","floor":42,"gold_loss":0}],"is_beta":false,"boss_relics":[{"not_picked":["Runic Dome","Snecko Scales"],"picked":"energizedSpire:CursedPentagram"},{"not_picked":["Snecko Heart","energizedSpire:HighHeels"],"picked":"Black Star"}],"items_purged_floors":[13,22,36,48],"is_endless":true,"potions_floor_spawned":[7,16,19,21,31,38,46],"killed_by":"infinitespire:MassOfShapes","ascension_level":0}}