{"host":"m99pr52ak2jwx2yo","time":1609095065,"event":{"mods":["BaseMod","Better Match","BetterRewards","Colored Map","Friendly Minions","Hermit","Hubris","Kiyohime£¨?ýï£©","Marisa£¨Ùöéë¡¡Øª×âÞÞ£©","Minty Spire (QoL Compilation)","Prisma Mod","Relic Stats","StSLib","SuperFastMode","Td1madao Mod","The Animator","The Cursed"],"gold_per_floor":[10011,9475,9501,8690,8709,8740,8740,8775,8775,8775,8785,8796,8204,8224,8224,8326,8351,8378,8392,7518,7528,6632,6690,6690,6744,6769,6769,6779,6849,6901,6901,6901,7002,7027,7043,7043,6398,6449,5547,5601,5655,5672,5779,4888,4913,4913,4913,4973,4973,4973,4973,4973,999,1049,9999,10100,10025,8774,8849,8929,2138,874,994,1100,950,10,150,150,150,150],"floor_reached":69,"playtime":3501,"items_purged":["animator:Defend","animator:Strike","animator:Strike","animator:Defend","animator:Strike","animator:Mitsurugi","animator:Lelouch","animator:Strike_GATE"],"score":1565,"play_id":"a98d0c45-a448-48a2-8f10-cbda1538b805","local_time":"20201228035105","is_ascension_mode":true,"campfire_choices":[{"floor":15,"key":"RECALL"},{"floor":27,"key":"REST"},{"floor":32,"key":"REST"},{"data":"animator:Gilgamesh+22","floor":47,"key":"SMITH"},{"data":"animator:Gilgamesh+24","floor":49,"key":"SMITH"},{"data":"animator:Gilgamesh+25","floor":52,"key":"SMITH"},{"data":"animator:Entoma+33","floor":68,"key":"SMITH"}],"circlet_count":0,"master_deck":["animator:TukaLunaMarceau+1","animator:Kuribayashi+1","animator:Lancer+1","animator:Rider+1","animator:Entoma+34","animator:Mikaela+1","animator:Gilgamesh+52","animator:RoryMercury+1","animator:Sonic+1","animator:Alexander+1","animator:Emonzaemon+1","animator:Shalltear+1","animator:Albedo+1","animator:KrulTepes+1","animator:Yuuichirou+1","Pain","animator:Shion+1","animator:SilverFang+1","animator:SakuraMatou+1","animator:Melzalgald+1","animator:PinaCoLada+1","animator:Assassin+1","animator:Shalltear+1","animator:Kuribayashi+1","animator:Mitsuba+1","animator:Yuuichirou+1","animator:Tyuule+1","animator:TukaLunaMarceau+1","animator:Hitei+1","animator:Magilou+1","animator:HououinKyouma+1","animator:Konayuki+1","animator:Saber+1","animator:Patchouli+1","animator:IchigoKurosaki+1","animator:Bozes+1","animator:CrowleyEusford+1","animator:Verdia+1","animator:Kazuma+1","animator:Darkness+1","animator:EmiyaShirou+1"],"relics":["animator:TheEgnaroPiece","animator:LivingPicture","animator:TheMissingPiece","animator:AncientMedallion"],"acts_visited":["Exordium","TheCity","TheBeyond","TheEnding","EYB:TheUnnamedReign"],"potions_floor_usage":[8,16,16,16,55,59,60,63,67,67,67,69],"damage_taken":[{"damage":0,"enemies":"Cultist","floor":1,"turns":1},{"damage":0,"enemies":"Jaw Worm","floor":3,"turns":1},{"damage":0,"enemies":"Small Slimes","floor":5,"turns":1},{"damage":4,"enemies":"Lagavulin","floor":6,"turns":3},{"damage":1,"enemies":"3 Sentries","floor":8,"turns":3},{"damage":0,"enemies":"2 Fungi Beasts","floor":11,"turns":2},{"damage":0,"enemies":"Looter","floor":12,"turns":1},{"damage":0,"enemies":"Blue Slaver","floor":14,"turns":1},{"damage":0,"enemies":"Slime Boss","floor":16,"turns":3},{"damage":2,"enemies":"Chosen","floor":18,"turns":2},{"damage":0,"enemies":"Spheric Guardian","floor":19,"turns":2},{"damage":0,"enemies":"Shelled Parasite and Fungi","floor":21,"turns":2},{"damage":13,"enemies":"Slavers","floor":23,"turns":2},{"damage":22,"enemies":"Gremlin Leader","floor":25,"turns":2},{"damage":0,"enemies":"Snecko","floor":28,"turns":2},{"damage":17,"enemies":"Slavers","floor":29,"turns":2},{"damage":0,"enemies":"Gremlin Leader","floor":30,"turns":2},{"damage":3,"enemies":"Champ","floor":33,"turns":4},{"damage":0,"enemies":"Orb Walker","floor":35,"turns":2},{"damage":0,"enemies":"Giant Head","floor":40,"turns":3},{"damage":0,"enemies":"Nemesis","floor":41,"turns":3},{"damage":1,"enemies":"3 Shapes","floor":42,"turns":2},{"damage":1,"enemies":"Reptomancer","floor":48,"turns":1},{"damage":7,"enemies":"Donu and Deca","floor":50,"turns":3},{"damage":4,"enemies":"animator:UNNAMED_CULTIST_1","floor":54,"turns":4},{"damage":2,"enemies":"animator:UNNAMED_HAT","floor":55,"turns":10},{"damage":18,"enemies":"animator:UNNAMED_CULTIST_2","floor":59,"turns":6},{"damage":12,"enemies":"animator:LARGE_CUBE","floor":60,"turns":5},{"damage":16,"enemies":"animator:ULTIMATE_WISP","floor":63,"turns":4},{"damage":0,"enemies":"animator:ULTIMATE_CRYSTAL","floor":67,"turns":4},{"damage":124,"enemies":"animator:TheUnnamed","floor":69,"turns":6}],"seed_played":"2326782135449068742","potions_obtained":[{"floor":6,"key":"Swift Potion"},{"floor":11,"key":"Regen Potion"},{"floor":12,"key":"DistilledChaos"},{"floor":14,"key":"Regen Potion"},{"floor":16,"key":"GamblersBrew"},{"floor":54,"key":"animator:FalseLifePotion"},{"floor":55,"key":"animator:FalseLifePotion"},{"floor":59,"key":"animator:FalseLifePotion"},{"floor":60,"key":"animator:FalseLifePotion"},{"floor":63,"key":"animator:FalseLifePotion"},{"floor":67,"key":"animator:FalseLifePotion"}],"is_trial":false,"path_per_floor":["M","$","M","$","M","E","?","E","T","?","M","M","$","M","R","B",null,"M","M","$","M","$","E","?","E","T","R","M","E","E","?","R","B",null,"M","?","$","T","$","E","E","M","T","$","?","?","R","E","R","B",null,"R","??","M","M","T","?","$","M","M","?","$","E","T","?","$","E","R","B"],"character_chosen":"THE_ANIMATOR","items_purchased":["OrangePellets","animator:ShionDessert","Centennial Puzzle","Medical Kit","animator:BattleDrones","CaptainsWheel","Sling","War Paint","hubris:SlimyHat","animator:CerealBox","animator:EngravedStaff","Ginger","Runic Capacitor","WingedGreaves","Calipers","DollysMirror","Oddly Smooth Stone","Boot","PrismaticShard","hubris:AstralHammer","Pocketwatch","animator:Lelouch","Chemical X","Pear","hubris:MysteriousPyramids","animator:AncientMedallion","animator:AncientMedallion","animator:AncientMedallion","animator:Melzalgald","animator:PinaCoLada","animator:Assassin","animator:Mitsuba","animator:Yuuichirou","animator:Tyuule","animator:TukaLunaMarceau","animator:AncientMedallion","animator:Hitei","animator:Magilou","animator:HououinKyouma","animator:AncientMedallion","animator:AncientMedallion","animator:Patchouli","animator:IchigoKurosaki","animator:Bozes","animator:CrowleyEusford","animator:Verdia","animator:Kazuma","animator:Darkness","animator:AncientMedallion","animator:FalseLifePotion","animator:FalseLifePotion"],"campfire_rested":2,"item_purchase_floors":[2,2,2,4,4,4,13,13,13,20,20,20,22,22,22,37,37,37,39,39,39,39,44,44,44,58,58,58,58,58,58,62,62,62,62,62,62,62,62,62,62,66,66,66,66,66,66,66,66,66,66],"current_hp_per_floor":[59,59,59,59,60,56,56,55,55,42,43,43,43,43,43,62,67,65,65,65,65,65,52,40,18,18,39,39,22,22,7,28,74,74,74,74,74,74,74,74,74,73,73,83,84,84,84,83,83,76,82,82,86,82,80,80,80,80,68,84,84,84,70,70,70,70,86,86,0,0],"gold":150,"neow_bonus":"THREE_ENEMY_KILL","is_daily":false,"chose_seed":false,"campfire_upgraded":4,"win_rate":0.0,"timestamp":1609095065,"path_taken":["M","$","M","$","M","E","?","E","T","?","M","M","$","M","R","BOSS","M","M","$","M","$","E","?","E","T","R","M","E","E","?","R","BOSS","M","?","$","?","$","E","E","M","T","$","?","?","R","E","R","BOSS","R","??","M","M","T","?","$","M","M","?","$","E","T","?","$","E","R","BOSS"],"items_purchased_type":["Relic","Relic","Relic","Relic","Relic","Relic","Relic","Relic","Relic","Relic","Relic","Relic","Relic","Relic","Relic","Relic","Relic","Relic","Relic","Relic","Relic","Card","Relic","Relic","Relic","Relic","Relic","Relic","Card","Card","Card","Card","Card","Card","Card","Relic","Card","Card","Card","Relic","Relic","Card","Card","Card","Card","Card","Card","Card","Relic","Potion","Potion"],"build_version":"2020-12-22","purchased_purges":8,"victory":false,"max_hp_per_floor":[66,66,66,66,67,67,67,67,67,67,68,68,68,68,68,68,68,68,68,68,68,68,68,73,73,73,73,73,73,73,73,73,74,74,74,74,74,74,74,74,74,74,74,84,84,84,84,84,84,84,84,84,86,86,86,86,86,86,86,86,86,86,86,86,86,86,86,86,86,86],"relic_stats":{"counters":[31,89],"obtain_stats":[{"animator:ShionDessert":2,"Calipers":22,"animator:TheMissingPiece":0,"hubris:SlimyHat":13,"Runic Capacitor":22,"Juzu Bracelet":30,"Ginger":20,"hubris:MysteriousPyramids":44,"Sling":13,"Empty Cage":34,"Boot":37,"PrismaticShard":39,"Sozu":17,"Centennial Puzzle":2,"animator:AncientMedallion":56,"DollysMirror":37,"hubris:AstralHammer":39,"Tiny Chest":23,"WingedGreaves":22,"Chemical X":44,"InkBottle":40,"Red Skull":48,"hubris:DisguiseKit":41,"Pear":44,"NeowsBlessing":0,"animator:BattleDrones":4,"Blue Candle":26,"hubris:SphereOfDissonance":8,"Oddly Smooth Stone":37,"War Paint":13,"Medical Kit":4,"animator:CerealBox":20,"Mercury Hourglass":43,"WarpedTongs":45,"OrangePellets":2,"CaptainsWheel":4,"Bottled Flame":29,"animator:TheEgnaroPiece":53,"Molten Egg 2":6,"animator:EngravedStaff":20,"animator:LivingPicture":0,"Art of War":25,"hubris:ToyBattleship":38,"Pocketwatch":39},{"animator:ShionDessert":1,"Calipers":12,"animator:TheMissingPiece":0,"hubris:SlimyHat":7,"Runic Capacitor":12,"Juzu Bracelet":17,"Ginger":11,"hubris:MysteriousPyramids":22,"Sling":7,"Empty Cage":18,"Boot":19,"PrismaticShard":19,"Sozu":9,"Centennial Puzzle":1,"animator:AncientMedallion":26,"DollysMirror":19,"hubris:AstralHammer":19,"Tiny Chest":13,"WingedGreaves":12,"Chemical X":22,"InkBottle":20,"Red Skull":23,"hubris:DisguiseKit":21,"Pear":22,"NeowsBlessing":0,"animator:BattleDrones":2,"Blue Candle":14,"hubris:SphereOfDissonance":5,"Oddly Smooth Stone":19,"War Paint":7,"Medical Kit":2,"animator:CerealBox":11,"Mercury Hourglass":22,"WarpedTongs":22,"OrangePellets":1,"CaptainsWheel":2,"Bottled Flame":16,"animator:TheEgnaroPiece":24,"Molten Egg 2":4,"animator:EngravedStaff":11,"animator:LivingPicture":0,"Art of War":14,"hubris:ToyBattleship":19,"Pocketwatch":19},{"animator:ShionDessert":1,"Calipers":22,"animator:TheMissingPiece":0,"hubris:SlimyHat":12,"Runic Capacitor":22,"Juzu Bracelet":32,"Ginger":20,"hubris:MysteriousPyramids":46,"Sling":12,"Empty Cage":36,"Boot":38,"PrismaticShard":38,"Sozu":16,"Centennial Puzzle":1,"animator:AncientMedallion":64,"DollysMirror":38,"hubris:AstralHammer":38,"Tiny Chest":24,"WingedGreaves":22,"Chemical X":46,"InkBottle":41,"Red Skull":47,"hubris:DisguiseKit":44,"Pear":46,"NeowsBlessing":0,"animator:BattleDrones":2,"Blue Candle":26,"hubris:SphereOfDissonance":9,"Oddly Smooth Stone":38,"War Paint":12,"Medical Kit":2,"animator:CerealBox":20,"Mercury Hourglass":46,"WarpedTongs":46,"OrangePellets":1,"CaptainsWheel":2,"Bottled Flame":30,"animator:TheEgnaroPiece":50,"Molten Egg 2":6,"animator:EngravedStaff":20,"animator:LivingPicture":0,"Art of War":26,"hubris:ToyBattleship":38,"Pocketwatch":38}]},"card_choices":[{"not_picked":["animator:Shigure","animator:TsurugaMeisai"],"picked":"animator:Mitsurugi","floor":1},{"not_picked":["animator:Chris","animator:ShinjiMatou"],"picked":"animator:Cocytus","floor":3},{"not_picked":["animator:Illya","animator:Melzalgald"],"picked":"animator:Vanir","floor":5},{"not_picked":["animator:Alexander+1","animator:Archer"],"picked":"animator:Lancer+1","floor":6},{"not_picked":["animator:Togame","animator:Illya"],"picked":"animator:Rider","floor":8},{"not_picked":["animator:Geryuganshoop","animator:Caster"],"picked":"animator:Entoma+1","floor":11},{"not_picked":["animator:YunYun+1","animator:Azekura"],"picked":"animator:Mikaela+1","floor":12},{"not_picked":["animator:Boros","animator:PinaCoLada"],"picked":"animator:Gilgamesh+1","floor":16},{"not_picked":["animator:PandorasActor+1","animator:Melzalgald+1"],"picked":"animator:RoryMercury+1","floor":18},{"not_picked":["animator:Chris+1","animator:PandorasActor"],"picked":"animator:Sonic+1","floor":19},{"not_picked":["animator:SakuraMatou","animator:Nanami"],"picked":"animator:Alexander+1","floor":21},{"not_picked":["animator:SakuraMatou","animator:Chris+1","animator:Arpeggio"],"picked":"SKIP","floor":25},{"not_picked":["animator:YunYun+1","animator:LeleiLaLalena"],"picked":"animator:Emonzaemon+1","floor":28},{"not_picked":["animator:KrulTepes+1","animator:Rider+1"],"picked":"animator:Shalltear+1","floor":29},{"not_picked":["animator:Gilgamesh+1","animator:HigakiRinne"],"picked":"animator:Albedo+1","floor":33},{"not_picked":["animator:Shinoa","animator:Mitsuba+1"],"picked":"animator:KrulTepes+1","floor":35},{"not_picked":["animator:ChaikaBohdan+1","hermit:Spite+1","Fire Blade+1"],"picked":"SKIP","floor":40},{"not_picked":["Shockwave Tdmadao","TheCursedMod:FleshFromBone+1","Fire Blade+1"],"picked":"SKIP","floor":41},{"not_picked":["animator:Shinoa","animator:Mikaela+1"],"picked":"animator:Yuuichirou+1","floor":42},{"not_picked":["Awareness+1","Anger+1","Twin Teeth"],"picked":"animator:Shion+1","floor":48},{"not_picked":["animator:ShinjiMatou","animator:Entoma","animator:Alexander"],"picked":"SKIP","floor":54},{"not_picked":["animator:LeleiLaLalena","animator:MumenRider"],"picked":"animator:SilverFang","floor":55},{"not_picked":["animator:Bozes+1","animator:Aqua+1"],"picked":"animator:SakuraMatou+1","floor":57},{"not_picked":["animator:Entoma","animator:PandorasActor"],"picked":"animator:Shalltear","floor":59},{"not_picked":["animator:Yuuichirou","animator:PandorasActor"],"picked":"animator:Kuribayashi+1","floor":60},{"not_picked":["animator:Yoichi","animator:Yuuichirou"],"picked":"animator:Konayuki+1","floor":63},{"not_picked":["animator:Wiz+1","animator:HigakiRinne+1"],"picked":"animator:Saber+1","floor":65},{"not_picked":["animator:Shalltear","animator:Entoma"],"picked":"animator:EmiyaShirou+1","floor":67}],"player_experience":99147,"relics_obtained":[{"floor":6,"key":"Molten Egg 2"},{"floor":8,"key":"hubris:SphereOfDissonance"},{"floor":23,"key":"Tiny Chest"},{"floor":25,"key":"Art of War"},{"floor":26,"key":"Blue Candle"},{"floor":29,"key":"Bottled Flame"},{"floor":30,"key":"Juzu Bracelet"},{"floor":38,"key":"hubris:ToyBattleship"},{"floor":40,"key":"InkBottle"},{"floor":41,"key":"hubris:DisguiseKit"},{"floor":43,"key":"Mercury Hourglass"},{"floor":48,"key":"Red Skull"},{"floor":53,"key":"animator:TheEgnaroPiece"},{"floor":56,"key":"animator:AncientMedallion"},{"floor":61,"key":"animator:AncientMedallion"},{"floor":61,"key":"animator:AncientMedallion"},{"floor":61,"key":"animator:AncientMedallion"},{"floor":61,"key":"animator:AncientMedallion"},{"floor":61,"key":"animator:AncientMedallion"},{"floor":61,"key":"animator:AncientMedallion"},{"floor":61,"key":"animator:AncientMedallion"},{"floor":61,"key":"animator:AncientMedallion"},{"floor":61,"key":"animator:AncientMedallion"},{"floor":61,"key":"animator:AncientMedallion"},{"floor":61,"key":"animator:AncientMedallion"},{"floor":61,"key":"animator:AncientMedallion"},{"floor":63,"key":"animator:AncientMedallion"},{"floor":64,"key":"animator:AncientMedallion"},{"floor":67,"key":"animator:AncientMedallion"}],"event_choices":[{"cards_removed":["animator:Defend"],"damage_healed":0,"gold_gain":0,"player_choice":"Forget","damage_taken":0,"max_hp_gain":0,"max_hp_loss":0,"event_name":"Living Wall","floor":7,"gold_loss":0},{"damage_healed":0,"gold_gain":0,"player_choice":"Entered Light","damage_taken":13,"max_hp_gain":0,"max_hp_loss":0,"event_name":"Shining Light","floor":10,"gold_loss":0,"cards_upgraded":["animator:TukaLunaMarceau","animator:Kuribayashi"]},{"damage_healed":0,"gold_gain":0,"player_choice":"Shed Blood","damage_taken":17,"max_hp_gain":5,"max_hp_loss":0,"event_name":"Forgotten Altar","floor":24,"gold_loss":0},{"cards_removed":["animator:Defend_GATE"],"damage_healed":0,"gold_gain":0,"player_choice":"Removed Skill","damage_taken":0,"max_hp_gain":0,"max_hp_loss":0,"event_name":"Falling","floor":36,"gold_loss":0},{"damage_healed":0,"gold_gain":0,"player_choice":"Rummage","damage_taken":0,"relics_obtained":["WarpedTongs"],"max_hp_gain":0,"max_hp_loss":0,"event_name":"Accursed Blacksmith","floor":45,"gold_loss":0,"cards_obtained":["Pain"]},{"damage_healed":0,"gold_gain":0,"player_choice":"Upgraded","damage_taken":0,"max_hp_gain":0,"max_hp_loss":0,"event_name":"Upgrade Shrine","floor":46,"gold_loss":0,"cards_upgraded":["animator:Strike_GATE"]},{"damage_healed":0,"gold_gain":0,"player_choice":"2","damage_taken":0,"max_hp_gain":0,"max_hp_loss":0,"event_name":"betterMatch:BetterMatch","floor":57,"gold_loss":0,"cards_obtained":["betterMatch:UncommonCard"]}],"is_beta":false,"boss_relics":[{"not_picked":["hubris:VirtuousBlindfold","hubris:TerracottaHorce"],"picked":"Sozu"},{"not_picked":["animator:HolyGrailRelic","hubris:Backtick"],"picked":"Empty Cage"}],"items_purged_floors":[2,4,13,20,22,37,44,58],"is_endless":false,"potions_floor_spawned":[6,11,12,14,16,21,28,29,33,40,48,54,60],"killed_by":"animator:TheUnnamed","ascension_level":6}}