{"host":"c1ih99nde5rm1bm8","time":1609079066,"event":{"mods":["Act Like it!","BaseMod","Become a monster ∞Ÿ±‰π÷","Gensokyo","Highlight Path","Marisa£®ÏF”Í°°ƒß¿Ì…≥£©","Minty Spire (QoL Compilation)","MostiFishMod","Railgun Mod","Reimu£®≤©¿ˆ¡È√Œ£©","Remilia_Scarlet Moed£®¿Ÿ√◊¿Ú—«°§Àπø®¿◊Ãÿ£©3.3.5","Remilia£®¿Ÿ√◊¿Ú—«£©","StSLib","The Servant 0.9.4","UnlockEverythingMod","Yakumo Yukari mod","Youmu£®ªÍ∆«—˝√Œ£©","Yuri Mod","Yuyuko","noobMod","°æ“≈ŒÔø®≈∆°øREMEMod","ÛÙª÷∏ƒœ"],"gold_per_floor":[109,109,109,109,124,124,124,5,5,5,18,18,42,115,115,239,239,207,207,132,132,132,152,14,67,67,98,98,141,141,162,19,149,149,173,249,582,582,602,635,655,655,655,675,705,24,24,37,37,37,37,37,37,69,69],"floor_reached":56,"playtime":3007,"items_purged":["Strike_Lin:ReiMu","Strike_Lin:ReiMu","Strike_Lin:ReiMu","Defend_Lin:ReiMu","Defend_Lin:ReiMu","Defend_Lin:ReiMu+1","Defend_Lin:ReiMu"],"score":1584,"play_id":"5fbcea0e-fb6e-4683-bd10-b9a287a49918","local_time":"20201227222426","is_ascension_mode":false,"campfire_choices":[{"floor":6.0,"key":"RECALL"},{"floor":15.0,"key":"REST"},{"data":"KyokaiOfKami:ReiMu","floor":49,"key":"SMITH"},{"data":"KyokaiOfKami:ReiMu","floor":52,"key":"SMITH"}],"circlet_count":0,"master_deck":["NB:ReiMu","Stagnation:ReiMu","AirStrike:ReiMu","Injury","REME_BodyOfCthun","REME_ShortnessOfBreath+1","YinYang:ReiMu","DoubleButterfly:ReiMu","CareerPray:ReiMu","WonderfulDomain:ReiMu","DependentForm:ReiMu","RemiliaMod:CYMZW","AirManeuver:ReiMu","MostiFishMod:SupremeArchaeology","HandOfGreed","Amulet:ReiMu","AirStrike:ReiMu","OrbThrow:ReiMu","CareerPray:ReiMu","MikOfLucky:ReiMu","ManaGlint:ReiMu","TakeOff:ReiMu","LearningPray:ReiMu+1","MountainWay:ReiMu+1","KamiSacrifice:ReiMu+1","KyokaiOfKami:ReiMu","SubcavityInstant:ReiMu+1","InherentArray:ReiMu","MostiFishMod:KingOfFree","Writhe","Dreaming2:ReiMu","TightArray:ReiMu","NineCharacters:ReiMu","Conquer:ReiMu","KyokaiOfKami:ReiMu+1","FineLineFantasy:ReiMu+1","Metamorphosis+1","CollectionFlower2:ReiMu+1","FantasyMoon:ReiMu+1","Conquer:ReiMu","Bandage Up+1","ShadowOfCrow2:ReiMu+1","SubAcupoint:ReiMu","Gathering:ReiMu","The Bomb+1","PassingAway:ReiMu+1","KyokaiOfKami:ReiMu+1","UniversalSpiritual:ReiMu+1","SealNeedle:ReiMu+1","Authority:ReiMu+1","SubcavityInstant:ReiMu+1","ManaRampage+1","Shading:ReiMu+1","OctopathBindingBorder2:ReiMu+1","MikOfLucky:ReiMu+1","PassingAway:ReiMu+1","AlertArray:ReiMu+1","Apotheosis+1","LovePray:ReiMu+1","FantasyMoon:ReiMu+1","RunawayExorcism:ReiMu+1","REME_PuzzleBox+1","BlastKick2:ReiMu","LovePray:ReiMu+1","InherentArray:ReiMu+1","SpreadBorder2:ReiMu+1","EmergencyTakeOff:ReiMu+1","AirStrike:ReiMu","PayForSelf:ReiMu","Bandage Up+1","Metamorphosis+1","Authority:ReiMu+1"],"relics":["FlyPower:ReiMu","DaveBox","ice","REME_ComplimentaryCards","DiscerningMonocle","NeowsBlessing","SynthV:TestCard","DianDianMeat","Blood Vial","TentaclePot:ReiMu","Singing Bowl","Unceasing Top","Sling","Toxic Egg 2","Incense Burner","ChiXiaoBlade","CombinedTypeHook","ChiLing","Chi","Ling","Gremlin Horn","Sundial","KaguraBell:ReiMu","Matryoshka","Strawberry","Pen Nib","Happy Flower","CheatingSign:ReiMu","Orichalcum","MetatronsCube","Prayer Wheel","FossilizedHelix","Ying","HaiYi:Twilight","Frozen Egg 2","Pear","Dream Catcher","Du-Vu Doll","Toy Ornithopter","ClockworkSouvenir","SkyOrb:ReiMu","Mango","HornCleat","Letter Opener","yuri:PortableGlitches","Dead Branch","Vajra","REME_CardOfGreed","Bottled Lightning"],"acts_visited":["Exordium","TheCity","TheBeyond","TheEnding"],"potions_floor_usage":[44,50,50,55,55,55],"damage_taken":[{"damage":0.0,"enemies":"Small Slimes","floor":1.0,"turns":1.0},{"damage":0.0,"enemies":"2 Louse","floor":5.0,"turns":1.0},{"damage":0.0,"enemies":"Cultist","floor":11.0,"turns":1.0},{"damage":9.0,"enemies":"Exordium Wildlife","floor":13.0,"turns":5.0},{"damage":84.0,"enemies":"Gremlin Nob","floor":14.0,"turns":7.0},{"damage":73.0,"enemies":"The Guardian","floor":16.0,"turns":11.0},{"damage":5.0,"enemies":"2 Thieves","floor":18.0,"turns":5.0},{"damage":1.0,"enemies":"3 Byrds","floor":23.0,"turns":2.0},{"damage":1.0,"enemies":"Gremlin Leader","floor":25.0,"turns":3.0},{"damage":28.0,"enemies":"Slavers","floor":27.0,"turns":2.0},{"damage":1.0,"enemies":"Gremlin Leader","floor":29.0,"turns":3.0},{"damage":1.0,"enemies":"Snake Plant","floor":31.0,"turns":3.0},{"damage":18.0,"enemies":"Automaton","floor":33.0,"turns":6.0},{"damage":0.0,"enemies":"3 Shapes","floor":35.0,"turns":3.0},{"damage":0,"enemies":"3 Darklings","floor":39,"turns":2},{"damage":3,"enemies":"Nemesis","floor":40,"turns":5},{"damage":0,"enemies":"Spire Growth","floor":41,"turns":3},{"damage":0,"enemies":"Jaw Worm Horde","floor":44,"turns":2},{"damage":0,"enemies":"Reptomancer","floor":45,"turns":2},{"damage":0,"enemies":"Transient","floor":48,"turns":5},{"damage":1,"enemies":"Time Eater","floor":50,"turns":4},{"damage":0,"enemies":"Shield and Spear","floor":54,"turns":3},{"damage":40,"enemies":"The Heart","floor":55,"turns":5}],"seed_played":"-7702471770062681819","potions_obtained":[{"floor":14.0,"key":"CultistPotion"},{"floor":18.0,"key":"SpeedPotion"},{"floor":27.0,"key":"Fire Potion"},{"floor":29.0,"key":"Strength Potion"},{"floor":31.0,"key":"FearPotion"},{"floor":33.0,"key":"ZuzhouPotion:ReiMu"},{"floor":35.0,"key":"Dexterity Potion"},{"floor":40,"key":"SkillPotion"},{"floor":45,"key":"Explosive Potion"},{"floor":47,"key":"LiquidFlight:ReiMu"},{"floor":47,"key":"AttackPotion"}],"is_trial":false,"path_per_floor":["M","?","$","?","M","R","$","R","T","?","M","T","M","E","R","B",null,"M","$","?","?","?","M","R","E","T","E","$","E","$","M","R","B",null,"M","T","?","?","M","E","M","$","T","M","E","R","?","M","R","B",null,"R","$","E","B",null],"character_chosen":"REIMU","items_purchased":["DianDianMeat","Blood Vial","TentaclePot:ReiMu","REME_BodyOfCthun","REME_ShortnessOfBreath","YinYang:ReiMu","DoubleButterfly:ReiMu","CareerPray:ReiMu","WonderfulDomain:ReiMu","DependentForm:ReiMu","GrandPatriotsElixir:ReiMu","REME_GoldPotion","Block Potion","Singing Bowl","Unceasing Top","Sling","MostiFishMod:SupremeArchaeology","HandOfGreed","Amulet:ReiMu","AirStrike:ReiMu","OrbThrow:ReiMu","CareerPray:ReiMu","MikOfLucky:ReiMu","SkillPotion","ManaGlint:ReiMu","TakeOff:ReiMu","CombinedTypeHook","ChiLing","InherentArray:ReiMu","MostiFishMod:KingOfFree","Gremlin Horn","Fire Potion","Explosive Potion","ColorlessPotion","TightArray:ReiMu","NineCharacters:ReiMu","Conquer:ReiMu","Pen Nib","Happy Flower","CheatingSign:ReiMu","Metamorphosis+1","SkillPotion","FearPotion","CollectionFlower2:ReiMu+1","FantasyMoon:ReiMu+1","Conquer:ReiMu","Bandage Up+1","MetatronsCube","Prayer Wheel","FossilizedHelix","SubAcupoint:ReiMu","Gathering:ReiMu","The Bomb+1","Ying","Du-Vu Doll","Toy Ornithopter","ClockworkSouvenir","PassingAway:ReiMu+1","AlertArray:ReiMu+1","Apotheosis+1","Letter Opener","yuri:PortableGlitches","REME_PuzzleBox+1","Dead Branch","Vajra","REME_CardOfGreed","InherentArray:ReiMu+1","SpreadBorder2:ReiMu+1","EmergencyTakeOff:ReiMu+1","AirStrike:ReiMu","PayForSelf:ReiMu","Bandage Up+1","Metamorphosis+1","SteroidPotion","SpeedPotion"],"campfire_rested":1,"item_purchase_floors":[3,3,3,3,3,3,3,3,3,3,3,3,3,7,7,7,7,7,7,7,7,7,7,7,8,8,19,19,19,19,19,19,19,19,24,24,24,28,28,28,28,28,28,28,28,28,28,30,30,30,30,30,30,32,42,42,42,42,42,42,46,46,46,53,53,53,53,53,53,53,53,53,53,53,53],"current_hp_per_floor":[65,65,93,106,115,115,206,241,241,193,214,214,227,166,256,207,323,341,390,390,390,416,444,531,563,563,576,751,796,916,967,967,1001,1025,1114,1124,1124,1124,1217,1311,1414,1573,1587,1699,1756,1814,1814,1933,1933,1933,1933,1933,2381,2450,2429],"gold":69,"neow_bonus":"THREE_ENEMY_KILL","is_daily":false,"chose_seed":false,"campfire_upgraded":2,"win_rate":0.0,"timestamp":1609079066,"path_taken":["M","?","$","?","M","R","$","R","T","?","M","?","?","E","R","BOSS","M","$","?","?","?","?","R","E","T","E","$","E","$","M","R","BOSS","M","?","?","?","M","E","M","$","T","M","E","R","?","M","R","BOSS","R","$","E","BOSS"],"items_purchased_type":["Relic","Relic","Relic","Card","Card","Card","Card","Card","Card","Card","Potion","Potion","Potion","Relic","Relic","Relic","Card","Card","Card","Card","Card","Card","Card","Potion","Card","Card","Relic","Relic","Card","Card","Relic","Potion","Potion","Potion","Card","Card","Card","Relic","Relic","Relic","Card","Potion","Potion","Card","Card","Card","Card","Relic","Relic","Relic","Card","Card","Card","Relic","Relic","Relic","Relic","Card","Card","Card","Relic","Relic","Card","Relic","Relic","Relic","Card","Card","Card","Card","Card","Card","Card","Potion","Potion"],"build_version":"2020-12-22","purchased_purges":7,"victory":true,"max_hp_per_floor":[65,65,93,106,115,115,206,241,241,241,260,260,280,301,301,323,323,346,395,395,395,421,448,535,566,566,605,780,818,938,982,982,1025,1025,1114,1124,1124,1124,1217,1314,1415,1574,1588,1699,1756,1814,1814,1933,1933,1933,1933,1933,2381,2450,2450],"card_choices":[{"not_picked":["SafetyPray:ReiMu","EmergencyTakeOff:ReiMu"],"picked":"AirStrike:ReiMu","floor":1.0},{"not_picked":["PassingAway:ReiMu","YinYangSign:ReiMu","Intuition:ReiMu","SafetyPray:ReiMu"],"picked":"AirManeuver:ReiMu","floor":5.0},{"not_picked":["Intuition:ReiMu+1","SpreadBorder2:ReiMu+1","DependentForm:ReiMu","SafetyPray:ReiMu+1"],"picked":"LearningPray:ReiMu+1","floor":11.0},{"not_picked":["AirStrike:ReiMu","SafetyPray:ReiMu+1","AlertArray:ReiMu+1","Enchanting:ReiMu+1"],"picked":"MountainWay:ReiMu+1","floor":13.0},{"not_picked":["Enchanting:ReiMu+1","Intuition:ReiMu+1","Conquer:ReiMu","KyokaiOfKami:ReiMu"],"picked":"KamiSacrifice:ReiMu+1","floor":14.0},{"not_picked":["Determination:ReiMu","CardOfSanctity:ReiMu+1","PrayRite:ReiMu+1","DependentForm:ReiMu"],"picked":"KyokaiOfKami:ReiMu","floor":16.0},{"not_picked":["SpreadBorder2:ReiMu+1","ForcedLanding:ReiMu","WonderfulDomain:ReiMu+1","SpringWay:ReiMu+1"],"picked":"SubcavityInstant:ReiMu+1","floor":18.0},{"not_picked":["TightArray:ReiMu","Amulet:ReiMu+1","WonderfulDomain:ReiMu+1","Intuition:ReiMu+1"],"picked":"Dreaming2:ReiMu","floor":23.0},{"not_picked":["SpringWay:ReiMu+1","SpreadBorder2:ReiMu+1","EmergencyTakeOff:ReiMu+1","Intuition:ReiMu+1"],"picked":"KyokaiOfKami:ReiMu","floor":25.0},{"not_picked":["AirManeuver:ReiMu+1","AlertArray:ReiMu+1","CareerPray:ReiMu+1","PayForSelf:ReiMu+1"],"picked":"FineLineFantasy:ReiMu+1","floor":27.0},{"not_picked":["Crusade:ReiMu","ManaGlint:ReiMu","AlertArray:ReiMu+1","Conquer:ReiMu+1"],"picked":"ShadowOfCrow2:ReiMu+1","floor":29.0},{"not_picked":["OrbThrow:ReiMu","Intuition:ReiMu+1","EmergencyTakeOff:ReiMu+1","WonderfulDomain:ReiMu+1","SafetyPray:ReiMu+1"],"picked":"Singing Bowl","floor":31.0},{"not_picked":["RainPray2:ReiMu+1","OrbThrow:ReiMu","Intuition:ReiMu+1","SubAcupoint:ReiMu"],"picked":"PassingAway:ReiMu+1","floor":31.0},{"not_picked":["Free:ReiMu+1","DependentForm:ReiMu","CeremonyResonance:ReiMu+1","YinYang:ReiMu"],"picked":"KyokaiOfKami:ReiMu","floor":33.0},{"not_picked":["Mountainwind:ReiMu+1","TakeOff:ReiMu+1","TightArray:ReiMu","AirStrike:ReiMu+1"],"picked":"UniversalSpiritual:ReiMu+1","floor":35.0},{"not_picked":["WonderfulDomain:ReiMu+1","UpKicking:ReiMu","SubAcupoint:ReiMu+1","ForcedLanding:ReiMu"],"picked":"SealNeedle:ReiMu+1","floor":35.0},{"not_picked":["SpreadBorder2:ReiMu+1","PassingAway:ReiMu+1","Mountainwind:ReiMu+1","Conquer:ReiMu"],"picked":"Authority:ReiMu+1","floor":39},{"not_picked":["Conquer:ReiMu","SafetyPray:ReiMu+1","SpringWay:ReiMu+1","AirStrike:ReiMu+1"],"picked":"SubcavityInstant:ReiMu+1","floor":39},{"not_picked":["Revelation:ReiMu+1","AlertArray:ReiMu+1","YinYang:ReiMu","YinYangSign:ReiMu"],"picked":"Shading:ReiMu+1","floor":40},{"not_picked":["SubAcupoint:ReiMu","ShadowOfCrow2:ReiMu+1","ManaGlint:ReiMu","Crusade:ReiMu+1"],"picked":"OctopathBindingBorder2:ReiMu+1","floor":41},{"not_picked":["AirManeuver:ReiMu+1","SubcavityInstant:ReiMu+1","Meditation:ReiMu+1","Enchanting:ReiMu+1"],"picked":"MikOfLucky:ReiMu+1","floor":41},{"not_picked":["AirStrike:ReiMu+1","FantasyBorder:ReiMu+1","ShadowOfCrow2:ReiMu+1","AlertArray:ReiMu+1"],"picked":"LovePray:ReiMu+1","floor":44},{"not_picked":["FoulBorder2:ReiMu+1","ForcedLanding:ReiMu","TightArray:ReiMu+1","Enchanting:ReiMu+1"],"picked":"FantasyMoon:ReiMu+1","floor":44},{"not_picked":["NineCharacters:ReiMu+1","PhosphorusFlame:ReiMu+1","OrbThrow:ReiMu+1","SpringWay:ReiMu+1"],"picked":"RunawayExorcism:ReiMu+1","floor":45},{"not_picked":["AlertArray:ReiMu+1","SubAcupoint:ReiMu","TightArray:ReiMu+1","AirManeuver:ReiMu+1"],"picked":"BlastKick2:ReiMu","floor":48},{"not_picked":["ShadowOfCrow2:ReiMu+1","Amulet:ReiMu+1","Revelation:ReiMu+1","SafetyPray:ReiMu+1"],"picked":"LovePray:ReiMu+1","floor":48},{"not_picked":["Conquer:ReiMu+1","EmergencyTakeOff:ReiMu+1","Amulet:ReiMu+1","SpreadBorder2:ReiMu+1"],"picked":"Authority:ReiMu+1","floor":54}],"player_experience":58743,"relics_obtained":[{"floor":1.0,"key":"SynthV:TestCard"},{"floor":9.0,"key":"Toxic Egg 2"},{"floor":14.0,"key":"Incense Burner"},{"floor":25.0,"key":"KaguraBell:ReiMu"},{"floor":26.0,"key":"Matryoshka"},{"floor":27.0,"key":"Strawberry"},{"floor":29.0,"key":"Orichalcum"},{"floor":36.0,"key":"Frozen Egg 2"},{"floor":36.0,"key":"Pear"},{"floor":40,"key":"Dream Catcher"},{"floor":43,"key":"SkyOrb:ReiMu"},{"floor":43,"key":"Mango"},{"floor":45,"key":"HornCleat"},{"floor":54,"key":"Bottled Lightning"}],"event_choices":[{"damage_healed":0.0,"max_hp_gain":0.0,"max_hp_loss":0.0,"gold_gain":0.0,"event_name":"Golden Idol","player_choice":"Take Wound","floor":2.0,"gold_loss":0.0,"damage_taken":0.0,"relics_obtained":["Golden Idol"],"cards_obtained":["Injury"]},{"damage_healed":0.0,"max_hp_gain":5.0,"max_hp_loss":0.0,"gold_gain":0.0,"event_name":"Remilia_CDSJ09","player_choice":"CYMZW","floor":4.0,"gold_loss":0.0,"damage_taken":0.0},{"damage_healed":0.0,"max_hp_gain":0.0,"max_hp_loss":0.0,"gold_gain":0.0,"event_name":"Shining Light","player_choice":"Entered Light","floor":10.0,"gold_loss":0.0,"damage_taken":48.0,"cards_upgraded":["REME_ShortnessOfBreath","Defend_Lin:ReiMu"]},{"cards_removed":["Strike_Lin:ReiMu"],"damage_healed":0.0,"max_hp_gain":0.0,"max_hp_loss":0.0,"gold_gain":0.0,"event_name":"Beggar","player_choice":"Gave Gold","floor":20.0,"gold_loss":75.0,"damage_taken":0.0},{"damage_healed":0.0,"max_hp_gain":0.0,"max_hp_loss":0.0,"gold_gain":0.0,"event_name":"Ghosts","player_choice":"Ignored","floor":21.0,"gold_loss":0.0,"damage_taken":0.0},{"damage_healed":0.0,"max_hp_gain":0.0,"max_hp_loss":0.0,"gold_gain":0.0,"event_name":"The Mausoleum","player_choice":"Opened","floor":22.0,"gold_loss":0.0,"damage_taken":0.0,"relics_obtained":["Sundial"],"cards_obtained":["Writhe"]},{"damage_healed":0.0,"max_hp_gain":0.0,"max_hp_loss":0.0,"gold_gain":333.0,"event_name":"The Moai Head","player_choice":"Gave Idol","floor":37.0,"relics_lost":["Golden Idol"],"gold_loss":0.0,"damage_taken":0.0},{"damage_healed":0,"gold_gain":0,"player_choice":"Got Potions","damage_taken":0,"max_hp_gain":0,"max_hp_loss":0,"event_name":"Lab","floor":47,"gold_loss":0}],"is_beta":false,"boss_relics":[{"not_picked":["Philosopher\u0027s Stone","xbg"],"picked":"ChiXiaoBlade"},{"not_picked":["Velvet Choker","REME_DuelDisc"],"picked":"HaiYi:Twilight"}],"items_purged_floors":[3,7,19,28,30,42,53],"is_endless":false,"potions_floor_spawned":[5,11,14,18,27,29,31,33,35,40,45,48,54],"ascension_level":0}}