{"host":"202rh853cfmsp27s","time":1609052643,"event":{"mods":["2.2 Compatiblity","AchievementEnabler","BaseMod","Bestiary","Better Altar","Better Match","Better Note","Better Sensory Stone","Better Skull","Better Third Choice","Better Vampires","BetterRewards","Colored Map","Colored Powertips","Curses Come First","Decade(???)","DeckTracker","Displayed Cursed Tome","Downfall","GifTheSpireLib","Gold Saver","Googly Eyes","Gremlin Mod","Halation","Hermit","Highlight Path","Infinite Spire","Minty Spire (QoL Compilation)","Permanent Neow","Random Character Button","Rare Cards Sparkle","Relic Stats","Replay The Spire","Shade Mod","Spicy Shops","StSLib","The Animator","The Bug Knight","The Wild Card","Transform Curses","Unceasing Turn Reminder"],"gold_per_floor":[200,160,160,181,200,234,248,284,284,323,337,87,112,145,145,268,268,286,286,286,311,337,386,386,410,410,12,41,60,89,126,126,263,263,296,629,645,645,657,692,718,728,728],"floor_reached":42,"playtime":3646,"items_purged":["Strike_B"],"score":667,"play_id":"c1c72a4d-f819-461c-9fd5-3398b4cc1a44","local_time":"20201227000403","is_ascension_mode":true,"campfire_choices":[{"floor":15,"key":"REST"},{"data":"White Noise","floor":24,"key":"SMITH"},{"floor":32,"key":"REST"}],"circlet_count":0,"master_deck":["Defend_B","Zap","Dualcast","ReplayRNGCard","Static Discharge","Injury","Hologram","Ball Lightning","Mirror Shield","Fusion","Genetic Algorithm","White Noise+1","Genetic Algorithm","Coolheaded","Conserve Battery","Echo Form","Hallucinations","ReplayTheSpireMod:Splinters","Rebound+1","Doubt","Cold Snap","White Noise+1","infinitespire:SealOfDarkness+","Streamline+1","Cold Snap","Doom and Gloom","FTL","Hello World","Defragment","Hologram","Hologram","Creative AI","Panic Button+1","Heatsinks+1","Stack+1","ReplayTheSpireMod:System Scan","Thunder Strike"],"relics":["Cracked Core","betterThird:SlimedRelic","Vajra","Turnip","ReplayTheSpireMod:Shallot","halation:Gekota","Thread and Needle","halation:LostSnail","infinitespire:Joker Card","Kintsugi","Replay:Bandana","Dream Catcher","InkBottle","infinitespire:SolderingIron","Snecko Eye","Orichalcum"],"acts_visited":["Exordium","TheCity","TheBeyond"],"potions_floor_usage":[8,22,33,33,41],"damage_taken":[{"damage":1,"enemies":"Cultist","floor":1,"turns":3},{"damage":3,"enemies":"2 Louse","floor":4,"turns":3},{"damage":2,"enemies":"Jaw Worm","floor":5,"turns":3},{"damage":16,"enemies":"Gremlin Nob","floor":6,"turns":4},{"damage":1,"enemies":"Looter","floor":7,"turns":3},{"damage":16,"enemies":"Lagavulin","floor":8,"turns":8},{"damage":6,"enemies":"3 Sentries","floor":10,"turns":6},{"damage":9,"enemies":"Exordium Wildlife","floor":11,"turns":5},{"damage":0,"enemies":"2 Fungi Beasts","floor":13,"turns":4},{"damage":0,"enemies":"Lagavulin","floor":14,"turns":8},{"damage":0,"enemies":"Hexaghost","floor":16,"turns":15},{"damage":0,"enemies":"Shell Parasite","floor":18,"turns":8},{"damage":9,"enemies":"Snecko","floor":21,"turns":6},{"damage":13,"enemies":"Chosen and Byrds","floor":22,"turns":6},{"damage":24,"enemies":"Nightmare","floor":23,"turns":8},{"damage":10,"enemies":"Sentry and Sphere","floor":25,"turns":6},{"damage":3,"enemies":"Shelled Parasite and Fungi","floor":28,"turns":8},{"damage":0,"enemies":"Snake Plant","floor":29,"turns":4},{"damage":0,"enemies":"Snecko","floor":30,"turns":4},{"damage":0,"enemies":"Centurion and Healer","floor":31,"turns":6},{"damage":23,"enemies":"Automaton","floor":33,"turns":12},{"damage":0,"enemies":"Orb Walker","floor":35,"turns":3},{"damage":35,"enemies":"3 Shapes","floor":37,"turns":9},{"damage":0,"enemies":"Maw","floor":39,"turns":7},{"damage":17,"enemies":"HollowMod:StalkingDevout","floor":40,"turns":7},{"damage":3,"enemies":"Writhing Mass","floor":41,"turns":5},{"damage":21,"enemies":"3 Darklings","floor":42,"turns":4}],"seed_played":"837950489702150822","potions_obtained":[{"floor":4,"key":"Adrenaline Potion"},{"floor":5,"key":"SpeedPotion"},{"floor":8,"key":"FocusPotion"},{"floor":11,"key":"FocusPotion"},{"floor":22,"key":"PowerPotion"},{"floor":33,"key":"BlessingOfTheForge"},{"floor":37,"key":"Fire Potion"}],"is_trial":false,"path_per_floor":["M","?","?","M","M","E","M","E","T","E","M","$","M","E","R","B",null,"M","?","?","M","M","NM","R","M","T","$","M","M","M","M","R","B",null,"M","?","M","?","M","E","M","M"],"character_chosen":"DEFECT","items_purchased":["Thread and Needle","halation:LostSnail","infinitespire:SolderingIron","Doom and Gloom","FTL"],"campfire_rested":2,"item_purchase_floors":[12,12,27,27,27],"current_hp_per_floor":[74,63,63,60,58,42,41,25,25,19,10,10,10,10,32,32,75,75,75,75,66,53,29,29,19,19,19,16,16,16,16,38,15,75,75,75,40,40,40,23,20,0,0],"gold":728,"neow_bonus":"ONE_RANDOM_RARE_CARD","is_daily":false,"chose_seed":false,"campfire_upgraded":1,"win_rate":0.0,"timestamp":1609052643,"path_taken":["M","?","?","M","M","E","M","E","T","E","M","?","M","E","R","BOSS","M","?","?","M","M","NM","R","M","T","$","M","M","?","M","R","BOSS","M","?","M","?","M","E","M","M"],"items_purchased_type":["Relic","Relic","Relic","Card","Card"],"build_version":"2020-12-22","purchased_purges":1,"victory":false,"max_hp_per_floor":[75,75,75,75,75,75,75,75,75,75,75,75,75,75,75,75,75,75,75,75,75,75,75,75,75,75,75,75,75,75,75,75,75,75,75,75,75,75,75,75,75,75,75],"relic_stats":{"Dream Catcher":1,"counters":[27,165],"Snecko Eye":[60,74,71,51],"Turnip":[18],"Orichalcum":[6],"obtain_stats":[{"halation:Gekota":10,"Golden Idol":3,"Vajra":6,"Thread and Needle":12,"infinitespire:Joker Card":14,"Orichalcum":40,"Replay:Bandana":20,"Dream Catcher":23,"infinitespire:SolderingIron":27,"ReplayTheSpireMod:Shallot":9,"betterThird:SlimedRelic":2,"Snecko Eye":34,"Turnip":8,"halation:LostSnail":12,"Kintsugi":17,"Cracked Core":0,"InkBottle":26},{"halation:Gekota":7,"Golden Idol":1,"Vajra":4,"Thread and Needle":8,"infinitespire:Joker Card":10,"Orichalcum":25,"Replay:Bandana":12,"Dream Catcher":15,"infinitespire:SolderingIron":16,"ReplayTheSpireMod:Shallot":6,"betterThird:SlimedRelic":1,"Snecko Eye":21,"Turnip":6,"halation:LostSnail":8,"Kintsugi":11,"Cracked Core":0,"InkBottle":16},{"halation:Gekota":30,"Golden Idol":3,"Vajra":13,"Thread and Needle":35,"infinitespire:Joker Card":47,"Orichalcum":156,"Replay:Bandana":70,"Dream Catcher":90,"infinitespire:SolderingIron":96,"ReplayTheSpireMod:Shallot":24,"betterThird:SlimedRelic":3,"Snecko Eye":130,"Turnip":24,"halation:LostSnail":35,"Kintsugi":62,"Cracked Core":0,"InkBottle":96}],"InkBottle":[34]},"card_choices":[{"not_picked":["ReplaySolidLightProjector","ReplayTheSpireMod:Repulse"],"picked":"Static Discharge","floor":1},{"not_picked":["Cold Snap","Barrage"],"picked":"Hologram","floor":4},{"not_picked":["Self Repair","Gash"],"picked":"Ball Lightning","floor":5},{"not_picked":["Streamline","ReplayRNGCard"],"picked":"Mirror Shield","floor":6},{"not_picked":["Melter","Leap"],"picked":"Fusion","floor":7},{"not_picked":["ReplayRNGCard","Gash"],"picked":"Genetic Algorithm","floor":8},{"not_picked":["Leap","Streamline"],"picked":"White Noise","floor":10},{"not_picked":["Conserve Battery","Barrage"],"picked":"Genetic Algorithm","floor":11},{"not_picked":["Ball Lightning","Defragment"],"picked":"Coolheaded","floor":13},{"not_picked":["Turbo","FIFO Queue"],"picked":"Conserve Battery","floor":14},{"not_picked":["Multi-Cast","Buffer"],"picked":"Echo Form","floor":16},{"not_picked":["Cold Snap","Compile Driver"],"picked":"Rebound+1","floor":18},{"not_picked":["Leap","ReplaySort"],"picked":"Cold Snap","floor":21},{"not_picked":["ReplayTheSpireMod:Repulse","Hello World"],"picked":"White Noise+1","floor":22},{"not_picked":["infinitespire:DeathsTouch","infinitespire:TheBestDefense"],"picked":"infinitespire:SealOfDarkness+","floor":23},{"not_picked":["All For One","Panic Button"],"picked":"Streamline+1","floor":23},{"not_picked":["Go for the Eyes","Compile Driver"],"picked":"Cold Snap","floor":25},{"not_picked":["Beam Cell","Stack"],"picked":"Hello World","floor":28},{"not_picked":["Redo","Scrape"],"picked":"Defragment","floor":29},{"not_picked":["Sweeping Beam+1","Go for the Eyes+1"],"picked":"Hologram","floor":30},{"not_picked":["Steam","Rebound"],"picked":"Hologram","floor":31},{"not_picked":["Machine Learning","Seek"],"picked":"Creative AI","floor":33},{"not_picked":["Streamline+1","Cold Snap+1"],"picked":"Panic Button+1","floor":35},{"not_picked":["Skim+1","Steam+1"],"picked":"Heatsinks+1","floor":37},{"not_picked":["ReplayTheSpireMod:Repulse+1","Compile Driver+1"],"picked":"Stack+1","floor":39},{"not_picked":["Conserve Battery","FTL"],"picked":"ReplayTheSpireMod:System Scan","floor":40},{"not_picked":["Blizzard","BasicCrystalCard+1"],"picked":"Thunder Strike","floor":41}],"player_experience":110881,"relics_obtained":[{"floor":6,"key":"Vajra"},{"floor":8,"key":"Turnip"},{"floor":9,"key":"ReplayTheSpireMod:Shallot"},{"floor":10,"key":"halation:Gekota"},{"floor":14,"key":"infinitespire:Joker Card"},{"floor":23,"key":"Dream Catcher"},{"floor":26,"key":"InkBottle"},{"floor":40,"key":"Orichalcum"}],"event_choices":[{"damage_healed":0,"gold_gain":0,"player_choice":"Slimed","damage_taken":11,"max_hp_gain":0,"max_hp_loss":0,"event_name":"betterThird:BetterGoop","floor":2,"gold_loss":40},{"damage_healed":0,"gold_gain":0,"player_choice":"Take Wound","damage_taken":0,"relics_obtained":["Golden Idol"],"max_hp_gain":0,"max_hp_loss":0,"event_name":"Golden Idol","floor":3,"gold_loss":0,"cards_obtained":["Injury"]},{"cards_removed":["Defend_B"],"damage_healed":0,"gold_gain":0,"player_choice":"Elegance","damage_taken":0,"max_hp_gain":0,"max_hp_loss":0,"event_name":"betterThird:BetterWriting","floor":19,"gold_loss":0},{"damage_healed":0,"gold_gain":333,"player_choice":"Gave Idol","damage_taken":0,"max_hp_gain":0,"max_hp_loss":0,"event_name":"The Moai Head","floor":36,"relics_lost":["Golden Idol"],"gold_loss":0},{"cards_removed":["Defend_B"],"damage_healed":0,"gold_gain":0,"player_choice":"Removed Skill","damage_taken":0,"max_hp_gain":0,"max_hp_loss":0,"event_name":"Falling","floor":38,"gold_loss":0}],"is_beta":false,"boss_relics":[{"not_picked":["halation:CatFaceCupcake","Runic Pyramid"],"picked":"Kintsugi"},{"not_picked":["Honey Jar","halation:MonkeysPaw"],"picked":"Snecko Eye"}],"items_purged_floors":[12],"is_endless":true,"potions_floor_spawned":[4,5,8,11,16,21,22,25,33,37,39,40],"killed_by":"3 Darklings","ascension_level":2}}