{"host":"7l2t4psy44vpcd9q","time":1609074907,"event":{"mods":["AchievementEnabler","BaseMod","DeckTracker","Minty Spire (QoL Compilation)","SuperFastMode"],"gold_per_floor":[112,125,141,157,157,157,189,189,271,285,302,382,382,396,396,471,471,491,491,491],"floor_reached":19,"playtime":811,"items_purged":[],"score":342,"play_id":"e9743647-6373-4a93-ad5c-47123e27bc32","local_time":"20201227221507","is_ascension_mode":true,"campfire_choices":[{"floor":6,"key":"REST"},{"data":"Dodge and Roll","floor":8,"key":"SMITH"},{"floor":15,"key":"REST"}],"circlet_count":0,"master_deck":["AscendersBane","Strike_G","Strike_G","Strike_G","Strike_G","Defend_G","Defend_G","Defend_G","Defend_G","Defend_G","Survivor","Neutralize","Bane+1","Dodge and Roll+1","Flying Knee","Sucker Punch+1","Quick Slash","Deadly Poison","Deflect","Phantasmal Killer","Malaise"],"relics":["Black Star","Torii","Whetstone","The Courier","HoveringKite"],"acts_visited":["Exordium","TheCity"],"potions_floor_usage":[7,7,16,19],"damage_taken":[{"damage":4,"enemies":"Cultist","floor":1,"turns":4},{"damage":4,"enemies":"Jaw Worm","floor":2,"turns":4},{"damage":7,"enemies":"Small Slimes","floor":3,"turns":5},{"damage":15,"enemies":"Red Slaver","floor":4,"turns":6},{"damage":17,"enemies":"3 Sentries","floor":7,"turns":8},{"damage":18,"enemies":"Exordium Wildlife","floor":10,"turns":6},{"damage":1,"enemies":"2 Fungi Beasts","floor":11,"turns":4},{"damage":0,"enemies":"Looter","floor":14,"turns":4},{"damage":8,"enemies":"The Guardian","floor":16,"turns":11},{"damage":12,"enemies":"Spheric Guardian","floor":18,"turns":4},{"damage":49,"enemies":"3 Byrds","floor":19,"turns":5}],"seed_played":"-6418314243649636681","potions_obtained":[{"floor":1,"key":"Explosive Potion"},{"floor":4,"key":"ColorlessPotion"},{"floor":11,"key":"PowerPotion"},{"floor":14,"key":"DuplicationPotion"}],"is_trial":false,"path_per_floor":["M","M","M","M","?","R","E","R","T","M","M","?","?","M","R","B",null,"M","M"],"character_chosen":"THE_SILENT","items_purchased":[],"campfire_rested":2,"item_purchase_floors":[],"current_hp_per_floor":[55,51,44,29,29,48,31,31,31,13,12,12,12,12,31,23,55,43,0,0],"gold":491,"neow_bonus":"BOSS_RELIC","is_daily":false,"chose_seed":false,"campfire_upgraded":1,"win_rate":0.0,"timestamp":1609074907,"path_taken":["M","?","M","M","?","R","E","R","T","M","M","?","?","M","R","BOSS","M","M"],"items_purchased_type":[],"build_version":"2020-12-22","purchased_purges":0,"victory":false,"max_hp_per_floor":[66,66,66,66,66,66,66,66,66,66,66,66,66,66,66,66,66,66,66,66],"card_choices":[{"not_picked":["Tactician","Accuracy"],"picked":"Bane","floor":1},{"not_picked":["Bane","Reflex"],"picked":"Dodge and Roll","floor":2},{"not_picked":["Acrobatics","Dodge and Roll"],"picked":"Flying Knee","floor":3},{"not_picked":["Slice","PiercingWail"],"picked":"Sucker Punch","floor":4},{"not_picked":["Underhanded Strike","Prepared"],"picked":"Quick Slash","floor":7},{"not_picked":["Riddle With Holes","Dagger Spray"],"picked":"Deadly Poison","floor":10},{"not_picked":["Blade Dance","All Out Attack"],"picked":"Deflect","floor":11},{"not_picked":["Masterful Stab","Dagger Spray","Dagger Throw"],"picked":"SKIP","floor":14},{"not_picked":["After Image","Storm of Steel"],"picked":"Malaise","floor":16},{"not_picked":["Acrobatics","Dagger Throw","Skewer"],"picked":"SKIP","floor":18}],"player_experience":1153796,"relics_obtained":[{"floor":7,"key":"Torii"},{"floor":7,"key":"Whetstone"},{"floor":9,"key":"The Courier"}],"event_choices":[{"damage_healed":0,"gold_gain":0,"player_choice":"Fled","damage_taken":0,"max_hp_gain":0,"max_hp_loss":0,"event_name":"Scrap Ooze","floor":5,"gold_loss":0},{"damage_healed":0,"gold_gain":80,"player_choice":"Gained Gold","damage_taken":0,"max_hp_gain":0,"max_hp_loss":0,"event_name":"Golden Wing","floor":12,"gold_loss":0},{"damage_healed":0,"gold_gain":0,"cards_transformed":["Strike_G"],"player_choice":"Change","damage_taken":0,"max_hp_gain":0,"max_hp_loss":0,"event_name":"Living Wall","floor":13,"gold_loss":0,"cards_obtained":["Phantasmal Killer"]}],"is_beta":false,"boss_relics":[{"not_picked":["Philosopher\u0027s Stone","Runic Dome"],"picked":"HoveringKite"}],"items_purged_floors":[],"is_endless":false,"potions_floor_spawned":[1,4,11,14],"killed_by":"3 Byrds","ascension_level":20}}