{"host":"3jjxuhjpio8e4zkv","time":1609103641,"event":{"mods":["BaseMod","Colored Map","Highlight Path","Minty Spire (QoL Compilation)","Permanent Neow","Relic Stats","StSLib"],"gold_per_floor":[114,3,22,34,34,34,60,40,40,74,88,88,107,125,125,125,125],"floor_reached":16,"playtime":484,"items_purged":[],"score":224,"play_id":"f0079b6c-eac7-40b1-b597-585b7c8e3d69","local_time":"20201227161401","is_ascension_mode":true,"campfire_choices":[{"data":"Eruption","floor":6,"key":"SMITH"},{"data":"Adaptation","floor":12,"key":"SMITH"},{"data":"FearNoEvil","floor":15,"key":"SMITH"}],"circlet_count":0,"master_deck":["AscendersBane","Strike_P","Strike_P","Strike_P","Strike_P","Defend_P","Defend_P","Eruption+1","Vigilance","Doubt","FearNoEvil+1","Adaptation+1","Conclude"],"relics":["PureWater","Torii","Meat on the Bone","Turnip"],"acts_visited":["Exordium"],"potions_floor_usage":[7,10,10,16,16],"damage_taken":[{"damage":21,"enemies":"Jaw Worm","floor":1,"turns":5},{"damage":1,"enemies":"Cultist","floor":3,"turns":4},{"damage":2,"enemies":"Small Slimes","floor":4,"turns":2},{"damage":8,"enemies":"Gremlin Nob","floor":7,"turns":3},{"damage":21,"enemies":"3 Sentries","floor":10,"turns":5},{"damage":0,"enemies":"Exordium Thugs","floor":11,"turns":2},{"damage":2,"enemies":"Red Slaver","floor":13,"turns":4},{"damage":1,"enemies":"Looter","floor":14,"turns":2},{"damage":45,"enemies":"Hexaghost","floor":16,"turns":9}],"seed_played":"-4631618653169967495","potions_obtained":[{"floor":7,"key":"Dexterity Potion"},{"floor":8,"key":"AttackPotion"},{"floor":11,"key":"LiquidBronze"},{"floor":13,"key":"EssenceOfSteel"}],"is_trial":false,"path_per_floor":["M","$","M","M","$","R","E","?","T","E","M","R","M","M","R","B"],"character_chosen":"WATCHER","items_purchased":["FearPotion","Fire Potion"],"campfire_rested":0,"item_purchase_floors":[2,2],"current_hp_per_floor":[40,40,39,37,37,37,29,29,29,20,32,32,42,41,41,0,0],"gold":125,"neow_bonus":"TRANSFORM_TWO_CARDS","is_daily":false,"chose_seed":false,"campfire_upgraded":3,"win_rate":0.0,"timestamp":1609103641,"path_taken":["M","$","M","M","$","R","E","?","T","E","M","R","M","M","R","BOSS"],"items_purchased_type":["Potion","Potion"],"build_version":"2020-12-22","purchased_purges":0,"victory":false,"max_hp_per_floor":[68,68,68,68,68,68,68,68,68,68,68,68,68,68,68,68,68],"relic_stats":{"Torii":21,"counters":[9,36],"Turnip":[0],"obtain_stats":[{"Torii":7,"Turnip":10,"PureWater":0,"Meat on the Bone":9},{"Torii":4,"Turnip":5,"PureWater":0,"Meat on the Bone":4},{"Torii":14,"Turnip":19,"PureWater":0,"Meat on the Bone":14}],"Meat on the Bone":36},"card_choices":[{"not_picked":["WheelKick","Study","CrushJoints"],"picked":"SKIP","floor":1},{"not_picked":["BowlingBash","Weave","Indignation"],"picked":"SKIP","floor":3},{"not_picked":["Crescendo","Collect"],"picked":"Conclude","floor":4},{"not_picked":["Halt","Consecrate","Crescendo"],"picked":"SKIP","floor":7},{"not_picked":["Perseverance","Indignation","FlurryOfBlows"],"picked":"SKIP","floor":10},{"not_picked":["CrushJoints","Indignation","CutThroughFate"],"picked":"SKIP","floor":11},{"not_picked":["BowlingBash","Consecrate","SpiritShield"],"picked":"SKIP","floor":13},{"not_picked":["ClearTheMind","CrushJoints","JustLucky"],"picked":"SKIP","floor":14}],"player_experience":1118698,"relics_obtained":[{"floor":7,"key":"Torii"},{"floor":9,"key":"Meat on the Bone"},{"floor":10,"key":"Turnip"}],"event_choices":[{"damage_healed":0,"gold_gain":0,"player_choice":"Bought 1 Potion","damage_taken":0,"max_hp_gain":0,"max_hp_loss":0,"event_name":"The Woman in Blue","floor":8,"gold_loss":0}],"is_beta":false,"boss_relics":[],"items_purged_floors":[],"is_endless":false,"potions_floor_spawned":[4,7,11,13],"killed_by":"Hexaghost","ascension_level":20}}