{"host":"l8lkgdumzpe3823a","time":1609111692,"event":{"mods":["Always Whale","Aspiration","BaseMod","Better Note","Clockwork Mod","Colored Powertips","Curses Come First","Custom Start","DeckTracker","Defuse TimeMaze Blight","Highlight Path","Hubris","Infinite Spire","Minty Spire (QoL Compilation)","Quick Restart","Replay The Spire","Shop Mod","StSLib","SuperFastMode","The Construct","The Dragon Tamer","vexMod"],"gold_per_floor":[113,125,125,49,49,74,74,84,107,152,167,192,192,192,192,296,296,315,415,429,192,217,217,217],"floor_reached":23,"playtime":641,"items_purged":["Defend_R"],"score":315,"play_id":"7499ea53-ad7e-4d8e-aac6-b76adf4eaa96","local_time":"20201227172812","is_ascension_mode":true,"campfire_choices":[{"data":"Replay:Dark Deal","floor":7,"key":"SMITH"},{"data":"hubris:DuctTapeCard","floor":13,"key":"SMITH"},{"data":"Flex","floor":15,"key":"SMITH"}],"circlet_count":0,"master_deck":["Strike_R","Strike_R","Strike_R","Strike_R","Defend_R","Defend_R","Defend_R","Bash","Evolve","Sword Boomerang","hubris:DuctTapeCard+2","Spot Weakness+1","Flex+1","Limit Break","Pummel","ReplayUltimateDefense","ReplayTheSpireMod:Muscle Training"],"relics":["Burning Blood","Spirit Poop","Replay:Baseball","CeramicFish","hubris:DuctTape","vexMod:DeviousBotling"],"acts_visited":["Exordium","TheCity"],"potions_floor_usage":[6,12,16,22,23],"damage_taken":[{"damage":6,"enemies":"Cultist","floor":1,"turns":4},{"damage":0,"enemies":"Small Slimes","floor":2,"turns":4},{"damage":35,"enemies":"3 Sentries","floor":6,"turns":7},{"damage":2,"enemies":"Jaw Worm","floor":8,"turns":2},{"damage":32,"enemies":"Gremlin Nob","floor":10,"turns":4},{"damage":8,"enemies":"Red Slaver","floor":11,"turns":3},{"damage":0,"enemies":"Large Slime","floor":12,"turns":3},{"damage":34,"enemies":"Hexaghost","floor":16,"turns":9},{"damage":25,"enemies":"Shell Parasite","floor":18,"turns":4},{"damage":29,"enemies":"2 Thieves","floor":20,"turns":3},{"damage":9,"enemies":"Centurion and Healer","floor":22,"turns":5},{"damage":24,"enemies":"Slavers","floor":23,"turns":1}],"seed_played":"1992490978479080865","potions_obtained":[{"floor":1,"key":"Fire Potion"},{"floor":2,"key":"PowerPotion"},{"floor":6,"key":"Explosive Potion"},{"floor":12,"key":"GamblersBrew"},{"floor":22,"key":"AttackPotion"}],"is_trial":false,"path_per_floor":["M","M","?","$","?","E","R","M","T","E","M","M","R","?","R","B",null,"M","?","M","$","M","E"],"character_chosen":"IRONCLAD","items_purchased":["Evolve","ReplayUltimateDefense"],"campfire_rested":0,"item_purchase_floors":[4,21],"current_hp_per_floor":[72,78,83,83,83,54,54,58,58,32,30,36,36,36,36,8,66,47,47,24,24,21,0,0],"gold":217,"neow_bonus":"RANDOM_COLORLESS_2","is_daily":false,"chose_seed":false,"campfire_upgraded":3,"win_rate":0.0,"timestamp":1609111692,"path_taken":["M","?","?","$","?","E","R","?","T","E","M","M","R","?","R","BOSS","M","?","?","$","M","E"],"items_purchased_type":["Card","Card"],"build_version":"2020-12-22","purchased_purges":1,"victory":false,"max_hp_per_floor":[80,80,85,85,85,85,85,85,85,85,85,85,85,85,85,85,85,85,85,85,85,85,85,85],"card_choices":[{"not_picked":["hubris:EnhanceAbility","ReplayTheSpireMod:Brewmster"],"picked":"Replay:Dark Deal","floor":0},{"not_picked":["Anger","ReplayTheSpireMod:LeadingStrike","Headbutt"],"picked":"SKIP","floor":1},{"not_picked":["Rampage","Shrug It Off","Armaments"],"picked":"SKIP","floor":2},{"not_picked":["Carnage","Intimidate"],"picked":"Sword Boomerang","floor":6},{"not_picked":["Combust","Warcry","Dropkick"],"picked":"SKIP","floor":8},{"not_picked":["Flex","Rupture"],"picked":"Spot Weakness","floor":10},{"not_picked":["Cleave","Shrug It Off","Evolve"],"picked":"SKIP","floor":11},{"not_picked":["ReplayTheSpireMod:Strike From Hell","Massacre"],"picked":"Flex","floor":12},{"not_picked":["Eclipse","Offering"],"picked":"Limit Break","floor":16},{"not_picked":["Power Through","Evolve"],"picked":"Pummel","floor":18},{"not_picked":["Twin Strike+1","Clothesline","Body Slam"],"picked":"SKIP","floor":20},{"not_picked":["Heavy Blade","Defy Death"],"picked":"ReplayTheSpireMod:Muscle Training","floor":22}],"player_experience":645324,"relics_obtained":[{"floor":6,"key":"Replay:Baseball"},{"floor":9,"key":"CeramicFish"},{"floor":10,"key":"hubris:DuctTape"}],"event_choices":[{"damage_healed":0,"gold_gain":0,"player_choice":"Donut","damage_taken":0,"max_hp_gain":5,"max_hp_loss":0,"event_name":"Big Fish","floor":3,"gold_loss":0},{"cards_removed":["Spreading Infection"],"damage_healed":0,"gold_gain":0,"player_choice":"Offered Curse","damage_taken":0,"relics_obtained":["Spirit Poop"],"max_hp_gain":0,"max_hp_loss":0,"event_name":"Bonfire Elementals","floor":5,"gold_loss":0},{"damage_healed":0,"gold_gain":100,"player_choice":"Pray","damage_taken":0,"max_hp_gain":0,"max_hp_loss":0,"event_name":"Golden Shrine","floor":19,"gold_loss":0}],"is_beta":false,"boss_relics":[{"not_picked":["infinitespire:Burning Sword","aspiration:SilentSkillbook"],"picked":"vexMod:DeviousBotling"}],"items_purged_floors":[21],"is_endless":false,"potions_floor_spawned":[1,2,6,12,22],"killed_by":"Slavers","ascension_level":8}}