{"host":"ccwg5oaz7m60w53m","time":1609030028,"event":{"mods":["AchievementEnabler","BaseMod","Colored Powertips","Highlight Path","Minty Spire (QoL Compilation)","StSLib"],"gold_per_floor":[118,132,144,5106,4483,4516,3665,3679,3729,3748,3748,3776,3811,3840,3840,3941,3941,3958,3975,4002,3917,3934,3966,3966,3966,4014,4056,4082,4122,4233,3579,3579,3684,3684,3695,3742,3765,3765,3790,3825,3836,3864,3912,3912,3943,3961,3992,4006,4006,4006,4006,4006,3262,3290,3290],"floor_reached":56,"playtime":3193,"items_purged":["Defend_B","Strike_B","Strike_B","Scrape+1"],"score":2076,"play_id":"e3bf34c0-ee72-4646-89c8-17fc8d9b03c0","local_time":"20201227074708","is_ascension_mode":true,"campfire_choices":[{"floor":15,"key":"RECALL"},{"floor":25,"key":"REST"},{"floor":32,"key":"REST"},{"floor":49,"key":"REST"},{"floor":52,"key":"REST"}],"circlet_count":1,"master_deck":["Echo Form+1","Creative AI+1","Amplify+1","Loop+1","Loop+1","Redo+1","Leap+1","Echo Form+1","Echo Form+1","Amplify+1","Capacitor+1","Skim+1","Electrodynamics+1","Storm+1","Biased Cognition+1","Heatsinks+1","Defragment+1","Mayhem+1","Machine Learning+1","Biased Cognition+1"],"relics":["Cracked Core","Mummified Hand","Mummified Hand","Mummified Hand","Toxic Egg 2","Frozen Egg 2","Molten Egg 2","Black Star","Black Blood","Anchor","Orichalcum","Thread and Needle","Bag of Marbles","Toxic Egg 2","TheAbacus","Potion Belt","DollysMirror","Bottled Lightning","Mummified Hand","Oddly Smooth Stone","Question Card","Circlet","Strange Spoon","Matryoshka","Bronze Scales","Matryoshka","Matryoshka","Matryoshka","Matryoshka","Bottled Tornado","Bottled Tornado","FrozenCore","Bottled Tornado","Bottled Tornado","Bottled Tornado","Bottled Tornado","Bottled Lightning","WingedGreaves","Sundial","Omamori","Ancient Tea Set","Gremlin Horn","Vajra","Meat on the Bone","Boot","Sozu","Red Mask","Regal Pillow","Pantograph","PreservedInsect","Anchor","MawBank","Whetstone","Happy Flower","Smiling Mask","War Paint","Blood Vial","Pen Nib","Matryoshka","Centennial Puzzle","Strawberry","Tiny Chest","Juzu Bracelet","Frozen Eye","Lizard Tail","Ice Cream","Dream Catcher","Lantern","Pear","Ornamental Fan","Molten Egg 2","Bottled Tornado","Shuriken","Frozen Egg 2","StoneCalendar","Darkstone Periapt","Kunai","Torii","Letter Opener","Bird Faced Urn","FossilizedHelix","Bottled Lightning","Mercury Hourglass","Unceasing Top","Calipers","PrismaticShard","Pocketwatch","Nunchaku"],"acts_visited":["TheCity","TheBeyond","TheEnding"],"potions_floor_usage":[],"damage_taken":[{"damage":5.0,"enemies":"Cultist","floor":1.0,"turns":4.0},{"damage":0.0,"enemies":"2 Louse","floor":2.0,"turns":3.0},{"damage":0.0,"enemies":"Small Slimes","floor":3.0,"turns":3.0},{"damage":0.0,"enemies":"Lagavulin","floor":6.0,"turns":3.0},{"damage":0.0,"enemies":"Looter","floor":8.0,"turns":2.0},{"damage":0.0,"enemies":"3 Louse","floor":10.0,"turns":2.0},{"damage":3,"enemies":"Gremlin Nob","floor":12,"turns":4},{"damage":0,"enemies":"3 Sentries","floor":13,"turns":4},{"damage":22,"enemies":"Gremlin Nob","floor":14,"turns":4},{"damage":22,"enemies":"Hexaghost","floor":16,"turns":6},{"damage":2,"enemies":"3 Byrds","floor":18,"turns":2},{"damage":6,"enemies":"2 Thieves","floor":19,"turns":3},{"damage":0,"enemies":"Masked Bandits","floor":20,"turns":2},{"damage":0,"enemies":"Chosen and Byrds","floor":22,"turns":1},{"damage":0,"enemies":"Book of Stabbing","floor":23,"turns":2},{"damage":0,"enemies":"Gremlin Leader","floor":27,"turns":1},{"damage":0,"enemies":"Snake Plant","floor":28,"turns":2},{"damage":0,"enemies":"Slavers","floor":29,"turns":1},{"damage":0,"enemies":"Collector","floor":33,"turns":2},{"damage":0,"enemies":"Orb Walker","floor":35,"turns":1},{"damage":0,"enemies":"2 Orb Walkers","floor":36,"turns":2},{"damage":0,"enemies":"Reptomancer","floor":40,"turns":1},{"damage":0,"enemies":"3 Darklings","floor":41,"turns":1},{"damage":0,"enemies":"Nemesis","floor":42,"turns":1},{"damage":0,"enemies":"Reptomancer","floor":45,"turns":1},{"damage":0,"enemies":"Writhing Mass","floor":46,"turns":1},{"damage":0,"enemies":"Nemesis","floor":47,"turns":1},{"damage":0,"enemies":"Sphere and 2 Shapes","floor":48,"turns":1},{"damage":0,"enemies":"Donu and Deca","floor":50,"turns":1},{"damage":0,"enemies":"Shield and Spear","floor":54,"turns":1},{"damage":0,"enemies":"The Heart","floor":55,"turns":3}],"seed_played":"-2373648426084767526","potions_obtained":[{"floor":1.0,"key":"FocusPotion"},{"floor":2.0,"key":"Swift Potion"},{"floor":3.0,"key":"SkillPotion"}],"is_trial":false,"path_per_floor":["M","M","M","$","$","E","$","M","T","M","?","E","E","E","R","B",null,"M","M","?","?","M","E","?","R","T","E","M","E","?","$","R","B",null,"M","?","T","?","T","E","M","E","T","?","E","M","E","M","R","B",null,"R","$","E","B",null],"character_chosen":"DEFECT","items_purchased":["Bag of Marbles","Toxic Egg 2","TheAbacus","Creative AI+1","Mayhem+1","Potion Belt","Amplify+1","Loop+1","DollysMirror","Question Card","Dodecahedron","Strange Spoon","Redo+1","Tiny Chest","Juzu Bracelet","Frozen Eye","Mayhem+1","Unceasing Top","Calipers","PrismaticShard"],"campfire_rested":4,"item_purchase_floors":[4,4,4,4,4,5,5,5,5,7,7,7,7,31,31,31,31,53,53,53],"current_hp_per_floor":[75,75,75,75,75,75,75,75,75,75,75,75,75,65,65,55,75,75,75,75,75,75,75,75,75,75,75,75,82,82,82,82,82,82,82,82,92,92,92,92,92,92,92,92,92,92,92,92,92,92,92,92,92,92,92],"gold":3290,"neow_bonus":"REMOVE_CARD","is_daily":false,"chose_seed":false,"campfire_upgraded":0,"win_rate":0.0,"timestamp":1609030028,"path_taken":["M","M","?","$","$","E","$","M","T","M","?","E","E","E","R","BOSS","M","?","?","?","M","E","?","R","T","E","M","E","?","$","R","BOSS","M","?","?","?","?","E","M","E","T","?","E","M","E","M","R","BOSS","R","$","E","BOSS"],"items_purchased_type":["Relic","Relic","Relic","Card","Card","Relic","Card","Card","Relic","Relic","Undefined","Relic","Card","Relic","Relic","Relic","Card","Relic","Relic","Relic"],"build_version":"2020-12-22","purchased_purges":4,"victory":true,"max_hp_per_floor":[75,75,75,75,75,75,75,75,75,75,75,75,75,75,75,75,75,75,75,75,75,75,75,75,75,75,75,75,82,82,82,82,82,82,82,82,92,92,92,92,92,92,92,92,92,92,92,92,92,92,92,92,92,92,92],"card_choices":[{"not_picked":["Conserve Battery+1","Turbo+1","Ball Lightning+1"],"picked":"SKIP","floor":1.0},{"not_picked":["Steam Power+1","Go for the Eyes+1"],"picked":"Hello World+1","floor":2.0},{"not_picked":["Fusion+1","Sunder+1"],"picked":"Hologram+1","floor":3.0},{"not_picked":["Heatsinks+1","Gash+1","Hologram+1"],"picked":"SKIP","floor":6.0},{"not_picked":["Hologram+1","Self Repair+1","Sweeping Beam+1"],"picked":"Leap+1","floor":8.0},{"not_picked":["Buffer+1","Compile Driver+1","Glacier+1"],"picked":"Scrape+1","floor":10},{"not_picked":["Amplify+1","Sweeping Beam+1","Fusion+1"],"picked":"Capacitor+1","floor":12},{"not_picked":["Lockon+1","Doom and Gloom+1","Barrage+1","Glacier+1"],"picked":"SKIP","floor":13},{"not_picked":["Ball Lightning+1","Consume+1","Undo+1"],"picked":"Skim+1","floor":14},{"not_picked":["Seek+1","Creative AI+1","Meteor Strike+1"],"picked":"Electrodynamics+1","floor":16},{"not_picked":["Stack+1","Coolheaded+1","Barrage+1","Gash+1"],"picked":"SKIP","floor":18},{"not_picked":["Aggregate+1","Go for the Eyes+1","Streamline+1"],"picked":"Storm+1","floor":19},{"not_picked":["Conserve Battery+1","Rebound+1","Auto Shields+1"],"picked":"Biased Cognition+1","floor":20},{"not_picked":["Go for the Eyes+1","Scrape+1","Cold Snap+1"],"picked":"Heatsinks+1","floor":22},{"not_picked":["Multi-Cast+1","Beam Cell+1","Redo+1"],"picked":"Defragment+1","floor":23},{"not_picked":["Chill+1","Stack+1","Redo+1","All For One+1"],"picked":"SKIP","floor":27},{"not_picked":["Leap+1","Aggregate+1","Cold Snap+1","Steam+1"],"picked":"SKIP","floor":28},{"not_picked":["Melter+1","Streamline+1","Lockon+1","Chaos+1"],"picked":"SKIP","floor":29},{"not_picked":["Electrodynamics+1","Biased Cognition+1","Echo Form+1"],"picked":"Machine Learning+1","floor":33},{"not_picked":["Compile Driver+1","Turbo+1","Double Energy+1","BootSequence+1"],"picked":"SKIP","floor":35},{"not_picked":["Darkness+1","Streamline+1","Lockon+1","Stack+1"],"picked":"SKIP","floor":40},{"not_picked":["Hologram+1","Static Discharge+1","Darkness+1","Compile Driver+1"],"picked":"SKIP","floor":41},{"not_picked":["Fusion+1","Consume+1","Melter+1","Cold Snap+1"],"picked":"SKIP","floor":42},{"not_picked":["Barrage+1","Thunder Strike+1","Hologram+1","Reprogram+1"],"picked":"SKIP","floor":45},{"not_picked":["Turbo+1","Compile Driver+1","Reinforced Body+1"],"picked":"Biased Cognition+1","floor":46},{"not_picked":["Turbo+1","Doom and Gloom+1","Conserve Battery+1","Genetic Algorithm+1"],"picked":"SKIP","floor":47},{"not_picked":["Blizzard+1","Double Energy+1","Sweeping Beam+1","Melter+1"],"picked":"SKIP","floor":48},{"not_picked":["Catalyst+1","Sweeping Beam+1","Steam+1","Go for the Eyes+1"],"picked":"SKIP","floor":54}],"player_experience":17321,"relics_obtained":[{"floor":6.0,"key":"Mummified Hand"},{"floor":6.0,"key":"Oddly Smooth Stone"},{"floor":9.0,"key":"Bronze Scales"},{"floor":12,"key":"Omamori"},{"floor":12,"key":"Ancient Tea Set"},{"floor":13,"key":"Gremlin Horn"},{"floor":13,"key":"Vajra"},{"floor":14,"key":"Meat on the Bone"},{"floor":14,"key":"Boot"},{"floor":20,"key":"Red Mask"},{"floor":23,"key":"Pantograph"},{"floor":23,"key":"PreservedInsect"},{"floor":26,"key":"MawBank"},{"floor":26,"key":"Whetstone"},{"floor":26,"key":"Happy Flower"},{"floor":26,"key":"Smiling Mask"},{"floor":26,"key":"War Paint"},{"floor":26,"key":"Blood Vial"},{"floor":27,"key":"Pen Nib"},{"floor":27,"key":"Matryoshka"},{"floor":29,"key":"Centennial Puzzle"},{"floor":29,"key":"Strawberry"},{"floor":36,"key":"Ice Cream"},{"floor":37,"key":"Dream Catcher"},{"floor":37,"key":"Lantern"},{"floor":37,"key":"Pear"},{"floor":37,"key":"Ornamental Fan"},{"floor":37,"key":"Molten Egg 2"},{"floor":37,"key":"Bottled Tornado"},{"floor":39,"key":"Shuriken"},{"floor":39,"key":"Frozen Egg 2"},{"floor":40,"key":"StoneCalendar"},{"floor":40,"key":"Darkstone Periapt"},{"floor":42,"key":"Kunai"},{"floor":42,"key":"Torii"},{"floor":43,"key":"Letter Opener"},{"floor":45,"key":"Bird Faced Urn"},{"floor":45,"key":"FossilizedHelix"},{"floor":47,"key":"Bottled Lightning"},{"floor":47,"key":"Mercury Hourglass"},{"floor":54,"key":"Pocketwatch"},{"floor":54,"key":"Nunchaku"}],"event_choices":[{"damage_healed":0,"gold_gain":0,"player_choice":"Gave Potion","damage_taken":0,"relics_obtained":["Sundial"],"max_hp_gain":0,"max_hp_loss":0,"event_name":"WeMeetAgain","floor":11,"gold_loss":0},{"damage_healed":0,"gold_gain":0,"player_choice":"Fought Bandits","damage_taken":0,"max_hp_gain":0,"max_hp_loss":0,"event_name":"Masked Bandits","floor":20,"gold_loss":0},{"damage_healed":0,"gold_gain":0,"player_choice":"Obtained Relic","damage_taken":0,"relics_obtained":["Regal Pillow"],"max_hp_gain":0,"max_hp_loss":0,"event_name":"Addict","floor":21,"gold_loss":85},{"damage_healed":0,"gold_gain":0,"player_choice":"Opened","damage_taken":0,"relics_obtained":["Anchor"],"max_hp_gain":0,"max_hp_loss":0,"event_name":"The Mausoleum","floor":24,"gold_loss":0,"cards_obtained":["Writhe"]},{"damage_healed":0,"gold_gain":99,"player_choice":"Stole From Cult","damage_taken":0,"max_hp_gain":0,"max_hp_loss":0,"event_name":"Nest","floor":30,"gold_loss":0},{"damage_healed":0,"gold_gain":0,"player_choice":"Fight","damage_taken":0,"max_hp_gain":0,"max_hp_loss":0,"event_name":"Mysterious Sphere","floor":36,"gold_loss":0},{"damage_healed":0,"gold_gain":0,"player_choice":"Memory 1","damage_taken":0,"max_hp_gain":0,"max_hp_loss":0,"event_name":"SensoryStone","floor":38,"gold_loss":0},{"cards_removed":["Hologram"],"damage_healed":0,"gold_gain":0,"player_choice":"Removed Skill","damage_taken":0,"max_hp_gain":0,"max_hp_loss":0,"event_name":"Falling","floor":44,"gold_loss":0}],"is_beta":false,"boss_relics":[{"not_picked":["Runic Pyramid","Ectoplasm"],"picked":"Sozu"},{"not_picked":["Eternal Feather","Snecko Eye"],"picked":"Lizard Tail"}],"items_purged_floors":[4,5,7,31],"is_endless":false,"potions_floor_spawned":[1,2,3,19,27,35,36,40,46,48],"ascension_level":2}}