{"host":"2c1pg2m9wpz3w4c0","time":1609042135,"event":{"mods":["AchievementEnabler","Act Like it!","Aspiration","BaseMod","Better Note","BetterRewards","Disable Question Mark Monsters","Halation","Hubris","Infinite Spire","Lotus Mark","Marisa????????","Minty Spire (QoL Compilation)","Replay The Spire","StSLib","SuperFastMode","The Clintock","The Jungle","The Runesmith","Transform Curses"],"gold_per_floor":[109,109,126,77,77,77,151,151,151,166,184,104,122,152,152,253,253,273,373,180,195,195,225,225,240,240,240,253,282,282,295,295,398,398,418,418,436,446,446,446,100,100,153,153,164,164,183,36,36,139,139,142,142,142,25,25,25,31,31,31,46,46,56,107,107,221,333,333,367,367,192,252,270,270,266,266,291,291,322,372,389,402,402,524,524,560,560,552,552],"floor_reached":88,"playtime":3353,"items_purged":[],"score":2021,"play_id":"8d86338d-4621-4633-9492-095b1cf6b874","local_time":"20201226210855","is_ascension_mode":false,"campfire_choices":[{"data":"Apotheosis","floor":6,"key":"SMITH"},{"data":"Runesmith:Fortify","floor":8,"key":"SMITH"},{"floor":15,"key":"REST"},{"floor":24,"key":"REST"},{"data":"infinitespire:Menacing","floor":27,"key":"SMITH"},{"floor":30,"key":"REST"},{"data":"infinitespire:Punishment","floor":32,"key":"SMITH"},{"data":"Runesmith:CraftPrismatica","floor":40,"key":"SMITH"},{"data":"Runesmith:GrandSlam","floor":44,"key":"SMITH"},{"data":"Runesmith:GrandSlam","floor":46,"key":"SMITH"},{"floor":49,"key":"REST"},{"floor":57,"key":"REST"},{"data":"infinitespire:DeathsTouch","floor":59,"key":"SMITH"},{"data":"infinitespire:Punishment","floor":76,"key":"SMITH"},{"floor":83,"key":"REST"}],"circlet_count":0,"master_deck":["Runesmith:Strike_RS","Runesmith:Strike_RS","Runesmith:Strike_RS","Runesmith:Defend_RS+1","Runesmith:Defend_RS","Runesmith:Defend_RS","Runesmith:Defend_RS","Runesmith:CraftFirestone","Runesmith:Fortify+1","Apotheosis+1","Runesmith:GrandSlam+1","Runesmith:Refine","Runesmith:MetallurgicalResearch","Runesmith:MetallurgicalResearch","Runesmith:DoubleUp","Runesmith:ChiselStab","Runesmith:LithiumIon+1","Runesmith:LithiumIon","Runesmith:CraftProtectio","Runesmith:Attraction","Runesmith:Attraction","Runesmith:ArcReactor","Runesmith:GrandSlam+1","CurseOfTheBell","Runesmith:EarthShield","Pot Of Greed","Pot Of Greed","Runesmith:CraftMagma","Runesmith:PoweredAnvil+1","infinitespire:Punishment+1","infinitespire:Menacing+1","Runesmith:DoubleUp+1","Runesmith:HammerThrow","Runesmith:HeatedChisel","Runesmith:Accelerate+1","Runesmith:EnergizedChisel","Runesmith:HammerAndChisel","Pot Of Greed","Runesmith:CraftPrismatica+1","Runesmith:StaticCage+1","Runesmith:Firestorm+1","Runesmith:CraftProtectio","Runesmith:RuneHurl","infinitespire:Punishment+1","Runesmith:PerfectChisel","Runesmith:HeatedChisel+1","Runesmith:MetallurgicalResearch","Runesmith:LithiumIon","Runesmith:RuneHurl","Injury","Pot Of Greed","Runesmith:Grindstone+1","Runesmith:LithiumIon","Runesmith:LithiumIon","Good Instincts","hubris:Greed","infinitespire:DeathsTouch+1","hubris:Greed","Runesmith:GoWithTheFlow","Runesmith:ChiselStab","hubris:Greed","Runesmith:Duplicate","Pot Of Greed","Runesmith:Prism","infinitespire:Punishment+1","Runesmith:EarthShield","Runesmith:CraftProtectio","hubris:Greed","Runesmith:HammerThrow","Runesmith:HammerThrow+1","Runesmith:LithiumIon+1","hubris:Greed","hubris:Greed","Runesmith:MetallurgicalResearch","hubris:Greed","Pot Of Greed"],"relics":["Runesmith:CoreCrystal","Replay:PocketPolymizer","Sundial","Bottled Lightning","Potion Belt","Calling Bell","Nunchaku","Durian","Replay:Bottled Snecko","Grinning Jar","Toy Ornithopter","aspiration:FetidBarrel","Regal Pillow","halation:PapillonHeart","hubris:Icosahedron","Gremlin Food","Blue Doll","infinitespire:PuzzleCube","Oddly Smooth Stone","Golden Idol","Gremlin Horn","hubris:MobiusCoin","theJungle:ShellPeas","ReplayFunnel"],"acts_visited":["Exordium","theJungle:Jungle","TheBeyond","Exordium","theJungle:Jungle","TheBeyond"],"potions_floor_usage":[10,14,16,16,21,23,23,23,23,29,45,45,50,52,63,67,73,75,82,82,84],"damage_taken":[{"damage":2,"enemies":"Small Slimes","floor":1,"turns":3},{"damage":3,"enemies":"Jaw Worm","floor":3,"turns":3},{"damage":0,"enemies":"2 Louse","floor":10,"turns":1},{"damage":7,"enemies":"Exordium Thugs","floor":11,"turns":4},{"damage":0,"enemies":"Blue Slaver","floor":13,"turns":3},{"damage":13,"enemies":"3 Sentries","floor":14,"turns":8},{"damage":21,"enemies":"Fading Forest","floor":16,"turns":11},{"damage":11,"enemies":"theJungle:MUSHROOMGANG","floor":18,"turns":6},{"damage":0,"enemies":"theJungle:GiantWrat","floor":21,"turns":6},{"damage":5,"enemies":"Nightmare","floor":23,"turns":6},{"damage":0,"enemies":"theJungle:Lyon","floor":25,"turns":4},{"damage":22,"enemies":"theJungle:2_Snecko_Cultists","floor":28,"turns":4},{"damage":10,"enemies":"theJungle:2_Phrogs","floor":29,"turns":4},{"damage":1,"enemies":"theJungle:Snecko_Cultist_And_Trap","floor":31,"turns":5},{"damage":0,"enemies":"theJungle:QueenSpyder","floor":33,"turns":7},{"damage":19,"enemies":"3 Shapes","floor":35,"turns":4},{"damage":0,"enemies":"Orb Walker","floor":37,"turns":2},{"damage":2,"enemies":"4 Shapes","floor":38,"turns":5},{"damage":0,"enemies":"Maw","floor":45,"turns":5},{"damage":29,"enemies":"Sphere and 2 Shapes","floor":47,"turns":6},{"damage":16,"enemies":"hubris:GrandSnecko","floor":50,"turns":9},{"damage":3,"enemies":"2 Louse","floor":52,"turns":2},{"damage":24,"enemies":"Jaw Worm","floor":53,"turns":3},{"damage":0,"enemies":"Cultist","floor":58,"turns":5},{"damage":5,"enemies":"3 Louse","floor":61,"turns":3},{"damage":23,"enemies":"Large Slime","floor":63,"turns":3},{"damage":0,"enemies":"The Guardian","floor":67,"turns":5},{"damage":0,"enemies":"Shell Parasite","floor":69,"turns":1},{"damage":7,"enemies":"theJungle:GiantWrat","floor":72,"turns":4},{"damage":7,"enemies":"theJungle:Lyon","floor":73,"turns":3},{"damage":0,"enemies":"theJungle:2_Snecko_Cultists","floor":75,"turns":1},{"damage":36,"enemies":"theJungle:Snecko_Cultist_And_Trap","floor":79,"turns":3},{"damage":0,"enemies":"theJungle:SlimyTreeVines","floor":81,"turns":3},{"damage":25,"enemies":"theJungle:JungleHuntersEncounter","floor":82,"turns":4},{"damage":1,"enemies":"theJungle:QueenSpyder","floor":84,"turns":6},{"damage":61,"enemies":"3 Shapes","floor":86,"turns":4},{"damage":14,"enemies":"3 Darklings","floor":88,"turns":2}],"seed_played":"3575878197363716543","potions_obtained":[{"floor":3,"key":"Fire Potion"},{"floor":13,"key":"Explosive Potion"},{"floor":14,"key":"EntropicBrew"},{"floor":21,"key":"SkillPotion"},{"floor":25,"key":"AttackPotion"},{"floor":29,"key":"Dexterity Potion"},{"floor":37,"key":"SkillPotion"},{"floor":50,"key":"Explosive Potion"},{"floor":53,"key":"Regen Potion"},{"floor":58,"key":"SmokeBomb"},{"floor":61,"key":"ColorlessPotion"},{"floor":63,"key":"SteroidPotion"},{"floor":69,"key":"Dexterity Potion"},{"floor":73,"key":"BlessingOfTheForge"},{"floor":82,"key":"Languid Potion"},{"floor":84,"key":"Elixir"}],"is_trial":false,"path_per_floor":["M","?","M","$","?","R","T","R","T","M","M","$","M","E","R","B",null,"M","?","$","M","?","NM","R","M","T","R","M","E","R","M","R","B",null,"M","?","M","M","?","R","$","?","T","R","M","R","M","$","R","B",null,"M","M","?","$","?","R","M","R","T","M","$","M","?","$","R","B",null,"M","?","?","M","M","$","M","R","T","?","M","?","M","M","R","B",null,"M","?","M"],"character_chosen":"RUNESMITH_CLASS","items_purchased":["Apotheosis","Replay:PocketPolymizer","Runesmith:GrandSlam","Runesmith:Refine","Runesmith:MetallurgicalResearch","Runesmith:LithiumIon","Runesmith:Attraction","Grinning Jar","Runesmith:CraftMagma","Gremlin Food","Blue Doll","Runesmith:RuneHurl","Oddly Smooth Stone","Runesmith:Grindstone+1","Runesmith:LithiumIon","Good Instincts","hubris:MobiusCoin"],"campfire_rested":6,"item_purchase_floors":[0,0,0,0,0,4,12,20,20,41,41,41,48,55,55,55,65],"current_hp_per_floor":[47,54,51,51,51,51,51,51,51,51,44,44,44,31,52,41,75,64,64,64,64,64,59,75,75,75,75,53,48,75,74,74,74,75,56,56,56,54,54,54,54,54,54,54,64,64,35,35,71,55,71,68,44,44,44,44,71,71,71,71,66,66,52,52,37,37,42,71,71,71,71,64,62,62,67,67,67,71,35,26,29,14,50,54,71,10,10,0,0],"gold":552,"neow_bonus":"","is_daily":false,"chose_seed":false,"campfire_upgraded":9,"win_rate":0.0,"timestamp":1609042135,"path_taken":["M","?","M","$","?","R","?","R","T","?","M","$","M","E","R","BOSS","M","?","?","M","?","NM","R","M","T","R","?","E","R","M","R","BOSS","M","?","M","M","?","R","$","?","T","R","M","R","M","$","R","BOSS","M","M","?","$","?","R","?","R","T","M","$","?","?","?","R","BOSS","M","?","?","M","M","?","M","R","T","?","?","?","M","M","R","BOSS","M","?","M"],"items_purchased_type":["Card","Relic","Card","Card","Card","Card","Card","Relic","Card","Relic","Relic","Card","Relic","Card","Card","Card","Relic"],"build_version":"2020-12-22","purchased_purges":0,"victory":false,"max_hp_per_floor":[70,70,70,70,70,70,70,70,70,70,70,70,70,70,70,70,75,75,75,75,75,75,75,75,75,75,75,75,75,75,75,75,75,75,75,71,71,71,71,71,71,71,71,71,71,71,71,71,71,71,71,71,71,71,71,71,71,71,71,71,71,71,71,71,71,71,71,71,71,71,71,71,71,71,71,71,71,71,71,71,71,71,71,71,71,71,71,71,71],"card_choices":[{"not_picked":["Runesmith:ShiftingStrike","Runesmith:HammerThrow"],"picked":"Runesmith:DoubleUp","floor":1},{"not_picked":["Runesmith:HammerThrow","Runesmith:Discharge"],"picked":"Runesmith:ChiselStab","floor":3},{"not_picked":["Runesmith:CraftReservo","Runesmith:StaticCage"],"picked":"Runesmith:CraftProtectio","floor":10},{"not_picked":["Runesmith:WhiteBalance","Runesmith:ChaoticBlast"],"picked":"Runesmith:Attraction","floor":11},{"not_picked":["Runesmith:Overpower","Runesmith:MakeshiftArmor","Runesmith:Permafrost"],"picked":"SKIP","floor":13},{"not_picked":["Runesmith:UnlimitedPower","Runesmith:HammerTime"],"picked":"Runesmith:ArcReactor","floor":14},{"not_picked":["Runesmith:UnlimitedPower","Runesmith:LightningRod"],"picked":"Runesmith:GrandSlam","floor":16},{"not_picked":["Runesmith:Grindstone","Runesmith:Firestorm"],"picked":"Runesmith:EarthShield","floor":18},{"not_picked":["Runesmith:HammerAndChisel","Runesmith:HeatExchange"],"picked":"Runesmith:PoweredAnvil+1","floor":21},{"not_picked":["Replay:Fractal Strike","hubris:Rewind"],"picked":"infinitespire:Menacing","floor":23},{"not_picked":["Runesmith:Grindstone","Runesmith:Repurpose"],"picked":"Runesmith:DoubleUp+1","floor":23},{"not_picked":["Runesmith:Repurpose","Runesmith:NegativeSpace"],"picked":"Runesmith:HammerThrow","floor":25},{"not_picked":["Runesmith:HeatExchange","Runesmith:HammerThrow"],"picked":"Runesmith:HeatedChisel","floor":28},{"not_picked":["Runesmith:MakeshiftArmor","Runesmith:HammerThrow"],"picked":"Runesmith:Accelerate+1","floor":29},{"not_picked":["Runesmith:CraftSpiculum","Runesmith:CraftMagma"],"picked":"Runesmith:EnergizedChisel","floor":31},{"not_picked":["Runesmith:Duplicate","Runesmith:ReplicatingBarrier"],"picked":"Runesmith:CraftPrismatica","floor":33},{"not_picked":["Runesmith:HeatedChisel","Runesmith:NegativeSpace"],"picked":"Runesmith:StaticCage+1","floor":35},{"not_picked":["Runesmith:ShiftingStrike","Runesmith:CraftSpiculum+1"],"picked":"Runesmith:Firestorm+1","floor":37},{"not_picked":["Runesmith:HammerTime+1","Runesmith:GenerateForcefield"],"picked":"Runesmith:CraftProtectio","floor":38},{"not_picked":["Runesmith:CraftReservo","Runesmith:ChaoticBlast+1"],"picked":"Runesmith:PerfectChisel","floor":45},{"not_picked":["Runesmith:CraftReservo+1","Runesmith:Repurpose"],"picked":"Runesmith:HeatedChisel+1","floor":47},{"not_picked":["Runesmith:ReplicatingBarrier","Runesmith:Duplicate"],"picked":"Runesmith:MetallurgicalResearch","floor":50},{"not_picked":["Runesmith:PoweredAnvil","Runesmith:CraftProtectio"],"picked":"Runesmith:LithiumIon","floor":52},{"not_picked":["Runesmith:MakeshiftArmor","Runesmith:Repurpose"],"picked":"Runesmith:RuneHurl","floor":53},{"not_picked":["ReplayTheSpireMod:Black Plague","infinitespire:SealOfDarkness+"],"picked":"infinitespire:DeathsTouch","floor":56},{"not_picked":["Runesmith:Permafrost","Runesmith:StaticCage","Runesmith:UnstableHammer"],"picked":"SKIP","floor":58},{"not_picked":["Runesmith:Discharge","Runesmith:UnstableHammer","Runesmith:CraftMagma"],"picked":"SKIP","floor":61},{"not_picked":["Runesmith:ElementalConversion","Runesmith:HammerThrow"],"picked":"Runesmith:ChiselStab","floor":63},{"not_picked":["Runesmith:CraftMedicinae","Runesmith:FissionHammer"],"picked":"Runesmith:Duplicate","floor":67},{"not_picked":["Runesmith:Overpower","Runesmith:Grindstone"],"picked":"Runesmith:Prism","floor":69},{"not_picked":["ReplayTheSpireMod:??????????????????????","ReplayTheSpireMod:Haul"],"picked":"infinitespire:Punishment","floor":72},{"not_picked":["Runesmith:RuneHurl","Runesmith:Permafrost"],"picked":"Runesmith:EarthShield","floor":72},{"not_picked":["Runesmith:OneForEveryone+1","Runesmith:CraftReservo"],"picked":"Runesmith:CraftProtectio","floor":73},{"not_picked":["Runesmith:ChaoticBlast","Runesmith:Firewall+1"],"picked":"Runesmith:HammerThrow","floor":79},{"not_picked":["Runesmith:RuneHurl+1","Runesmith:Empowerment"],"picked":"Runesmith:HammerThrow+1","floor":81},{"not_picked":["Runesmith:CraftSpiculum","Runesmith:Malloc"],"picked":"Runesmith:LithiumIon+1","floor":82},{"not_picked":["Runesmith:CraftMedicinae","Runesmith:GrandSlam"],"picked":"Runesmith:MetallurgicalResearch","floor":84},{"not_picked":["Runesmith:ShiftingStrike","Runesmith:HammerAndChisel","Runesmith:HeatedChisel+1"],"picked":"SKIP","floor":86}],"player_experience":1141942,"relics_obtained":[{"floor":7,"key":"Sundial"},{"floor":9,"key":"Bottled Lightning"},{"floor":14,"key":"Potion Belt"},{"floor":17,"key":"Nunchaku"},{"floor":17,"key":"Durian"},{"floor":17,"key":"Replay:Bottled Snecko"},{"floor":23,"key":"Toy Ornithopter"},{"floor":26,"key":"aspiration:FetidBarrel"},{"floor":29,"key":"Regal Pillow"},{"floor":43,"key":"infinitespire:PuzzleCube"},{"floor":60,"key":"Gremlin Horn"},{"floor":77,"key":"ReplayFunnel"}],"event_choices":[{"damage_healed":0,"gold_gain":100,"player_choice":"Pray","damage_taken":0,"max_hp_gain":0,"max_hp_loss":0,"event_name":"Golden Shrine","floor":19,"gold_loss":0},{"cards_removed":["Runesmith:Fortify"],"damage_healed":0,"gold_gain":0,"player_choice":"Take \u0026 Give","damage_taken":0,"max_hp_gain":0,"max_hp_loss":0,"event_name":"betterNote:BetterNote","floor":22,"gold_loss":0,"cards_obtained":["infinitespire:Punishment"]},{"damage_healed":0,"gold_gain":0,"player_choice":"Copied","damage_taken":0,"max_hp_gain":0,"max_hp_loss":0,"event_name":"Duplicator","floor":42,"gold_loss":0,"cards_obtained":["infinitespire:Punishment"]},{"damage_healed":0,"gold_gain":0,"player_choice":"Take Wound","damage_taken":0,"relics_obtained":["Golden Idol"],"max_hp_gain":0,"max_hp_loss":0,"event_name":"Golden Idol","floor":54,"gold_loss":0,"cards_obtained":["Injury"]},{"damage_healed":0,"gold_gain":51,"player_choice":"Gained Gold","damage_taken":0,"max_hp_gain":0,"max_hp_loss":0,"event_name":"Golden Wing","floor":64,"gold_loss":0},{"cards_removed":["Pot Of Greed"],"damage_healed":5,"gold_gain":0,"player_choice":"Offered Special","damage_taken":0,"max_hp_gain":0,"max_hp_loss":0,"event_name":"Bonfire Elementals","floor":78,"gold_loss":0}],"is_beta":false,"boss_relics":[{"not_picked":["hubris:HollowSoul","Painkiller Herb"],"picked":"Calling Bell"},{"not_picked":["hubris:VirtuousBlindfold","hubris:RunicObelisk","Runesmith:UraniumAnvil"]},{"not_picked":["Runic Pyramid","Replay:Drink Me","hubris:BlackHole"]},{"not_picked":["aspiration:FutureDiary","Sozu","Kintsugi"]},{"not_picked":["hubris:VirtuousBlindfold","aspiration:MarisaSkillbook"],"picked":"Runesmith:CoreCrystal"}],"items_purged_floors":[],"is_endless":true,"potions_floor_spawned":[3,13,14,21,25,29,37,50,53,58,61,63,69,73,82,84],"killed_by":"3 Darklings","ascension_level":0}}