{"host":"9l2xd2qbyxfqdc97","time":1609095090,"event":{"mods":["BaseMod","Colored Map","Highlight Path","Minty Spire (QoL Compilation)","Quick Restart"],"gold_per_floor":[109,123,398,411,45,45,57,69,150,150,163,36,36,54,54,54,54],"floor_reached":16,"playtime":493,"items_purged":["Regret","Defend_B"],"score":108,"play_id":"4abcdb5e-2b5a-454c-8ce2-367ba810b1a4","local_time":"20201228035130","is_ascension_mode":true,"campfire_choices":[{"data":"Seek","floor":6,"key":"SMITH"},{"data":"Dualcast","floor":10,"key":"SMITH"},{"data":"Zap","floor":13,"key":"SMITH"},{"floor":15,"key":"REST"}],"circlet_count":0,"master_deck":["Strike_B","Strike_B","Strike_B","Strike_B","Defend_B","Defend_B","Defend_B","Zap+1","Dualcast+1","Go for the Eyes","Seek+1","Hologram","Steam","Beam Cell"],"relics":["Cracked Core","NeowsBlessing","Runic Capacitor","Kunai"],"acts_visited":["Exordium"],"potions_floor_usage":[8,16],"damage_taken":[{"damage":0,"enemies":"Cultist","floor":1,"turns":1},{"damage":0,"enemies":"2 Louse","floor":2,"turns":1},{"damage":0,"enemies":"Jaw Worm","floor":4,"turns":1},{"damage":18,"enemies":"Exordium Wildlife","floor":7,"turns":6},{"damage":18,"enemies":"Large Slime","floor":8,"turns":7},{"damage":4,"enemies":"3 Louse","floor":11,"turns":2},{"damage":0,"enemies":"Looter","floor":14,"turns":2},{"damage":54,"enemies":"Slime Boss","floor":16,"turns":11}],"seed_played":"-347180589465674095","potions_obtained":[{"floor":2,"key":"SkillPotion"},{"floor":7,"key":"FearPotion"},{"floor":11,"key":"SmokeBomb"},{"floor":14,"key":"Strength Potion"}],"is_trial":false,"path_per_floor":["M","M","?","M","$","R","M","M","T","R","M","$","R","M","R","B"],"character_chosen":"DEFECT","items_purchased":["Seek","Runic Capacitor","Steam"],"campfire_rested":1,"item_purchase_floors":[5,5,12],"current_hp_per_floor":[75,75,75,75,75,75,57,39,39,39,35,35,35,35,57,3,3],"gold":54,"neow_bonus":"THREE_ENEMY_KILL","is_daily":false,"chose_seed":false,"campfire_upgraded":3,"win_rate":0.0,"timestamp":1609095090,"path_taken":["M","?","?","M","$","R","?","M","T","R","M","$","R","M","R","BOSS"],"items_purchased_type":["Card","Relic","Card"],"build_version":"2020-12-22","purchased_purges":2,"victory":false,"max_hp_per_floor":[75,75,75,75,75,75,75,75,75,75,75,75,75,75,75,75,75],"card_choices":[{"not_picked":["Streamline","Reinforced Body","Redo"],"picked":"SKIP","floor":1},{"not_picked":["Ball Lightning","Skim"],"picked":"Go for the Eyes","floor":2},{"not_picked":["Double Energy","Sweeping Beam","Lockon"],"picked":"SKIP","floor":4},{"not_picked":["Glacier","Chill","Turbo"],"picked":"SKIP","floor":7},{"not_picked":["Double Energy","Steam Power"],"picked":"Hologram","floor":8},{"not_picked":["Reinforced Body","Aggregate","Leap"],"picked":"SKIP","floor":11},{"not_picked":["Blizzard","Rebound"],"picked":"Beam Cell","floor":14}],"player_experience":198019,"relics_obtained":[{"floor":9,"key":"Kunai"}],"event_choices":[{"damage_healed":0,"gold_gain":275,"player_choice":"Desecrate","damage_taken":0,"max_hp_gain":0,"max_hp_loss":0,"event_name":"Golden Shrine","floor":3,"gold_loss":0,"cards_obtained":["Regret"]}],"is_beta":false,"boss_relics":[],"items_purged_floors":[5,12],"is_endless":false,"potions_floor_spawned":[2,7,11,14],"killed_by":"Slime Boss","ascension_level":3}}