{"host":"gttgmv2wah99hzdm","time":1609047844,"event":{"mods":["AchievementEnabler","BaseMod","Bestiary","Block Reminder","Filter the Spire","Highlight Path","Minty Spire (QoL Compilation)","Permanent Neow","Random Character Button","Relic Stats","StSLib","ojb\u0027s Info Mod"],"gold_per_floor":[115,132,152,227,245,245,265,265,288,190,223,236,236,271,271,345,345,365,32,50,105,119,119,119],"floor_reached":23,"playtime":1597,"items_purged":[],"score":396,"play_id":"18007fc2-72c9-4728-b6a6-7d1a8dfb3506","local_time":"20201226234404","is_ascension_mode":true,"campfire_choices":[{"data":"Zap","floor":6,"key":"SMITH"},{"data":"Cold Snap","floor":8,"key":"SMITH"},{"floor":13,"key":"REST"},{"floor":15,"key":"REST"}],"circlet_count":0,"master_deck":["AscendersBane","Strike_B","Defend_B","Defend_B","Defend_B","Defend_B","Zap+1","Dualcast","Compile Driver","BootSequence","Turbo","Cold Snap+1","Biased Cognition","Loop","Barrage","Seek","Loop+1","Aggregate+1","Self Repair+1","Defragment","Hologram+1"],"relics":["Runic Pyramid","Nunchaku","Ancient Tea Set","Boot","Potion Belt","Astrolabe","Runic Capacitor","Anchor","Akabeko"],"acts_visited":["Exordium","TheCity"],"potions_floor_usage":[14,22,23],"damage_taken":[{"damage":3,"enemies":"2 Louse","floor":1,"turns":2},{"damage":2,"enemies":"Cultist","floor":2,"turns":4},{"damage":9,"enemies":"Jaw Worm","floor":3,"turns":4},{"damage":25,"enemies":"Exordium Thugs","floor":5,"turns":11},{"damage":2,"enemies":"Looter","floor":7,"turns":4},{"damage":28,"enemies":"Lagavulin","floor":11,"turns":9},{"damage":6,"enemies":"Blue Slaver","floor":12,"turns":4},{"damage":10,"enemies":"3 Sentries","floor":14,"turns":7},{"damage":29,"enemies":"The Guardian","floor":16,"turns":12},{"damage":25,"enemies":"2 Thieves","floor":18,"turns":5},{"damage":5,"enemies":"Shell Parasite","floor":20,"turns":6},{"damage":2,"enemies":"3 Cultists","floor":22,"turns":7},{"damage":60,"enemies":"Gremlin Leader","floor":23,"turns":5}],"seed_played":"2029442835783203712","potions_obtained":[{"floor":3,"key":"FairyPotion"},{"floor":5,"key":"Strength Potion"},{"floor":16,"key":"BlessingOfTheForge"},{"floor":20,"key":"SneckoOil"}],"is_trial":false,"path_per_floor":["M","M","M","?","M","R","M","R","T","?","E","M","R","E","R","B",null,"M","$","M","T","M","E"],"character_chosen":"DEFECT","items_purchased":["Runic Capacitor","Anchor"],"campfire_rested":2,"item_purchase_floors":[19,19],"current_hp_per_floor":[61,59,50,39,14,14,12,12,12,12,21,15,36,26,47,18,58,43,43,48,48,56,0,0],"gold":119,"neow_bonus":"BOSS_RELIC","is_daily":false,"chose_seed":false,"campfire_upgraded":2,"win_rate":0.0,"timestamp":1609047844,"path_taken":["M","M","M","?","M","R","M","R","T","?","E","M","R","E","R","BOSS","M","$","?","?","M","E"],"items_purchased_type":["Relic","Relic"],"build_version":"2020-12-22","purchased_purges":0,"victory":false,"max_hp_per_floor":[71,71,71,71,71,71,71,71,71,71,71,71,71,71,71,71,71,71,71,71,71,71,71,71],"relic_stats":{"Nunchaku":[8],"counters":[13,80],"Astrolabe":["Loop","Aggregate","Self Repair"],"Boot":[31],"obtain_stats":[{"Potion Belt":14,"Nunchaku":9,"Anchor":19,"Astrolabe":17,"Runic Capacitor":19,"Cracked Core":0,"Ancient Tea Set":10,"Boot":11,"Akabeko":21,"Runic Pyramid":0},{"Potion Belt":8,"Nunchaku":5,"Anchor":10,"Astrolabe":9,"Runic Capacitor":10,"Cracked Core":0,"Ancient Tea Set":5,"Boot":6,"Akabeko":11,"Runic Pyramid":0},{"Potion Belt":45,"Nunchaku":25,"Anchor":62,"Astrolabe":57,"Runic Capacitor":62,"Cracked Core":0,"Ancient Tea Set":25,"Boot":34,"Akabeko":68,"Runic Pyramid":0}]},"card_choices":[{"not_picked":["Barrage","Stack"],"picked":"Compile Driver","floor":1},{"not_picked":["Streamline","Hologram","Gash"],"picked":"SKIP","floor":2},{"not_picked":["Undo","Consume"],"picked":"BootSequence","floor":3},{"not_picked":["Stack","Self Repair"],"picked":"Turbo","floor":5},{"not_picked":["Streamline","Scrape"],"picked":"Cold Snap","floor":7},{"not_picked":["Beam Cell","Redo"],"picked":"Biased Cognition","floor":11},{"not_picked":["Stack","Go for the Eyes"],"picked":"Loop","floor":12},{"not_picked":["Stack","Consume"],"picked":"Barrage","floor":14},{"not_picked":["Thunder Strike","Rainbow"],"picked":"Seek","floor":16},{"not_picked":["Fusion","Rebound"],"picked":"Defragment","floor":18},{"not_picked":["Cold Snap","Turbo","Gash"],"picked":"SKIP","floor":20},{"not_picked":["Leap","Sunder+1"],"picked":"Hologram+1","floor":22}],"player_experience":985308,"relics_obtained":[{"floor":9,"key":"Nunchaku"},{"floor":11,"key":"Boot"},{"floor":14,"key":"Potion Belt"},{"floor":21,"key":"Akabeko"}],"event_choices":[{"damage_healed":0,"gold_gain":75,"player_choice":"Gather Gold","damage_taken":11,"max_hp_gain":0,"max_hp_loss":0,"event_name":"World of Goop","floor":4,"gold_loss":0},{"damage_healed":0,"gold_gain":0,"player_choice":"Paid Gold","damage_taken":0,"relics_obtained":["Ancient Tea Set"],"max_hp_gain":0,"max_hp_loss":0,"event_name":"WeMeetAgain","floor":10,"gold_loss":98}],"is_beta":false,"boss_relics":[{"not_picked":["Busted Crown","Runic Dome"],"picked":"Astrolabe"}],"items_purged_floors":[],"is_endless":false,"potions_floor_spawned":[3,5,16,20],"killed_by":"Gremlin Leader","ascension_level":19}}