{"host":"mnv5ukcvq49ry6ak","time":1609063481,"event":{"mods":["ATMod(°¢èªMod)","Act Like it!","BaseMod","Better Vampires","Minty Spire (QoL Compilation)","MostiFishMod","Relic Stats","StSLib"],"gold_per_floor":[118,130,149,169,183,183,183,195,240,240,271,288,288,316,316,388,388,401,414,329,329,362,396,243,277,277,311,311,311,327,360,360,446,446,473,482,144,167,188,217,217,315,315,450,490,557,652,700,700,725,725,725,225,310,335],"floor_reached":56,"playtime":2420,"items_purged":["Strike_B","Defend_B","Strike_B"],"score":2296,"play_id":"3ce5c06e-6586-42f9-aa73-43e1d02d49c6","local_time":"20201227180441","is_ascension_mode":true,"campfire_choices":[{"data":"AT_ShrugMaster","floor":6.0,"key":"SMITH"},{"floor":13.0,"key":"REST"},{"data":"Zap","floor":15.0,"key":"SMITH"},{"data":"MostiFishMod:Distribution","floor":29.0,"key":"SMITH"},{"floor":32.0,"key":"RECALL"},{"data":"MostiFishMod:LinkProtocol","floor":41.0,"key":"SMITH"},{"data":"Enlightenment","floor":49.0,"key":"SMITH"},{"data":"MostiFishMod:ReadyAimFire","floor":52.0,"key":"SMITH"}],"circlet_count":0,"master_deck":["AscendersBane","Strike_B+1","Defend_B","Defend_B","Zap+1","Dualcast+1","AT_ShrugMaster+1","Turbo","Gash+1","Scrape","Gash","Go for the Eyes","MostiFishMod:Prepare","Coolheaded+1","MostiFishMod:ReadyAimFire+1","MostiFishMod:IntelligentEquipment","AT_StudyProgram+1","AT_DarkMatter","Gash+1","MostiFishMod:Distribution+1","All For One","AT_ThunderBolt","MostiFishMod:LinkProtocol+1","MostiFishMod:PerfectForm","Enlightenment+1","AT_RobotInSpace","Heatsinks","Force Field","AT_EMC2","Heatsinks+1","Machine Learning+1","MostiFishMod:BrokenBlackCloak+1","Reboot+1"],"relics":["Cracked Core","AT_ATBox","DaveBox","ShadowXiaoBlade","Oddly Smooth Stone","SynthV:TestCard","Nunchaku","Singing Bowl","RhineFirstAidKit","Akabeko","Red Mask","Happy Flower","Bronze Scales","MealTicket","CeramicFish","Whetstone","GreenFoldingFan","AT_MibuBalloonWealth","Letter Opener","ImprovedEquipment","BrkXgEgg","Vajra"],"acts_visited":["Exordium","TheCity","TheBeyond","TheEnding"],"potions_floor_usage":[54,55],"damage_taken":[{"damage":0.0,"enemies":"Cultist","floor":1.0,"turns":2.0},{"damage":12.0,"enemies":"Small Slimes","floor":2.0,"turns":3.0},{"damage":13.0,"enemies":"Jaw Worm","floor":3.0,"turns":3.0},{"damage":0.0,"enemies":"Large Slime","floor":4.0,"turns":4.0},{"damage":5.0,"enemies":"Looter","floor":5.0,"turns":2.0},{"damage":0.0,"enemies":"3 Louse","floor":8.0,"turns":3.0},{"damage":0.0,"enemies":"Lagavulin","floor":11.0,"turns":5.0},{"damage":4.0,"enemies":"Exordium Thugs","floor":12.0,"turns":3.0},{"damage":0.0,"enemies":"Gremlin Nob","floor":14.0,"turns":3.0},{"damage":7.0,"enemies":"The Guardian","floor":16.0,"turns":7.0},{"damage":0.0,"enemies":"Spheric Guardian","floor":18.0,"turns":2.0},{"damage":9.0,"enemies":"Shell Parasite","floor":19.0,"turns":4.0},{"damage":2.0,"enemies":"Masked Bandits","floor":22.0,"turns":2.0},{"damage":18.0,"enemies":"Slavers","floor":23.0,"turns":4.0},{"damage":4.0,"enemies":"Book of Stabbing","floor":25.0,"turns":3.0},{"damage":10.0,"enemies":"Slavers","floor":27.0,"turns":3.0},{"damage":8.0,"enemies":"Cultist and Chosen","floor":30.0,"turns":3.0},{"damage":0.0,"enemies":"Gremlin Leader","floor":31.0,"turns":3.0},{"damage":3.0,"enemies":"Automaton","floor":33.0,"turns":3.0},{"damage":16.0,"enemies":"Orb Walker","floor":35.0,"turns":2.0},{"damage":20.0,"enemies":"3 Darklings","floor":38.0,"turns":3.0},{"damage":4.0,"enemies":"Sphere and 2 Shapes","floor":39.0,"turns":2.0},{"damage":35.0,"enemies":"Reptomancer","floor":40.0,"turns":4.0},{"damage":16.0,"enemies":"Jaw Worm Horde","floor":42.0,"turns":2.0},{"damage":30.0,"enemies":"3 Darklings","floor":44.0,"turns":3.0},{"damage":13.0,"enemies":"Writhing Mass","floor":45.0,"turns":2.0},{"damage":11.0,"enemies":"Giant Head","floor":46.0,"turns":4.0},{"damage":15.0,"enemies":"Jaw Worm Horde","floor":47.0,"turns":3.0},{"damage":6.0,"enemies":"Maw","floor":48.0,"turns":3.0},{"damage":7.0,"enemies":"Time Eater","floor":50.0,"turns":4.0},{"damage":59,"enemies":"Shield and Spear","floor":54,"turns":4},{"damage":33,"enemies":"The Heart","floor":55,"turns":4}],"seed_played":"-6109532613167894750","potions_obtained":[{"floor":1.0,"key":"LiquidBronze"},{"floor":3.0,"key":"Ancient Potion"},{"floor":4.0,"key":"Block Potion"},{"floor":14.0,"key":"Dexterity Potion"},{"floor":25.0,"key":"SpeedPotion"},{"floor":30.0,"key":"Block Potion"},{"floor":42.0,"key":"FocusPotion"}],"is_trial":false,"path_per_floor":["M","M","M","M","M","R","?","M","T","?","E","M","R","E","R","B",null,"M","M","?","?","?","E","$","E","T","E","?","R","M","E","R","B",null,"M","?","$","M","M","E","R","M","T","M","M","E","M","M","R","B",null,"R","$","E","B",null],"character_chosen":"DEFECT","items_purchased":["AT_DarkMatter","MostiFishMod:PerfectForm","Enlightenment","BrkXgEgg","Machine Learning+1","MostiFishMod:BrokenBlackCloak+1"],"campfire_rested":1,"item_purchase_floors":[24,37,37,53,53,53],"current_hp_per_floor":[64,52,39,39,34,34,13,13,13,13,13,9,30,30,30,23,59,61,52,52,52,52,75,75,71,71,61,61,61,55,57,57,54,73,67,67,79,69,75,52,52,81,81,63,62,61,58,62,62,65,82,82,87,87,64],"gold":335,"neow_bonus":"RANDOM_COMMON_RELIC","is_daily":false,"chose_seed":false,"campfire_upgraded":6,"win_rate":0.0,"timestamp":1609063481,"path_taken":["M","M","M","?","M","R","?","M","T","?","E","M","R","E","R","BOSS","M","M","?","?","?","E","$","E","T","E","?","R","M","E","R","BOSS","M","?","$","?","M","E","R","M","T","M","M","E","M","M","R","BOSS","R","$","E","BOSS"],"items_purchased_type":["Card","Card","Card","Relic","Card","Card"],"build_version":"2020-12-22","purchased_purges":3,"victory":true,"max_hp_per_floor":[71,71,71,71,71,71,71,71,71,71,71,71,71,71,71,71,71,73,73,73,73,75,75,75,75,75,75,75,75,77,79,79,79,79,79,79,79,79,79,81,81,81,81,83,85,85,87,87,87,87,87,87,87,87,87],"relic_stats":{"Nunchaku":[16],"Singing Bowl":16,"Happy Flower":[18],"counters":[32,102],"Bronze Scales":[169],"CeramicFish":126,"MealTicket":17,"Whetstone":["Gash","Gash"],"Letter Opener":[70],"obtain_stats":[{"AT_ATBox":0,"DaveBox":0,"Singing Bowl":14,"Happy Flower":23,"CeramicFish":27,"AT_MibuBalloonWealth":40,"ImprovedEquipment":46,"Oddly Smooth Stone":0,"Vajra":54,"ShadowXiaoBlade":0,"BrkXgEgg":53,"Whetstone":31,"Letter Opener":43,"Akabeko":20,"GreenFoldingFan":34,"Nunchaku":11,"SynthV:TestCard":1,"RhineFirstAidKit":17,"Bronze Scales":25,"MealTicket":26,"Red Mask":22,"Cracked Core":0},{"AT_ATBox":0,"DaveBox":0,"Singing Bowl":9,"Happy Flower":14,"CeramicFish":16,"AT_MibuBalloonWealth":23,"ImprovedEquipment":27,"Oddly Smooth Stone":0,"Vajra":31,"ShadowXiaoBlade":0,"BrkXgEgg":30,"Whetstone":18,"Letter Opener":24,"Akabeko":12,"GreenFoldingFan":19,"Nunchaku":7,"SynthV:TestCard":1,"RhineFirstAidKit":10,"Bronze Scales":15,"MealTicket":15,"Red Mask":13,"Cracked Core":0},{"AT_ATBox":0,"DaveBox":0,"Singing Bowl":28,"Happy Flower":47,"CeramicFish":53,"AT_MibuBalloonWealth":73,"ImprovedEquipment":84,"Oddly Smooth Stone":0,"Vajra":98,"ShadowXiaoBlade":0,"BrkXgEgg":94,"Whetstone":59,"Letter Opener":75,"Akabeko":41,"GreenFoldingFan":62,"Nunchaku":22,"SynthV:TestCard":2,"RhineFirstAidKit":35,"Bronze Scales":50,"MealTicket":50,"Red Mask":43,"Cracked Core":0}]},"card_choices":[{"not_picked":["Scrape","Go for the Eyes"],"picked":"Turbo","floor":1.0},{"not_picked":["Hologram","Compile Driver","Rebound","AT_StudyProgram","AT_HeatAcrobatics"],"picked":"SKIP","floor":2.0},{"not_picked":["Barrage","Heatsinks","MostiFishMod:Impulse","Scrape","MostiFishMod:PushDownKick"],"picked":"SKIP","floor":3.0},{"not_picked":["Compile Driver","Aggregate","Self Repair","Conserve Battery"],"picked":"Gash","floor":4.0},{"not_picked":["Defragment","Rebound","Heatsinks","Streamline","MostiFishMod:Impulse"],"picked":"SKIP","floor":5.0},{"not_picked":["MostiFishMod:LinkProtocol","Sweeping Beam","Leap","Skim"],"picked":"Scrape","floor":8.0},{"not_picked":["Stack","MostiFishMod:ActiveDefenseSystem","Streamline","Hologram"],"picked":"AT_RobotInSpace","floor":11.0},{"not_picked":["Rebound","Streamline","Cold Snap","Coolheaded"],"picked":"Gash","floor":12.0},{"not_picked":["AT_ThreeBodyProblem","MostiFishMod:TalkingToTheRain","Barrage","Tempest"],"picked":"Go for the Eyes","floor":14.0},{"not_picked":["Buffer","MostiFishMod:StarOceanB","MostiFishMod:GoodWordForIt","MostiFishMod:Tomorrow"],"picked":"MostiFishMod:Prepare","floor":16.0},{"not_picked":["AT_HeatAcrobatics","Go for the Eyes","Conserve Battery","Turbo","Scrape"],"picked":"Singing Bowl","floor":18.0},{"not_picked":["Steam","Go for the Eyes","Leap+1","Sweeping Beam"],"picked":"Coolheaded+1","floor":19.0},{"not_picked":["Streamline","Go for the Eyes","MostiFishMod:DawningShadow","Redo","Ball Lightning"],"picked":"Singing Bowl","floor":22.0},{"not_picked":["Machine Learning","White Noise","MostiFishMod:Overload","Melter"],"picked":"AT_StudyProgram+1","floor":23.0},{"not_picked":["MostiFishMod:FluxCapactior","Hologram","MostiFishMod:GatherIntelligence","Darkness"],"picked":"Gash","floor":25.0},{"not_picked":["AT_StudyProgram","Recycle","Aggregate","Ball Lightning"],"picked":"MostiFishMod:Distribution","floor":27.0},{"not_picked":["Rebound","Redo","Defragment","MostiFishMod:PushDownKick","MostiFishMod:FluxCapactior"],"picked":"Singing Bowl","floor":30.0},{"not_picked":["Steam","Sweeping Beam","Barrage","Stack","MostiFishMod:ReprogramOld"],"picked":"Singing Bowl","floor":31.0},{"not_picked":["Hyperbeam","MostiFishMod:Distribution","MostiFishMod:ReadyAimFire","Thunder Strike"],"picked":"All For One","floor":33.0},{"not_picked":["Ball Lightning","Turbo","Go for the Eyes","Beam Cell"],"picked":"AT_ThunderBolt","floor":35.0},{"not_picked":["Turbo","Blizzard","Auto Shields","MostiFishMod:Culaccino"],"picked":"AT_RobotInSpace","floor":38.0},{"not_picked":["Ball Lightning","Gash","Scrape","Sweeping Beam"],"picked":"Heatsinks","floor":39.0},{"not_picked":["Conserve Battery","Cold Snap+1","Double Energy","Reinforced Body","Fusion+1"],"picked":"Singing Bowl","floor":40.0},{"not_picked":["AT_HeatAcrobatics","Stack","Static Discharge","Steam"],"picked":"Force Field","floor":42.0},{"not_picked":["Cold Snap","MostiFishMod:PushDownKick","Redo","Ball Lightning","MostiFishMod:Impulse"],"picked":"Singing Bowl","floor":44.0},{"not_picked":["Cold Snap","Conserve Battery","Chill","AT_RightCognition","FTL+1"],"picked":"Singing Bowl","floor":45.0},{"not_picked":["Skim","Leap","Coolheaded","Static Discharge"],"picked":"AT_EMC2","floor":46.0},{"not_picked":["Rebound","Redo","Turbo+1","Stack","Tempest"],"picked":"Singing Bowl","floor":47.0},{"not_picked":["Go for the Eyes","Stack","Reprogram","Steam"],"picked":"Heatsinks+1","floor":48.0},{"not_picked":["Melter","MostiFishMod:IceShield+1","MostiFishMod:PushDownKick","MostiFishMod:ReprogramOld"],"picked":"Reboot+1","floor":54}],"player_experience":442553,"relics_obtained":[{"floor":1.0,"key":"SynthV:TestCard"},{"floor":11.0,"key":"Nunchaku"},{"floor":14.0,"key":"Singing Bowl"},{"floor":22.0,"key":"Red Mask"},{"floor":23.0,"key":"Happy Flower"},{"floor":25.0,"key":"Bronze Scales"},{"floor":26.0,"key":"MealTicket"},{"floor":27.0,"key":"CeramicFish"},{"floor":31.0,"key":"Whetstone"},{"floor":40.0,"key":"AT_MibuBalloonWealth"},{"floor":43.0,"key":"Letter Opener"},{"floor":46.0,"key":"ImprovedEquipment"},{"floor":54,"key":"Vajra"}],"event_choices":[{"damage_healed":0.0,"max_hp_gain":0.0,"max_hp_loss":0.0,"gold_gain":0.0,"event_name":"Shining Light","player_choice":"Entered Light","floor":7.0,"gold_loss":0.0,"damage_taken":21.0,"cards_upgraded":["Dualcast","Strike_B"]},{"damage_healed":0.0,"max_hp_gain":0.0,"max_hp_loss":0.0,"gold_gain":0.0,"event_name":"Scrap Ooze","player_choice":"Fled","floor":10.0,"gold_loss":0.0,"damage_taken":0.0},{"damage_healed":0.0,"max_hp_gain":0.0,"max_hp_loss":0.0,"gold_gain":0.0,"event_name":"Addict","player_choice":"Obtained Relic","floor":20.0,"gold_loss":85.0,"damage_taken":0.0,"relics_obtained":["Akabeko"]},{"damage_healed":0.0,"max_hp_gain":0.0,"max_hp_loss":0.0,"gold_gain":0.0,"cards_transformed":["AT_RobotInSpace","Defend_B"],"event_name":"Drug Dealer","player_choice":"Became Test Subject","floor":21.0,"gold_loss":0.0,"damage_taken":0.0,"cards_obtained":["MostiFishMod:ReadyAimFire","MostiFishMod:IntelligentEquipment"]},{"damage_healed":0.0,"max_hp_gain":0.0,"max_hp_loss":0.0,"gold_gain":0.0,"event_name":"Masked Bandits","player_choice":"Fought Bandits","floor":22.0,"gold_loss":0.0,"damage_taken":0.0},{"cards_removed":["Strike_B"],"damage_healed":0.0,"max_hp_gain":0.0,"max_hp_loss":0.0,"gold_gain":0.0,"event_name":"Purifier","player_choice":"Purged","floor":28.0,"gold_loss":0.0,"damage_taken":0.0},{"damage_healed":0.0,"max_hp_gain":0.0,"max_hp_loss":0.0,"gold_gain":0.0,"event_name":"Match and Keep!","player_choice":"1 cards matched","floor":36.0,"gold_loss":0.0,"damage_taken":0.0,"cards_obtained":["MostiFishMod:LinkProtocol"]}],"is_beta":false,"boss_relics":[{"not_picked":["Velvet Choker","FrozenCore"],"picked":"RhineFirstAidKit"},{"not_picked":["Fusion Hammer","Nuclear Battery"],"picked":"GreenFoldingFan"}],"items_purged_floors":[24,37,53],"is_endless":false,"potions_floor_spawned":[1,3,4,14,18,25,30,33,35,38,42,45,47,48],"ascension_level":15}}