{"host":"92108ef2q9tm8rod","time":1609034596,"event":{"mods":["BaseMod","Defuse TimeMaze Blight","Minty Spire (QoL Compilation)","StSLib","The Jungle"],"gold_per_floor":[113,132,144,144,160,160,187,187,187,187,220,249,103,130,130,228,228,242,242,2,152,162,162,172,172,195,195,213,213,213,223,223,328,378,398,248,248,266,266,266,296,314,314,341,341,359,394,407,407,407],"floor_reached":51,"playtime":2282,"items_purged":["Ball Lightning"],"score":938,"play_id":"92dbeb48-7c95-4060-b837-7207a8649b3d","local_time":"20201227020316","daily_mods":["SealedDeck","Green Cards","Heirloom","Flight"],"is_ascension_mode":false,"campfire_choices":[{"data":"Go for the Eyes","floor":6,"key":"SMITH"},{"floor":8,"key":"REST"},{"data":"Deflect","floor":10,"key":"SMITH"},{"data":"Noxious Fumes","floor":15,"key":"SMITH"},{"data":"Sadistic Nature","floor":23,"key":"SMITH"},{"data":"Leg Sweep","floor":25,"key":"SMITH"},{"data":"Choke","floor":29,"key":"SMITH"},{"data":"Ball Lightning","floor":30,"key":"SMITH"},{"data":"Heel Hook","floor":32,"key":"SMITH"},{"floor":45,"key":"REST"},{"floor":49,"key":"REST"}],"circlet_count":0,"master_deck":["Ball Lightning+1","Go for the Eyes+1","Heel Hook+1","Leg Sweep+1","PiercingWail+1","Choke+1","Gash+1","Noxious Fumes+1","Deflect+1","Sadistic Nature+1"],"relics":["Cracked Core","Mango","Boot","Singing Bowl","Symbiotic Virus","Prayer Wheel","Medical Kit","Anchor","Busted Crown","Bag of Preparation","Tiny House","Membership Card","Gambling Chip","Lizard Tail","Unceasing Top","Strawberry"],"acts_visited":["Exordium","Exordium","TheBeyond"],"potions_floor_usage":[16,16,22,33,41,48],"damage_taken":[{"damage":3,"enemies":"Small Slimes","floor":1,"turns":3},{"damage":0,"enemies":"2 Louse","floor":2,"turns":2},{"damage":4,"enemies":"Jaw Worm","floor":3,"turns":2},{"damage":4,"enemies":"2 Fungi Beasts","floor":5,"turns":3},{"damage":9,"enemies":"3 Sentries","floor":7,"turns":4},{"damage":1,"enemies":"Gremlin Nob","floor":11,"turns":3},{"damage":2,"enemies":"Lagavulin","floor":12,"turns":4},{"damage":8,"enemies":"3 Sentries","floor":14,"turns":5},{"damage":17,"enemies":"Hexaghost","floor":16,"turns":6},{"damage":4,"enemies":"theJungle:MUSHROOMGANG","floor":18,"turns":3},{"damage":0,"enemies":"theJungle:5_Spyders","floor":22,"turns":4},{"damage":0,"enemies":"theJungle:Lyon","floor":24,"turns":3},{"damage":0,"enemies":"theJungle:Snecko_Cultist_And_Trap","floor":28,"turns":4},{"damage":0,"enemies":"theJungle:SlimyTreeVines","floor":31,"turns":4},{"damage":21,"enemies":"theJungle:TotemBoss","floor":33,"turns":6},{"damage":0,"enemies":"3 Shapes","floor":35,"turns":3},{"damage":0,"enemies":"Orb Walker","floor":38,"turns":3},{"damage":8,"enemies":"Giant Head","floor":41,"turns":6},{"damage":0,"enemies":"Jaw Worm Horde","floor":42,"turns":3},{"damage":23,"enemies":"Reptomancer","floor":44,"turns":5},{"damage":0,"enemies":"Transient","floor":46,"turns":5},{"damage":0,"enemies":"Nemesis","floor":47,"turns":5},{"damage":0,"enemies":"Spire Growth","floor":48,"turns":3},{"damage":38,"enemies":"Donu and Deca","floor":50,"turns":7}],"seed_played":"-8385037566090948216","potions_obtained":[{"floor":1,"key":"FearPotion"},{"floor":3,"key":"Ancient Potion"},{"floor":12,"key":"SpeedPotion"},{"floor":14,"key":"ColorlessPotion"},{"floor":22,"key":"Explosive Potion"},{"floor":34,"key":"SteroidPotion"},{"floor":38,"key":"CultistPotion"},{"floor":44,"key":"Swift Potion"}],"is_trial":true,"path_per_floor":["M","M","M","?","M","R","E","R","T","R","E","E","$","E","R","B",null,"M","?","$","?","M","R","M","R","T","?","M","R","R","M","R","B",null,"M","$","?","M","?","$","E","M","T","E","R","M","E","M","R","B",null],"character_chosen":"DEFECT","items_purchased":["Medical Kit","Sadistic Nature","Membership Card"],"campfire_rested":3,"item_purchase_floors":[13,20,36],"current_hp_per_floor":[86,86,82,64,60,60,51,77,77,77,78,78,78,72,72,57,97,97,99,99,99,103,103,107,107,107,107,111,111,111,117,117,98,126,130,130,130,134,134,134,128,132,132,111,142,146,155,159,159,121],"gold":407,"neow_bonus":"","is_daily":false,"chose_seed":false,"campfire_upgraded":8,"win_rate":0.0,"timestamp":1609034596,"path_taken":["M","M","M","?","M","R","E","R","T","R","E","E","$","E","R","BOSS","M","?","$","?","M","R","M","R","T","?","M","R","R","M","R","BOSS","M","$","?","M","?","$","E","M","T","E","R","M","E","M","R","BOSS"],"items_purchased_type":["Relic","Card","Relic"],"build_version":"2020-12-22","purchased_purges":1,"victory":true,"max_hp_per_floor":[89,89,89,89,89,89,89,89,89,89,91,93,93,95,95,97,97,101,101,101,101,105,105,109,109,109,109,113,113,113,117,117,119,126,130,130,130,134,134,134,136,140,140,142,142,146,155,159,159,159],"card_choices":[{"not_picked":["Outmaneuver","Turbo","Cloak And Dagger"],"picked":"SKIP","floor":1},{"not_picked":["Dagger Spray","Quick Slash","Sweeping Beam"],"picked":"SKIP","floor":2},{"not_picked":["Storm of Steel","Calculated Gamble","Reflex"],"picked":"SKIP","floor":3},{"not_picked":["Backflip","Beam Cell"],"picked":"Deflect","floor":5},{"not_picked":["Buffer","Ball Lightning","Turbo"],"picked":"SKIP","floor":7},{"not_picked":["PiercingWail","Compile Driver","Prepared"],"picked":"Singing Bowl","floor":11},{"not_picked":["Reinforced Body","Blade Dance","Hello World"],"picked":"Singing Bowl","floor":12},{"not_picked":["Dagger Spray","Unload","Dodge and Roll"],"picked":"Singing Bowl","floor":14},{"not_picked":["Creative AI","Reboot","All For One"],"picked":"Singing Bowl","floor":16},{"not_picked":["Expertise"],"picked":"Singing Bowl","floor":18},{"not_picked":["Riddle With Holes"],"picked":"Singing Bowl","floor":18},{"not_picked":["Glacier+1"],"picked":"Singing Bowl","floor":22},{"not_picked":["Bouncing Flask+1"],"picked":"Singing Bowl","floor":22},{"not_picked":["PiercingWail"],"picked":"Singing Bowl","floor":24},{"not_picked":["Hologram"],"picked":"Singing Bowl","floor":24},{"not_picked":["Slice"],"picked":"Singing Bowl","floor":28},{"not_picked":["Finisher"],"picked":"Singing Bowl","floor":28},{"not_picked":["Go for the Eyes"],"picked":"Singing Bowl","floor":31},{"not_picked":["Turbo+1"],"picked":"Singing Bowl","floor":31},{"not_picked":["Envenom"],"picked":"Singing Bowl","floor":33},{"not_picked":["Lockon"],"picked":"Singing Bowl","floor":34},{"not_picked":["Poisoned Stab"],"picked":"Singing Bowl","floor":35},{"not_picked":["Poisoned Stab"],"picked":"Singing Bowl","floor":35},{"not_picked":["Turbo+1"],"picked":"Singing Bowl","floor":38},{"not_picked":["Bane"],"picked":"Singing Bowl","floor":38},{"not_picked":["Dagger Throw+1"],"picked":"Singing Bowl","floor":41},{"not_picked":["Aggregate+1"],"picked":"Singing Bowl","floor":42},{"not_picked":["Barrage"],"picked":"Singing Bowl","floor":42},{"not_picked":["Genetic Algorithm"],"picked":"Singing Bowl","floor":44},{"not_picked":["Tactician"],"picked":"Singing Bowl","floor":46},{"not_picked":["Predator"],"picked":"Singing Bowl","floor":46},{"not_picked":["Echo Form"],"picked":"Singing Bowl","floor":47},{"not_picked":["Consume+1"],"picked":"Singing Bowl","floor":48},{"not_picked":["Coolheaded+1"],"picked":"Singing Bowl","floor":48}],"player_experience":3203834,"relics_obtained":[{"floor":7,"key":"Boot"},{"floor":9,"key":"Singing Bowl"},{"floor":11,"key":"Symbiotic Virus"},{"floor":12,"key":"Prayer Wheel"},{"floor":14,"key":"Anchor"},{"floor":26,"key":"Bag of Preparation"},{"floor":41,"key":"Gambling Chip"},{"floor":43,"key":"Lizard Tail"},{"floor":44,"key":"Unceasing Top"},{"floor":47,"key":"Strawberry"}],"event_choices":[{"damage_healed":0,"gold_gain":0,"player_choice":"Entered Light","damage_taken":18,"max_hp_gain":0,"max_hp_loss":0,"event_name":"Shining Light","floor":4,"gold_loss":0,"cards_upgraded":["Gash","Dodge and Roll"]},{"damage_healed":0,"gold_gain":0,"player_choice":"Memory 1","damage_taken":0,"max_hp_gain":0,"max_hp_loss":0,"event_name":"SensoryStone","floor":37,"gold_loss":0},{"cards_removed":["Dodge and Roll"],"damage_healed":0,"gold_gain":0,"player_choice":"Removed Skill","damage_taken":0,"max_hp_gain":0,"max_hp_loss":0,"event_name":"Falling","floor":39,"gold_loss":0}],"is_beta":false,"boss_relics":[{"not_picked":["Runic Dome","Velvet Choker"],"picked":"Busted Crown"},{"not_picked":["Black Star","Runic Pyramid"],"picked":"Tiny House"}],"items_purged_floors":[20],"is_endless":false,"potions_floor_spawned":[1,3,12,14,22,38,44],"ascension_level":0}}