{"host":"yo9wwslrag05lh37","time":1609086344,"event":{"mods":["AchievementEnabler","BaseMod","Block Reminder","Colored Map","Colored Powertips","GifTheSpireLib","HexUI Lib","Highlight Path","Minty Spire (QoL Compilation)","Rare Cards Sparkle","Relic Stats","StSLib","everything is the same but u backflip on backflip"],"gold_per_floor":[14,31,31,45,63,63,94,94,94,104,123,123,123,134,134,209,209,224,224,241,257,257,288,156,156,238,59,59,83,115,132,132,132,132],"floor_reached":33,"playtime":1058,"items_purged":["Strike_B","Writhe"],"score":574,"play_id":"fea69c56-42e2-4c27-98a8-1b8a6fbde446","local_time":"20201227172544","is_ascension_mode":true,"campfire_choices":[{"data":"Lockon","floor":6.0,"key":"SMITH"},{"floor":8.0,"key":"REST"},{"data":"Capacitor","floor":12.0,"key":"SMITH"},{"data":"Core Surge","floor":15.0,"key":"SMITH"},{"floor":28.0,"key":"REST"},{"floor":32,"key":"REST"}],"circlet_count":0,"master_deck":["AscendersBane","Strike_B","Defend_B","Defend_B","Defend_B","Defend_B","Zap+1","Dualcast","Core Surge+1","Ball Lightning","Lockon+1","Capacitor+1","Leap","Sweeping Beam+1","Sweeping Beam+1","Hyperbeam+1","Coolheaded+1","Capacitor","Self Repair","Stack","Undo","Conserve Battery+1","Ball Lightning+1"],"relics":["Cracked Core","Molten Egg 2","Gremlin Horn","Snecko Eye","Tiny Chest","Pen Nib","PreservedInsect","Omamori","Symbiotic Virus"],"acts_visited":["Exordium","TheCity"],"potions_floor_usage":[31,33],"damage_taken":[{"damage":10.0,"enemies":"Small Slimes","floor":1.0,"turns":3.0},{"damage":6.0,"enemies":"Cultist","floor":2.0,"turns":3.0},{"damage":2.0,"enemies":"Jaw Worm","floor":4.0,"turns":3.0},{"damage":13.0,"enemies":"Large Slime","floor":5.0,"turns":4.0},{"damage":20.0,"enemies":"3 Sentries","floor":7.0,"turns":5.0},{"damage":5.0,"enemies":"Gremlin Gang","floor":10.0,"turns":3.0},{"damage":3.0,"enemies":"3 Louse","floor":11.0,"turns":2.0},{"damage":2.0,"enemies":"Large Slime","floor":14.0,"turns":3.0},{"damage":3.0,"enemies":"Slime Boss","floor":16.0,"turns":6.0},{"damage":6.0,"enemies":"3 Byrds","floor":18.0,"turns":2.0},{"damage":1.0,"enemies":"Spheric Guardian","floor":20.0,"turns":3.0},{"damage":24.0,"enemies":"Snake Plant","floor":21.0,"turns":3.0},{"damage":23.0,"enemies":"Gremlin Leader","floor":23.0,"turns":4.0},{"damage":27.0,"enemies":"Slavers","floor":30.0,"turns":3.0},{"damage":4,"enemies":"Centurion and Healer","floor":31,"turns":4},{"damage":62,"enemies":"Collector","floor":33,"turns":5}],"seed_played":"7090268751192720275","potions_obtained":[{"floor":4.0,"key":"LiquidMemories"},{"floor":5.0,"key":"Explosive Potion"},{"floor":10.0,"key":"Ancient Potion"},{"floor":11.0,"key":"Fire Potion"},{"floor":16.0,"key":"Weak Potion"},{"floor":21.0,"key":"DuplicationPotion"},{"floor":31,"key":"Strength Potion"}],"is_trial":false,"path_per_floor":["M","M","?","M","M","R","E","R","T","M","M","R","?","M","R","B",null,"M","?","M","M","?","E","$","?","T","$","R","T","E","M","R","B"],"character_chosen":"DEFECT","items_purchased":["Swift Potion","Regen Potion"],"campfire_rested":3,"item_purchase_floors":[24,27],"current_hp_per_floor":[54,48,48,46,33,33,13,34,34,29,26,26,26,24,24,21,59,53,53,52,28,28,12,12,12,12,12,33,33,13,28,49,0,0],"gold":132,"neow_bonus":"THREE_RARE_CARDS","is_daily":false,"chose_seed":false,"campfire_upgraded":3,"win_rate":0.0,"timestamp":1609086344,"path_taken":["M","M","?","M","M","R","E","R","T","M","?","R","?","M","R","BOSS","M","?","M","?","?","E","$","?","T","$","R","?","E","M","R","BOSS"],"items_purchased_type":["Potion","Potion"],"build_version":"2020-12-22","purchased_purges":2,"victory":false,"max_hp_per_floor":[71,71,71,71,71,71,71,71,71,71,71,71,71,71,71,71,71,71,71,71,71,71,71,71,71,71,71,71,71,71,71,71,71,71],"relic_stats":{"Gremlin Horn":[16,16],"counters":[16,56],"Snecko Eye":[49,57,39,45],"Tiny Chest":1,"Pen Nib":[2],"PreservedInsect":40,"obtain_stats":[{"Gremlin Horn":9,"Snecko Eye":17,"Molten Egg 2":7,"Tiny Chest":19,"Pen Nib":23,"PreservedInsect":25,"Omamori":29,"Cracked Core":0,"Symbiotic Virus":30},{"Gremlin Horn":5,"Snecko Eye":9,"Molten Egg 2":5,"Tiny Chest":10,"Pen Nib":13,"PreservedInsect":13,"Omamori":13,"Cracked Core":0,"Symbiotic Virus":14},{"Gremlin Horn":18,"Snecko Eye":32,"Molten Egg 2":18,"Tiny Chest":34,"Pen Nib":44,"PreservedInsect":44,"Omamori":44,"Cracked Core":0,"Symbiotic Virus":47}]},"card_choices":[{"not_picked":["Seek","Creative AI"],"picked":"Core Surge","floor":0.0},{"not_picked":["Stack","Capacitor"],"picked":"Ball Lightning","floor":1.0},{"not_picked":["Coolheaded","Beam Cell"],"picked":"Lockon","floor":2.0},{"not_picked":["Leap","Conserve Battery"],"picked":"Capacitor","floor":4.0},{"not_picked":["Stack","Redo","Hologram"],"picked":"SKIP","floor":5.0},{"not_picked":["Auto Shields","Double Energy","White Noise"],"picked":"SKIP","floor":7.0},{"not_picked":["Loop","Coolheaded"],"picked":"Leap","floor":10.0},{"not_picked":["Rip and Tear+1","Rebound+1"],"picked":"Sweeping Beam+1","floor":11.0},{"not_picked":["Stack","BootSequence"],"picked":"Sweeping Beam+1","floor":14.0},{"not_picked":["Thunder Strike+1","Fission"],"picked":"Hyperbeam+1","floor":16.0},{"not_picked":["Hologram","Storm","Redo"],"picked":"SKIP","floor":18.0},{"not_picked":["Beam Cell+1","Streamline+1"],"picked":"Coolheaded+1","floor":20.0},{"not_picked":["Turbo","Hologram"],"picked":"Capacitor","floor":21.0},{"not_picked":["Cold Snap+1","Ball Lightning+1"],"picked":"Undo","floor":23.0},{"not_picked":["Stack","Compile Driver+1"],"picked":"Conserve Battery+1","floor":30.0},{"not_picked":["Steam","Leap"],"picked":"Ball Lightning+1","floor":31}],"player_experience":1380648,"relics_obtained":[{"floor":7.0,"key":"Molten Egg 2"},{"floor":9.0,"key":"Gremlin Horn"},{"floor":23.0,"key":"Pen Nib"},{"floor":29.0,"key":"Omamori"},{"floor":30.0,"key":"Symbiotic Virus"}],"event_choices":[{"damage_healed":0.0,"max_hp_gain":0.0,"max_hp_loss":0.0,"gold_gain":0.0,"event_name":"Upgrade Shrine","player_choice":"Upgraded","floor":3.0,"gold_loss":0.0,"damage_taken":0.0,"cards_upgraded":["Zap"]},{"damage_healed":0.0,"max_hp_gain":0.0,"max_hp_loss":0.0,"gold_gain":0.0,"event_name":"Liars Game","player_choice":"Ignored","floor":13.0,"gold_loss":0.0,"damage_taken":0.0},{"damage_healed":0.0,"max_hp_gain":0.0,"max_hp_loss":0.0,"gold_gain":0.0,"event_name":"WeMeetAgain","player_choice":"Gave Potion","floor":19.0,"gold_loss":0.0,"damage_taken":0.0,"relics_obtained":["Tiny Chest"]},{"damage_healed":0.0,"max_hp_gain":0.0,"max_hp_loss":0.0,"gold_gain":0.0,"cards_transformed":["Strike_B","Strike_B"],"event_name":"Drug Dealer","player_choice":"Became Test Subject","floor":22.0,"gold_loss":0.0,"damage_taken":0.0,"cards_obtained":["Self Repair","Stack"]},{"damage_healed":0.0,"max_hp_gain":0.0,"max_hp_loss":0.0,"gold_gain":0.0,"event_name":"The Mausoleum","player_choice":"Opened","floor":25.0,"gold_loss":0.0,"damage_taken":0.0,"relics_obtained":["PreservedInsect"],"cards_obtained":["Writhe"]}],"is_beta":false,"boss_relics":[{"not_picked":["Black Star","SacredBark"],"picked":"Snecko Eye"}],"items_purged_floors":[24,27],"is_endless":false,"potions_floor_spawned":[4,5,10,11,16,18,21,31],"killed_by":"Collector","ascension_level":20}}