{"host":"qj91dvco5uhu9oti","time":1609088533,"event":{"mods":["BaseMod","Colored Map","Keyboard Shortcuts","Minty Spire (QoL Compilation)","Permanent Neow","Relic Stats","StSLib","SuperFastMode","everything is the same but u backflip on backflip"],"gold_per_floor":[118,118,118,43,60,88,88,104,127,143,143,34,47,64,64,136,136,151,151,151,162,84,84,104,104,104],"floor_reached":25,"playtime":387,"items_purged":["Strike_R"],"score":506,"play_id":"d9ffd684-03be-470d-82e9-e3988687d996","local_time":"20201228020213","is_ascension_mode":true,"campfire_choices":[{"data":"Blood for Blood","floor":7,"key":"SMITH"},{"data":"Immolate","floor":15,"key":"SMITH"},{"data":"Bloodletting","floor":23,"key":"SMITH"}],"circlet_count":0,"master_deck":["AscendersBane","Strike_R+1","Defend_R","Defend_R","Defend_R","Bash","Thunderclap+1","Cleave","Blood for Blood+1","Immolate+1","Shrug It Off","Battle Trance","Offering","Clash","Reaper","Bloodletting+1","Evolve","Shockwave"],"relics":["Burning Blood","Oddly Smooth Stone","Centennial Puzzle","Mark of Pain"],"acts_visited":["Exordium","TheCity"],"potions_floor_usage":[16,24],"damage_taken":[{"damage":8.0,"enemies":"Cultist","floor":1.0,"turns":5.0},{"damage":5,"enemies":"2 Louse","floor":5,"turns":4},{"damage":56,"enemies":"Gremlin Nob","floor":6,"turns":5},{"damage":6,"enemies":"Jaw Worm","floor":8,"turns":3},{"damage":2,"enemies":"Blue Slaver","floor":10,"turns":3},{"damage":0,"enemies":"Exordium Wildlife","floor":13,"turns":1},{"damage":0,"enemies":"Gremlin Gang","floor":14,"turns":1},{"damage":0,"enemies":"Slime Boss","floor":16,"turns":5},{"damage":6,"enemies":"Chosen","floor":18,"turns":2},{"damage":16,"enemies":"Shell Parasite","floor":21,"turns":3},{"damage":30,"enemies":"Snake Plant","floor":24,"turns":3},{"damage":0,"enemies":"Slavers","floor":25,"turns":1}],"seed_played":"-5405230936825992783","potions_obtained":[{"floor":8,"key":"Weak Potion"},{"floor":10,"key":"PowerPotion"},{"floor":16,"key":"Explosive Potion"}],"is_trial":false,"path_per_floor":["M","?","?","$","M","E","R","M","T","M","?","$","M","M","R","B",null,"M","?","?","M","$","R","M","E"],"character_chosen":"IRONCLAD","items_purchased":["Shrug It Off","Battle Trance","Evolve"],"campfire_rested":0,"item_purchase_floors":[12,12,22],"current_hp_per_floor":[66,66,66,66,67,17,17,17,17,21,1,1,7,13,13,19,56,56,56,56,46,46,46,24,36,36],"gold":104,"neow_bonus":"REMOVE_TWO","is_daily":false,"chose_seed":false,"campfire_upgraded":3,"win_rate":0.0,"timestamp":1609088533,"path_taken":["M","?","?","$","M","E","R","M","T","M","?","$","M","M","R","BOSS","M","?","?","M","$","R","M","E"],"items_purchased_type":["Card","Card","Card"],"build_version":"2020-12-22","purchased_purges":1,"victory":false,"max_hp_per_floor":[68,68,68,68,68,68,68,68,68,68,68,68,68,68,68,68,68,68,68,68,68,68,68,68,68,68],"relic_stats":{"Centennial Puzzle":[12],"counters":[12,36],"obtain_stats":[{"Centennial Puzzle":9,"Oddly Smooth Stone":6,"Mark of Pain":17,"Burning Blood":0},{"Centennial Puzzle":4,"Oddly Smooth Stone":3,"Mark of Pain":8,"Burning Blood":0},{"Centennial Puzzle":17,"Oddly Smooth Stone":14,"Mark of Pain":27,"Burning Blood":0}],"Burning Blood":66},"card_choices":[{"not_picked":["Pommel Strike","Anger"],"picked":"Thunderclap","floor":1.0},{"not_picked":["True Grit","Shockwave"],"picked":"Cleave","floor":5},{"not_picked":["Flex","Corruption"],"picked":"Blood for Blood","floor":6},{"not_picked":["Wild Strike","Thunderclap","Pommel Strike"],"picked":"SKIP","floor":8},{"not_picked":["Thunderclap","Headbutt"],"picked":"Immolate","floor":10},{"not_picked":["Cleave","Havoc","Iron Wave"],"picked":"SKIP","floor":13},{"not_picked":["Twin Strike","Sentinel","Fiend Fire"],"picked":"SKIP","floor":14},{"not_picked":["Juggernaut","Demon Form"],"picked":"Offering","floor":16},{"not_picked":["Searing Blow","Inflame","Flex"],"picked":"SKIP","floor":18},{"not_picked":["Twin Strike","Perfected Strike"],"picked":"Bloodletting","floor":21},{"not_picked":["Pommel Strike","Thunderclap"],"picked":"Shockwave","floor":24}],"player_experience":302079,"relics_obtained":[{"floor":6,"key":"Oddly Smooth Stone"},{"floor":9,"key":"Centennial Puzzle"}],"event_choices":[{"damage_healed":0,"gold_gain":0,"player_choice":"Fled","damage_taken":0,"max_hp_gain":0,"max_hp_loss":0,"event_name":"Scrap Ooze","floor":2,"gold_loss":0},{"damage_healed":0,"gold_gain":0,"player_choice":"Ignored","damage_taken":0,"max_hp_gain":0,"max_hp_loss":0,"event_name":"Liars Game","floor":3,"gold_loss":0},{"damage_healed":0,"gold_gain":0,"player_choice":"Entered Light","damage_taken":20,"max_hp_gain":0,"max_hp_loss":0,"event_name":"Shining Light","floor":11,"gold_loss":0,"cards_upgraded":["Thunderclap","Strike_R"]},{"damage_healed":0,"gold_gain":0,"cards_transformed":["Defend_R","Strike_R"],"player_choice":"Became Test Subject","damage_taken":0,"max_hp_gain":0,"max_hp_loss":0,"event_name":"Drug Dealer","floor":19,"gold_loss":0,"cards_obtained":["Clash","Reaper"]},{"damage_healed":0,"gold_gain":0,"player_choice":"Ignored","damage_taken":0,"max_hp_gain":0,"max_hp_loss":0,"event_name":"Ghosts","floor":20,"gold_loss":0}],"is_beta":false,"boss_relics":[{"not_picked":["Black Star","Velvet Choker"],"picked":"Mark of Pain"}],"items_purged_floors":[4],"is_endless":false,"potions_floor_spawned":[8,10,13,16,18],"killed_by":"Slavers","ascension_level":20}}