{"host":"cfluht5kr2kfk9p9","time":1609080458,"event":{"mods":["ATMod(阿瑾Mod)","Arknights The Spire","BaseMod","GungeonMod","Highlight Path","Library of Ruina","Library of Ruina Extra","Minty Spire (QoL Compilation)","Quick Restart","Rare Cards Sparkle","Relic Stats","RumiaBox-露米娅的神秘盒子","Spicy Shops","StSLib","TestMod","The Alterego","【功能Mod】混沌之环修复补丁"],"gold_per_floor":[117,129,148,1,14,47,47,62,89,115,140,140,168,180,180,280,280,291,97,97,114,114,146,146,174,174,191,201,233,233,251,251,350,350,369,369,387,113,23,58,76,76,145,178,193,205,205,217,217,217,217,217,217,50,77,77],"floor_reached":57,"playtime":2305,"items_purged":["UndertakePrescript","Parasite","FocusedStrikes+1"],"score":1894,"play_id":"e57f2718-bc21-4500-9443-f3e1517face3","local_time":"20201227224738","is_ascension_mode":false,"campfire_choices":[{"data":"FocusedStrikes","floor":7.0,"key":"SMITH"},{"data":"UndertakePrescript","floor":15.0,"key":"SMITH"},{"data":"SenseQuarry","floor":30.0,"key":"SMITH"},{"data":"UnavoidableGaze","floor":32.0,"key":"SMITH"},{"data":"StructuralAnalysis","floor":42,"key":"SMITH"},{"floor":47,"key":"RECALL"},{"data":"AT_DarkMatter","floor":49,"key":"SMITH"},{"data":"testmod-BackupPower","floor":53,"key":"SMITH"}],"circlet_count":0,"master_deck":["Dodge","LightDefense+1","LightDefense","LightDefense","LightDefense","ChargeAndCover","AT_DarkMatter+1","StructuralAnalysis+1","UndertakePrescript+1","UnavoidableGaze+1","IngredientHunt","ScatteringSlash+1","SenseQuarry+1","WillOfThePrescript","Rampage_lor+1","Tttonst","DimensionalRift+1","CleanUp+1","CrackOfDawn+1","LeRegole","Faith+1","testmod-BackupPower+1","InkOver+1","AsThePrescriptOrders"],"relics":["PageOfLibrarian","testmod-TestBox","AT_ATBox","testmod-SaigiyounoYou","NeowsBlessing","testmod-TurbochargingSystem","ats:Originium","ZombieArmy","AT_BladeRuinedKing","ats:Originium","Molten Egg 2","FaceOfCleric","ats:Originium","testmod-RealStoneCalender","testmod-Prudence","Ornamental Fan","Eternal Feather","ats:Originium","AT_Kusabimaru","Happy Flower","MagicDraw2","DemoMod:PinkGuonStone","AT_TrinityForce","Membership Card","Lantern","MagicDraw1","Anchor","Gremlin Horn","Dream Catcher","DemoMod:MeatBun","testmod-LifeArmor"],"acts_visited":["Exordium","TheCity","TheBeyond","TheEnding"],"potions_floor_usage":[56,56],"damage_taken":[{"damage":0.0,"enemies":"Cultist","floor":1.0,"turns":1.0},{"damage":0.0,"enemies":"Small Slimes","floor":2.0,"turns":1.0},{"damage":0.0,"enemies":"2 Louse","floor":3.0,"turns":1.0},{"damage":0.0,"enemies":"2 Fungi Beasts","floor":5.0,"turns":2.0},{"damage":7.0,"enemies":"3 Sentries","floor":6.0,"turns":6.0},{"damage":0.0,"enemies":"Looter","floor":8.0,"turns":1.0},{"damage":0.0,"enemies":"Gremlin Nob","floor":10.0,"turns":1.0},{"damage":0.0,"enemies":"Lagavulin","floor":13.0,"turns":2.0},{"damage":8.0,"enemies":"3 Louse","floor":14.0,"turns":3.0},{"damage":0.0,"enemies":"Slime Boss","floor":16.0,"turns":3.0},{"damage":0.0,"enemies":"Spheric Guardian","floor":18.0,"turns":3.0},{"damage":0.0,"enemies":"Chosen","floor":21.0,"turns":1.0},{"damage":0.0,"enemies":"Gremlin Leader","floor":23.0,"turns":4.0},{"damage":0.0,"enemies":"Book of Stabbing","floor":25.0,"turns":4.0},{"damage":0.0,"enemies":"Sentry and Sphere","floor":27.0,"turns":3.0},{"damage":0.0,"enemies":"Centurion and Healer","floor":28.0,"turns":1.0},{"damage":0.0,"enemies":"Gremlin Leader","floor":29.0,"turns":3.0},{"damage":0.0,"enemies":"Shelled Parasite and Fungi","floor":31.0,"turns":2.0},{"damage":0.0,"enemies":"Champ","floor":33.0,"turns":2.0},{"damage":0.0,"enemies":"Orb Walker","floor":35.0,"turns":1.0},{"damage":0.0,"enemies":"3 Darklings","floor":37.0,"turns":1.0},{"damage":0.0,"enemies":"Nemesis","floor":40.0,"turns":1.0},{"damage":0.0,"enemies":"Writhing Mass","floor":41.0,"turns":1.0},{"damage":0,"enemies":"Reptomancer","floor":44,"turns":2},{"damage":0,"enemies":"4 Shapes","floor":45,"turns":2},{"damage":0,"enemies":"Maw","floor":46,"turns":2},{"damage":0,"enemies":"Jaw Worm Horde","floor":48,"turns":1},{"damage":0,"enemies":"Donu and Deca","floor":50,"turns":4},{"damage":0,"enemies":"Donu and Deca","floor":51,"turns":3},{"damage":0,"enemies":"Shield and Spear","floor":55,"turns":2},{"damage":28,"enemies":"The Heart","floor":56,"turns":4}],"seed_played":"-2589132970951715675","potions_obtained":[{"floor":3.0,"key":"EssenceOfSteel"},{"floor":5.0,"key":"Explosive Potion"},{"floor":8.0,"key":"Energy Potion"},{"floor":14.0,"key":"AttackPotion"},{"floor":18.0,"key":"LiquidMemories"},{"floor":21.0,"key":"BlessingOfTheForge"},{"floor":27.0,"key":"PowerPotion"},{"floor":35.0,"key":"Strength Potion"},{"floor":45,"key":"DistilledChaos"}],"is_trial":false,"path_per_floor":["M","M","M","$","M","E","R","M","T","E","T","?","E","M","R","B",null,"M","$","T","M","?","E","?","E","T","M","M","E","R","M","R","B",null,"M","?","M","$","?","E","M","R","T","E","M","M","R","M","R","B",null,null,"R","$","E","B",null],"character_chosen":"Librarian","items_purchased":["testmod-TurbochargingSystem","Ornamental Fan","Membership Card","Lantern","MagicDraw1","DemoMod:MeatBun","AsThePrescriptOrders"],"campfire_rested":0,"item_purchase_floors":[4,19,38,38,38,54,54],"current_hp_per_floor":[60,60,62,62,69,72,72,74,74,74,74,74,75,69,69,77,77,78,78,78,79,79,80,80,81,81,82,83,91,91,92,92,93,93,94,94,95,92,92,93,94,94,94,95,96,97,97,98,98,99,100,100,100,100,101,101],"gold":77,"neow_bonus":"THREE_ENEMY_KILL","is_daily":false,"chose_seed":false,"campfire_upgraded":7,"win_rate":0.0,"timestamp":1609080458,"path_taken":["M","M","?","?","M","E","R","M","T","E","?","?","E","M","R","BOSS","M","$","?","M","?","E","?","E","T","M","M","E","R","M","R","BOSS","M","?","M","$","?","E","M","R","T","E","M","?","R","M","R","BOSS","R","$","E","BOSS"],"items_purchased_type":["Relic","Relic","Relic","Relic","Relic","Relic","Card"],"build_version":"2020-12-22","purchased_purges":3,"victory":true,"max_hp_per_floor":[60,74,74,74,74,74,74,74,74,74,74,74,75,76,76,77,77,78,78,78,79,79,80,80,81,81,82,83,91,91,92,92,93,93,94,94,95,92,92,93,94,94,94,95,96,97,97,98,98,99,100,100,100,100,101,102],"relic_stats":{"Dream Catcher":0,"FaceOfCleric":24,"Happy Flower":[11],"Gremlin Horn":[11,9],"counters":[31,68],"Ornamental Fan":[76],"Eternal Feather":0,"obtain_stats":[{"Lantern":38,"AT_ATBox":0,"Gremlin Horn":43,"DemoMod:GlassGuonStoneRelic":2,"testmod-LifeArmor":55,"MagicDraw2":26,"MagicDraw1":38,"Dream Catcher":44,"testmod-Prudence":17,"AT_Kusabimaru":23,"FaceOfCleric":12,"AT_TrinityForce":34,"ZombieArmy":6,"testmod-TestBox":0,"NeowsBlessing":0,"Happy Flower":25,"Eternal Feather":20,"AT_BladeRuinedKing":9,"DemoMod:PinkGuonStone":29,"testmod-TurbochargingSystem":4,"testmod-SaigiyounoYou":0,"PageOfLibrarian":0,"testmod-RealStoneCalender":13,"Anchor":40,"ats:Originium":6,"Ornamental Fan":19,"DemoMod:MeatBun":54,"Molten Egg 2":10,"Membership Card":38},{"Lantern":21,"AT_ATBox":0,"Gremlin Horn":23,"DemoMod:GlassGuonStoneRelic":2,"testmod-LifeArmor":30,"MagicDraw2":14,"MagicDraw1":21,"Dream Catcher":24,"testmod-Prudence":10,"AT_Kusabimaru":13,"FaceOfCleric":7,"AT_TrinityForce":19,"ZombieArmy":5,"testmod-TestBox":0,"NeowsBlessing":0,"Happy Flower":14,"Eternal Feather":11,"AT_BladeRuinedKing":6,"DemoMod:PinkGuonStone":17,"testmod-TurbochargingSystem":3,"testmod-SaigiyounoYou":0,"PageOfLibrarian":0,"testmod-RealStoneCalender":8,"Anchor":22,"ats:Originium":5,"Ornamental Fan":11,"DemoMod:MeatBun":29,"Molten Egg 2":7,"Membership Card":21},{"Lantern":46,"AT_ATBox":0,"Gremlin Horn":48,"DemoMod:GlassGuonStoneRelic":2,"testmod-LifeArmor":64,"MagicDraw2":33,"MagicDraw1":46,"Dream Catcher":50,"testmod-Prudence":21,"AT_Kusabimaru":29,"FaceOfCleric":13,"AT_TrinityForce":44,"ZombieArmy":11,"testmod-TestBox":0,"NeowsBlessing":0,"Happy Flower":33,"Eternal Feather":24,"AT_BladeRuinedKing":12,"DemoMod:PinkGuonStone":40,"testmod-TurbochargingSystem":3,"testmod-SaigiyounoYou":0,"PageOfLibrarian":0,"testmod-RealStoneCalender":15,"Anchor":47,"ats:Originium":11,"Ornamental Fan":24,"DemoMod:MeatBun":62,"Molten Egg 2":13,"Membership Card":46}]},"card_choices":[{"not_picked":["FierceCharge","BackAttack","Thirst"],"picked":"StructuralAnalysis","floor":1.0},{"not_picked":["Thirst","GuardingStance","Mutilate","ChargeUp"],"picked":"SKIP","floor":2.0},{"not_picked":["SharpSwipe","SuppressingShot","Juggling"],"picked":"UndertakePrescript","floor":3.0},{"not_picked":["SkyClearingCut","Feast","Faith"],"picked":"UnavoidableGaze","floor":5.0},{"not_picked":["HighKick","ShrineToMusic","RulesOfTheBackstreets"],"picked":"IngredientHunt","floor":6.0},{"not_picked":["SunsetBlade","GuardingStance","ClassAndRespect","ForTheFamily"],"picked":"SKIP","floor":8.0},{"not_picked":["CookingPrep","BackAttack","SummaryJudgment+1"],"picked":"ScatteringSlash+1","floor":10.0},{"not_picked":["Outburst+1","CircusKnives+1","RipSpace+1","SunsetBlade"],"picked":"SKIP","floor":13.0},{"not_picked":["WillOfThePrescript","Leap_lor+1","Outburst+1"],"picked":"UndertakePrescript","floor":14.0},{"not_picked":["BlazingStrike+1","CleanUp+1"],"picked":"SenseQuarry","floor":16.0},{"not_picked":["AsThePrescriptOrders+1","Outburst+1","BackAttack+1"],"picked":"WillOfThePrescript","floor":18.0},{"not_picked":["BlazingStrike+1","Ripple+1","WillOfThePrescript+1","OpportunitySpotted+1"],"picked":"SKIP","floor":21.0},{"not_picked":["Overcharge","RipSpace+1","SenseQuarry"],"picked":"Rampage_lor+1","floor":23.0},{"not_picked":["SuppressingShot+1","UndertakePrescript","RipSpace+1","SteelKnuckles+1"],"picked":"SKIP","floor":25.0},{"not_picked":["Reload+1","SunsetBlade+1","SuppressingShot+1"],"picked":"CleanUp+1","floor":27.0},{"not_picked":["Outburst+1","HighKick+1","Thirst+1","SteelKnuckles+1"],"picked":"SKIP","floor":28.0},{"not_picked":["SuppressingShot+1","Mutilate+1","ClassAndRespect+1"],"picked":"CrackOfDawn+1","floor":29.0},{"not_picked":["GaleKick+1","CookingPrep","FierceCharge","Zzzzzap"],"picked":"SKIP","floor":31.0},{"not_picked":["Observe","FormingStorm+1"],"picked":"LeRegole","floor":33.0},{"not_picked":["SkyClearingCut+1","DarkCloud","Outburst+1"],"picked":"Faith+1","floor":35.0},{"not_picked":["Trip","testmod-Dream","Discovery"],"picked":"testmod-BackupPower","floor":36.0},{"not_picked":["NightInTheBackstreets+1","Overcharge+1","Zzzzzap","GuardingStance+1"],"picked":"SKIP","floor":37.0},{"not_picked":["LeRegole","Faith","ExtractFuel","DarkCloud+1"],"picked":"SKIP","floor":40.0},{"not_picked":["FeatherShield+1","FlashOfSunup+1","Diversion+1","CookingPrep+1"],"picked":"SKIP","floor":41.0},{"not_picked":["DarkCloud","Outburst+1","Standoff+1"],"picked":"InkOver+1","floor":44},{"not_picked":["SuppressingShot+1","Leap_lor+1","BayonetCombat+1","NightInTheBackstreets+1"],"picked":"SKIP","floor":45},{"not_picked":["ScatteringSlash+1","SharpenedBlade+1","ElectricShock+1","Rewind"],"picked":"SKIP","floor":46},{"not_picked":["Juggling","RulesOfTheBackstreets+1","FendThisOffIfYouCan+1","WillOfThePrescript+1"],"picked":"SKIP","floor":48},{"not_picked":["Standoff+1","BackAttack+1","Rewind+1","SunsetBlade+1"],"picked":"SKIP","floor":55}],"player_experience":48954,"relics_obtained":[{"floor":6.0,"key":"ats:Originium"},{"floor":6.0,"key":"ZombieArmy"},{"floor":9.0,"key":"AT_BladeRuinedKing"},{"floor":10.0,"key":"ats:Originium"},{"floor":10.0,"key":"Molten Egg 2"},{"floor":13.0,"key":"ats:Originium"},{"floor":13.0,"key":"testmod-RealStoneCalender"},{"floor":20.0,"key":"Eternal Feather"},{"floor":23.0,"key":"ats:Originium"},{"floor":23.0,"key":"AT_Kusabimaru"},{"floor":25.0,"key":"Happy Flower"},{"floor":26.0,"key":"MagicDraw2"},{"floor":29.0,"key":"DemoMod:PinkGuonStone"},{"floor":40.0,"key":"Anchor"},{"floor":43,"key":"Gremlin Horn"},{"floor":44,"key":"Dream Catcher"},{"floor":55,"key":"testmod-LifeArmor"}],"event_choices":[{"damage_healed":0.0,"max_hp_gain":0.0,"max_hp_loss":0.0,"gold_gain":0.0,"event_name":"FaceTrader","player_choice":"Trade","floor":12.0,"gold_loss":0.0,"damage_taken":0.0,"relics_obtained":["FaceOfCleric"]},{"damage_healed":0.0,"max_hp_gain":0.0,"max_hp_loss":0.0,"gold_gain":0.0,"event_name":"Ghosts","player_choice":"Ignored","floor":22.0,"gold_loss":0.0,"damage_taken":0.0},{"damage_healed":0.0,"max_hp_gain":0.0,"max_hp_loss":0.0,"gold_gain":0.0,"cards_transformed":["LightAttack","LightAttack"],"event_name":"Drug Dealer","player_choice":"Became Test Subject","floor":24.0,"gold_loss":0.0,"damage_taken":0.0,"cards_obtained":["Tttonst","DimensionalRift"]},{"damage_healed":0.0,"max_hp_gain":0.0,"max_hp_loss":0.0,"gold_gain":0.0,"event_name":"SensoryStone","player_choice":"Memory 1","floor":36.0,"gold_loss":0.0,"damage_taken":0.0},{"cards_removed":["LightAttack"],"damage_healed":0.0,"max_hp_gain":0.0,"max_hp_loss":0.0,"gold_gain":0.0,"event_name":"Designer","player_choice":"Upgrade and Remove","floor":39.0,"gold_loss":90.0,"damage_taken":0.0,"cards_upgraded":["LightDefense"]}],"is_beta":false,"boss_relics":[{"not_picked":["testmod-NegativeEmotionEnhancer","testmod-DreamHouse"],"picked":"testmod-Prudence"},{"not_picked":["Pandora\u0027s Box","Coffee Dripper"],"picked":"AT_TrinityForce"}],"items_purged_floors":[19,38,54],"is_endless":false,"potions_floor_spawned":[3,5,8,14,18,21,27,31,35,37,45],"ascension_level":0}}