{"host":"5gc11emcm5chfr5t","time":1609033028,"event":{"mods":["2.2 Compatiblity","AchievementEnabler","BaseMod","Bestiary","Better Note","Colored Map","Colored Powertips","Downfall","Googly Eyes","Minty Spire (QoL Compilation)","Rare Cards Sparkle","StSLib"],"gold_per_floor":[99,99,399,399,399,399,451,13,40,55,55,55],"floor_reached":11,"playtime":225,"items_purged":[],"score":134,"play_id":"766526c4-25f4-40d3-808b-e9cd6a52eb9c","local_time":"20201226203708","is_ascension_mode":true,"campfire_choices":[{"floor":1,"key":"RECALL"}],"circlet_count":0,"master_deck":["AscendersBane","sneckomod:Strike","sneckomod:Strike","sneckomod:Strike","sneckomod:Defend","sneckomod:Defend","sneckomod:Defend","sneckomod:TailWhip","sneckomod:SnekBite","sneckomod:Unknown","sneckomod:Unknown","Slimebound:Icky","Slimebound:Icky","Slimebound:Icky","sneckomod:SoulRoll","sneckomod:SlitherStrike","sneckomod:SoulRoll","expansioncontent:DefensiveMode","sneckomod:UnlimitedRolls","sneckomod:WideSting"],"relics":["sneckomod:SneckoSoul","downfall:HeartsMalice","Happy Flower","Mummified Hand","StoneCalendar","Pear"],"acts_visited":["Exordium"],"potions_floor_usage":[],"damage_taken":[{"damage":0,"enemies":"Jaw Worm","floor":5,"turns":1},{"damage":0,"enemies":"Small Slimes","floor":6,"turns":1},{"damage":0,"enemies":"downfall:FleeingMerchant","floor":8,"turns":1},{"damage":54,"enemies":"Gremlin Nob","floor":9,"turns":6},{"damage":6,"enemies":"2 Louse","floor":10,"turns":3},{"damage":33,"enemies":"Lagavulin","floor":11,"turns":5}],"seed_played":"728200121982468722","potions_obtained":[],"is_trial":false,"path_per_floor":["R","?","?","T","M","M","T","$","E","M","E"],"character_chosen":"THE_SNECKO","items_purchased":["StoneCalendar","expansioncontent:DefensiveMode"],"campfire_rested":0,"item_purchase_floors":[8,8],"current_hp_per_floor":[75,75,75,75,75,75,75,75,31,25,0,0],"gold":55,"neow_bonus":"THREE_ENEMY_KILL","is_daily":false,"chose_seed":false,"campfire_upgraded":0,"win_rate":0.0,"timestamp":1609033028,"path_taken":["R","?","?","?","M","M","T","$","E","M","E"],"items_purchased_type":["Relic","Card"],"build_version":"2020-12-22","purchased_purges":0,"victory":false,"max_hp_per_floor":[83,83,83,83,83,83,83,83,93,93,93,93],"card_choices":[{"not_picked":["sneckomod:UnknownCommonSkill","sneckomod:UnknownClassGUARDIAN"],"picked":"sneckomod:SoulRoll","floor":5},{"not_picked":["sneckomod:UnknownClassSLIMEBOUND","sneckomod:TrashToTreasure"],"picked":"sneckomod:SlitherStrike","floor":6},{"not_picked":["sneckomod:UnknownStrike","sneckomod:UnknownClassHEXA_GHOST_PURPLE"],"picked":"sneckomod:SoulRoll","floor":8},{"not_picked":["sneckomod:UnknownCommonSkill","sneckomod:UnknownVulnerable"],"picked":"sneckomod:UnlimitedRolls","floor":9},{"not_picked":["sneckomod:SoulRoll","sneckomod:SoulCleanse"],"picked":"sneckomod:WideSting","floor":10}],"player_experience":498392,"relics_obtained":[{"floor":4,"key":"Mummified Hand"},{"floor":9,"key":"Pear"}],"event_choices":[],"is_beta":false,"boss_relics":[],"items_purged_floors":[],"is_endless":false,"potions_floor_spawned":[],"killed_by":"Lagavulin","ascension_level":20}}