{"host":"jak4ncvfzor9mys0","time":1609059586,"event":{"mods":["2.2 Compatiblity","AchievementEnabler","BaseMod","Better Altar","Better Match","Better Note","Better Sensory Stone","Better Skull","Better Third Choice","BetterRewards","Block Reminder","Colored Map","Colored Powertips","Energized Spire","Gold Saver","Hubris","Infinite Spire","Key Reminder","Minty Spire (QoL Compilation)","Rare Cards Sparkle","Red Circlet Mod","Relic Sorter","Relic Stats","Replay The Spire","Retaliation","StSLib","SuperFastMode","The Blue Laboratory"],"gold_per_floor":[212,229,118,131,131,131,149,49,72,72,131,147,162,176,176,274,274,290,290,290,307,327,327,327,337,363,363,380,410,428,443,443,443,443],"floor_reached":33,"playtime":1207,"items_purged":["Strike_G","Strike_G","Strike_G"],"score":263,"play_id":"b170ad48-d9b2-432b-bd55-1f4ef6eda539","local_time":"20201227005946","is_ascension_mode":false,"campfire_choices":[{"data":"Bouncing Flask","floor":6,"key":"SMITH"},{"data":"hubris:SlightOfHand","floor":10,"key":"SMITH"},{"floor":15,"key":"REST"},{"floor":23,"key":"REST"},{"data":"Atom Bomb","floor":27,"key":"SMITH"},{"floor":32,"key":"REST"}],"circlet_count":0,"master_deck":["Strike_G","Strike_G+1","Defend_G","Defend_G","Defend_G","Defend_G","Defend_G+1","Survivor","Neutralize","Bouncing Flask+1","Bane+1","hubris:SlightOfHand+1","Deadly Poison","Footwork","Atom Bomb+1","Deflect","Backflip+1","Poisoned Stab"],"relics":["Ring of the Snake","Velvet Choker","Replay:Baseball","Potion Belt","Simple Rune","Chemical X","Ancient Tea Set","Orichalcum"],"acts_visited":["Exordium","TheCity"],"potions_floor_usage":[11,16,29,33],"damage_taken":[{"damage":0,"enemies":"2 Louse","floor":1,"turns":2},{"damage":7,"enemies":"Small Slimes","floor":2,"turns":3},{"damage":8,"enemies":"infinitespire:Voidling","floor":4,"turns":5},{"damage":4,"enemies":"Blue Slaver","floor":7,"turns":3},{"damage":8,"enemies":"Lagavulin Event","floor":11,"turns":5},{"damage":3,"enemies":"Lots of Slimes","floor":12,"turns":4},{"damage":2,"enemies":"3 Louse","floor":13,"turns":4},{"damage":0,"enemies":"Exordium Thugs","floor":14,"turns":4},{"damage":30,"enemies":"Slime Boss","floor":16,"turns":15},{"damage":21,"enemies":"2 Thieves","floor":18,"turns":3},{"damage":0,"enemies":"Chosen","floor":21,"turns":2},{"damage":7,"enemies":"Centurion and Healer","floor":22,"turns":5},{"damage":10,"enemies":"Shelled Parasite and Fungi","floor":25,"turns":8},{"damage":0,"enemies":"Snake Plant","floor":28,"turns":2},{"damage":30,"enemies":"Nightmare","floor":29,"turns":6},{"damage":4,"enemies":"Cultist and Chosen","floor":30,"turns":4},{"damage":10,"enemies":"Centurion and Healer","floor":31,"turns":8},{"damage":31,"enemies":"Pondfish","floor":33,"turns":12}],"seed_played":"-4247247663686216482","potions_obtained":[{"floor":4,"key":"ColorlessPotion"},{"floor":13,"key":"BlessingOfTheForge"},{"floor":16,"key":"EssenceOfSteel"},{"floor":28,"key":"blueLaboratory:StoneskinPotion"},{"floor":29,"key":"Poison Potion"}],"is_trial":false,"path_per_floor":["M","M","$","M","$","R","M","$","T","R","?","M","M","M","R","B",null,"M","?","AVR","M","M","R","$","M","T","R","M","NM","M","M","R","B"],"character_chosen":"THE_SILENT","items_purchased":["Bane+1"],"campfire_rested":3,"item_purchase_floors":[3],"current_hp_per_floor":[70,63,63,59,59,59,55,55,55,55,47,44,42,42,63,33,70,49,49,49,49,42,63,63,53,53,53,53,23,19,9,30,0,0],"gold":443,"neow_bonus":"RANDOM_COMMON_RELIC","is_daily":false,"chose_seed":false,"campfire_upgraded":3,"win_rate":0.0,"timestamp":1609059586,"path_taken":["M","M","$","M","$","R","M","$","T","R","?","M","M","M","R","BOSS","M","?","AVR","M","?","R","$","M","T","R","M","NM","M","M","R","BOSS"],"items_purchased_type":["Card"],"build_version":"2020-12-22","purchased_purges":3,"victory":false,"max_hp_per_floor":[70,70,70,70,70,70,70,70,70,70,70,70,70,70,70,70,70,70,70,70,70,70,70,70,70,70,70,70,70,70,70,70,70,70],"relic_stats":{"counters":[18,95],"Chemical X":[0],"Orichalcum":[48],"obtain_stats":[{"Potion Belt":9,"Replay:Baseball":0,"Velvet Choker":17,"Simple Rune":11,"Chemical X":20,"Orichalcum":29,"Ancient Tea Set":26,"Ring of the Snake":0},{"Potion Belt":4,"Replay:Baseball":0,"Velvet Choker":9,"Simple Rune":5,"Chemical X":10,"Orichalcum":15,"Ancient Tea Set":13,"Ring of the Snake":0},{"Potion Belt":13,"Replay:Baseball":0,"Velvet Choker":45,"Simple Rune":18,"Chemical X":48,"Orichalcum":71,"Ancient Tea Set":63,"Ring of the Snake":0}],"Ring of the Snake":[36]},"card_choices":[{"not_picked":["Acrobatics","ReplayTheSpireMod:Scrap Shanks"],"picked":"Bouncing Flask","floor":1},{"not_picked":["Skewer","Fluid Movement","Underhanded Strike"],"picked":"SKIP","floor":2},{"not_picked":["Blade Dance","Prepared"],"picked":"hubris:SlightOfHand","floor":4},{"not_picked":["Backflip","hubris:SlightOfHand"],"picked":"Deadly Poison","floor":7},{"not_picked":["Deflect","Dagger Spray","hubris:TrickCloak"],"picked":"SKIP","floor":12},{"not_picked":["hubris:Counter","hubris:Sniper","Calculated Gamble"],"picked":"SKIP","floor":13},{"not_picked":["Bane","PiercingWail"],"picked":"Footwork","floor":14},{"not_picked":["Envenom","Grand Finale"],"picked":"Atom Bomb","floor":16},{"not_picked":["Hidden Blade","Dodge and Roll","hubris:Counter"],"picked":"SKIP","floor":18},{"not_picked":["Dodge and Roll","Predator","hubris:SlightOfHand"],"picked":"SKIP","floor":21},{"not_picked":["Cloak And Dagger","Quick Slash","Well Laid Plans"],"picked":"SKIP","floor":22},{"not_picked":["hubris:TrickCloak+1","Acrobatics","Slice"],"picked":"SKIP","floor":25},{"not_picked":["ReplayTheSpireMod:The Works","PiercingWail+1","Deflect"],"picked":"SKIP","floor":28},{"not_picked":["ReplayTheSpireMod:The Works","PiercingWail+1"],"picked":"Deflect","floor":28},{"not_picked":["Quick Slash+1","Outmaneuver"],"picked":"Backflip+1","floor":29},{"not_picked":["Quick Slash+1","Prepared+1"],"picked":"Poisoned Stab","floor":30},{"not_picked":["Glass Knife","Acrobatics","Dagger Spray+1"],"picked":"SKIP","floor":31}],"player_experience":2677111,"relics_obtained":[{"floor":9,"key":"Potion Belt"},{"floor":11,"key":"Simple Rune"},{"floor":26,"key":"Ancient Tea Set"},{"floor":29,"key":"Orichalcum"}],"event_choices":[{"damage_healed":0,"gold_gain":30,"player_choice":"Searched \u00273\u0027 times","damage_taken":0,"max_hp_gain":0,"max_hp_loss":0,"event_name":"Dead Adventurer","floor":11,"gold_loss":0},{"damage_healed":0,"gold_gain":0,"player_choice":"Bought 0 Potions","damage_taken":0,"max_hp_gain":0,"max_hp_loss":0,"event_name":"The Woman in Blue","floor":19,"gold_loss":0}],"is_beta":false,"boss_relics":[{"not_picked":["Replay:Ancient Bell","Astrolabe"],"picked":"Velvet Choker"}],"items_purged_floors":[3,8,20],"is_endless":true,"potions_floor_spawned":[2,4,12,13,16,28,29,30,31],"killed_by":"Pondfish","ascension_level":0}}