{"host":"rw33tudejpadypl1","time":1609064570,"event":{"mods":["AchievementEnabler","BaseMod","Colored Map","Minty Spire (QoL Compilation)","SuperFastMode"],"gold_per_floor":[116,69,69,36,36,71,83,96,120,120,20,50,61,76,76,174,174,192,192,0,18,32,32,59,59,111,130,130,130],"floor_reached":28,"playtime":1021,"items_purged":["Strike_G"],"score":273,"play_id":"47844c29-2294-47b5-a4db-d8b34f8b34ae","local_time":"20201227192250","is_ascension_mode":false,"campfire_choices":[{"data":"Prepared","floor":15,"key":"SMITH"},{"data":"Adrenaline","floor":23,"key":"SMITH"},{"floor":25,"key":"REST"}],"circlet_count":0,"master_deck":["Strike_G","Strike_G","Strike_G","Defend_G","Defend_G","Defend_G","Defend_G","Defend_G","Survivor","Neutralize","Blade Dance","Poisoned Stab","Calculated Gamble","Prepared+1","Dagger Spray","Poisoned Stab","Noxious Fumes","Backflip","Backflip","PiercingWail","Escape Plan","Adrenaline+1","Bane+1","Neutralize","Deadly Poison","Escape Plan","Crippling Poison"],"relics":["Ring of the Snake","NeowsBlessing","Snake Skull","Peace Pipe","Bag of Marbles","Mummified Hand","Black Star","TwistedFunnel","Matryoshka","Smiling Mask","Juzu Bracelet","Omamori"],"acts_visited":["Exordium","TheCity"],"potions_floor_usage":[12,16,24],"damage_taken":[{"damage":0,"enemies":"Small Slimes","floor":1,"turns":1},{"damage":0,"enemies":"Gremlin Nob","floor":6,"turns":1},{"damage":0,"enemies":"Jaw Worm","floor":7,"turns":1},{"damage":0,"enemies":"Cultist","floor":8,"turns":3},{"damage":12,"enemies":"3 Sentries","floor":12,"turns":6},{"damage":12,"enemies":"3 Louse","floor":13,"turns":3},{"damage":4,"enemies":"Exordium Thugs","floor":14,"turns":3},{"damage":13,"enemies":"Hexaghost","floor":16,"turns":9},{"damage":0,"enemies":"Spheric Guardian","floor":18,"turns":4},{"damage":12,"enemies":"Shell Parasite","floor":21,"turns":6},{"damage":3,"enemies":"Snecko","floor":22,"turns":4},{"damage":40,"enemies":"Gremlin Leader","floor":24,"turns":5},{"damage":9,"enemies":"Cultist and Chosen","floor":27,"turns":5},{"damage":32,"enemies":"Slavers","floor":28,"turns":2}],"seed_played":"-2443722114612005296","potions_obtained":[{"floor":7,"key":"Strength Potion"},{"floor":13,"key":"GhostInAJar"},{"floor":14,"key":"LiquidBronze"},{"floor":16,"key":"SneckoOil"},{"floor":24,"key":"DistilledChaos"}],"is_trial":false,"path_per_floor":["M","$","?","$","$","E","M","M","T","?","$","E","M","M","R","B",null,"M","?","$","M","M","R","E","R","T","M","E"],"character_chosen":"THE_SILENT","items_purchased":["Poisoned Stab","Calculated Gamble","Backflip","Deadly Poison","TwistedFunnel"],"campfire_rested":1,"item_purchase_floors":[2,4,11,20,20],"current_hp_per_floor":[70,70,67,67,67,67,67,67,67,67,67,55,43,39,39,26,70,70,70,70,58,55,55,15,36,36,27,0,0],"gold":130,"neow_bonus":"THREE_ENEMY_KILL","is_daily":false,"chose_seed":false,"campfire_upgraded":2,"win_rate":0.0,"timestamp":1609064570,"path_taken":["M","$","?","?","$","E","?","M","T","?","?","E","M","M","R","BOSS","M","?","?","M","?","R","E","R","T","M","E"],"items_purchased_type":["Card","Card","Card","Card","Relic"],"build_version":"2020-12-22","purchased_purges":1,"victory":false,"max_hp_per_floor":[70,70,70,70,70,70,70,70,70,70,70,70,70,70,70,70,70,70,70,70,70,70,70,70,70,70,70,70,70],"card_choices":[{"not_picked":["Outmaneuver","Dagger Throw"],"picked":"Blade Dance","floor":1},{"not_picked":["Tools of the Trade","Predator"],"picked":"Prepared","floor":6},{"not_picked":["Deflect","Backstab"],"picked":"Dagger Spray","floor":7},{"not_picked":["Underhanded Strike","Flying Knee"],"picked":"Poisoned Stab","floor":8},{"not_picked":["Slice","Infinite Blades"],"picked":"Backflip","floor":12},{"not_picked":["Predator","Outmaneuver"],"picked":"PiercingWail","floor":13},{"not_picked":["Outmaneuver","Blade Dance"],"picked":"Escape Plan","floor":14},{"not_picked":["Tools of the Trade","Die Die Die"],"picked":"Adrenaline","floor":16},{"not_picked":["Acrobatics","Slice"],"picked":"Bane+1","floor":18},{"not_picked":["Sucker Punch","Noxious Fumes"],"picked":"Escape Plan","floor":21},{"not_picked":["Eviscerate","Dodge and Roll","Caltrops"],"picked":"SKIP","floor":22},{"not_picked":["Flechettes","A Thousand Cuts"],"picked":"Crippling Poison","floor":24},{"not_picked":["Infinite Blades","Riddle With Holes+1","Crippling Poison"],"picked":"SKIP","floor":27}],"player_experience":18385,"relics_obtained":[{"floor":6,"key":"Peace Pipe"},{"floor":9,"key":"Bag of Marbles"},{"floor":12,"key":"Mummified Hand"},{"floor":24,"key":"Matryoshka"},{"floor":24,"key":"Smiling Mask"},{"floor":26,"key":"Juzu Bracelet"},{"floor":26,"key":"Omamori"}],"event_choices":[{"damage_healed":0,"gold_gain":0,"player_choice":"Success","damage_taken":3,"relics_obtained":["Snake Skull"],"max_hp_gain":0,"max_hp_loss":0,"event_name":"Scrap Ooze","floor":3,"gold_loss":0},{"damage_healed":0,"gold_gain":0,"cards_transformed":["Strike_G"],"player_choice":"Transformed","damage_taken":0,"max_hp_gain":0,"max_hp_loss":0,"event_name":"Transmorgrifier","floor":10,"gold_loss":0,"cards_obtained":["Noxious Fumes"]},{"damage_healed":0,"gold_gain":0,"player_choice":"1 cards matched","damage_taken":0,"max_hp_gain":0,"max_hp_loss":0,"event_name":"Match and Keep!","floor":19,"gold_loss":0,"cards_obtained":["Neutralize"]}],"is_beta":false,"boss_relics":[{"not_picked":["Astrolabe","HoveringKite"],"picked":"Black Star"}],"items_purged_floors":[11],"is_endless":false,"potions_floor_spawned":[7,13,14,16,24],"killed_by":"Slavers","ascension_level":0}}