{"host":"c5ukdwo3xwa4ucd0","time":1609110287,"event":{"mods":["AchievementEnabler","BaseMod","Colored Powertips","Minty Spire (QoL Compilation)","Quick Restart"],"gold_per_floor":[114,129,129,144,159,189,189,189,189,189,204,234,234,249,249,349,349,364,364,364,17,32,32,32,32],"floor_reached":24,"playtime":719,"items_purged":[],"score":231,"play_id":"25bc5946-660b-4691-9f28-c0ce3c79aa2d","local_time":"20201228000447","daily_mods":["Chimera","Red Cards","Lethality"],"is_ascension_mode":false,"campfire_choices":[{"floor":8.0,"key":"REST"},{"data":"Seeing Red","floor":13.0,"key":"SMITH"},{"data":"MasterReality","floor":15,"key":"SMITH"},{"floor":23,"key":"REST"}],"circlet_count":0,"master_deck":["Bash","Survivor","Zap","Eruption","Strike_R","Strike_G","Strike_B","Defend_R","Defend_G","Defend_P","Armaments","Study","Consecrate","EmptyFist","Seeing Red+1","BattleHymn","MasterReality+1","Establishment","Dual Wield+1","The Bomb","Ghostly Armor+1"],"relics":["PureWater","Regal Pillow","Question Card","Dead Branch","SlaversCollar","MutagenicStrength","Lee\u0027s Waffle"],"acts_visited":["Exordium","TheCity"],"potions_floor_usage":[14,16],"damage_taken":[{"damage":0.0,"enemies":"2 Louse","floor":1.0,"turns":1.0},{"damage":0.0,"enemies":"Small Slimes","floor":2.0,"turns":2.0},{"damage":5.0,"enemies":"Cultist","floor":4.0,"turns":3.0},{"damage":0.0,"enemies":"Blue Slaver","floor":5.0,"turns":3.0},{"damage":34.0,"enemies":"Lagavulin","floor":6.0,"turns":3.0},{"damage":0.0,"enemies":"Red Slaver","floor":11.0,"turns":1.0},{"damage":0.0,"enemies":"Gremlin Nob","floor":12.0,"turns":2.0},{"damage":0,"enemies":"Exordium Wildlife","floor":14,"turns":2},{"damage":38,"enemies":"Hexaghost","floor":16,"turns":4},{"damage":7,"enemies":"Shell Parasite","floor":18,"turns":4},{"damage":28,"enemies":"2 Thieves","floor":22,"turns":3},{"damage":85,"enemies":"Shelled Parasite and Fungi","floor":24,"turns":5}],"seed_played":"4726349093531193793","potions_obtained":[{"floor":4.0,"key":"CultistPotion"},{"floor":5.0,"key":"BlessingOfTheForge"},{"floor":6.0,"key":"BottledMiracle"},{"floor":18,"key":"EssenceOfSteel"}],"is_trial":false,"path_per_floor":["M","M","?","M","M","E","$","R","T","?","M","E","R","M","R","B",null,"M","?","?","$","M","R","M"],"character_chosen":"WATCHER","items_purchased":["The Bomb","Lee\u0027s Waffle"],"campfire_rested":2,"item_purchase_floors":[21,21],"current_hp_per_floor":[72,72,72,67,67,33,33,69,69,69,69,69,69,69,69,31,72,65,65,65,79,51,79,0,0],"gold":32,"neow_bonus":"","is_daily":true,"chose_seed":false,"campfire_upgraded":2,"win_rate":0.0,"timestamp":1609110287,"path_taken":["M","M","?","M","M","E","$","R","T","?","?","E","R","M","R","BOSS","M","?","?","$","?","R","M"],"items_purchased_type":["Card","Relic"],"build_version":"2020-12-22","purchased_purges":0,"victory":false,"max_hp_per_floor":[72,72,72,72,72,72,72,72,72,72,72,72,72,72,72,72,72,72,72,72,79,79,79,79,79],"card_choices":[{"not_picked":["Warcry","Power Through"],"picked":"Armaments","floor":1.0},{"not_picked":["ThirdEye","ReachHeaven"],"picked":"Study","floor":2.0},{"not_picked":["Whirlwind","Wild Strike"],"picked":"Consecrate","floor":4.0},{"not_picked":["TalkToTheHand","Wild Strike"],"picked":"EmptyFist","floor":5.0},{"not_picked":["Blood for Blood","EmptyBody"],"picked":"Seeing Red","floor":6.0},{"not_picked":["Body Slam","Second Wind","Protect"],"picked":"BattleHymn","floor":11.0},{"not_picked":["Metallicize","SashWhip","Iron Wave"],"picked":"MasterReality","floor":12.0},{"not_picked":["Pommel Strike","Pray","Whirlwind","Dropkick"],"picked":"SKIP","floor":14},{"not_picked":["Limit Break","Offering","Wish"],"picked":"Establishment","floor":16},{"not_picked":["Fire Breathing","EmptyFist","Iron Wave+1"],"picked":"Dual Wield+1","floor":18},{"not_picked":["MentalFortress","EmptyFist+1","Evaluate"],"picked":"Ghostly Armor+1","floor":22}],"player_experience":303411,"relics_obtained":[{"floor":6.0,"key":"Regal Pillow"},{"floor":9.0,"key":"Question Card"},{"floor":12.0,"key":"Dead Branch"}],"event_choices":[{"damage_healed":0.0,"max_hp_gain":0.0,"max_hp_loss":0.0,"gold_gain":0.0,"event_name":"Shining Light","player_choice":"Ignored","floor":3.0,"gold_loss":0.0,"damage_taken":0.0},{"damage_healed":0.0,"max_hp_gain":0.0,"max_hp_loss":0.0,"gold_gain":0.0,"event_name":"The Woman in Blue","player_choice":"Bought 0 Potions","floor":10.0,"gold_loss":0.0,"damage_taken":0.0},{"damage_healed":0,"gold_gain":0,"player_choice":"Inject Mutagens","damage_taken":0,"relics_obtained":["MutagenicStrength"],"max_hp_gain":0,"max_hp_loss":0,"event_name":"Drug Dealer","floor":19,"gold_loss":0},{"damage_healed":0,"gold_gain":0,"player_choice":"Ignored","damage_taken":0,"max_hp_gain":0,"max_hp_loss":0,"event_name":"Transmorgrifier","floor":20,"gold_loss":0}],"is_beta":false,"boss_relics":[{"not_picked":["Pandora\u0027s Box","Empty Cage"],"picked":"SlaversCollar"}],"items_purged_floors":[],"is_endless":false,"potions_floor_spawned":[4,5,6,11,18],"killed_by":"Shelled Parasite and Fungi","ascension_level":0}}