{"host":"52zmxm0oht7x0uft","time":1609088229,"event":{"mods":["AchievementEnabler","BaseMod","Minty Spire (QoL Compilation)","Quick Restart"],"gold_per_floor":[118,137,137,149,164,164,190,222,234,246,272,312,324,34,34,132,132,146,160,160,171,181,181,215,215,297,314,327,361,393,142,142,246,246,262,309,309,66,81,81,108,108,108,108,128,146,175,193,193,193,193,193,68,103,103,103],"floor_reached":55,"playtime":4405,"items_purged":["Strike_G","Strike_G","Defend_G"],"score":1061,"play_id":"1c199a2c-a368-4bdd-9dc7-27dc41ea1494","local_time":"20201227175709","is_ascension_mode":true,"campfire_choices":[{"data":"Dagger Spray","floor":6.0,"key":"SMITH"},{"data":"Backstab","floor":10.0,"key":"SMITH"},{"data":"Finisher","floor":15.0,"key":"SMITH"},{"data":"Backstab","floor":23.0,"key":"SMITH"},{"data":"Noxious Fumes","floor":25.0,"key":"SMITH"},{"data":"Backstab","floor":32.0,"key":"SMITH"},{"data":"Footwork","floor":40,"key":"SMITH"},{"floor":49,"key":"RECALL"},{"data":"Neutralize","floor":52,"key":"SMITH"}],"circlet_count":0,"master_deck":["Strike_G+1","Defend_G+1","Defend_G","Defend_G","Defend_G","Survivor","Neutralize+1","Quick Slash","Backstab+1","Finisher+1","Dagger Spray+1","Deadly Poison+1","Backstab+1","Infinite Blades","PiercingWail+1","Riddle With Holes+1","Noxious Fumes+1","Corpse Explosion+1","Leg Sweep+1","PiercingWail+1","Backstab+1","Bouncing Flask+1","Crippling Poison+1","Footwork+1","Dash+1","Apotheosis+1","Prepared+1","Well Laid Plans"],"relics":["Ring of the Snake","Akabeko","MawBank","Toxic Egg 2","Eternal Feather","Omamori","Coffee Dripper","Singing Bowl","Prayer Wheel","Red Mask","TwistedFunnel","Sozu","Thread and Needle","Shuriken","InkBottle","War Paint","Whetstone","Bronze Scales","Boot"],"acts_visited":["Exordium","TheCity","TheBeyond","TheEnding"],"potions_floor_usage":[55,55],"damage_taken":[{"damage":0.0,"enemies":"Small Slimes","floor":1.0,"turns":4.0},{"damage":0.0,"enemies":"Cultist","floor":2.0,"turns":3.0},{"damage":0.0,"enemies":"Jaw Worm","floor":4.0,"turns":2.0},{"damage":8.0,"enemies":"Lots of Slimes","floor":5.0,"turns":3.0},{"damage":23.0,"enemies":"Lagavulin","floor":7.0,"turns":7.0},{"damage":0.0,"enemies":"3 Louse","floor":8.0,"turns":2.0},{"damage":0.0,"enemies":"Red Slaver","floor":11.0,"turns":1.0},{"damage":0.0,"enemies":"3 Sentries","floor":12.0,"turns":4.0},{"damage":0.0,"enemies":"Slime Boss","floor":16.0,"turns":5.0},{"damage":0.0,"enemies":"Spheric Guardian","floor":18.0,"turns":1.0},{"damage":0.0,"enemies":"Shell Parasite","floor":19.0,"turns":1.0},{"damage":7.0,"enemies":"Chosen and Byrds","floor":21.0,"turns":4.0},{"damage":23.0,"enemies":"Cultist and Chosen","floor":22.0,"turns":6.0},{"damage":0.0,"enemies":"Slavers","floor":24.0,"turns":1.0},{"damage":11.0,"enemies":"Snake Plant","floor":27.0,"turns":3.0},{"damage":0.0,"enemies":"Shelled Parasite and Fungi","floor":28.0,"turns":1.0},{"damage":20.0,"enemies":"Book of Stabbing","floor":29.0,"turns":4.0},{"damage":0.0,"enemies":"Masked Bandits","floor":30.0,"turns":1.0},{"damage":36.0,"enemies":"Collector","floor":33.0,"turns":6.0},{"damage":0,"enemies":"Orb Walker","floor":35,"turns":2},{"damage":22,"enemies":"2 Orb Walkers","floor":36,"turns":3},{"damage":12,"enemies":"3 Shapes","floor":39,"turns":1},{"damage":11,"enemies":"Reptomancer","floor":41,"turns":6},{"damage":0,"enemies":"Writhing Mass","floor":45,"turns":4},{"damage":0,"enemies":"Maw","floor":46,"turns":6},{"damage":3,"enemies":"Nemesis","floor":47,"turns":5},{"damage":13,"enemies":"Spire Growth","floor":48,"turns":4},{"damage":33,"enemies":"Awakened One","floor":50,"turns":13},{"damage":12,"enemies":"Shield and Spear","floor":54,"turns":5},{"damage":115,"enemies":"The Heart","floor":55,"turns":6}],"seed_played":"-1238498329943442610","potions_obtained":[{"floor":2.0,"key":"EssenceOfSteel"},{"floor":11.0,"key":"Dexterity Potion"},{"floor":12.0,"key":"Swift Potion"},{"floor":16.0,"key":"Fire Potion"},{"floor":21.0,"key":"Weak Potion"},{"floor":29.0,"key":"DistilledChaos"}],"is_trial":false,"path_per_floor":["M","M","?","M","M","R","E","M","T","R","M","E","?","$","R","B",null,"M","M","?","M","M","R","E","R","T","M","M","E","?","$","R","B",null,"M","?","?","$","M","R","E","T","T","?","M","M","E","M","R","B",null,"R","$","E","B"],"character_chosen":"THE_SILENT","items_purchased":["Omamori","Noxious Fumes","TwistedFunnel","Shuriken"],"campfire_rested":0,"item_purchase_floors":[14,14,31,38],"current_hp_per_floor":[70,70,70,70,62,62,39,39,39,39,39,39,39,39,51,51,65,65,65,65,58,35,47,47,59,59,50,52,34,34,34,46,12,62,64,44,44,44,34,49,40,40,40,40,42,46,45,36,51,18,75,90,90,78,0,0],"gold":103,"neow_bonus":"RANDOM_COMMON_RELIC","is_daily":false,"chose_seed":false,"campfire_upgraded":8,"win_rate":0.0,"timestamp":1609088229,"path_taken":["M","M","?","M","M","R","E","M","T","R","?","E","?","$","R","BOSS","M","?","?","M","M","R","E","R","T","M","?","E","?","?","R","BOSS","M","?","?","?","?","R","E","?","T","?","M","M","E","M","R","BOSS","R","$","E","BOSS"],"items_purchased_type":["Relic","Card","Relic","Relic"],"build_version":"2020-12-22","purchased_purges":3,"victory":false,"max_hp_per_floor":[70,70,70,70,70,70,70,70,70,70,70,70,70,70,70,70,70,70,70,70,70,70,70,70,70,70,72,74,76,76,76,76,78,78,80,82,78,78,80,80,82,82,82,82,84,88,90,94,94,94,94,94,94,94,94,94],"card_choices":[{"not_picked":["Slice","Deadly Poison"],"picked":"Quick Slash","floor":1.0},{"not_picked":["Dagger Throw","Endless Agony"],"picked":"Backstab","floor":2.0},{"not_picked":["Catalyst","Flying Knee"],"picked":"Dagger Spray","floor":4.0},{"not_picked":["Poisoned Stab","Deflect","PiercingWail"],"picked":"SKIP","floor":5.0},{"not_picked":["Outmaneuver","Deflect"],"picked":"Deadly Poison","floor":7.0},{"not_picked":["All Out Attack","Deadly Poison"],"picked":"Backstab","floor":8.0},{"not_picked":["Dagger Spray","Flechettes"],"picked":"Infinite Blades","floor":11.0},{"not_picked":["Masterful Stab","Flying Knee"],"picked":"PiercingWail+1","floor":12.0},{"not_picked":["Adrenaline+1","Bullet Time+1"],"picked":"Corpse Explosion+1","floor":16.0},{"not_picked":["Dagger Throw","Flying Knee","Masterful Stab"],"picked":"SKIP","floor":18.0},{"not_picked":["Finisher+1","Flying Knee"],"picked":"Leg Sweep+1","floor":19.0},{"not_picked":["Cloak And Dagger+1","Tactician+1"],"picked":"PiercingWail+1","floor":21.0},{"not_picked":["Deflect+1","Crippling Poison+1"],"picked":"Backstab","floor":22.0},{"not_picked":["Flying Knee+1","Eviscerate"],"picked":"Bouncing Flask+1","floor":24.0},{"not_picked":["Sucker Punch","Dagger Spray","Dagger Throw"],"picked":"Singing Bowl","floor":27.0},{"not_picked":["Glass Knife","Blur+1","Heel Hook"],"picked":"Singing Bowl","floor":28.0},{"not_picked":["PiercingWail+1","Blade Dance+1","Poisoned Stab"],"picked":"Singing Bowl","floor":29.0},{"not_picked":["Dagger Spray","Blade Dance+1"],"picked":"Crippling Poison+1","floor":30.0},{"not_picked":["Grand Finale","Storm of Steel+1","A Thousand Cuts"],"picked":"Singing Bowl","floor":33.0},{"not_picked":["Poisoned Stab+1","Bane","Dagger Spray+1"],"picked":"Singing Bowl","floor":35},{"not_picked":["Poisoned Stab+1","Eviscerate+1"],"picked":"Footwork","floor":35},{"not_picked":["Deadly Poison+1","Poisoned Stab+1","Outmaneuver+1"],"picked":"Singing Bowl","floor":36},{"not_picked":["Noxious Fumes+1","Riddle With Holes"],"picked":"Dash+1","floor":39},{"not_picked":["Reflex+1","Endless Agony","PiercingWail+1"],"picked":"Singing Bowl","floor":39},{"not_picked":["Sucker Punch+1","Poisoned Stab","Slice"],"picked":"Singing Bowl","floor":41},{"not_picked":["Blind+1","Dramatic Entrance"],"picked":"Apotheosis+1","floor":44},{"not_picked":["Concentrate+1","Sucker Punch+1"],"picked":"Prepared+1","floor":45},{"not_picked":["Bane","Eviscerate","Outmaneuver+1"],"picked":"Singing Bowl","floor":45},{"not_picked":["Calculated Gamble+1","Underhanded Strike","Eviscerate"],"picked":"Singing Bowl","floor":46},{"not_picked":["Dagger Throw+1","Leg Sweep+1","Masterful Stab"],"picked":"Singing Bowl","floor":46},{"not_picked":["Footwork","Cloak And Dagger+1","Crippling Poison+1"],"picked":"Singing Bowl","floor":47},{"not_picked":["Deadly Poison+1","Dodge and Roll+1","Underhanded Strike+1"],"picked":"Singing Bowl","floor":48},{"not_picked":["Malaise+1","Blade Dance+1","Eviscerate"],"picked":"Singing Bowl","floor":48},{"not_picked":["Caltrops+1","Acrobatics+1"],"picked":"Well Laid Plans","floor":54}],"player_experience":314214,"relics_obtained":[{"floor":7.0,"key":"MawBank"},{"floor":9.0,"key":"Toxic Egg 2"},{"floor":12.0,"key":"Eternal Feather"},{"floor":24.0,"key":"Singing Bowl"},{"floor":29.0,"key":"Prayer Wheel"},{"floor":30.0,"key":"Red Mask"},{"floor":36,"key":"Thread and Needle"},{"floor":41,"key":"InkBottle"},{"floor":42,"key":"War Paint"},{"floor":43,"key":"Whetstone"},{"floor":47,"key":"Bronze Scales"},{"floor":54,"key":"Boot"}],"event_choices":[{"damage_healed":0.0,"max_hp_gain":0.0,"max_hp_loss":0.0,"gold_gain":0.0,"event_name":"Match and Keep!","player_choice":"1 cards matched","floor":3.0,"gold_loss":0.0,"damage_taken":0.0,"cards_obtained":["Finisher"]},{"damage_healed":0.0,"max_hp_gain":0.0,"max_hp_loss":0.0,"gold_gain":0.0,"cards_transformed":["Strike_G"],"event_name":"Transmorgrifier","player_choice":"Transformed","floor":13.0,"gold_loss":0.0,"damage_taken":0.0,"cards_obtained":["Riddle With Holes"]},{"cards_removed":["Strike_G"],"damage_healed":0.0,"max_hp_gain":0.0,"max_hp_loss":0.0,"gold_gain":0.0,"event_name":"Purifier","player_choice":"Purged","floor":20.0,"gold_loss":0.0,"damage_taken":0.0},{"damage_healed":0.0,"max_hp_gain":0.0,"max_hp_loss":0.0,"gold_gain":0.0,"event_name":"Masked Bandits","player_choice":"Fought Bandits","floor":30.0,"gold_loss":0.0,"damage_taken":0.0},{"damage_healed":0,"gold_gain":0,"player_choice":"Fight","damage_taken":0,"max_hp_gain":0,"max_hp_loss":0,"event_name":"Mysterious Sphere","floor":36,"gold_loss":0},{"damage_healed":0,"gold_gain":0,"player_choice":"Max HP","damage_taken":0,"max_hp_gain":0,"max_hp_loss":4,"event_name":"Winding Halls","floor":37,"gold_loss":0},{"damage_healed":0,"gold_gain":0,"player_choice":"Memory 1","damage_taken":0,"max_hp_gain":0,"max_hp_loss":0,"event_name":"SensoryStone","floor":44,"gold_loss":0}],"is_beta":false,"boss_relics":[{"not_picked":["HoveringKite","Runic Dome"],"picked":"Coffee Dripper"},{"not_picked":["Pandora\u0027s Box","SlaversCollar"],"picked":"Sozu"}],"items_purged_floors":[14,31,53],"is_endless":false,"potions_floor_spawned":[2,11,12,16,21,27,29,35,45,48],"killed_by":"The Heart","ascension_level":5}}