{"host":"dhyczjm99amxd3qx","time":1609083564,"event":{"mods":["BaseMod","Colored Map","Googly Eyes","Highlight Path","Minty Spire (QoL Compilation)","Quick Restart","StSLib"],"gold_per_floor":[113,113,131,141,155,184,198,198,198,232,69,84,118,118,118,214,214,231,231,249,267,282,282,59,84,159,258,268,268,37,56,56,157,157,170,185,196,196,207,239,239,239,264,264,282,282,282],"floor_reached":46,"playtime":2654,"items_purged":["Strike_B"],"score":594,"play_id":"967354f6-78fd-46a2-9383-18b77dccf022","local_time":"20201227103924","is_ascension_mode":false,"campfire_choices":[{"data":"Fission","floor":15.0,"key":"SMITH"},{"data":"Defragment","floor":23.0,"key":"SMITH"},{"data":"Rainbow","floor":32.0,"key":"SMITH"},{"data":"Buffer","floor":41.0,"key":"SMITH"}],"circlet_count":0,"master_deck":["Strike_B","Defend_B","Defend_B","Zap+1","Ball Lightning","Coolheaded","Double Energy","Echo Form","Ball Lightning","Fission+1","Tempest","Ball Lightning","Rainbow+1","Defragment+1","Go for the Eyes+1","Chill","Heatsinks+1","Storm","Redo+1","Self Repair","Buffer+1","Ball Lightning+1","Hyperbeam","Cold Snap+1","Coolheaded+1","Writhe","Ball Lightning"],"relics":["Cracked Core","Thread and Needle","Pantograph","Ornamental Fan","Eternal Feather","Sozu","Sling","White Beast Statue","Darkstone Periapt","Gremlin Horn","PreservedInsect","Nuclear Battery","Bronze Scales","Blood Vial","Vajra"],"acts_visited":["Exordium","TheCity","TheBeyond"],"potions_floor_usage":[],"damage_taken":[{"damage":0.0,"enemies":"Small Slimes","floor":1.0,"turns":3.0},{"damage":0.0,"enemies":"Cultist","floor":3.0,"turns":3.0},{"damage":1.0,"enemies":"Jaw Worm","floor":4.0,"turns":3.0},{"damage":0.0,"enemies":"Looter","floor":5.0,"turns":2.0},{"damage":0.0,"enemies":"Gremlin Nob","floor":6.0,"turns":3.0},{"damage":26.0,"enemies":"Gremlin Gang","floor":7.0,"turns":5.0},{"damage":0.0,"enemies":"Lagavulin","floor":10.0,"turns":5.0},{"damage":12.0,"enemies":"Exordium Wildlife","floor":12.0,"turns":4.0},{"damage":0.0,"enemies":"3 Sentries","floor":13.0,"turns":3.0},{"damage":11.0,"enemies":"Hexaghost","floor":16.0,"turns":6.0},{"damage":0.0,"enemies":"Spheric Guardian","floor":18.0,"turns":4.0},{"damage":16.0,"enemies":"2 Thieves","floor":20.0,"turns":3.0},{"damage":5.0,"enemies":"Shelled Parasite and Fungi","floor":21.0,"turns":4.0},{"damage":5.0,"enemies":"Chosen and Byrds","floor":22.0,"turns":4.0},{"damage":17.0,"enemies":"Slavers","floor":25.0,"turns":3.0},{"damage":7.0,"enemies":"Snake Plant","floor":28.0,"turns":3.0},{"damage":0.0,"enemies":"Sentry and Sphere","floor":31.0,"turns":3.0},{"damage":64.0,"enemies":"Automaton","floor":33.0,"turns":7.0},{"damage":0.0,"enemies":"Orb Walker","floor":35.0,"turns":3.0},{"damage":14.0,"enemies":"3 Shapes","floor":36.0,"turns":3.0},{"damage":16.0,"enemies":"Jaw Worm Horde","floor":37.0,"turns":3.0},{"damage":28.0,"enemies":"4 Shapes","floor":39.0,"turns":2.0},{"damage":2.0,"enemies":"Giant Head","floor":40.0,"turns":7.0},{"damage":35.0,"enemies":"Writhing Mass","floor":45.0,"turns":3.0},{"damage":48,"enemies":"Nemesis","floor":46,"turns":3}],"seed_played":"-3138891250342461914","potions_obtained":[{"floor":3.0,"key":"LiquidMemories"},{"floor":7.0,"key":"SteroidPotion"},{"floor":12.0,"key":"FocusPotion"},{"floor":16.0,"key":"Block Potion"}],"is_trial":false,"path_per_floor":["M","?","M","M","M","E","M","?","T","E","$","M","E","?","R","B",null,"M","?","M","M","M","R","$","E","T","?","M","T","$","M","R","B",null,"M","M","M","?","M","E","R","?","T","T","M","E"],"character_chosen":"DEFECT","items_purchased":["Fission","Sling","PreservedInsect","Self Repair"],"campfire_rested":0,"item_purchase_floors":[11,24,30,30],"current_hp_per_floor":[54,54,54,53,53,53,27,20,20,20,20,8,8,8,17,31,75,75,75,59,54,49,58,58,41,41,41,34,34,34,41,53,18,75,75,61,52,52,24,29,44,69,69,69,36,0,0],"gold":282,"neow_bonus":"REMOVE_TWO","is_daily":false,"chose_seed":false,"campfire_upgraded":4,"win_rate":0.0,"timestamp":1609083564,"path_taken":["M","?","M","?","?","E","M","?","T","E","$","M","E","?","R","BOSS","M","?","M","M","M","R","?","E","T","?","M","?","$","M","R","BOSS","M","M","M","?","?","E","R","?","T","?","M","E"],"items_purchased_type":["Card","Relic","Relic","Card"],"build_version":"2020-12-22","purchased_purges":1,"victory":false,"max_hp_per_floor":[75,75,75,75,75,75,75,75,75,75,75,75,75,75,75,75,75,75,75,75,75,75,75,75,75,75,75,75,75,75,75,75,75,75,75,75,75,75,75,75,75,81,81,81,81,81,81],"card_choices":[{"not_picked":["Gash","Rebound"],"picked":"Ball Lightning","floor":1.0},{"not_picked":["Undo","Auto Shields"],"picked":"Coolheaded","floor":3.0},{"not_picked":["Coolheaded","Turbo"],"picked":"Double Energy","floor":4.0},{"not_picked":["Streamline","Turbo"],"picked":"Echo Form","floor":5.0},{"not_picked":["Rebound","Conserve Battery","Barrage"],"picked":"SKIP","floor":6.0},{"not_picked":["Gash","Leap"],"picked":"Ball Lightning","floor":7.0},{"not_picked":["Recycle","Beam Cell"],"picked":"Echo Form","floor":10.0},{"not_picked":["Barrage","Beam Cell","Stack"],"picked":"SKIP","floor":12.0},{"not_picked":["Leap","Rebound"],"picked":"Tempest","floor":13.0},{"not_picked":["Electrodynamics","Fission"],"picked":"Rainbow","floor":16.0},{"not_picked":["Beam Cell","Leap"],"picked":"Defragment","floor":18.0},{"not_picked":["Rip and Tear","Ball Lightning"],"picked":"Go for the Eyes+1","floor":20.0},{"not_picked":["BootSequence","Steam Power"],"picked":"Chill","floor":21.0},{"not_picked":["Gash","Hologram"],"picked":"Heatsinks+1","floor":22.0},{"not_picked":["Tempest","Steam"],"picked":"Storm","floor":25.0},{"not_picked":["Amplify","Sweeping Beam"],"picked":"Redo+1","floor":28.0},{"not_picked":["Beam Cell","Steam+1","Cold Snap"],"picked":"SKIP","floor":31.0},{"not_picked":["Biased Cognition","Electrodynamics"],"picked":"Buffer","floor":33.0},{"not_picked":["Coolheaded+1","Hologram+1"],"picked":"Ball Lightning+1","floor":35.0},{"not_picked":["Beam Cell+1","Genetic Algorithm+1","Rebound"],"picked":"SKIP","floor":36.0},{"not_picked":["Doom and Gloom","Multi-Cast","Recycle+1"],"picked":"SKIP","floor":37.0},{"not_picked":["Recycle","Sweeping Beam+1"],"picked":"Cold Snap+1","floor":39.0},{"not_picked":["Biased Cognition","Sunder"],"picked":"Coolheaded+1","floor":40.0},{"not_picked":["Skim+1","Static Discharge"],"picked":"Ball Lightning","floor":45.0}],"player_experience":92067,"relics_obtained":[{"floor":6.0,"key":"Thread and Needle"},{"floor":9.0,"key":"Pantograph"},{"floor":10.0,"key":"Ornamental Fan"},{"floor":13.0,"key":"Eternal Feather"},{"floor":25.0,"key":"White Beast Statue"},{"floor":26.0,"key":"Darkstone Periapt"},{"floor":29.0,"key":"Gremlin Horn"},{"floor":40.0,"key":"Bronze Scales"},{"floor":43.0,"key":"Blood Vial"},{"floor":44.0,"key":"Vajra"}],"event_choices":[{"damage_healed":0.0,"max_hp_gain":0.0,"max_hp_loss":0.0,"gold_gain":0.0,"event_name":"Upgrade Shrine","player_choice":"Upgraded","floor":2.0,"gold_loss":0.0,"damage_taken":0.0,"cards_upgraded":["Zap"]},{"cards_removed":["Strike_B"],"damage_healed":0.0,"max_hp_gain":0.0,"max_hp_loss":0.0,"gold_gain":0.0,"event_name":"Golden Wing","player_choice":"Card Removal","floor":8.0,"gold_loss":0.0,"damage_taken":7.0},{"damage_healed":0.0,"max_hp_gain":0.0,"max_hp_loss":0.0,"gold_gain":0.0,"cards_transformed":["Echo Form"],"event_name":"Transmorgrifier","player_choice":"Transformed","floor":14.0,"gold_loss":0.0,"damage_taken":0.0,"cards_obtained":["Ball Lightning"]},{"cards_removed":["Defend_B"],"damage_healed":0.0,"max_hp_gain":0.0,"max_hp_loss":0.0,"gold_gain":0.0,"event_name":"Bonfire Elementals","player_choice":"Offered Basic","floor":19.0,"gold_loss":0.0,"damage_taken":0.0},{"damage_healed":0.0,"max_hp_gain":0.0,"max_hp_loss":0.0,"gold_gain":99.0,"event_name":"Nest","player_choice":"Stole From Cult","floor":27.0,"gold_loss":0.0,"damage_taken":0.0},{"damage_healed":0.0,"max_hp_gain":0.0,"max_hp_loss":0.0,"gold_gain":0.0,"cards_transformed":["Dualcast"],"event_name":"Transmorgrifier","player_choice":"Transformed","floor":38.0,"gold_loss":0.0,"damage_taken":0.0,"cards_obtained":["Hyperbeam"]},{"damage_healed":19.0,"max_hp_gain":0.0,"max_hp_loss":0.0,"gold_gain":0.0,"event_name":"Winding Halls","player_choice":"Writhe","floor":42.0,"gold_loss":0.0,"damage_taken":0.0,"cards_obtained":["Writhe"]}],"is_beta":false,"boss_relics":[{"not_picked":["Black Star","Philosopher\u0027s Stone"],"picked":"Sozu"},{"not_picked":["Inserter","Cursed Key"],"picked":"Nuclear Battery"}],"items_purged_floors":[24],"is_endless":false,"potions_floor_spawned":[3,7,12,16,18,21,25,28,31,33,35,36,37,39,40,45],"killed_by":"Nemesis","ascension_level":0}}