{"host":"wbdly04l9mkn9nrc","time":1609069626,"event":{"mods":["AchievementEnabler","BaseMod","BetterRewards","Minty Spire (QoL Compilation)","StSLib","[IsaacMod]ÒÔÈö¼âËþ"],"gold_per_floor":[114,114,131,37,48,73,73,73,73,83,83,109,109,20,20,91,91,111,111,27,39,39,65,65,100,153,168,168,58,58,71,71,145,145,164,164,189,208,75,75,109,109,109,109,122,36,49,63,88,88,114,130,130,148,158,158,158,14,14,14],"floor_reached":51,"playtime":2979,"items_purged":["Strike_R","Defend_R","Strike_R+1"],"score":2040,"play_id":"74e538d5-9fc9-40b9-912c-e3a2e0f2a174","local_time":"20201227194706","is_ascension_mode":true,"campfire_choices":[{"data":"Feed","floor":8.0,"key":"SMITH"},{"data":"Pommel Strike","floor":11.0,"key":"SMITH"},{"data":"Bash","floor":15.0,"key":"SMITH"},{"floor":28.0,"key":"REST"},{"data":"Inflame","floor":30.0,"key":"SMITH"},{"data":"Immolate","floor":32.0,"key":"SMITH"},{"floor":40,"key":"REST"},{"data":"Sword Boomerang","floor":42,"key":"SMITH"},{"data":"Twin Strike","floor":40,"key":"SMITH"},{"floor":47,"key":"REST"},{"floor":49,"key":"REST"}],"circlet_count":0,"master_deck":["AscendersBane","Strike_R+1","Strike_R+1","Defend_R+1","Bash+1","Battle Trance+1","Apotheosis+1","Bloodletting+1","True Grit+1","Flex+1","Feed+1","Impervious+1","Pommel Strike+1","Limit Break+1","Immolate+1","Pummel+1","Battle Trance+1","Double Tap+1","Inflame+1","Headbutt+1","Shrug It Off+1","Double Tap+1","Ghostly Armor+1","Twin Strike+1","Shrug It Off+1","Seeing Red+1","Sword Boomerang+1","Madness+1","Madness+1","Power Through+1","Body Slam+1","Shrug It Off+1","Twin Strike+1","Infernal Blade+1"],"relics":["Burning Blood","HushsDoor","GuppysPaw","Lee\u0027s Waffle","Shuriken","Toxic Egg 2","PreservedInsect","Membership Card","WingedGreaves","Prayer Wheel","Whetstone","Pantograph","Astrolabe","Orichalcum","Bronze Scales","AnarchistCookbook","BelialBook","Habit","Runic Dome","Gambling Chip","BookofShadows","BloodDonationMachine","Ancient Tea Set","D4","Bag of Preparation","Sundial","NineVolt"],"acts_visited":["Exordium","TheCity","TheBeyond"],"potions_floor_usage":[],"damage_taken":[{"damage":5.0,"enemies":"Small Slimes","floor":1.0,"turns":5.0},{"damage":2.0,"enemies":"2 Louse","floor":3.0,"turns":4.0},{"damage":0.0,"enemies":"Cultist","floor":5.0,"turns":3.0},{"damage":21.0,"enemies":"3 Sentries","floor":6.0,"turns":7.0},{"damage":26.0,"enemies":"Gremlin Gang","floor":10.0,"turns":6.0},{"damage":3.0,"enemies":"Gremlin Nob","floor":12.0,"turns":3.0},{"damage":54.0,"enemies":"Hexaghost","floor":16.0,"turns":9.0},{"damage":17.0,"enemies":"Shell Parasite","floor":18.0,"turns":3.0},{"damage":0.0,"enemies":"Spheric Guardian","floor":21.0,"turns":1.0},{"damage":32.0,"enemies":"Slavers","floor":23.0,"turns":5.0},{"damage":23.0,"enemies":"Book of Stabbing","floor":25.0,"turns":4.0},{"damage":11.0,"enemies":"Centurion and Healer","floor":27.0,"turns":3.0},{"damage":16.0,"enemies":"Cultist and Chosen","floor":31.0,"turns":5.0},{"damage":38.0,"enemies":"Collector","floor":33.0,"turns":6.0},{"damage":17.0,"enemies":"Orb Walker","floor":35.0,"turns":4.0},{"damage":34.0,"enemies":"Mind Bloom Boss Battle","floor":37.0,"turns":4.0},{"damage":34,"enemies":"3 Shapes","floor":38,"turns":5},{"damage":3,"enemies":"Giant Head","floor":41,"turns":1},{"damage":0,"enemies":"3 Shapes","floor":35,"turns":1},{"damage":0,"enemies":"3 Darklings","floor":37,"turns":3},{"damage":48,"enemies":"4 Shapes","floor":38,"turns":7},{"damage":3,"enemies":"Mind Bloom Boss Battle","floor":39,"turns":4},{"damage":0,"enemies":"Nemesis","floor":41,"turns":3},{"damage":32,"enemies":"Transient","floor":42,"turns":6},{"damage":0,"enemies":"Spire Growth","floor":44,"turns":1},{"damage":0,"enemies":"Maw","floor":45,"turns":5},{"damage":17,"enemies":"Donu and Deca","floor":50,"turns":3}],"seed_played":"1002916908684048748","potions_obtained":[{"floor":3.0,"key":"BloodPotion"},{"floor":16.0,"key":"BlessingOfTheForge"},{"floor":18.0,"key":"DuplicationPotion"},{"floor":27.0,"key":"GamblersBrew"}],"is_trial":false,"path_per_floor":["M","?","M","$","M","E","?","R","T","M","R","E","?","$","R","B",null,"M","?","$","M","?","E","?","E","T","M","R","$","R","M","R","B",null,"M","?","?","M","$","R","E","R","T","?","M","$","M","M","?","R","E","M","T","M","M","?","R","$","R","B",null],"character_chosen":"IRONCLAD","items_purchased":["Lee\u0027s Waffle","Shuriken","Toxic Egg 2","Battle Trance+1","PreservedInsect","Apotheosis+1","Bloodletting+1","Membership Card","True Grit+1","Fire Potion","Feed","Limit Break+1","Double Tap+1","Inflame","Orichalcum","Habit","Shrug It Off+1","BookofShadows","Ancient Tea Set","NineVolt"],"campfire_rested":4,"item_purchase_floors":[0,0,0,0,0,0,0,0,0,0,4,14,17,17,20,29,29,39,36,48],"current_hp_per_floor":[82,57,61,61,67,72,72,72,72,56,56,63,45,45,45,22,71,60,65,65,71,71,45,45,32,32,27,54,54,54,44,44,37,78,67,51,48,20,20,47,50,50,50,81,87,87,91,53,85,85,91,65,65,71,77,77,99,99,99,88],"gold":14,"neow_bonus":"","is_daily":false,"chose_seed":false,"campfire_upgraded":7,"win_rate":0.0,"timestamp":1609069626,"path_taken":["M","?","M","$","M","E","?","R","T","M","R","E","?","$","R","BOSS","M","?","$","?","?","E","?","E","T","M","R","$","R","M","R","BOSS","M","?","?","?","$","R","E","R","T","?","M","$","?","M","?","R","E","M","T","?","M","?","R","?","R","BOSS"],"items_purchased_type":["Relic","Relic","Relic","Card","Relic","Card","Card","Relic","Card","Potion","Card","Card","Card","Card","Relic","Relic","Card","Relic","Relic","Relic"],"build_version":"2020-12-22","purchased_purges":3,"victory":true,"max_hp_per_floor":[82,82,82,82,82,86,86,86,86,90,90,94,94,94,94,94,87,87,87,87,87,87,87,87,91,91,91,91,91,91,91,91,91,91,91,91,91,91,91,91,91,91,91,91,91,91,91,95,99,99,99,99,99,99,99,99,99,99,99,99],"card_choices":[{"not_picked":["Heavy Blade","Thunderclap"],"picked":"Flex+1","floor":1.0},{"not_picked":["Flex+1","Armaments+1","Perfected Strike"],"picked":"SKIP","floor":3.0},{"not_picked":["Dark Embrace","Battle Trance+1","Wild Strike"],"picked":"SKIP","floor":5.0},{"not_picked":["Sever Soul","Bomb"],"picked":"Impervious+1","floor":6.0},{"not_picked":["Dual Wield+1","Wild Strike"],"picked":"Pommel Strike","floor":10.0},{"not_picked":["Dark Embrace","Clothesline","Iron Wave"],"picked":"SKIP","floor":10.0},{"not_picked":["Metallicize","Cleave","Thunderclap"],"picked":"SKIP","floor":12.0},{"not_picked":["Barricade","Limit Break+1"],"picked":"Immolate","floor":16.0},{"not_picked":["Disarm+1","Flame Barrier+1"],"picked":"Headbutt","floor":18.0},{"not_picked":["Hemokinesis","Fire Breathing","Thunderclap"],"picked":"SKIP","floor":18.0},{"not_picked":["Clothesline","Cleave"],"picked":"Shrug It Off+1","floor":21.0},{"not_picked":["Pommel Strike","Clash","Dark Embrace"],"picked":"SKIP","floor":21.0},{"not_picked":["Thunderclap+1","Anger","Searing Blow"],"picked":"SKIP","floor":23.0},{"not_picked":["Battle Trance+1","Carnage"],"picked":"Ghostly Armor+1","floor":25.0},{"not_picked":["Clothesline","Wild Strike"],"picked":"Twin Strike","floor":27.0},{"not_picked":["Warcry+1","Dark Embrace","Havoc+1"],"picked":"SKIP","floor":27.0},{"not_picked":["Ghostly Armor+1","Reaper","Reckless Charge"],"picked":"SKIP","floor":31.0},{"not_picked":["Iron Wave","Metallicize","Headbutt"],"picked":"SKIP","floor":31.0},{"not_picked":["Cleave","Thunderclap"],"picked":"Seeing Red+1","floor":35.0},{"not_picked":["Thunderclap","Havoc+1"],"picked":"Sword Boomerang","floor":35.0},{"not_picked":["Wild Strike","Havoc+1"],"picked":"Power Through+1","floor":38},{"not_picked":["Warcry+1","Bloodletting+1","Wild Strike"],"picked":"SKIP","floor":38},{"not_picked":["Shrug It Off+1","Cleave+1","Armaments+1"],"picked":"SKIP","floor":41},{"not_picked":["Shrug It Off+1","Clothesline","Burning Pact+1"],"picked":"SKIP","floor":35},{"not_picked":["Battle Trance+1","Flame Barrier+1","Exhume+1"],"picked":"SKIP","floor":35},{"not_picked":["Headbutt+1","Inflame"],"picked":"Body Slam+1","floor":37},{"not_picked":["Dark Embrace","Body Slam"],"picked":"Shrug It Off+1","floor":37},{"not_picked":["Pommel Strike","Havoc+1","Body Slam"],"picked":"SKIP","floor":38},{"not_picked":["Warcry+1","Metallicize","Havoc+1"],"picked":"SKIP","floor":38},{"not_picked":["Heavy Blade","Combust"],"picked":"Twin Strike+1","floor":39},{"not_picked":["Dark Embrace","Second Wind+1"],"picked":"Infernal Blade+1","floor":41},{"not_picked":["Hemokinesis","Inflame","Perfected Strike+1"],"picked":"SKIP","floor":42},{"not_picked":["Intimidate+1","Dropkick","Iron Wave"],"picked":"SKIP","floor":42},{"not_picked":["Bloodletting+1","Seeing Red+1","Anger+1"],"picked":"SKIP","floor":44},{"not_picked":["Cleave","Power Through+1","Flex+1"],"picked":"SKIP","floor":44},{"not_picked":["Reaper","Intimidate+1","Infernal Blade+1"],"picked":"SKIP","floor":45},{"not_picked":["Clothesline","Combust","True Grit+1"],"picked":"SKIP","floor":45}],"player_experience":135304,"relics_obtained":[{"floor":6.0,"key":"WingedGreaves"},{"floor":9.0,"key":"Prayer Wheel"},{"floor":12.0,"key":"Whetstone"},{"floor":23.0,"key":"Bronze Scales"},{"floor":25.0,"key":"AnarchistCookbook"},{"floor":26.0,"key":"BelialBook"},{"floor":37.0,"key":"Gambling Chip"},{"floor":41,"key":"ForgetMeNow"},{"floor":43,"key":"BloodDonationMachine"},{"floor":39,"key":"D4"},{"floor":41,"key":"Bag of Preparation"},{"floor":43,"key":"Sundial"}],"event_choices":[{"damage_healed":0.0,"max_hp_gain":0.0,"max_hp_loss":0.0,"gold_gain":0.0,"event_name":"Shining Light","player_choice":"Entered Light","floor":2.0,"gold_loss":0.0,"damage_taken":25.0,"cards_upgraded":["Defend_R","Strike_R"]},{"damage_healed":0.0,"max_hp_gain":0.0,"max_hp_loss":0.0,"gold_gain":0.0,"event_name":"The Cleric","player_choice":"Leave","floor":7.0,"gold_loss":0.0,"damage_taken":0.0},{"damage_healed":0.0,"max_hp_gain":0.0,"max_hp_loss":0.0,"gold_gain":0.0,"event_name":"Scrap Ooze","player_choice":"Success","floor":13.0,"gold_loss":0.0,"damage_taken":18.0,"relics_obtained":["Pantograph"]},{"cards_removed":["Anger"],"damage_healed":5.0,"max_hp_gain":0.0,"max_hp_loss":0.0,"gold_gain":0.0,"event_name":"Bonfire Elementals","player_choice":"Offered Common","floor":19.0,"gold_loss":0.0,"damage_taken":0.0},{"cards_removed":["Anger"],"damage_healed":5.0,"max_hp_gain":0.0,"max_hp_loss":0.0,"gold_gain":0.0,"event_name":"Bonfire Elementals","player_choice":"Offered Special","floor":19.0,"gold_loss":0.0,"damage_taken":0.0},{"damage_healed":0.0,"max_hp_gain":0.0,"max_hp_loss":0.0,"gold_gain":0.0,"event_name":"Vampires","player_choice":"Ignored","floor":22.0,"gold_loss":0.0,"damage_taken":0.0},{"damage_healed":0.0,"max_hp_gain":0.0,"max_hp_loss":0.0,"gold_gain":0.0,"event_name":"Duplicator","player_choice":"Copied","floor":24.0,"gold_loss":0.0,"damage_taken":0.0,"cards_obtained":["Double Tap"]},{"damage_healed":0.0,"max_hp_gain":0.0,"max_hp_loss":0.0,"gold_gain":0.0,"event_name":"Winding Halls","player_choice":"Embrace Madness","floor":36.0,"gold_loss":0.0,"damage_taken":16.0,"cards_obtained":["Madness","Madness"]},{"damage_healed":0.0,"max_hp_gain":0.0,"max_hp_loss":0.0,"gold_gain":0.0,"event_name":"MindBloom","player_choice":"Fight","floor":37.0,"gold_loss":0.0,"damage_taken":0.0},{"damage_healed":0,"gold_gain":0,"player_choice":"Fight","damage_taken":0,"max_hp_gain":0,"max_hp_loss":0,"event_name":"MindBloom","floor":39,"gold_loss":0},{"damage_healed":0,"gold_gain":0,"player_choice":"Upgraded","damage_taken":0,"max_hp_gain":0,"max_hp_loss":0,"event_name":"Upgrade Shrine","floor":46,"gold_loss":0,"cards_upgraded":["Headbutt"]}],"is_beta":false,"boss_relics":[{"not_picked":["Velvet Choker","Busted Crown"],"picked":"Astrolabe"},{"not_picked":[]},{"not_picked":["Tiny House","Runic Pyramid"],"picked":"Runic Dome"},{"not_picked":[]}],"items_purged_floors":[0,4,48],"is_endless":false,"potions_floor_spawned":[3,16,18,27,38,41,35,37,42,45],"ascension_level":19}}