{"host":"ooetke516h53yqww","time":1609063532,"event":{"mods":["2.2 Compatiblity","Abigail Mod","Act Like it!","Astrologer","Bartender","BaseMod","Beaked The Cultist","Better Match","Better Third Choice","Conspire","Elementarium","Friendly Minions","Hallownest","Hermit","HololiveMod","Hubris","Infinite Spire","Kiyohime????","Lobotomy","LobotomyExtend","Mari Mod (Legacy)","Mari\u0027s V1 Patch","Menagerie","Minty Spire (QoL Compilation)","Prisma Mod","Random Character Button","Replay The Spire","Robot Space Explorer","Spicy Shops","StSLib","Td1madao Mod","The Alterego","The Bug Knight","The Marked","The Poker Player","The Senshi","TheSwordswoman","Uncapped","WarShipGirlsR/????R mod","Yakumo Yukari mod","Yohane!"],"gold_per_floor":[82,82,5,18,18,18,52,74,98,132,144,156,168,120,120,237,237,253,253,178,178,37,39,39],"floor_reached":23,"playtime":723,"items_purged":[],"score":403,"play_id":"82907eac-0ee8-4582-8590-57dc7e9075e2","local_time":"20201227050532","is_ascension_mode":true,"campfire_choices":[{"data":"Hololive_CallYukihanaLamy","floor":6,"key":"SMITH"},{"data":"Hololive_CallUruhaRushia","floor":11,"key":"SMITH"},{"data":"Hololive_CallRoboco","floor":13,"key":"SMITH"},{"data":"Hololive_CallYukihanaLamy","floor":15,"key":"SMITH"}],"circlet_count":0,"master_deck":["AscendersBane","Hololive_Defend","Hololive_RevenueBasedLive","Hololive_CallOzoraSubaru","Hololive_CallFriendA","Hololive_CallCivia","Hololive_CallNekomataOkayu","Hololive_CallRoboco+1","Hololive_CallUruhaRushia+1","Hololive_CallYukihanaLamy+1","Hololive_CallSpadeEcho","Hololive_CallMomosuzuNene+4","Hololive_CallYozoraMel","Hololive_CallYukihanaLamy","Hololive_CallYukihanaLamy+1","Hololive_IdolExercise","hubris:Wrath","CommonCold","Hololive_CandyCastle","Hololive_DiamondStrike+1"],"relics":["Hololive_TheStar","Centennial Puzzle","Smiling Mask","MawBank","Replay:Ancient Bell","Juzu Bracelet","Molten Egg 2","hubris:Icosahedron","Red Mask"],"acts_visited":["Exordium","TheCity"],"potions_floor_usage":[23],"damage_taken":[{"damage":0,"enemies":"Jaw Worm","floor":1,"turns":3},{"damage":0,"enemies":"conspire:RoseBush","floor":4,"turns":3},{"damage":0,"enemies":"Lagavulin","floor":7,"turns":8},{"damage":0,"enemies":"Cultist","floor":8,"turns":3},{"damage":0,"enemies":"Large Slime","floor":10,"turns":4},{"damage":0,"enemies":"Hexaghost","floor":16,"turns":9},{"damage":6,"enemies":"conspire:FuzzyDice","floor":18,"turns":8},{"damage":39,"enemies":"Book of Stabbing","floor":23,"turns":7}],"seed_played":"6677784419992500700","potions_obtained":[{"floor":16,"key":"PowerPotion"}],"is_trial":false,"path_per_floor":["M","?","$","M","?","R","E","M","T","M","R","?","R","$","R","B",null,"M","?","?","?","$","E"],"character_chosen":"Hololive_HololiveCharacter","items_purchased":["Centennial Puzzle","Hololive_CallYukihanaLamy","Hololive_DiamondStrike+1"],"campfire_rested":0,"item_purchase_floors":[3,14,22],"current_hp_per_floor":[32,32,32,32,42,42,42,42,42,42,42,42,42,42,42,42,42,36,36,36,36,36,0,0],"gold":39,"neow_bonus":"REMOVE_TWO","is_daily":false,"chose_seed":false,"campfire_upgraded":4,"win_rate":0.0,"timestamp":1609063532,"path_taken":["M","?","?","M","?","R","E","?","T","M","R","?","R","?","R","BOSS","M","?","?","?","$","E"],"items_purchased_type":["Relic","Card","Card"],"build_version":"2020-12-22","purchased_purges":0,"victory":false,"max_hp_per_floor":[32,32,32,32,42,42,42,42,42,42,42,42,42,42,42,42,42,42,42,42,42,42,42,42],"card_choices":[{"not_picked":["Hololive_CallManoAloe","Hololive_CallShishiroBotan","Hololive_ILoveYou"],"picked":"Hololive_CallUruhaRushia","floor":1},{"not_picked":[],"picked":"Hololive_BeCareful","floor":2},{"not_picked":["Hololive_CallKiryuuCoco","Hololive_RevenueBasedLive","Hololive_CocoNews"],"picked":"Hololive_CallYukihanaLamy","floor":4},{"not_picked":["Hololive_LuckPotion","Hololive_Trident","Hololive_FlyingPonyTail"],"picked":"Hololive_CallSpadeEcho","floor":7},{"not_picked":["Hololive_Sequa","Hololive_CallMurasakiShion","Hololive_StrengthChampion"],"picked":"Hololive_CallMomosuzuNene","floor":8},{"not_picked":["Hololive_Trident","Hololive_LuckPotion","Hololive_StrengthChampion"],"picked":"Hololive_CallYozoraMel","floor":10},{"not_picked":["Hololive_DiamondStrike","Hololive_Thief","Hololive_DDD"],"picked":"Hololive_IdolExercise","floor":16},{"not_picked":["hubris:Lust","Spreading Infection","Decay"],"picked":"Replay:Hysterical Blindness","floor":17},{"not_picked":["conspire:NecroticWound","ReplayTheSpireMod:Restless Dread","Amnesia"],"picked":"hubris:Wrath","floor":17},{"not_picked":["ReplayTheSpireMod:Restless Dread","hubris:Envy","Delirium"],"picked":"CommonCold","floor":17},{"not_picked":["Hololive_Rebound","Hololive_Breathe","Hololive_CallUsadaPekora"],"picked":"Hololive_CandyCastle","floor":18}],"player_experience":1510115,"relics_obtained":[{"floor":7,"key":"Smiling Mask"},{"floor":9,"key":"MawBank"},{"floor":21,"key":"Red Mask"}],"event_choices":[{"cards_removed":["Hololive_BeCareful"],"damage_healed":0,"gold_gain":0,"player_choice":"Offered Rare","damage_taken":0,"max_hp_gain":10,"max_hp_loss":0,"event_name":"Bonfire Elementals","floor":5,"gold_loss":0},{"cards_removed":["Hololive_Defend"],"damage_healed":0,"gold_gain":0,"player_choice":"Purged","damage_taken":0,"max_hp_gain":0,"max_hp_loss":0,"event_name":"Purifier","floor":12,"gold_loss":0},{"cards_removed":["Replay:Hysterical Blindness"],"damage_healed":0,"gold_gain":0,"player_choice":"Gave Gold","damage_taken":0,"max_hp_gain":0,"max_hp_loss":0,"event_name":"Beggar","floor":20,"gold_loss":75}],"is_beta":false,"boss_relics":[{"not_picked":["Hololive_Finger","Hololive_ChaosS"],"picked":"Replay:Ancient Bell"},{"not_picked":["Bag of Marbles","hubris:OldNail"],"picked":"Juzu Bracelet"},{"not_picked":["hubris:MysteriousPyramids","White Beast Statue"],"picked":"Molten Egg 2"},{"not_picked":["StoneCalendar","Replay:Multitool"],"picked":"Gambling Chip"}],"items_purged_floors":[],"is_endless":false,"potions_floor_spawned":[8,16,18],"killed_by":"Book of Stabbing","ascension_level":11}}