{"host":"q1yq0ibtlljsjzm9","time":1609041289,"event":{"mods":["BaseMod","DeckTracker","Marisa（霧雨　魔理沙）","Minty Spire (QoL Compilation)","StSLib"],"gold_per_floor":[118,10,25,35,35,64,75,106,106,26,44,44,44,57,57,161,211,180,42,56,66,79,79,57,85,85,85,100,118,168,168,168],"floor_reached":31,"playtime":2661,"items_purged":[],"score":294,"play_id":"0b47542c-7054-4cbf-b756-1ab63e5bae82","local_time":"20201226195449","is_ascension_mode":false,"campfire_choices":[{"floor":13.0,"key":"REST"},{"floor":15.0,"key":"REST"},{"floor":23,"key":"REST"},{"floor":27,"key":"REST"}],"circlet_count":0,"master_deck":["Strike_MRS","Strike_MRS","Defend_MRS","Defend_MRS","Defend_MRS","Defend_MRS","MasterSpark","UpSweep","SporeBomb","PropBag","ShootTheMoon+1","FairyDestructionRay+1","MysteriousBeam","MachineGunSpark","OpenUniverse+1","EnergyRecoil","OortCloud","BinaryStars","SprinkleStarSeal","MaximisePower","PropBag","6A+1","UltimateShortwave","PropBag","AsteroidBelt","EnergyFlow","PowerUp","MagicChant","UnstableBomb+1"],"relics":["MiniHakkero","NeowsBlessing","HandmadeGrimoire","Kunai","Bottled Flame","Tiny House","Whetstone","Bottled Tornado","Mummified Hand"],"acts_visited":["Exordium","TheCity"],"potions_floor_usage":[29],"damage_taken":[{"damage":0.0,"enemies":"Small Slimes","floor":1.0,"turns":1.0},{"damage":0.0,"enemies":"Jaw Worm","floor":3.0,"turns":1.0},{"damage":0.0,"enemies":"Cultist","floor":4.0,"turns":1.0},{"damage":6.0,"enemies":"Gremlin Nob","floor":6.0,"turns":3.0},{"damage":6.0,"enemies":"3 Louse","floor":7.0,"turns":2.0},{"damage":22.0,"enemies":"3 Sentries","floor":8.0,"turns":5.0},{"damage":21.0,"enemies":"Gremlin Gang","floor":11.0,"turns":2.0},{"damage":0.0,"enemies":"2 Fungi Beasts","floor":14.0,"turns":3.0},{"damage":3.0,"enemies":"The Guardian","floor":16.0,"turns":8.0},{"damage":1.0,"enemies":"2 Thieves","floor":18.0,"turns":5.0},{"damage":2.0,"enemies":"Shell Parasite","floor":20.0,"turns":6.0},{"damage":34,"enemies":"Cultist and Chosen","floor":21,"turns":7},{"damage":6,"enemies":"Sentry and Sphere","floor":22,"turns":5},{"damage":39,"enemies":"Book of Stabbing","floor":25,"turns":7},{"damage":11,"enemies":"Centurion and Healer","floor":28,"turns":8},{"damage":17,"enemies":"Cultist and Chosen","floor":29,"turns":8},{"damage":7,"enemies":"Snake Plant","floor":31,"turns":2}],"seed_played":"-3709350543567811533","potions_obtained":[{"floor":4.0,"key":"Block Potion"},{"floor":7.0,"key":"FearPotion"},{"floor":8.0,"key":"SteroidPotion"},{"floor":11.0,"key":"SpeedPotion"},{"floor":29,"key":"ColorlessPotion"}],"is_trial":false,"path_per_floor":["M","$","M","M","?","E","M","E","T","$","M","?","R","M","R","B",null,"M","$","M","M","M","R","$","E","T","R","M","M","?","M"],"character_chosen":"MARISA","items_purchased":["PropBag","ShootTheMoon","OortCloud","UltimateShortwave","PowerUp"],"campfire_rested":4,"item_purchase_floors":[2,2,10,19,24],"current_hp_per_floor":[75,75,75,75,68,62,56,34,34,34,13,13,35,35,57,54,80,79,79,77,43,49,73,73,34,34,58,47,30,30,23,23],"gold":168,"neow_bonus":"THREE_ENEMY_KILL","is_daily":false,"chose_seed":false,"campfire_upgraded":0,"win_rate":0.0,"timestamp":1609041289,"path_taken":["M","$","M","M","?","E","M","E","T","$","M","?","R","M","R","BOSS","M","$","M","?","M","R","$","E","T","R","M","M","?","?"],"items_purchased_type":["Card","Card","Card","Card","Card"],"build_version":"2020-12-22","purchased_purges":0,"victory":false,"max_hp_per_floor":[75,75,75,75,75,75,75,75,75,75,75,75,75,75,75,75,80,80,80,80,80,80,80,80,80,80,80,80,80,80,80,80],"card_choices":[{"not_picked":["NonDirectionalLaser","ChargingUp"],"picked":"SporeBomb","floor":1.0},{"not_picked":["DarkMatter","WitchLeyline"],"picked":"FairyDestructionRay","floor":3.0},{"not_picked":["BlazeAway","IllusionStar"],"picked":"MysteriousBeam","floor":4.0},{"not_picked":["IllusionStar","DC"],"picked":"MachineGunSpark","floor":6.0},{"not_picked":["SprinkleStarSeal","ShootingEcho"],"picked":"OpenUniverse","floor":7.0},{"not_picked":["LuminesStrike","IllusionStar"],"picked":"EnergyRecoil","floor":8.0},{"not_picked":["PowerUp","WitchOfGreed"],"picked":"BinaryStars","floor":11.0},{"not_picked":["WitchOfGreed","ShootTheMoon"],"picked":"SprinkleStarSeal","floor":14.0},{"not_picked":["JA","BinaryStars"],"picked":"MaximisePower","floor":16.0},{"not_picked":["EnergyFlow","MilkyWay"],"picked":"PropBag","floor":17.0},{"not_picked":["ShootingEcho+1","SporeBomb"],"picked":"6A+1","floor":18.0},{"not_picked":["FairyDestructionRay+1","PowerUp+1"],"picked":"PropBag","floor":20.0},{"not_picked":["WitchLeyline+1","OrrerysSun+1"],"picked":"AsteroidBelt","floor":21},{"not_picked":["StarlightTyphoon","IllusionStar+1"],"picked":"EnergyFlow","floor":22},{"not_picked":["MilkyWay","StarlightTyphoon"],"picked":"MagicChant","floor":25},{"not_picked":["ShootTheMoon+1","JA"],"picked":"UnstableBomb+1","floor":28},{"not_picked":["PowerUp","MeteoricShower+1","OrrerysSun"],"picked":"SKIP","floor":29}],"player_experience":22024,"relics_obtained":[{"floor":6.0,"key":"HandmadeGrimoire"},{"floor":8.0,"key":"Kunai"},{"floor":9.0,"key":"Bottled Flame"},{"floor":25,"key":"Whetstone"},{"floor":26,"key":"Bottled Tornado"}],"event_choices":[{"cards_removed":["Strike_MRS"],"damage_healed":0.0,"max_hp_gain":0.0,"max_hp_loss":0.0,"gold_gain":0.0,"event_name":"Golden Wing","player_choice":"Card Removal","floor":5.0,"gold_loss":0.0,"damage_taken":7.0},{"cards_removed":["Strike_MRS"],"damage_healed":0.0,"max_hp_gain":0.0,"max_hp_loss":0.0,"gold_gain":0.0,"event_name":"Bonfire Elementals","player_choice":"Offered Basic","floor":12.0,"gold_loss":0.0,"damage_taken":0.0},{"damage_healed":0,"gold_gain":100,"player_choice":"Bet on Murderer","damage_taken":0,"max_hp_gain":0,"max_hp_loss":0,"event_name":"The Joust","floor":30,"gold_loss":50}],"is_beta":false,"boss_relics":[{"not_picked":["Astrolabe","Coffee Dripper"],"picked":"Tiny House"}],"items_purged_floors":[],"is_endless":false,"potions_floor_spawned":[4,7,8,11,16,18,20,22,29],"killed_by":"Snake Plant","ascension_level":0}}