{"host":"ydujlihd8f5px9gp","time":1609094694,"event":{"mods":["AchievementEnabler","BaseMod","Block Reminder","Colored Map","Minty Spire (QoL Compilation)"],"gold_per_floor":[115,134,134,154,154,187,187,206,206,238,257,274,274,297,297,394,394,408,428,279,294,0,27,45,45,123,138,138,148,148,148,148,248,248,258,258,308,328,340,340,340,340,340,357,357,369,46,46,46,46],"floor_reached":51,"playtime":2831,"items_purged":[],"score":654,"play_id":"27d3ed1d-2710-417f-b14d-61d92385c39b","local_time":"20201227164454","is_ascension_mode":false,"campfire_choices":[{"data":"Blade Dance","floor":7,"key":"SMITH"},{"data":"Leg Sweep","floor":13,"key":"SMITH"},{"data":"Blade Dance","floor":15,"key":"SMITH"},{"data":"A Thousand Cuts","floor":25,"key":"SMITH"},{"data":"Finisher","floor":30,"key":"SMITH"},{"floor":32,"key":"REST"},{"data":"Blade Dance","floor":40,"key":"SMITH"},{"data":"Neutralize","floor":42,"key":"SMITH"},{"data":"Endless Agony","floor":45,"key":"SMITH"},{"data":"Poisoned Stab","floor":49,"key":"SMITH"}],"circlet_count":0,"master_deck":["Strike_G","Strike_G","Strike_G","Strike_G","Strike_G","Defend_G","Defend_G","Defend_G","Defend_G","Survivor","Neutralize+1","PiercingWail","Poisoned Stab+1","Blade Dance+1","Flying Knee","Infinite Blades","Blade Dance+1","Blade Dance+1","Leg Sweep+1","A Thousand Cuts+1","Terror","Finisher+1","Endless Agony+1","Die Die Die","Sucker Punch+1","Parasite","Backstab","Writhe"],"relics":["Ring of the Serpent","Boot","Vajra","Mummified Hand","Bag of Marbles","Blood Vial","Ice Cream","Bottled Flame","Busted Crown","Torii","Ancient Tea Set","Paper Crane"],"acts_visited":["Exordium","TheCity","TheBeyond"],"potions_floor_usage":[10,16,21,29,33,33,38,44,46],"damage_taken":[{"damage":0,"enemies":"Cultist","floor":1,"turns":5},{"damage":0,"enemies":"2 Louse","floor":2,"turns":4},{"damage":6,"enemies":"Jaw Worm","floor":4,"turns":6},{"damage":17,"enemies":"3 Sentries","floor":6,"turns":10},{"damage":0,"enemies":"Large Slime","floor":8,"turns":5},{"damage":3,"enemies":"Gremlin Nob","floor":10,"turns":3},{"damage":0,"enemies":"2 Fungi Beasts","floor":11,"turns":3},{"damage":0,"enemies":"Blue Slaver","floor":12,"turns":3},{"damage":26,"enemies":"Hexaghost","floor":16,"turns":10},{"damage":1,"enemies":"3 Byrds","floor":18,"turns":3},{"damage":1,"enemies":"Shell Parasite","floor":19,"turns":6},{"damage":0,"enemies":"Cultist and Chosen","floor":21,"turns":5},{"damage":19,"enemies":"Book of Stabbing","floor":23,"turns":6},{"damage":29,"enemies":"Shelled Parasite and Fungi","floor":24,"turns":5},{"damage":11,"enemies":"Snake Plant","floor":27,"turns":4},{"damage":1,"enemies":"Cultist and Chosen","floor":29,"turns":3},{"damage":52,"enemies":"Automaton","floor":33,"turns":8},{"damage":4,"enemies":"3 Shapes","floor":35,"turns":6},{"damage":11,"enemies":"Mind Bloom Boss Battle","floor":37,"turns":8},{"damage":6,"enemies":"3 Darklings","floor":38,"turns":3},{"damage":0,"enemies":"Sphere and 2 Shapes","floor":39,"turns":3},{"damage":8,"enemies":"Writhing Mass","floor":44,"turns":6},{"damage":0,"enemies":"Jaw Worm Horde","floor":46,"turns":2},{"damage":59,"enemies":"Awakened One","floor":50,"turns":14}],"seed_played":"2549902081746571984","potions_obtained":[{"floor":2,"key":"Strength Potion"},{"floor":6,"key":"GhostInAJar"},{"floor":11,"key":"Weak Potion"},{"floor":21,"key":"Fruit Juice"},{"floor":24,"key":"Weak Potion"},{"floor":27,"key":"CunningPotion"},{"floor":37,"key":"Block Potion"},{"floor":38,"key":"Block Potion"},{"floor":44,"key":"Swift Potion"},{"floor":46,"key":"Weak Potion"}],"is_trial":false,"path_per_floor":["M","M","$","M","?","E","R","M","T","E","M","M","R","T","R","B",null,"M","M","$","M","?","E","M","R","T","M","?","M","R","?","R","B",null,"M","?","?","M","M","R","?","R","T","M","R","M","$","?","R","B",null],"character_chosen":"THE_SILENT","items_purchased":["Blood Vial","Backstab","Paper Crane"],"campfire_rested":1,"item_purchase_floors":[20,47,47],"current_hp_per_floor":[77,77,77,71,71,54,54,54,54,51,51,51,51,51,51,25,77,76,75,75,82,82,63,36,36,36,27,54,55,55,55,79,29,82,78,78,69,65,67,67,67,67,67,61,61,63,63,82,82,23],"gold":46,"neow_bonus":"TEN_PERCENT_HP_BONUS","is_daily":false,"chose_seed":false,"campfire_upgraded":9,"win_rate":0.0,"timestamp":1609094694,"path_taken":["M","M","$","?","?","E","R","M","T","E","M","M","R","?","R","BOSS","M","M","$","M","?","E","M","R","T","M","?","M","R","?","R","BOSS","M","?","?","M","M","R","?","R","T","M","R","M","$","?","R","BOSS"],"items_purchased_type":["Relic","Card","Relic"],"build_version":"2020-12-22","purchased_purges":0,"victory":true,"max_hp_per_floor":[77,77,77,77,77,77,77,77,77,77,77,77,77,77,77,77,77,77,77,77,82,82,82,82,82,82,82,82,82,82,82,82,82,82,82,82,82,82,82,82,82,82,82,82,82,82,82,82,82,82],"card_choices":[{"not_picked":["Acrobatics","Deadly Poison"],"picked":"PiercingWail","floor":1},{"not_picked":["Outmaneuver","Terror"],"picked":"Poisoned Stab","floor":2},{"not_picked":["Deflect","Terror"],"picked":"Blade Dance","floor":4},{"not_picked":["Dagger Throw","PiercingWail"],"picked":"Flying Knee","floor":6},{"not_picked":["Backflip","Acrobatics"],"picked":"Infinite Blades","floor":8},{"not_picked":["Backflip","Adrenaline"],"picked":"Blade Dance","floor":10},{"not_picked":["Slice","Dodge and Roll"],"picked":"Blade Dance","floor":11},{"not_picked":["Flechettes","Backflip"],"picked":"Leg Sweep","floor":12},{"not_picked":["Burst","Bullet Time"],"picked":"A Thousand Cuts","floor":16},{"not_picked":["Underhanded Strike+1","Quick Slash","Caltrops+1"],"picked":"SKIP","floor":18},{"not_picked":["Deadly Poison+1","Backflip","Blur+1"],"picked":"SKIP","floor":19},{"not_picked":["Distraction","Dagger Throw","Underhanded Strike"],"picked":"SKIP","floor":21},{"not_picked":["Catalyst","Tactician+1"],"picked":"Terror","floor":23},{"not_picked":["Deflect","Prepared","Well Laid Plans+1"],"picked":"SKIP","floor":24},{"not_picked":["Unload","Backstab"],"picked":"Finisher","floor":27},{"not_picked":["Riddle With Holes","Flechettes+1"],"picked":"Endless Agony","floor":29},{"not_picked":["A Thousand Cuts","Bullet Time"],"picked":"Die Die Die","floor":33},{"not_picked":["Dagger Spray"],"picked":"SKIP","floor":35},{"not_picked":[],"picked":"Sucker Punch+1","floor":37},{"not_picked":["Backflip"],"picked":"SKIP","floor":38},{"not_picked":["Outmaneuver"],"picked":"SKIP","floor":39},{"not_picked":["Acrobatics"],"picked":"SKIP","floor":44},{"not_picked":["Backflip+1"],"picked":"SKIP","floor":46}],"player_experience":43173,"relics_obtained":[{"floor":6,"key":"Boot"},{"floor":9,"key":"Vajra"},{"floor":10,"key":"Mummified Hand"},{"floor":14,"key":"Bag of Marbles"},{"floor":23,"key":"Ice Cream"},{"floor":26,"key":"Bottled Flame"},{"floor":37,"key":"Torii"},{"floor":43,"key":"Ancient Tea Set"}],"event_choices":[{"damage_healed":0,"gold_gain":0,"player_choice":"Ignored","damage_taken":0,"max_hp_gain":0,"max_hp_loss":0,"event_name":"Liars Game","floor":5,"gold_loss":0},{"damage_healed":0,"gold_gain":0,"player_choice":"Paid Fearfully","damage_taken":0,"max_hp_gain":0,"max_hp_loss":0,"event_name":"Masked Bandits","floor":22,"gold_loss":294},{"damage_healed":27,"gold_gain":0,"player_choice":"Heal","damage_taken":0,"max_hp_gain":0,"max_hp_loss":0,"event_name":"The Library","floor":28,"gold_loss":0},{"damage_healed":0,"gold_gain":0,"player_choice":"Ignored","damage_taken":0,"max_hp_gain":0,"max_hp_loss":0,"event_name":"Ghosts","floor":31,"gold_loss":0},{"cards_removed":["Defend_G"],"damage_healed":0,"gold_gain":0,"player_choice":"Removed Skill","damage_taken":0,"max_hp_gain":0,"max_hp_loss":0,"event_name":"Falling","floor":36,"gold_loss":0},{"damage_healed":0,"gold_gain":0,"player_choice":"Fight","damage_taken":0,"max_hp_gain":0,"max_hp_loss":0,"event_name":"MindBloom","floor":37,"gold_loss":0},{"damage_healed":0,"gold_gain":0,"player_choice":"Ignored","damage_taken":0,"max_hp_gain":0,"max_hp_loss":0,"event_name":"Mysterious Sphere","floor":41,"gold_loss":0},{"damage_healed":21,"gold_gain":0,"player_choice":"Writhe","damage_taken":0,"max_hp_gain":0,"max_hp_loss":0,"event_name":"Winding Halls","floor":48,"gold_loss":0,"cards_obtained":["Writhe"]}],"is_beta":false,"boss_relics":[{"not_picked":["Sozu","Empty Cage"],"picked":"Ring of the Serpent"},{"not_picked":["Runic Pyramid","Astrolabe"],"picked":"Busted Crown"}],"items_purged_floors":[],"is_endless":false,"potions_floor_spawned":[2,6,11,21,24,27,37,38,44,46],"ascension_level":0}}