{"host":"a1eatafr7pisesky","time":1609051574,"event":{"mods":["BaseMod","Colored Map","DeckTracker","Highlight Path","Keyboard Shortcuts","Minty Spire (QoL Compilation)","Permanent Neow","Random Character Button","StSLib","SuperFastMode"],"gold_per_floor":[119,44,44,44,60,94,94,104,155,167,167,193,208,208,208,311,361,345,245,255,270,280,280,155,168,192,192,192,206,206,218,218,319,319,329,329,377,395,101,101,113,130,184,184,9,9,9,21,21,21],"floor_reached":51,"playtime":2701,"items_purged":["Strike_B","Strike_B","Strike_B","Blizzard","Cold Snap"],"score":818,"play_id":"e71bba37-5ca7-4e34-847a-9da9c9f0e2ee","local_time":"20201227154614","is_ascension_mode":true,"campfire_choices":[{"data":"Dualcast","floor":7.0,"key":"SMITH"},{"data":"Defragment","floor":15.0,"key":"SMITH"},{"data":"Amplify","floor":23,"key":"SMITH"},{"data":"Self Repair","floor":27,"key":"SMITH"},{"data":"Coolheaded","floor":30,"key":"SMITH"},{"floor":32,"key":"REST"},{"data":"Double Energy","floor":40,"key":"SMITH"},{"data":"Buffer","floor":46,"key":"SMITH"},{"data":"Capacitor","floor":49,"key":"SMITH"}],"circlet_count":0,"master_deck":["Zap","Dualcast+1","Go for the Eyes","Chill","Coolheaded+1","Defragment+1","Turbo","Amplify+1","Capacitor","Sweeping Beam","Recycle","Cold Snap","Self Repair+1","Storm+1","Electrodynamics","Buffer+1","Undo","Double Energy+1","Undo","Steam","Ball Lightning","Capacitor+1"],"relics":["Cracked Core","NeowsBlessing","Happy Flower","Blue Candle","Ornamental Fan","Oddly Smooth Stone","Centennial Puzzle","Tiny House","Bronze Scales","Pandora\u0027s Box","Gambling Chip","DataDisk","Ancient Tea Set"],"acts_visited":["Exordium","TheCity","TheBeyond"],"potions_floor_usage":[25,33,37,37,37,37,50,50,50],"damage_taken":[{"damage":0.0,"enemies":"Cultist","floor":1.0,"turns":1.0},{"damage":0.0,"enemies":"Jaw Worm","floor":5.0,"turns":1.0},{"damage":0.0,"enemies":"3 Sentries","floor":6.0,"turns":1.0},{"damage":0.0,"enemies":"2 Louse","floor":8.0,"turns":2.0},{"damage":12.0,"enemies":"Red Slaver","floor":10.0,"turns":3.0},{"damage":5.0,"enemies":"Gremlin Nob","floor":12.0,"turns":5.0},{"damage":11.0,"enemies":"Large Slime","floor":13.0,"turns":6.0},{"damage":24.0,"enemies":"Hexaghost","floor":16.0,"turns":16.0},{"damage":22.0,"enemies":"2 Thieves","floor":18.0,"turns":4.0},{"damage":2.0,"enemies":"Chosen","floor":20.0,"turns":7.0},{"damage":14.0,"enemies":"Snecko","floor":21.0,"turns":8.0},{"damage":14,"enemies":"Snake Plant","floor":22,"turns":7},{"damage":20,"enemies":"Cultist and Chosen","floor":25,"turns":11},{"damage":8,"enemies":"Shelled Parasite and Fungi","floor":29,"turns":2},{"damage":11,"enemies":"Centurion and Healer","floor":31,"turns":8},{"damage":32,"enemies":"Collector","floor":33,"turns":11},{"damage":3,"enemies":"Orb Walker","floor":35,"turns":5},{"damage":30,"enemies":"2 Orb Walkers","floor":37,"turns":6},{"damage":1,"enemies":"3 Shapes","floor":38,"turns":6},{"damage":5,"enemies":"Writhing Mass","floor":41,"turns":5},{"damage":18,"enemies":"Spire Growth","floor":42,"turns":3},{"damage":0,"enemies":"Jaw Worm Horde","floor":48,"turns":3},{"damage":74,"enemies":"Awakened One","floor":50,"turns":18}],"seed_played":"2654418116461817921","potions_obtained":[{"floor":5.0,"key":"AttackPotion"},{"floor":6.0,"key":"GamblersBrew"},{"floor":12.0,"key":"FairyPotion"},{"floor":17.0,"key":"FocusPotion"},{"floor":25,"key":"Block Potion"},{"floor":29,"key":"EntropicBrew"},{"floor":31,"key":"CultistPotion"},{"floor":33,"key":"LiquidMemories"},{"floor":37,"key":"AttackPotion"},{"floor":38,"key":"SpeedPotion"},{"floor":42,"key":"Swift Potion"}],"is_trial":false,"path_per_floor":["M","$","T","T","M","E","R","M","T","M","?","E","M","?","R","B",null,"M","$","M","M","M","R","$","M","T","R","?","M","R","M","R","B",null,"M","?","?","M","$","R","M","M","T","?","$","R","$","M","R","B",null],"character_chosen":"DEFECT","items_purchased":["DataDisk"],"campfire_rested":1,"item_purchase_floors":[39],"current_hp_per_floor":[75,75,75,75,75,75,75,75,75,63,63,58,47,52,52,28,72,50,50,48,34,20,20,20,32,32,32,32,34,34,33,58,36,73,80,80,60,69,69,69,84,85,85,81,81,81,81,81,81,17],"gold":21,"neow_bonus":"THREE_ENEMY_KILL","is_daily":false,"chose_seed":false,"campfire_upgraded":8,"win_rate":0.0,"timestamp":1609051574,"path_taken":["M","$","?","?","?","E","R","M","T","M","?","E","?","?","R","BOSS","M","$","M","M","M","R","$","M","T","R","?","M","R","M","R","BOSS","M","?","?","M","?","R","M","M","T","?","$","R","$","M","R","BOSS"],"items_purchased_type":["Relic"],"build_version":"2020-12-22","purchased_purges":5,"victory":true,"max_hp_per_floor":[75,75,75,75,75,75,75,75,75,75,75,75,75,80,80,80,85,85,85,85,85,85,85,85,85,85,85,85,85,85,85,85,85,85,85,85,85,85,85,85,85,85,85,81,81,81,81,81,81,81],"card_choices":[{"not_picked":["Stack","Redo"],"picked":"Go for the Eyes","floor":1.0},{"not_picked":["Stack","Leap"],"picked":"Chill","floor":5.0},{"not_picked":["Scrape","Tempest"],"picked":"Chill","floor":6.0},{"not_picked":["Conserve Battery","Stack"],"picked":"Coolheaded","floor":8.0},{"not_picked":["Rebound","Doom and Gloom"],"picked":"Defragment","floor":10.0},{"not_picked":["Darkness","Streamline"],"picked":"Turbo","floor":12.0},{"not_picked":["Chill","Gash","Rebound"],"picked":"SKIP","floor":13.0},{"not_picked":["Machine Learning","Seek"],"picked":"Amplify","floor":16.0},{"not_picked":["Storm","Reprogram"],"picked":"Capacitor","floor":17.0},{"not_picked":["Conserve Battery","Compile Driver"],"picked":"Sweeping Beam","floor":18.0},{"not_picked":["Leap","Hello World"],"picked":"Recycle","floor":20.0},{"not_picked":["Go for the Eyes","Coolheaded"],"picked":"Cold Snap","floor":21.0},{"not_picked":["Leap","Skim"],"picked":"Self Repair","floor":22},{"not_picked":["Reinforced Body","Darkness"],"picked":"Storm+1","floor":25},{"not_picked":["Thunder Strike","Sweeping Beam","Beam Cell"],"picked":"SKIP","floor":29},{"not_picked":["Hologram","Go for the Eyes","Reinforced Body"],"picked":"SKIP","floor":31},{"not_picked":["Rainbow","Machine Learning"],"picked":"Buffer","floor":33},{"not_picked":["Rebound+1","Hologram+1","Steam"],"picked":"SKIP","floor":35},{"not_picked":["Ball Lightning","Beam Cell+1","Rip and Tear+1"],"picked":"SKIP","floor":38},{"not_picked":["Darkness+1","Barrage+1"],"picked":"Ball Lightning","floor":41},{"not_picked":["Undo+1","Multi-Cast"],"picked":"Capacitor","floor":42},{"not_picked":["Compile Driver","Coolheaded","FTL+1"],"picked":"SKIP","floor":48}],"player_experience":256842,"relics_obtained":[{"floor":3.0,"key":"Happy Flower"},{"floor":4.0,"key":"Blue Candle"},{"floor":6.0,"key":"Ornamental Fan"},{"floor":9.0,"key":"Oddly Smooth Stone"},{"floor":12.0,"key":"Centennial Puzzle"},{"floor":26,"key":"Bronze Scales"},{"floor":37,"key":"Gambling Chip"},{"floor":43,"key":"Ancient Tea Set"}],"event_choices":[{"damage_healed":0.0,"max_hp_gain":0.0,"max_hp_loss":0.0,"gold_gain":0.0,"event_name":"Match and Keep!","player_choice":"1 cards matched","floor":11.0,"gold_loss":0.0,"damage_taken":0.0,"cards_obtained":["Cold Snap"]},{"damage_healed":0.0,"max_hp_gain":0.0,"max_hp_loss":0.0,"gold_gain":0.0,"event_name":"Match and Keep!","player_choice":"1 cards matched","floor":11.0,"gold_loss":0.0,"damage_taken":0.0,"cards_obtained":["Cold Snap"]},{"damage_healed":0.0,"max_hp_gain":5.0,"max_hp_loss":0.0,"gold_gain":0.0,"event_name":"Big Fish","player_choice":"Donut","floor":14.0,"gold_loss":0.0,"damage_taken":0.0},{"damage_healed":0,"gold_gain":0,"player_choice":"Read","damage_taken":0,"max_hp_gain":0,"max_hp_loss":0,"event_name":"The Library","floor":28,"gold_loss":0,"cards_obtained":["Electrodynamics"]},{"cards_removed":["Chill"],"damage_healed":0,"gold_gain":0,"player_choice":"Removed Skill","damage_taken":0,"max_hp_gain":0,"max_hp_loss":0,"event_name":"Falling","floor":36,"gold_loss":0},{"damage_healed":0,"gold_gain":0,"player_choice":"Fight","damage_taken":0,"max_hp_gain":0,"max_hp_loss":0,"event_name":"Mysterious Sphere","floor":37,"gold_loss":0},{"damage_healed":0,"gold_gain":0,"player_choice":"Max HP","damage_taken":0,"max_hp_gain":0,"max_hp_loss":4,"event_name":"Winding Halls","floor":44,"gold_loss":0}],"is_beta":false,"boss_relics":[{"not_picked":["Velvet Choker","Runic Pyramid"],"picked":"Tiny House"},{"not_picked":["Black Star","Sozu"],"picked":"Pandora\u0027s Box"}],"items_purged_floors":[2,19,24,39,45],"is_endless":false,"potions_floor_spawned":[5,6,12,13,22,25,29,31,33,37,38,42],"ascension_level":5}}