{"host":"52zmxm0oht7x0uft","time":1609090758,"event":{"mods":["AchievementEnabler","BaseMod","Minty Spire (QoL Compilation)","Quick Restart"],"gold_per_floor":[116,135,13,23,23,23,49,9,9,23,55,55,55,87,87,183,183,201,211,211,111,131,131,159,159,159,249,249,266,284,297,297,297,297],"floor_reached":33,"playtime":1337,"items_purged":["Strike_B","Strike_B"],"score":353,"play_id":"c4b397d6-0eae-4c34-9c02-201b2f9ec6a9","local_time":"20201227183918","is_ascension_mode":true,"campfire_choices":[{"data":"Zap","floor":6,"key":"SMITH"},{"data":"Dualcast","floor":12,"key":"SMITH"},{"floor":15,"key":"REST"},{"data":"Echo Form","floor":23,"key":"SMITH"},{"floor":25,"key":"REST"},{"data":"Zap","floor":28,"key":"SMITH"},{"floor":32,"key":"REST"}],"circlet_count":0,"master_deck":["Strike_B","Strike_B","Defend_B","Defend_B","Defend_B","Defend_B","Zap+1","Dualcast+1","Go for the Eyes","Genetic Algorithm","Go for the Eyes","Zap+1","Leap","Sunder","Melter","Go for the Eyes","Echo Form+1","Go for the Eyes+1"],"relics":["Cracked Core","Pen Nib","Meat on the Bone","Strawberry","Letter Opener","Busted Crown","Happy Flower","TungstenRod"],"acts_visited":["Exordium","TheCity"],"potions_floor_usage":[7,33,33],"damage_taken":[{"damage":2,"enemies":"Jaw Worm","floor":1,"turns":4},{"damage":0,"enemies":"Cultist","floor":2,"turns":3},{"damage":2,"enemies":"2 Louse","floor":4,"turns":2},{"damage":41,"enemies":"3 Sentries","floor":7,"turns":7},{"damage":1,"enemies":"Looter","floor":10,"turns":4},{"damage":22,"enemies":"Lagavulin","floor":11,"turns":6},{"damage":21,"enemies":"3 Sentries","floor":14,"turns":6},{"damage":43,"enemies":"The Guardian","floor":16,"turns":11},{"damage":14,"enemies":"2 Thieves","floor":18,"turns":4},{"damage":6,"enemies":"Spheric Guardian","floor":19,"turns":3},{"damage":25,"enemies":"Snecko","floor":22,"turns":5},{"damage":55,"enemies":"Book of Stabbing","floor":24,"turns":7},{"damage":15,"enemies":"Snake Plant","floor":29,"turns":4},{"damage":0,"enemies":"Centurion and Healer","floor":30,"turns":5},{"damage":21,"enemies":"Snecko","floor":31,"turns":4},{"damage":57,"enemies":"Collector","floor":33,"turns":8}],"seed_played":"7473310578360364124","potions_obtained":[{"floor":1,"key":"AttackPotion"},{"floor":11,"key":"LiquidBronze"},{"floor":14,"key":"LiquidBronze"},{"floor":16,"key":"Ancient Potion"}],"is_trial":false,"path_per_floor":["M","M","$","M","?","R","E","$","T","M","E","R","$","E","R","B",null,"M","M","?","$","M","R","E","R","T","?","R","M","M","M","R","B"],"character_chosen":"DEFECT","items_purchased":["Go for the Eyes","Sunder"],"campfire_rested":3,"item_purchase_floors":[3,8],"current_hp_per_floor":[80,80,80,78,78,78,37,37,37,48,45,45,45,36,62,31,89,75,69,69,69,56,56,13,39,39,29,29,26,38,29,55,0,0],"gold":297,"neow_bonus":"TEN_PERCENT_HP_BONUS","is_daily":false,"chose_seed":false,"campfire_upgraded":4,"win_rate":0.0,"timestamp":1609090758,"path_taken":["M","M","$","M","?","R","E","?","T","M","E","R","$","E","R","BOSS","M","M","?","$","M","R","E","R","T","?","R","M","?","M","R","BOSS"],"items_purchased_type":["Card","Card"],"build_version":"2020-12-22","purchased_purges":2,"victory":false,"max_hp_per_floor":[82,82,82,82,82,82,82,82,82,82,89,89,89,89,89,89,89,89,89,89,89,89,89,89,89,89,89,89,89,89,89,89,89,89],"card_choices":[{"not_picked":["Chaos","Sweeping Beam"],"picked":"Go for the Eyes","floor":1},{"not_picked":["Coolheaded","Stack"],"picked":"Genetic Algorithm","floor":2},{"not_picked":["Cold Snap","Leap","Coolheaded"],"picked":"SKIP","floor":4},{"not_picked":["Lockon","Barrage"],"picked":"Leap","floor":7},{"not_picked":["Turbo","Force Field"],"picked":"Melter","floor":10},{"not_picked":["Ball Lightning","Rebound","Tempest"],"picked":"SKIP","floor":11},{"not_picked":["Recycle","Capacitor"],"picked":"Go for the Eyes","floor":14},{"not_picked":["Machine Learning","Multi-Cast"],"picked":"Echo Form","floor":16},{"not_picked":[],"picked":"Go for the Eyes+1","floor":18},{"not_picked":["Undo"],"picked":"SKIP","floor":19},{"not_picked":["Cold Snap"],"picked":"SKIP","floor":22},{"not_picked":["Conserve Battery"],"picked":"SKIP","floor":24},{"not_picked":["Steam"],"picked":"SKIP","floor":29},{"not_picked":["Turbo"],"picked":"SKIP","floor":30},{"not_picked":["Turbo"],"picked":"SKIP","floor":31}],"player_experience":318619,"relics_obtained":[{"floor":7,"key":"Pen Nib"},{"floor":9,"key":"Meat on the Bone"},{"floor":11,"key":"Strawberry"},{"floor":14,"key":"Letter Opener"},{"floor":24,"key":"Happy Flower"},{"floor":26,"key":"TungstenRod"}],"event_choices":[{"damage_healed":0,"gold_gain":0,"player_choice":"1 cards matched","damage_taken":0,"max_hp_gain":0,"max_hp_loss":0,"event_name":"Match and Keep!","floor":5,"gold_loss":0,"cards_obtained":["Zap"]},{"damage_healed":0,"gold_gain":0,"player_choice":"Ignored","damage_taken":0,"max_hp_gain":0,"max_hp_loss":0,"event_name":"Ghosts","floor":20,"gold_loss":0},{"damage_healed":0,"gold_gain":90,"player_choice":"GOLD ","damage_taken":12,"max_hp_gain":0,"max_hp_loss":0,"event_name":"Knowing Skull","floor":27,"potions_obtained":[],"gold_loss":0,"cards_obtained":[]}],"is_beta":false,"boss_relics":[{"not_picked":["Ectoplasm","Empty Cage"],"picked":"Busted Crown"}],"items_purged_floors":[3,21],"is_endless":false,"potions_floor_spawned":[1,11,14,16,19,29],"killed_by":"Collector","ascension_level":3}}