{"host":"3rixevx6n8b56xaj","time":1609046605,"event":{"mods":["2.2 Compatiblity","AchievementEnabler","Arknights The Spire","BaseMod","Colored Map","DeckTracker","Friendly Minions","Minty Spire (QoL Compilation)","StSLib","SuperFastMode"],"gold_per_floor":[114,32,51,69,85,85,103,116,192,218,235,235,259,259,259,357,407,452,115,152,152,197,248,248,248,295,295,295],"floor_reached":27,"playtime":812,"items_purged":["Defend_P"],"score":285,"play_id":"a7a658d5-b282-46f5-b18a-48acc9135631","local_time":"20201227142325","is_ascension_mode":false,"campfire_choices":[{"data":"Eruption","floor":6.0,"key":"SMITH"},{"data":"MentalFortress","floor":12.0,"key":"SMITH"},{"data":"CrushJoints","floor":15,"key":"SMITH"},{"floor":25,"key":"REST"}],"circlet_count":0,"master_deck":["Strike_P","Strike_P+1","Defend_P","Defend_P","Eruption+1","Vigilance","Omniscience+1","FollowUp","MentalFortress+1","CrushJoints+1","Evaluate+1","EmptyFist","BowlingBash","FlurryOfBlows","EmptyBody","Collect","Wish","WheelKick","Conclude","Scrawl"],"relics":["PureWater","The Courier","ats:Originium","Bottled Flame","Odd Mushroom","Tiny House","Incense Burner","ats:Originium","StoneCalendar","War Paint"],"acts_visited":["Exordium","TheCity"],"potions_floor_usage":[16,23,27],"damage_taken":[{"damage":0.0,"enemies":"Cultist","floor":1.0,"turns":4.0},{"damage":0.0,"enemies":"2 Louse","floor":3.0,"turns":1.0},{"damage":13.0,"enemies":"Small Slimes","floor":4.0,"turns":4.0},{"damage":0.0,"enemies":"2 Fungi Beasts","floor":5.0,"turns":2.0},{"damage":8.0,"enemies":"Lots of Slimes","floor":7.0,"turns":5.0},{"damage":0.0,"enemies":"Looter","floor":8.0,"turns":2.0},{"damage":13.0,"enemies":"Lagavulin","floor":10.0,"turns":4.0},{"damage":3.0,"enemies":"Blue Slaver","floor":11.0,"turns":4.0},{"damage":7,"enemies":"The Mushroom Lair","floor":13,"turns":5},{"damage":0,"enemies":"Slime Boss","floor":16,"turns":6},{"damage":28,"enemies":"Shell Parasite","floor":18,"turns":6},{"damage":20,"enemies":"Chosen","floor":20,"turns":5},{"damage":1,"enemies":"Centurion and Healer","floor":22,"turns":6},{"damage":32,"enemies":"Book of Stabbing","floor":23,"turns":7},{"damage":26,"enemies":"Slavers","floor":27,"turns":3}],"seed_played":"5191531007628639518","potions_obtained":[{"floor":3.0,"key":"BlessingOfTheForge"},{"floor":4.0,"key":"Dexterity Potion"},{"floor":5.0,"key":"LiquidBronze"},{"floor":13,"key":"LiquidBronze"},{"floor":16,"key":"Fruit Juice"},{"floor":17,"key":"Swift Potion"},{"floor":20,"key":"Explosive Potion"}],"is_trial":false,"path_per_floor":["M","$","M","M","M","R","M","M","T","E","M","R","?","?","R","B",null,"M","$","M","?","M","E","?","R","T","E"],"character_chosen":"WATCHER","items_purchased":["MentalFortress","Incense Burner","WheelKick"],"campfire_rested":1,"item_purchase_floors":[2,19,19],"current_hp_per_floor":[72,72,72,59,59,59,51,51,51,38,35,35,28,21,21,26,82,54,54,34,34,33,1,1,25,25,0,0],"gold":295,"neow_bonus":"ONE_RANDOM_RARE_CARD","is_daily":false,"chose_seed":false,"campfire_upgraded":3,"win_rate":0.0,"timestamp":1609046605,"path_taken":["M","$","M","?","M","R","?","M","T","E","M","R","?","?","R","BOSS","M","$","M","?","M","E","?","R","T","E"],"items_purchased_type":["Card","Relic","Card"],"build_version":"2020-12-22","purchased_purges":1,"victory":false,"max_hp_per_floor":[72,72,72,72,72,72,72,72,72,72,72,72,72,72,72,77,82,82,82,82,82,82,82,82,82,82,82,82],"card_choices":[{"not_picked":["CrushJoints","Pray"],"picked":"FollowUp","floor":1.0},{"not_picked":["BattleHymn","Sanctity"],"picked":"CrushJoints","floor":3.0},{"not_picked":["Vengeance","Consecrate"],"picked":"Evaluate","floor":4.0},{"not_picked":["Conclude","FollowUp"],"picked":"EmptyFist","floor":5.0},{"not_picked":["PathToVictory","EmptyMind"],"picked":"BowlingBash","floor":7.0},{"not_picked":["Ragnarok","Crescendo"],"picked":"FlurryOfBlows","floor":8.0},{"not_picked":["BowlingBash","CutThroughFate","FlyingSleeves"],"picked":"SKIP","floor":10.0},{"not_picked":["SandsOfTime","LikeWater"],"picked":"EmptyBody","floor":11.0},{"not_picked":["Consecrate","Conclude"],"picked":"Collect","floor":13},{"not_picked":["Omniscience","MasterReality"],"picked":"Wish","floor":16},{"not_picked":["ThirdEye","Protect","PathToVictory"],"picked":"SKIP","floor":18},{"not_picked":["Conclude+1","Sanctity","ConjureBlade"],"picked":"SKIP","floor":20},{"not_picked":["Consecrate+1","Crescendo","Worship+1"],"picked":"SKIP","floor":22},{"not_picked":["Worship","BowlingBash","ClearTheMind"],"picked":"SKIP","floor":23}],"player_experience":574770,"relics_obtained":[{"floor":9.0,"key":"The Courier"},{"floor":10.0,"key":"ats:Originium"},{"floor":10.0,"key":"Bottled Flame"},{"floor":13,"key":"Odd Mushroom"},{"floor":23,"key":"ats:Originium"},{"floor":23,"key":"StoneCalendar"},{"floor":26,"key":"War Paint"}],"event_choices":[{"damage_healed":0,"gold_gain":0,"player_choice":"Fought Mushrooms","damage_taken":0,"max_hp_gain":0,"max_hp_loss":0,"event_name":"Mushrooms","floor":13,"gold_loss":0},{"cards_removed":["Strike_P"],"damage_healed":0,"gold_gain":0,"player_choice":"Card Removal","damage_taken":7,"max_hp_gain":0,"max_hp_loss":0,"event_name":"Golden Wing","floor":14,"gold_loss":0},{"damage_healed":0,"gold_gain":0,"cards_transformed":["Defend_P","Strike_P"],"player_choice":"Became Test Subject","damage_taken":0,"max_hp_gain":0,"max_hp_loss":0,"event_name":"Drug Dealer","floor":21,"gold_loss":0,"cards_obtained":["Conclude","Scrawl"]},{"damage_healed":0,"gold_gain":0,"player_choice":"Ignored","damage_taken":0,"max_hp_gain":0,"max_hp_loss":0,"event_name":"NoteForYourself","floor":24,"gold_loss":0}],"is_beta":false,"boss_relics":[{"not_picked":["Cursed Key","Velvet Choker"],"picked":"Tiny House"}],"items_purged_floors":[19],"is_endless":false,"potions_floor_spawned":[3,4,5,8,13,16,18,20],"killed_by":"Slavers","ascension_level":0}}