{"host":"d61vkvf8c80cu18y","time":1609027270,"event":{"mods":["2.2 Compatiblity","AchievementEnabler","AlwaysNeverKeys","Aspiration","BaseMod","Better Altar","Better Note","Better Sensory Stone","Better Skull","Better Third Choice","BetterRewards","Challenge The Spire","Colored Powertips","Conspire","Curses Come First","Custom Start","Downfall","Emptier Cage","Energized Spire","Force Act Four","GifTheSpireLib","Gremlin Mod","GungeonMod","Hermit","Highlight Path","Hubris","Infinite Spire","Ironclad Rager","Jess\u0027s Bottle","Marked Mod","Minty Spire (QoL Compilation)","Quick Restart","RNG Fix","Rare Cards Sparkle","Relic Filter","Replay The Spire","Retaliation","Shade Mod","Shop Mod","Spicy Shops","Spikes Relics","StSLib","Stuff the Spire","Swap Starting Deck Mod","The Blue Laboratory","The Bug Knight","The Cursed","The Forsaken","The Marked","The Runesmith","The Sage","The Servant 0.9.4","TheVacant","Thieving Mod","Virulent Crown","thorton"],"gold_per_floor":[113,11,23,42,42,73,27,27,27,27,53,64,64,24,24,128,128,143,160,160,180,180,79,79,50,50,50,127,127,127,143,143,245,245,264,185,188,210,214,241,278,145,147,149,151,165,182,218,222,226,230,234,12,44,44],"floor_reached":56,"playtime":5220,"items_purged":["DemoMod:Strike_Huntress","DemoMod:Strike_Huntress"],"score":1204,"play_id":"3d71440b-9bf2-454e-bbff-a4daf794fd87","local_time":"20201226180110","is_ascension_mode":false,"campfire_choices":[{"data":"DemoMod:PotionOfGunFriendShip","floor":8.0,"key":"SMITH"},{"data":"DemoMod:SniperShot","floor":10.0,"key":"SMITH"},{"data":"DemoMod:FullFirepower","floor":13.0,"key":"SMITH"},{"data":"DemoMod:AbyssalTentacle","floor":15.0,"key":"SMITH"},{"data":"Gremlin:Duplicate","floor":24.0,"key":"SMITH"},{"data":"DemoMod:ShadowBullets","floor":29.0,"key":"SMITH"},{"floor":32.0,"key":"REST"},{"data":"DemoMod:ShadowBullets","floor":49.0,"key":"SMITH"},{"data":"DemoMod:StickyCrossBow","floor":52.0,"key":"SMITH"}],"circlet_count":0,"master_deck":["sneckomod:TrashToTreasure+1","DemoMod:Strike_Huntress","DemoMod:Defend_Huntress","DemoMod:Defend_Huntress","DemoMod:Defend_Huntress","DemoMod:Defend_Huntress","DemoMod:Roll","DemoMod:ManualReload","DemoMod:RustySidearm","DemoMod:CrossBow","DemoMod:TeaPot","DemoMod:AbyssalTentacle","DemoMod:PotionOfGunFriendShip+1","DemoMod:FastSwitch","DemoMod:TripleGun","DemoMod:SniperShot+1","DemoMod:StickyCrossBow+1","DemoMod:FullFirepower+1","DemoMod:AbyssalTentacle+1","DemoMod:ThirdPartyController","DemoMod:MachoBrace","DemoMod:ShadowBullets+1","infinitespire:Collect","Gremlin:Duplicate+1","DemoMod:FeignSurrender","DemoMod:ShadowBullets+1","DemoMod:Unity","DemoMod:GunslingerForm+1","CurseOfTheBell","DemoMod:HungryBullets+1","Gremlin:Duplicate+1","DemoMod:HardPowerCard+1","Master of Strategy","DemoMod:FastSwitch+1"],"relics":["DemoMod:Dog","WizardHat","Meat on the Bone","Replay:Kaleidoscope","hubris:ScarierMask","MerchantsRug","StuffTheSpire:Gunfinga","StuffTheSpire:DarkSteelAnvil","hubris:SlimyHat","Ring of Misfortune","ReplayTheSpireMod:Ring of Addiction","Chameleon Ring","hubris:EmptyBottle","Calling Bell","Blood Vial","sagemod:Red_Beast_Statue","infinitespire:CursedDice","thethorton:BankDeed","hubris:HerbalPaste","DemoMod:WhiteGuonStone","conspire:Flyswatter","ReplayTheSpireMod:Lightbulb","Replay:Bottled Eggs","aspiration:ChemicalBlood"],"acts_visited":["Exordium","TheCity","TheBeyond","TheEnding"],"potions_floor_usage":[55,55,55,55,55,55,55,55],"damage_taken":[{"damage":2.0,"enemies":"conspire:RoseBush","floor":1.0,"turns":3.0},{"damage":1.0,"enemies":"Jaw Worm","floor":3.0,"turns":4.0},{"damage":1.0,"enemies":"Small Slimes","floor":4.0,"turns":3.0},{"damage":1.0,"enemies":"HollowMod:MossKnight","floor":6.0,"turns":8.0},{"damage":36.0,"enemies":"Lagavulin","floor":11.0,"turns":4.0},{"damage":10.0,"enemies":"Looter","floor":12.0,"turns":3.0},{"damage":31.0,"enemies":"The Guardian","floor":16.0,"turns":5.0},{"damage":5.0,"enemies":"3 Byrds","floor":18.0,"turns":4.0},{"damage":18.0,"enemies":"Shell Parasite","floor":19.0,"turns":5.0},{"damage":13.0,"enemies":"Cultist and Chosen","floor":21.0,"turns":4.0},{"damage":23.0,"enemies":"Slavers","floor":28.0,"turns":3.0},{"damage":0.0,"enemies":"Centurion and Healer","floor":31.0,"turns":4.0},{"damage":29.0,"enemies":"Collector","floor":33.0,"turns":6.0},{"damage":7.0,"enemies":"Orb Walker","floor":35.0,"turns":3.0},{"damage":14.0,"enemies":"3 Darklings","floor":38.0,"turns":3.0},{"damage":0.0,"enemies":"Reptomancer","floor":41.0,"turns":4.0},{"damage":0.0,"enemies":"Transient","floor":46.0,"turns":5.0},{"damage":12.0,"enemies":"3 Darklings","floor":47.0,"turns":3.0},{"damage":24.0,"enemies":"R_Hoarder","floor":48.0,"turns":5.0},{"damage":46.0,"enemies":"Time Eater","floor":50.0,"turns":11.0},{"damage":29,"enemies":"Shield and Spear","floor":54,"turns":3},{"damage":39,"enemies":"The Heart","floor":55,"turns":11}],"seed_played":"-4921891802851416061","potions_obtained":[{"floor":3.0,"key":"blueLaboratory:EnragingPotion"},{"floor":6.0,"key":"hexamod:EctoCoolerPotion"},{"floor":11.0,"key":"BlessingOfTheForge"},{"floor":19.0,"key":"BlessingOfTheForge"},{"floor":28.0,"key":"Languid Potion"},{"floor":30.0,"key":"Explosive Potion"},{"floor":35.0,"key":"blueLaboratory:FruitPunch"},{"floor":41.0,"key":"SmokeBomb"},{"floor":48.0,"key":"blueLaboratory:LouseDecoction"}],"is_trial":false,"path_per_floor":["M","$","M","M","$","E","$","R","T","R","E","M","R","$","R","B",null,"M","M","AVR","M","?","$","R","$","T","T","E","R","?","M","R","B",null,"M","?","?","M","AVR","T","E","$","T","?","$","M","M","E","R","B",null,"R","$","E","B",null],"character_chosen":"HUNTRESS","items_purchased":["DemoMod:AbyssalTentacle","DemoMod:StickyCrossBow","DemoMod:AbyssalTentacle","MerchantsRug","DemoMod:FeignSurrender","champ:CounterPotion","blueLaboratory:StoneskinPotion","Master of Strategy"],"campfire_rested":1,"item_purchase_floors":[2,7,14,23,25,42,42,53],"current_hp_per_floor":[75,75,74,73,73,72,72,72,72,72,48,50,50,50,50,31,77,72,54,54,41,41,41,41,41,41,41,30,30,30,42,65,48,77,70,70,70,64,64,64,72,72,72,72,72,77,65,49,49,23,77,77,77,49,30],"gold":44,"neow_bonus":"TEN_PERCENT_HP_BONUS","is_daily":false,"chose_seed":false,"campfire_upgraded":8,"win_rate":0.0,"timestamp":1609027270,"path_taken":["M","$","M","M","$","E","?","R","T","R","E","?","R","$","R","BOSS","M","M","AVR","M","?","$","R","$","T","?","E","R","?","M","R","BOSS","M","?","?","M","AVR","?","E","$","T","?","$","M","M","E","R","BOSS","R","$","E","BOSS"],"items_purchased_type":["Card","Card","Card","Relic","Card","Potion","Potion","Card"],"build_version":"2020-12-22","purchased_purges":2,"victory":true,"max_hp_per_floor":[77,77,77,77,77,77,77,77,77,77,77,77,77,77,77,77,77,77,77,77,77,77,77,77,77,77,77,77,77,77,77,77,77,77,77,77,73,79,79,79,79,79,79,79,77,77,77,77,77,77,77,77,77,77,75],"card_choices":[{"not_picked":["DemoMod:ChanceBullets","DemoMod:GunShield"],"picked":"DemoMod:TeaPot","floor":1.0},{"not_picked":["DemoMod:SAA","DemoMod:ConditionalReflex"],"picked":"DemoMod:PotionOfGunFriendShip","floor":3.0},{"not_picked":["DemoMod:HardPowerCard","DemoMod:ProbeStrike"],"picked":"DemoMod:FastSwitch","floor":4.0},{"not_picked":["DemoMod:ChanceBullets","DemoMod:HungryBullets"],"picked":"DemoMod:SniperShot","floor":6.0},{"not_picked":["DemoMod:BoxingGlove","DemoMod:AWP"],"picked":"DemoMod:FullFirepower","floor":11.0},{"not_picked":["DemoMod:PotionOfGunFriendShip","DemoMod:HardPowerCard"],"picked":"DemoMod:DirectionalPad","floor":12.0},{"not_picked":["DemoMod:Slinger","DemoMod:BlackHoleGun"],"picked":"DemoMod:ThirdPartyController","floor":16.0},{"not_picked":["DemoMod:ChanceBullets","DemoMod:TeaPot"],"picked":"DemoMod:MachoBrace","floor":18.0},{"not_picked":["DemoMod:BattleInHaste+1","DemoMod:MegaHand"],"picked":"DemoMod:ShadowBullets","floor":19.0},{"not_picked":["DemoMod:LifeOrb+1","DemoMod:BlackHoleGun","DemoMod:ZorGun+1"],"picked":"SKIP","floor":21.0},{"not_picked":["DemoMod:Unity+1","DemoMod:HuntsMan"],"picked":"DemoMod:ShadowBullets","floor":28.0},{"not_picked":["DemoMod:StickyCrossBow","DemoMod:Unmoved"],"picked":"DemoMod:Unity","floor":31.0},{"not_picked":["DemoMod:Slinger","DemoMod:BSG"],"picked":"DemoMod:GunslingerForm","floor":33.0},{"not_picked":["DemoMod:TeaPot","DemoMod:LifeOrb+1","DemoMod:JK47+1"],"picked":"SKIP","floor":35.0},{"not_picked":["DemoMod:SAA","DemoMod:ProbeStrike"],"picked":"DemoMod:HungryBullets+1","floor":38.0},{"not_picked":["DemoMod:FightSabre","DemoMod:JK47","DemoMod:FeignSurrender+1"],"picked":"SKIP","floor":41.0},{"not_picked":["DemoMod:FortunesFavor","DemoMod:HuntsMan+1","DemoMod:GunShield"],"picked":"SKIP","floor":46.0},{"not_picked":["DemoMod:PracticeMakesPerfect+1","DemoMod:ProbeStrike","DemoMod:Ejector"],"picked":"SKIP","floor":47.0},{"not_picked":["DemoMod:ConditionalReflex","DemoMod:Unmoved"],"picked":"DemoMod:HardPowerCard+1","floor":48.0},{"not_picked":["DemoMod:AC15+1","DemoMod:PotionOfGunFriendShip"],"picked":"DemoMod:FastSwitch+1","floor":54}],"player_experience":413715,"relics_obtained":[{"floor":6.0,"key":"WizardHat"},{"floor":9.0,"key":"Meat on the Bone"},{"floor":11.0,"key":"Replay:Kaleidoscope"},{"floor":26.0,"key":"StuffTheSpire:Gunfinga"},{"floor":27.0,"key":"StuffTheSpire:DarkSteelAnvil"},{"floor":28.0,"key":"hubris:SlimyHat"},{"floor":30.0,"key":"Ring of Misfortune"},{"floor":30.0,"key":"ReplayTheSpireMod:Ring of Addiction"},{"floor":30.0,"key":"Chameleon Ring"},{"floor":30.0,"key":"hubris:EmptyBottle"},{"floor":34.0,"key":"Blood Vial"},{"floor":34.0,"key":"sagemod:Red_Beast_Statue"},{"floor":34.0,"key":"infinitespire:CursedDice"},{"floor":40.0,"key":"DemoMod:WhiteGuonStone"},{"floor":41.0,"key":"conspire:Flyswatter"},{"floor":43.0,"key":"ReplayTheSpireMod:Lightbulb"},{"floor":48.0,"key":"Replay:Bottled Eggs"},{"floor":54,"key":"aspiration:ChemicalBlood"}],"event_choices":[{"cards_removed":["sneckomod:TrashToTreasure"],"damage_healed":0.0,"max_hp_gain":0.0,"max_hp_loss":0.0,"gold_gain":0.0,"event_name":"betterNote:BetterNote","player_choice":"Take \u0026 Give","floor":22.0,"gold_loss":0.0,"damage_taken":0.0,"cards_obtained":["Gremlin:Duplicate"]},{"damage_healed":0.0,"max_hp_gain":0.0,"max_hp_loss":0.0,"gold_gain":0.0,"event_name":"WeMeetAgain","player_choice":"Paid Gold","floor":36.0,"gold_loss":79.0,"damage_taken":0.0,"relics_obtained":["thethorton:BankDeed"]},{"damage_healed":0.0,"max_hp_gain":0.0,"max_hp_loss":4.0,"gold_gain":0.0,"event_name":"Winding Halls","player_choice":"Max HP","floor":37.0,"gold_loss":0.0,"damage_taken":0.0},{"damage_healed":0.0,"max_hp_gain":0.0,"max_hp_loss":0.0,"gold_gain":0.0,"event_name":"Duplicator","player_choice":"Copied","floor":44.0,"gold_loss":0.0,"damage_taken":0.0,"cards_obtained":["Gremlin:Duplicate"]}],"is_beta":false,"boss_relics":[{"not_picked":["Abe\u0027s Treasure","Velvet Choker"],"picked":"hubris:ScarierMask"},{"not_picked":["StuffTheSpire:Kangaroo","Astrolabe"],"picked":"Calling Bell"}],"items_purged_floors":[20,39],"is_endless":false,"potions_floor_spawned":[3,6,11,19,28,35,41,48],"ascension_level":0}}