{"host":"pr6x8hyknev46vut","time":1609056418,"event":{"mods":["Aspiration","BaseMod","CCEM","Colored Map","Downfall","Googly Eyes","Hermit","Highlight Path","Minty Spire (QoL Compilation)","Permanent Neow","Replay The Spire","Shop Mod","StSLib","The Bug Knight","The Construct","The Cursed","The Disciple","The Necromancer","The Runesmith","The Servant 0.9.4"],"gold_per_floor":[112,112,112,124,38,66,76,102,102,102,102,117,149,160,160,263,263,282,301,314,314,190,225,225,225,251,283,283,293,313,324,324,425,425,441,441,29,29,46,74,74,74,74,0,18,18,18,66,66,66],"floor_reached":51,"playtime":4653,"items_purged":["TheCursedMod:Defend_TheCursed"],"score":833,"play_id":"16de2649-262b-48ad-b154-3c0a698f0dd4","local_time":"20201227090658","is_ascension_mode":false,"campfire_choices":[{"data":"TheCursedMod:CursedWand","floor":15,"key":"SMITH"},{"data":"TheCursedMod:CursedBlade","floor":24,"key":"SMITH"},{"floor":32,"key":"REST"},{"data":"TheCursedMod:CursedRelics","floor":41,"key":"SMITH"},{"data":"TheCursedMod:SmokeScreen","floor":46,"key":"SMITH"},{"data":"TheCursedMod:CleanUpWorkshop","floor":49,"key":"SMITH"}],"circlet_count":0,"master_deck":["TheCursedMod:Strike_TheCursed","TheCursedMod:Strike_TheCursed","TheCursedMod:Defend_TheCursed","TheCursedMod:Defend_TheCursed","TheCursedMod:CursedWand+1","TheCursedMod:CleanUpWorkshop+1","TheCursedMod:Dregs","TheCursedMod:CursedBlade+1","aspiration:Lunge","Replay:Poison Smokescreen","Skewer","TheCursedMod:CircleOfFlame","TheCursedMod:CursedStaff","TheCursedMod:SmokeScreen+1","TheCursedMod:CircleOfAmplification","TheCursedMod:RapidMovement","TheCursedMod:CircleOfCorruption","CommonCold","Injury","TheCursedMod:CursedAmulet+1","TheCursedMod:DemonSword","TheCursedMod:Obscuration+1","TheCursedMod:CursedRelics+1","TheCursedMod:Stretching+1","TheCursedMod:Evocation+1","ReplayTheSpireMod:IOU","TheCursedMod:BlessingInDisguise+1","TheCursedMod:CircleOfFocus+1","TheCursedMod:CursedBlade","TheCursedMod:Stigma+1","TheCursedMod:OutForBlood","TheCursedMod:TacticalStrike","TheCursedMod:SpreadPlague+1","TheCursedMod:CursedBoomerang+1","expansioncontent:Corrupt+1","TheCursedMod:SurpriseAttack","ReplayTheSpireMod:Splinters","TheCursedMod:TroublousMinions+1"],"relics":["TheCursedMod:BlackMagic101","aspiration:Nostalgia","Vampire_Amulet","Strawberry","Juzu Bracelet","construct:FoamFinger","Toxic Egg 2","Replay:Mystery Machine","aspiration:SecretTechniqueScroll","Replay:Wax Seal","White Beast Statue","CCEMRelics:PorcelainBowl","aspiration:VileToxins","aspiration:Lifesprig","Philosopher\u0027s Stone","CaptainsWheel","Bronze Scales","aspiration:SeaSaltIceCream","aspiration:Nostalgia","Uniform","CCEMRelics:WhiteRose","Red Mask","TheCursedMod:BloodyHarpoon"],"acts_visited":["Exordium","TheCity","TheBeyond"],"potions_floor_usage":[8,16,16,23,30,33,33,50],"damage_taken":[{"damage":0,"enemies":"Small Slimes","floor":1,"turns":3},{"damage":0,"enemies":"2 Louse","floor":4,"turns":2},{"damage":10,"enemies":"3 Sentries","floor":6,"turns":3},{"damage":3,"enemies":"Jaw Worm","floor":7,"turns":3},{"damage":14,"enemies":"Gremlin Nob","floor":8,"turns":4},{"damage":0,"enemies":"Looter","floor":12,"turns":2},{"damage":5,"enemies":"3 Sentries","floor":13,"turns":8},{"damage":2,"enemies":"Large Slime","floor":14,"turns":4},{"damage":20,"enemies":"Slime Boss","floor":16,"turns":6},{"damage":6,"enemies":"Shell Parasite","floor":18,"turns":6},{"damage":3,"enemies":"2 Thieves","floor":19,"turns":4},{"damage":6,"enemies":"3 Cultists","floor":20,"turns":6},{"damage":7,"enemies":"Book of Stabbing","floor":23,"turns":6},{"damage":36,"enemies":"Gremlin Leader","floor":27,"turns":8},{"damage":13,"enemies":"Chosen and Byrds","floor":29,"turns":7},{"damage":31,"enemies":"Sentry and Sphere","floor":30,"turns":6},{"damage":0,"enemies":"Snecko","floor":31,"turns":3},{"damage":54,"enemies":"Pondfish","floor":33,"turns":17},{"damage":2,"enemies":"Orb Walker","floor":35,"turns":4},{"damage":15,"enemies":"3 Shapes","floor":39,"turns":2},{"damage":1,"enemies":"Giant Head","floor":40,"turns":9},{"damage":0,"enemies":"Spire Growth","floor":45,"turns":3},{"damage":53,"enemies":"Replay:Hell Engine","floor":50,"turns":9}],"seed_played":"-4378484777998899416","potions_obtained":[{"floor":4,"key":"Explosive Potion"},{"floor":6,"key":"Toxic Potion"},{"floor":12,"key":"DuplicationPotion"},{"floor":16,"key":"Milkshake"},{"floor":18,"key":"champ:CounterPotion"},{"floor":19,"key":"Ancient Potion"},{"floor":27,"key":"sneckomod:MuddlingPotion"},{"floor":30,"key":"Explosive Potion"},{"floor":33,"key":"FairyPotion"},{"floor":35,"key":"AttackPotion"}],"is_trial":false,"path_per_floor":["M","?","?","M","$","E","M","E","T","?","?","M","E","M","R","B",null,"M","M","M","?","$","E","R","?","T","E","?","M","M","M","R","B",null,"M","?","$","?","M","E","R","?","T","?","M","R","$","?","R","B",null],"character_chosen":"THE_CURSED","items_purchased":["TheCursedMod:CursedStaff","TheCursedMod:SmokeScreen","Replay:Wax Seal","TheCursedMod:AntiAging+1","CaptainsWheel","TheCursedMod:TacticalStrike"],"campfire_rested":1,"item_purchase_floors":[5,5,22,22,37,37],"current_hp_per_floor":[75,75,75,75,75,77,76,64,64,64,64,66,67,69,69,55,82,78,79,79,79,79,77,77,77,77,52,52,46,22,24,52,5,97,100,100,100,100,87,88,88,88,88,88,90,90,90,90,90,39],"gold":66,"neow_bonus":"NOSTALGIA","is_daily":false,"chose_seed":false,"campfire_upgraded":5,"win_rate":0.0,"timestamp":1609056418,"path_taken":["M","?","?","M","$","E","?","E","T","?","?","M","E","M","R","BOSS","M","M","M","?","$","E","R","?","T","E","?","M","M","M","R","BOSS","M","?","$","?","M","E","R","?","T","?","M","R","?","?","R","BOSS"],"items_purchased_type":["Card","Card","Relic","Card","Relic","Card"],"build_version":"2020-12-22","purchased_purges":1,"victory":true,"max_hp_per_floor":[75,75,75,75,75,82,82,82,82,82,82,82,82,82,82,82,82,82,82,82,82,82,85,85,85,85,88,88,91,94,94,94,97,97,100,100,100,100,100,100,100,100,100,100,100,100,100,100,100,100],"card_choices":[{"not_picked":["TheCursedMod:EmpowerCircles","TheCursedMod:Wield"],"picked":"TheCursedMod:CursedBlade","floor":1},{"not_picked":["TheCursedMod:BloodBarrier","TheCursedMod:SpitefulPlan"],"picked":"TheCursedMod:CircleOfFlame","floor":4},{"not_picked":["TheCursedMod:CursedMace","TheCursedMod:Mangle"],"picked":"TheCursedMod:CircleOfAmplification","floor":6},{"not_picked":["TheCursedMod:CircleOfFocus","TheCursedMod:VitalStrike"],"picked":"TheCursedMod:RapidMovement","floor":7},{"not_picked":["TheCursedMod:Grudge","TheCursedMod:CursedStaff"],"picked":"TheCursedMod:CircleOfCorruption","floor":8},{"not_picked":["TheCursedMod:CircleOfFlame+1","TheCursedMod:StingEye"],"picked":"TheCursedMod:CursedAmulet+1","floor":12},{"not_picked":["TheCursedMod:WearCloak+1","TheCursedMod:UltimatePain+1"],"picked":"TheCursedMod:DemonSword","floor":13},{"not_picked":["TheCursedMod:VitalStrike","TheCursedMod:CircleOfCorruption+1"],"picked":"TheCursedMod:Obscuration+1","floor":14},{"not_picked":["TheCursedMod:ParallelWorld+1","TheCursedMod:CollectTribute"],"picked":"TheCursedMod:CursedRelics","floor":16},{"not_picked":["TheCursedMod:SoulReap","TheCursedMod:SurpriseAttack"],"picked":"TheCursedMod:Stretching+1","floor":18},{"not_picked":["TheCursedMod:CircleOfWindfury+1","TheCursedMod:CircleOfFlame+1","TheCursedMod:VitalStrike"],"picked":"SKIP","floor":19},{"not_picked":["TheCursedMod:SurpriseAttack+1","TheCursedMod:LuckyCharm"],"picked":"TheCursedMod:Evocation+1","floor":20},{"not_picked":["TheCursedMod:CursedShiv","TheCursedMod:HellsGateOpen"],"picked":"TheCursedMod:BlessingInDisguise+1","floor":23},{"not_picked":["TheCursedMod:BlessingInDisguise+1","TheCursedMod:CursedMace"],"picked":"TheCursedMod:CircleOfFocus+1","floor":27},{"not_picked":["TheCursedMod:SurpriseAttack","TheCursedMod:HellfireBreathing"],"picked":"TheCursedMod:CursedBlade","floor":29},{"not_picked":["TheCursedMod:RapidMovement+1","TheCursedMod:SurpriseAttack"],"picked":"TheCursedMod:Stigma+1","floor":30},{"not_picked":["TheCursedMod:Obscuration+1","TheCursedMod:CursedMace","TheCursedMod:Wield"],"picked":"SKIP","floor":31},{"not_picked":["TheCursedMod:DemonicPact","TheCursedMod:AntiAging+1"],"picked":"TheCursedMod:OutForBlood","floor":33},{"not_picked":["TheCursedMod:FuryStrike","TheCursedMod:CircleOfCorruption+1","TheCursedMod:RapidMovement+1"],"picked":"SKIP","floor":35},{"not_picked":["TheCursedMod:RapidMovement+1","TheCursedMod:FleshFromBone+1"],"picked":"TheCursedMod:SpreadPlague+1","floor":39},{"not_picked":["TheCursedMod:AbyssShockwave","TheCursedMod:SurpriseAttack"],"picked":"TheCursedMod:CursedBoomerang+1","floor":40},{"not_picked":["Replay:SS_forest_2","expansioncontent:LastStand"],"picked":"expansioncontent:Corrupt+1","floor":42},{"not_picked":["TheCursedMod:CursedMace+1","TheCursedMod:SmokeScreen+1"],"picked":"TheCursedMod:SurpriseAttack","floor":45},{"not_picked":["TheCursedMod:FleshFromBone+1","TheCursedMod:HellfireBreathing"],"picked":"TheCursedMod:TroublousMinions+1","floor":48}],"player_experience":25298,"relics_obtained":[{"floor":6,"key":"Strawberry"},{"floor":8,"key":"Juzu Bracelet"},{"floor":9,"key":"construct:FoamFinger"},{"floor":13,"key":"Replay:Mystery Machine"},{"floor":23,"key":"White Beast Statue"},{"floor":26,"key":"CCEMRelics:PorcelainBowl"},{"floor":27,"key":"aspiration:VileToxins"},{"floor":40,"key":"aspiration:SeaSaltIceCream"},{"floor":43,"key":"CCEMRelics:WhiteRose"},{"floor":48,"key":"TheCursedMod:BloodyHarpoon"}],"event_choices":[{"damage_healed":0,"gold_gain":0,"player_choice":"Ignored","damage_taken":0,"max_hp_gain":0,"max_hp_loss":0,"event_name":"Golden Wing","floor":2,"gold_loss":0},{"damage_healed":0,"gold_gain":0,"player_choice":"Ignored","damage_taken":0,"max_hp_gain":0,"max_hp_loss":0,"event_name":"NoteForYourself","floor":21,"gold_loss":0},{"damage_healed":0,"gold_gain":0,"player_choice":"Opened","damage_taken":0,"relics_obtained":["aspiration:Lifesprig"],"max_hp_gain":0,"max_hp_loss":0,"event_name":"The Mausoleum","floor":28,"gold_loss":0},{"damage_healed":0,"gold_gain":0,"player_choice":"Ignored","damage_taken":0,"max_hp_gain":0,"max_hp_loss":0,"event_name":"Mysterious Sphere","floor":36,"gold_loss":0},{"cards_removed":["TheCursedMod:AntiAging"],"damage_healed":0,"gold_gain":0,"player_choice":"Gave Card","damage_taken":0,"relics_obtained":["Bronze Scales"],"max_hp_gain":0,"max_hp_loss":0,"event_name":"WeMeetAgain","floor":38,"gold_loss":0},{"damage_healed":0,"gold_gain":0,"player_choice":"Memory 1","damage_taken":0,"max_hp_gain":0,"max_hp_loss":0,"event_name":"SensoryStone","floor":42,"gold_loss":0},{"damage_healed":0,"gold_gain":0,"player_choice":"Paid","damage_taken":0,"relics_obtained":["Red Mask"],"max_hp_gain":0,"max_hp_loss":0,"event_name":"Tomb of Lord Red Mask","floor":44,"gold_loss":74}],"is_beta":false,"boss_relics":[{"not_picked":["SlaversCollar","Replay:Grab Bag"],"picked":"aspiration:SecretTechniqueScroll"},{"not_picked":["aspiration:DefectSkillbook","aspiration:WatcherSkillbook"],"picked":"Philosopher\u0027s Stone"}],"items_purged_floors":[37],"is_endless":false,"potions_floor_spawned":[4,6,12,16,18,19,27,29,30,31,33,35,39,40,45],"ascension_level":0}}