{"host":"8k64rvi83ijr822k","time":1609088705,"event":{"mods":["BaseMod","Downfall","Googly Eyes","Hermit","Hero for Fun","Minty Spire (QoL Compilation)","Quick Restart","Replay The Spire","Shop Mod","StSLib","The Animator","The Bug Knight","The Construct","The Wild Card","everything is the same but u backflip on backflip"],"gold_per_floor":[99,99,99,399,399,399,422,432,452,462,462,67,67,79,97,97,97,97],"floor_reached":16,"playtime":1151,"items_purged":[],"score":90,"play_id":"d89ee3ac-2c51-494b-88be-15de6dc7075a","local_time":"20201227120505","is_ascension_mode":false,"campfire_choices":[{"data":"Guardian:TwinSlam","floor":1,"key":"SMITH"},{"floor":13,"key":"REST"}],"circlet_count":0,"master_deck":["Guardian:Strike_Guardian","Guardian:Strike_Guardian","Guardian:Strike_Guardian","Guardian:Strike_Guardian","Guardian:Defend_Guardian","Guardian:Defend_Guardian","Guardian:Defend_Guardian","Guardian:Defend_Guardian","Guardian:CurlUp","Guardian:TwinSlam+1","Guardian:TemporalShield","Guardian:CrystalBeam","Guardian:RollAttack","Pain","Guardian:Recover","Guardian:ConstructionForm+1","Guardian:RefractedBeam","Guardian:GuardianWhirl","Madness","HollowMod:InfectedAttack","Guardian:PiercingHide"],"relics":["Guardian:ModeShifter","downfall:HeartsMalice","Old Coin","WarpedTongs","Regal Pillow","PrismaticShard","Bronze Scales"],"acts_visited":["Exordium"],"potions_floor_usage":[12,12,15,16],"damage_taken":[{"damage":0,"enemies":"Small Slimes","floor":2,"turns":1},{"damage":0,"enemies":"2 Louse","floor":3,"turns":1},{"damage":0,"enemies":"Cultist","floor":5,"turns":1},{"damage":12,"enemies":"Large Slime","floor":8,"turns":7},{"damage":8,"enemies":"Exordium Thugs","floor":9,"turns":6},{"damage":7,"enemies":"3 Louse","floor":10,"turns":4},{"damage":6,"enemies":"downfall:FleeingMerchant","floor":12,"turns":4},{"damage":16,"enemies":"2 Fungi Beasts","floor":14,"turns":3},{"damage":11,"enemies":"Blue Slaver","floor":15,"turns":3},{"damage":54,"enemies":"downfall:Ironclad","floor":16,"turns":11}],"seed_played":"-8998611079541933550","potions_obtained":[{"floor":9,"key":"Death Potion"},{"floor":10,"key":"Explosive Potion"},{"floor":14,"key":"AttackPotion"},{"floor":15,"key":"Energy Potion"}],"is_trial":false,"path_per_floor":["R","M","M","?","M","?","T","M","M","M","?","$","R","M","M","B"],"character_chosen":"GUARDIAN","items_purchased":["PrismaticShard","Bronze Scales","Madness"],"campfire_rested":1,"item_purchase_floors":[12,12,12],"current_hp_per_floor":[80,80,80,73,73,73,73,61,53,46,46,40,79,63,52,0,0,0],"gold":97,"neow_bonus":"THREE_ENEMY_KILL","is_daily":false,"chose_seed":false,"campfire_upgraded":1,"win_rate":0.0,"timestamp":1609088705,"path_taken":["R","M","M","?","M","?","T","?","M","M","?","?","R","M","M","BOSS"],"items_purchased_type":["Relic","Relic","Card"],"build_version":"2020-12-22","purchased_purges":0,"victory":false,"max_hp_per_floor":[80,80,80,80,80,80,80,80,80,80,80,80,80,80,80,80,80,80],"card_choices":[{"not_picked":["Guardian:MultiBeam","Guardian:ChargeCore"],"picked":"Guardian:TemporalShield","floor":2},{"not_picked":["Guardian:DecasProtection","Guardian:Emergency"],"picked":"Guardian:CrystalBeam","floor":3},{"not_picked":["Guardian:Planning","Guardian:TimeBomb"],"picked":"Guardian:RollAttack","floor":5},{"not_picked":["Guardian:BronzeOrb","Guardian:PrimingBeam"],"picked":"Guardian:Recover","floor":8},{"not_picked":["Guardian:VentSteam","Guardian:Reroute"],"picked":"Guardian:ConstructionForm","floor":9},{"not_picked":["Guardian:Recover","Guardian:RollAttack"],"picked":"Guardian:RefractedBeam","floor":10},{"not_picked":["Guardian:DecasProtection","Guardian:PrimingBeam"],"picked":"Guardian:GuardianWhirl","floor":12},{"not_picked":["Headbutt","Havoc"],"picked":"HollowMod:InfectedAttack","floor":14},{"not_picked":["hermit:Feint","CutThroughFate"],"picked":"Guardian:PiercingHide","floor":15}],"player_experience":89772,"relics_obtained":[{"floor":7,"key":"Regal Pillow"}],"event_choices":[{"damage_healed":0,"gold_gain":0,"player_choice":"Success","damage_taken":7,"relics_obtained":["Old Coin"],"max_hp_gain":0,"max_hp_loss":0,"event_name":"Scrap Ooze","floor":4,"gold_loss":0},{"damage_healed":0,"gold_gain":0,"player_choice":"Grow","damage_taken":0,"max_hp_gain":0,"max_hp_loss":0,"event_name":"Living Wall","floor":11,"gold_loss":0,"cards_upgraded":["Guardian:ConstructionForm"]}],"is_beta":false,"boss_relics":[],"items_purged_floors":[],"is_endless":false,"potions_floor_spawned":[9,10,14,15],"killed_by":"downfall:Ironclad","ascension_level":0}}