{"host":"jzjaw782v8gfe8gb","time":1609101801,"event":{"mods":["BaseMod","Better Match","Better Note","Better Third Choice","Energized Spire","Magitek Elite","Minty Spire (QoL Compilation)","StSLib"],"gold_per_floor":[117,127,227,246,264,304,304,330,330,356,281,281,301,114,114,219,219,237,258,258,284,284,284,293,336,336,336,185,222,70,70,70],"floor_reached":31,"playtime":3700,"items_purged":["Defend_L"],"score":275,"play_id":"7823322c-6eee-4a4b-9cda-4336657bd06b","local_time":"20201227124321","is_ascension_mode":false,"campfire_choices":[{"data":"Aero","floor":7,"key":"SMITH"},{"data":"Shell","floor":12,"key":"SMITH"},{"data":"Icebrand","floor":15,"key":"SMITH"},{"data":"Thunder_P","floor":23,"key":"SMITH"},{"data":"Blizzard_P","floor":27,"key":"SMITH"}],"circlet_count":0,"master_deck":["Strike_L","Strike_L","Defend_L","Defend_L","Defend_L","Fire2","Cure","Astra","Aero","Thunder_P","Force_Armor","Icebrand+1","Flametongue","Shell+1","Transfusion","Rune_Blade","Poisona","Might","Gladius","Mythril_Knife+1","Blizzard_P","Esuna","Tornado"],"relics":["Pendant","CeramicFish","Peace Pipe","Happy Flower","Empty Cage","Pantograph","Ginger","ClockworkSouvenir","Shovel","Genji_Glove"],"acts_visited":["Exordium","TheCity"],"potions_floor_usage":[6,21,25],"damage_taken":[{"damage":5,"enemies":"Jaw Worm","floor":1,"turns":4},{"damage":5,"enemies":"Cultist","floor":2,"turns":4},{"damage":1,"enemies":"2 Louse","floor":4,"turns":3},{"damage":0,"enemies":"Large Slime","floor":5,"turns":6},{"damage":17,"enemies":"3 Sentries","floor":6,"turns":9},{"damage":19,"enemies":"Exordium Wildlife","floor":8,"turns":6},{"damage":7,"enemies":"2 Fungi Beasts","floor":10,"turns":5},{"damage":7,"enemies":"Looter","floor":13,"turns":3},{"damage":1,"enemies":"The Guardian","floor":16,"turns":15},{"damage":0,"enemies":"3 Byrds","floor":18,"turns":7},{"damage":2,"enemies":"Shell Parasite","floor":19,"turns":6},{"damage":2,"enemies":"Snake Plant","floor":21,"turns":5},{"damage":2,"enemies":"Gremlin Leader","floor":25,"turns":4},{"damage":80,"enemies":"Book of Stabbing","floor":29,"turns":10},{"damage":6,"enemies":"Shelled Parasite and Fungi","floor":31,"turns":1}],"seed_played":"9130798727420225063","potions_obtained":[{"floor":1,"key":"SpeedPotion"},{"floor":2,"key":"SteroidPotion"},{"floor":13,"key":"FairyPotion"},{"floor":16,"key":"Strength Potion"},{"floor":18,"key":"EssenceOfSteel"},{"floor":19,"key":"DistilledChaos"}],"is_trial":false,"path_per_floor":["M","M","?","M","M","E","R","M","T","M","$","R","M","$","R","B",null,"M","M","?","M","?","R","?","E","T","R","$","E","$","M"],"character_chosen":"MAGITEKELITE","items_purchased":["Poisona","Happy Flower","ClockworkSouvenir","Genji_Glove"],"campfire_rested":0,"item_purchase_floors":[14,14,28,30],"current_hp_per_floor":[58,59,59,58,63,46,46,33,33,26,26,26,25,25,25,30,63,63,63,63,61,61,61,61,59,59,59,59,3,3,0,0],"gold":70,"neow_bonus":"TRANSFORM_CARD","is_daily":false,"chose_seed":false,"campfire_upgraded":5,"win_rate":0.0,"timestamp":1609101801,"path_taken":["M","M","?","M","?","E","R","M","T","M","$","R","M","$","R","BOSS","M","M","?","M","?","R","?","E","T","R","$","E","$","M"],"items_purchased_type":["Card","Relic","Relic","Relic"],"build_version":"2020-12-22","purchased_purges":1,"victory":false,"max_hp_per_floor":[63,63,63,63,63,63,63,63,63,63,63,63,63,63,63,63,63,63,63,63,63,63,63,63,63,63,63,63,63,63,63,63],"card_choices":[{"not_picked":["Blood_Hilt","Rasp"],"picked":"Aero","floor":1},{"not_picked":["Man_Eater","Vox"],"picked":"Thunder_P","floor":2},{"not_picked":["Circlet","Gladius"],"picked":"Force_Armor","floor":4},{"not_picked":["Water","Transfusion"],"picked":"Icebrand","floor":5},{"not_picked":["Slow","Protect_M"],"picked":"Flametongue","floor":6},{"not_picked":["Rasp","Transfusion"],"picked":"Shell","floor":8},{"not_picked":["Thunder_Blade","Man_Eater"],"picked":"Transfusion","floor":10},{"not_picked":["Force_Armor","Float2_Spell"],"picked":"Rune_Blade","floor":13},{"not_picked":["Stop","Ultima"],"picked":"Might","floor":16},{"not_picked":["Thunder_Blade","Crystal_Sword","Flametongue"],"picked":"SKIP","floor":18},{"not_picked":["Barrier","Rasp"],"picked":"Gladius","floor":19},{"not_picked":["Magnus_Hat","Magus_Robe"],"picked":"Mythril_Knife+1","floor":21},{"not_picked":["Heavy_Shield","Holy"],"picked":"Esuna","floor":25},{"not_picked":["Aero","Falchion"],"picked":"Tornado","floor":29}],"player_experience":1950317,"relics_obtained":[{"floor":6,"key":"CeramicFish"},{"floor":9,"key":"Peace Pipe"},{"floor":25,"key":"Pantograph"},{"floor":26,"key":"Ginger"},{"floor":29,"key":"Shovel"}],"event_choices":[{"damage_healed":0,"gold_gain":100,"player_choice":"Pray","damage_taken":0,"max_hp_gain":0,"max_hp_loss":0,"event_name":"Golden Shrine","floor":3,"gold_loss":0},{"damage_healed":0,"gold_gain":0,"player_choice":"Ignored","damage_taken":0,"max_hp_gain":0,"max_hp_loss":0,"event_name":"betterNote:BetterNote","floor":20,"gold_loss":0,"cards_obtained":["Ragnarok"]},{"damage_healed":0,"gold_gain":0,"player_choice":"Ignored","damage_taken":0,"max_hp_gain":0,"max_hp_loss":0,"event_name":"Vampires","floor":22,"gold_loss":0},{"damage_healed":0,"gold_gain":0,"player_choice":"Read","damage_taken":0,"max_hp_gain":0,"max_hp_loss":0,"event_name":"The Library","floor":24,"gold_loss":0,"cards_obtained":["Blizzard_P"]}],"is_beta":false,"boss_relics":[{"not_picked":["energizedSpire:EnergizedDie","Runic Pyramid"],"picked":"Empty Cage"}],"items_purged_floors":[11],"is_endless":false,"potions_floor_spawned":[1,2,13,16,18,19],"killed_by":"Shelled Parasite and Fungi","ascension_level":0}}