{"host":"97k5lqmr6aaz1p9r","time":1609054645,"event":{"mods":["BaseMod","Colored Map","Downfall","Jorbs\u0027s Wanderer Trilogy","Minty Spire (QoL Compilation)","StSLib"],"gold_per_floor":[99,118,118,118,136,153,153,182,107,141,158,158,176,176,189,189,189,189],"floor_reached":16,"playtime":1239,"items_purged":[],"score":137,"play_id":"72287ea0-a780-424b-98f6-822149b3adf3","local_time":"20201227073725","is_ascension_mode":false,"campfire_choices":[{"data":"champ:Taunt","floor":1,"key":"SMITH"},{"floor":9,"key":"DIG"},{"floor":12,"key":"DIG"}],"circlet_count":0,"master_deck":["champ:Strike+1","champ:Strike","champ:Strike","champ:Strike","champ:Defend","champ:Defend","champ:Defend","champ:Defend","champ:Execute+1","champ:Taunt+1","champ:FanOfKnives+1","champ:Lariat","champ:GladiatorStyle","champ:BerserkerStyle","champ:Shatter","champ:ArenaPreparation","Iron Wave","champ:BringItOn"],"relics":["champ:ChampionCrown","Shovel","WingedGreaves","Mango","downfall:HeartBlessingGreen","Omamori","Blue Candle","Whetstone"],"acts_visited":["Exordium"],"potions_floor_usage":[10,16],"damage_taken":[{"damage":8,"enemies":"Small Slimes","floor":2,"turns":4},{"damage":0,"enemies":"2 Louse","floor":5,"turns":2},{"damage":12,"enemies":"Cultist","floor":6,"turns":3},{"damage":57,"enemies":"Lagavulin","floor":8,"turns":7},{"damage":39,"enemies":"Gremlin Nob","floor":10,"turns":5},{"damage":0,"enemies":"Large Slime","floor":11,"turns":3},{"damage":32,"enemies":"Exordium Thugs","floor":13,"turns":4},{"damage":0,"enemies":"Lots of Slimes","floor":15,"turns":4},{"damage":9,"enemies":"downfall:Ironclad","floor":16,"turns":2}],"seed_played":"-2637215673403831414","potions_obtained":[{"floor":6,"key":"GamblersBrew"},{"floor":10,"key":"BlessingOfTheForge"},{"floor":13,"key":"DistilledChaos"},{"floor":15,"key":"Swift Potion"}],"is_trial":false,"path_per_floor":["R","M","?","?","M","M","T","E","R","E","M","R","M","?","M","B"],"character_chosen":"THE_CHAMP","items_purchased":[],"campfire_rested":0,"item_purchase_floors":[],"current_hp_per_floor":[99,96,84,84,84,83,83,62,62,32,32,32,5,5,5,0,0,0],"gold":189,"neow_bonus":"TEN_PERCENT_HP_BONUS","is_daily":false,"chose_seed":false,"campfire_upgraded":1,"win_rate":0.0,"timestamp":1609054645,"path_taken":["R","M","?","?","M","M","T","E","R","E","M","R","?","?","M","BOSS"],"items_purchased_type":[],"build_version":"2020-12-22","purchased_purges":0,"victory":false,"max_hp_per_floor":[99,99,99,99,99,99,99,113,113,113,113,113,113,113,113,113,113,113],"card_choices":[{"not_picked":["champ:BerserkersShout","champ:GladiatorsShout"],"picked":"champ:FanOfKnives","floor":2},{"not_picked":["champ:RisingSlash","champ:Shatter"],"picked":"champ:Lariat","floor":5},{"not_picked":["champ:GutPunch","champ:FanOfKnives"],"picked":"champ:GladiatorStyle","floor":6},{"not_picked":["champ:HeavySlash","champ:MurderStrike"],"picked":"champ:BerserkerStyle","floor":8},{"not_picked":["champ:FanOfKnives","champ:GladiatorsShout"],"picked":"champ:Shatter","floor":10},{"not_picked":["champ:GladiatorStyle","champ:Duel"],"picked":"champ:ArenaPreparation","floor":11},{"not_picked":["champ:Circumvent","champ:Backstep"],"picked":"champ:Haymaker","floor":13},{"not_picked":["champ:Haymaker","champ:BladeFlurry"],"picked":"champ:BringItOn","floor":15}],"player_experience":548373,"relics_obtained":[{"floor":7,"key":"WingedGreaves"},{"floor":8,"key":"Mango"},{"floor":9,"key":"Omamori"},{"floor":10,"key":"Blue Candle"},{"floor":12,"key":"Whetstone"}],"event_choices":[{"damage_healed":0,"gold_gain":0,"player_choice":"Success","damage_taken":12,"relics_obtained":["Shovel"],"max_hp_gain":0,"max_hp_loss":0,"event_name":"Scrap Ooze","floor":3,"gold_loss":0},{"damage_healed":0,"gold_gain":0,"player_choice":"Upgraded","damage_taken":0,"max_hp_gain":0,"max_hp_loss":0,"event_name":"Upgrade Shrine","floor":4,"gold_loss":0,"cards_upgraded":["champ:FanOfKnives"]},{"cards_removed":["champ:Haymaker"],"damage_healed":0,"gold_gain":0,"player_choice":"Took Card","damage_taken":0,"max_hp_gain":0,"max_hp_loss":0,"event_name":"NoteForYourself","floor":14,"gold_loss":0,"cards_obtained":["Iron Wave"]}],"is_beta":false,"boss_relics":[],"items_purged_floors":[],"is_endless":false,"potions_floor_spawned":[6,10,13,15],"killed_by":"downfall:Ironclad","ascension_level":0}}