{"host":"p9t7qd83igtcp2bh","time":1609082898,"event":{"mods":["2.2 Compatiblity","AchievementEnabler","BaseMod","Colored Map","Colored Powertips","Custom Start","DeckTracker","Keyboard Shortcuts","Minty Spire (QoL Compilation)","Permanent Neow","StSLib","SuperFastMode","everything is the same but u backflip on backflip"],"gold_per_floor":[114,114,127,143,163,163,163,179,202,225,248,213,236,251,251,251,251],"floor_reached":16,"playtime":543,"items_purged":[],"score":196,"play_id":"c98671ea-bc8c-4005-8c92-2736dd2ce153","local_time":"20201228002818","is_ascension_mode":true,"campfire_choices":[{"data":"Endless Agony","floor":6.0,"key":"SMITH"},{"data":"Dagger Spray","floor":15.0,"key":"SMITH"}],"circlet_count":0,"master_deck":["AscendersBane","Strike_G","Strike_G","Strike_G","Strike_G","Strike_G","Defend_G","Defend_G","Defend_G","Defend_G","Survivor","Neutralize","Endless Agony+1","Blur","Leg Sweep","Underhanded Strike","Dagger Spray+1","Quick Slash","Dash"],"relics":["Ring of the Snake","Gambling Chip","Golden Idol","Strawberry"],"acts_visited":["Exordium"],"potions_floor_usage":[16,16],"damage_taken":[{"damage":1.0,"enemies":"Cultist","floor":1.0,"turns":5.0},{"damage":0.0,"enemies":"2 Louse","floor":3.0,"turns":3.0},{"damage":4.0,"enemies":"Small Slimes","floor":4.0,"turns":3.0},{"damage":2.0,"enemies":"3 Louse","floor":5.0,"turns":8.0},{"damage":8.0,"enemies":"Exordium Wildlife","floor":8.0,"turns":5.0},{"damage":20.0,"enemies":"Exordium Thugs","floor":10.0,"turns":7.0},{"damage":0.0,"enemies":"Lots of Slimes","floor":11.0,"turns":7.0},{"damage":12.0,"enemies":"Exordium Wildlife","floor":13.0,"turns":6.0},{"damage":0.0,"enemies":"2 Fungi Beasts","floor":14.0,"turns":2.0},{"damage":17,"enemies":"Slime Boss","floor":16,"turns":7}],"seed_played":"-955552284148450016","potions_obtained":[{"floor":3.0,"key":"Block Potion"},{"floor":4.0,"key":"Strength Potion"},{"floor":8.0,"key":"PowerPotion"}],"is_trial":false,"path_per_floor":["M","?","M","M","M","R","?","M","T","M","M","?","M","M","R","B"],"character_chosen":"THE_SILENT","items_purchased":[],"campfire_rested":0,"item_purchase_floors":[],"current_hp_per_floor":[43,43,43,39,37,37,37,29,36,16,16,32,20,20,20,3,3],"gold":251,"neow_bonus":"ONE_RARE_RELIC","is_daily":false,"chose_seed":false,"campfire_upgraded":2,"win_rate":0.0,"timestamp":1609082898,"path_taken":["M","?","M","M","?","R","?","M","T","M","M","?","M","M","R","BOSS"],"items_purchased_type":[],"build_version":"2020-12-22","purchased_purges":0,"victory":false,"max_hp_per_floor":[66,66,66,66,66,66,60,60,67,67,67,67,67,67,67,67,67],"card_choices":[{"not_picked":["Deadly Poison","Prepared"],"picked":"Endless Agony","floor":1.0},{"not_picked":["Quick Slash","Deadly Poison"],"picked":"Blur","floor":3.0},{"not_picked":["Outmaneuver","Acrobatics"],"picked":"Leg Sweep","floor":4.0},{"not_picked":["Distraction","Prepared","Burst"],"picked":"SKIP","floor":5.0},{"not_picked":["Bane","Underhanded Strike","Acrobatics"],"picked":"SKIP","floor":8.0},{"not_picked":["Bane","Acrobatics"],"picked":"Underhanded Strike","floor":8.0},{"not_picked":["Leg Sweep","Distraction","Dodge and Roll"],"picked":"SKIP","floor":10.0},{"not_picked":["Skewer","PiercingWail"],"picked":"Dagger Spray","floor":11.0},{"not_picked":["Flying Knee","Sucker Punch"],"picked":"Quick Slash","floor":13.0},{"not_picked":["Expertise","Dodge and Roll"],"picked":"Dash","floor":14.0}],"player_experience":571364,"relics_obtained":[{"floor":9.0,"key":"Strawberry"}],"event_choices":[{"cards_removed":["Defend_G"],"damage_healed":0.0,"max_hp_gain":0.0,"max_hp_loss":0.0,"gold_gain":0.0,"event_name":"Purifier","player_choice":"Purged","floor":2.0,"gold_loss":0.0,"damage_taken":0.0},{"damage_healed":0.0,"max_hp_gain":0.0,"max_hp_loss":6.0,"gold_gain":0.0,"event_name":"Golden Idol","player_choice":"Lose Max HP","floor":7.0,"gold_loss":0.0,"damage_taken":0.0,"relics_obtained":["Golden Idol"]},{"damage_healed":16.0,"max_hp_gain":0.0,"max_hp_loss":0.0,"gold_gain":0.0,"event_name":"The Cleric","player_choice":"Healed","floor":12.0,"gold_loss":35.0,"damage_taken":0.0}],"is_beta":false,"boss_relics":[],"items_purged_floors":[],"is_endless":false,"potions_floor_spawned":[3,4,8,10],"killed_by":"Slime Boss","ascension_level":20}}