{"host":"6hy1ih6ulvioemfn","time":1609033726,"event":{"mods":["2.2 Compatiblity","AchievementEnabler","Act Like it!","BaseMod","Better Synergies","Block Reminder","Booster Modes","CapriCore","Colored Map","Colored Powertips","Communication Mod","Custom Start","Downfall","Halation","Highlight Path","Hubris","Infinite Spire","Minty Spire (QoL Compilation)","Permanent Neow","Potionbrewer","Replay The Spire","Spicy Shops","Spikes Relics","StSLib","The Construct","The Immortal","The Problem Sleuth","Thieving Mod"],"gold_per_floor":[99,116,129,143,143,177,177,102,129,155,183,183,211,211,235,235,235],"floor_reached":16,"playtime":1382,"items_purged":[],"score":106,"play_id":"dbf2b417-eefb-487d-9903-463e6daa08f3","local_time":"20201226234846","is_ascension_mode":false,"campfire_choices":[{"data":"hexamod:Float","floor":1,"key":"SMITH"},{"data":"hexamod:TurnItUp","floor":8,"key":"SMITH"}],"circlet_count":0,"master_deck":["hexamod:Strike","hexamod:Strike","hexamod:Strike","hexamod:Strike","hexamod:Defend","hexamod:Defend","hexamod:Defend","hexamod:Defend","hexamod:Sear","hexamod:Float+1","hexamod:FastForward+1","hexamod:TurnItUp+1","hexamod:SecondSeal","hexamod:HauntingEcho","hexamod:FifthSeal","hexamod:FastForward"],"relics":["hexamod:SpiritBrand","Blue Doll","halation:TwoAmDonut","potionbrewer:MortarAndPestle","hexamod:InflammatoryLetter","downfall:HeartBlessingGreen","halation:EternalFortune"],"acts_visited":["Exordium"],"potions_floor_usage":[16],"damage_taken":[{"damage":0,"enemies":"Cultist","floor":2,"turns":3},{"damage":0,"enemies":"infinitespire:Voidling","floor":3,"turns":4},{"damage":0,"enemies":"Small Slimes","floor":4,"turns":3},{"damage":3,"enemies":"Replay:BlueRogue","floor":6,"turns":8},{"damage":6,"enemies":"2 Fungi Beasts","floor":9,"turns":5},{"damage":13,"enemies":"Exordium Wildlife","floor":10,"turns":6},{"damage":4,"enemies":"Large Slime","floor":11,"turns":6},{"damage":0,"enemies":"2 Fungi Beasts","floor":13,"turns":4},{"damage":36,"enemies":"Gremlin Gang","floor":15,"turns":5},{"damage":23,"enemies":"downfall:Defect","floor":16,"turns":4}],"seed_played":"-2762980580632248848","potions_obtained":[{"floor":4,"key":"FearPotion"},{"floor":6,"key":"potionbrewer:EndurancePotion"},{"floor":9,"key":"hexamod:EctoCoolerPotion"},{"floor":10,"key":"potionbrewer:NoxiousPotion"},{"floor":13,"key":"potionbrewer:QuicksilverPotion"}],"is_trial":false,"path_per_floor":["R","M","M","M","T","E","T","R","M","M","M","?","M","?","M","B"],"character_chosen":"THE_SPIRIT","items_purchased":[],"campfire_rested":0,"item_purchase_floors":[],"current_hp_per_floor":[70,70,70,70,70,67,67,67,61,53,49,49,54,57,21,0,0],"gold":235,"neow_bonus":"RANDOM_COMMON_RELIC","is_daily":false,"chose_seed":false,"campfire_upgraded":2,"win_rate":0.0,"timestamp":1609033726,"path_taken":["R","M","M","M","?","E","T","R","M","M","?","?","M","?","M","BOSS"],"items_purchased_type":[],"build_version":"2020-12-22","purchased_purges":0,"victory":false,"max_hp_per_floor":[70,70,70,70,70,70,70,70,70,70,70,70,70,73,73,73,73],"card_choices":[{"not_picked":["hexamod:RainOfEmbers","hexamod:EmpoweredFlame"],"picked":"hexamod:FastForward","floor":2},{"not_picked":["hexamod:ThermalTransfer","hexamod:SkipABeat"],"picked":"hexamod:TurnItUp","floor":3},{"not_picked":["hexamod:Haunt","hexamod:RainOfEmbers","hexamod:Again"],"picked":"SKIP","floor":4},{"not_picked":["hexamod:GhostLash","hexamod:DynamicBlow"],"picked":"hexamod:SecondSeal","floor":6},{"not_picked":["hexamod:Firestarter","hexamod:AdvancingGuard"],"picked":"hexamod:HauntingEcho","floor":9},{"not_picked":["hexamod:SpectersWail","hexamod:AdvancingGuard","hexamod:Haunt"],"picked":"SKIP","floor":10},{"not_picked":["hexamod:HauntingEcho","hexamod:SpectersWail"],"picked":"hexamod:FifthSeal","floor":11},{"not_picked":["hexamod:HeatShield","hexamod:Haunt"],"picked":"hexamod:FastForward","floor":13},{"not_picked":["hexamod:AdvancingGuard","hexamod:ChargedBarrage","hexamod:GhostLash"],"picked":"SKIP","floor":15}],"player_experience":534830,"relics_obtained":[{"floor":5,"key":"halation:TwoAmDonut"},{"floor":6,"key":"potionbrewer:MortarAndPestle"},{"floor":7,"key":"hexamod:InflammatoryLetter"}],"event_choices":[],"is_beta":false,"boss_relics":[],"items_purged_floors":[],"is_endless":false,"potions_floor_spawned":[4,6,9,10,13],"killed_by":"downfall:Defect","ascension_level":0}}