{"host":"aukiz5jlacd3g5yc","time":1609050914,"event":{"mods":["2.2 Compatiblity","BaseMod","Bestiary","Colored Map","Colored Powertips","Downfall","GifTheSpireLib","Hermit","Highlight Path","Hubris","Infinite Spire","Minty Spire (QoL Compilation)","Permanent Neow","Quick Restart","Random Character Button","Rare Cards Sparkle","Relic Sorter","Relic Stats","Replay The Spire","StSLib","Unknown Chances","everything is the same but u backflip on backflip","slay the spire mod where everything is the same but ironclad has a cowboy hat"],"gold_per_floor":[18,18,18,34,34,34,34],"floor_reached":6,"playtime":293,"items_purged":[],"score":36,"play_id":"492b448d-a8ce-4b26-9580-186e5234b555","local_time":"20201227003514","is_ascension_mode":true,"campfire_choices":[],"circlet_count":0,"master_deck":["hermit:Strike_Hermit","hermit:Strike_Hermit","hermit:Strike_Hermit","hermit:Defend_Hermit","hermit:Defend_Hermit","hermit:Defend_Hermit","hermit:Snapshot","hermit:Covet","hermit:TrackingShot","hermit:Glare","hubris:Envy","Overencumbered","infinitespire:Fortify","Regret"],"relics":["hermit:Momento","hubris:DisguiseKit"],"acts_visited":["Exordium"],"potions_floor_usage":[],"damage_taken":[{"damage":10,"enemies":"Small Slimes","floor":1,"turns":3},{"damage":2,"enemies":"Jaw Worm","floor":4,"turns":3},{"damage":42,"enemies":"3 Sentries","floor":6,"turns":10}],"seed_played":"4041733362370043214","potions_obtained":[{"floor":1,"key":"Swift Potion"}],"is_trial":false,"path_per_floor":["M","$","?","M","?","E"],"character_chosen":"HERMIT","items_purchased":[],"campfire_rested":0,"item_purchase_floors":[],"current_hp_per_floor":[65,65,65,63,63,21,21],"gold":34,"neow_bonus":"TRANSFORM_TWO_CARDS","is_daily":false,"chose_seed":false,"campfire_upgraded":0,"win_rate":0.0,"timestamp":1609050914,"path_taken":["M","$","?","M","?","E"],"items_purchased_type":[],"build_version":"2020-12-22","purchased_purges":0,"victory":false,"max_hp_per_floor":[75,75,75,75,75,75,75],"relic_stats":{"counters":[3,16],"obtain_stats":[{"hubris:DisguiseKit":5,"hermit:Momento":0},{"hubris:DisguiseKit":2,"hermit:Momento":0},{"hubris:DisguiseKit":6,"hermit:Momento":0}]},"card_choices":[{"not_picked":["hermit:HoleUp","hermit:LowProfile","hermit:Misfire"],"picked":"SKIP","floor":1},{"not_picked":["ReplayTheSpireMod:Haul","infinitespire:TheBestDefense"],"picked":"infinitespire:Fortify","floor":3},{"not_picked":["hermit:SprayPray","hermit:Shortfuse","hermit:Dive"],"picked":"SKIP","floor":4}],"player_experience":351281,"relics_obtained":[],"event_choices":[],"is_beta":false,"boss_relics":[],"items_purged_floors":[],"is_endless":false,"potions_floor_spawned":[1],"killed_by":"3 Sentries","ascension_level":1}}