{"host":"utqe55yv0jihe4d6","time":1609029774,"event":{"mods":["2.2 Compatiblity","AchievementEnabler","BaseMod","Block Reminder","Colored Map","Colored Powertips","Minty Spire (QoL Compilation)","Quick Restart","Rare Cards Sparkle","Relic Stats","SuperFastMode"],"gold_per_floor":[114,114,133,133,147,147,182,182,182,211,211,13,33,33,33,132,132,147,166,166,181,201,201,201],"floor_reached":23,"playtime":939,"items_purged":[],"score":402,"play_id":"06066829-0b9b-4397-be21-e3d875050c25","local_time":"20201226194254","is_ascension_mode":true,"campfire_choices":[{"floor":6,"key":"REST"},{"floor":8,"key":"REST"},{"floor":15,"key":"REST"}],"circlet_count":0,"master_deck":["AscendersBane","Strike_G","Defend_G","Defend_G","Defend_G","Defend_G","Defend_G","Survivor","Neutralize","Predator","Endless Agony","Cloak And Dagger","Apotheosis","Acrobatics","Corpse Explosion","PiercingWail+1","Infinite Blades+1","Terror+1","Backflip","Flechettes+1","Quick Slash+1"],"relics":["Fusion Hammer","Blood Vial","Mango","Bottled Flame","Golden Idol","Astrolabe"],"acts_visited":["Exordium","TheCity"],"potions_floor_usage":[9,13,18],"damage_taken":[{"damage":0,"enemies":"2 Louse","floor":1,"turns":3},{"damage":2,"enemies":"Jaw Worm","floor":3,"turns":3},{"damage":4,"enemies":"Small Slimes","floor":5,"turns":3},{"damage":40,"enemies":"Lagavulin","floor":7,"turns":8},{"damage":51,"enemies":"Gremlin Nob","floor":10,"turns":5},{"damage":4,"enemies":"Exordium Wildlife","floor":13,"turns":6},{"damage":37,"enemies":"Slime Boss","floor":16,"turns":14},{"damage":10,"enemies":"2 Thieves","floor":18,"turns":3},{"damage":4,"enemies":"Spheric Guardian","floor":19,"turns":6},{"damage":0,"enemies":"3 Cultists","floor":21,"turns":4},{"damage":9,"enemies":"Snake Plant","floor":22,"turns":6},{"damage":49,"enemies":"Gremlin Leader","floor":23,"turns":6}],"seed_played":"-4831914074787861295","potions_obtained":[{"floor":1,"key":"Dexterity Potion"},{"floor":7,"key":"Fruit Juice"},{"floor":10,"key":"Block Potion"},{"floor":16,"key":"EssenceOfSteel"},{"floor":21,"key":"SteroidPotion"},{"floor":22,"key":"LiquidBronze"}],"is_trial":false,"path_per_floor":["M","?","M","?","M","R","E","R","T","E","?","$","M","$","R","B",null,"M","M","?","M","M","E"],"character_chosen":"THE_SILENT","items_purchased":["Apotheosis"],"campfire_rested":3,"item_purchase_floors":[12],"current_hp_per_floor":[59,54,54,54,52,66,40,64,69,20,20,20,18,18,41,6,59,51,49,49,51,44,0,0],"gold":201,"neow_bonus":"BOSS_RELIC","is_daily":false,"chose_seed":false,"campfire_upgraded":0,"win_rate":0.0,"timestamp":1609029774,"path_taken":["M","?","M","?","M","R","E","R","T","E","?","$","?","?","R","BOSS","M","M","?","M","M","E"],"items_purchased_type":["Card"],"build_version":"2020-12-22","purchased_purges":0,"victory":false,"max_hp_per_floor":[66,66,66,66,66,66,80,80,85,85,77,77,77,77,77,77,77,77,77,77,77,77,77,77],"relic_stats":{"Blood Vial":20,"counters":[12,67],"Golden Idol":38,"Astrolabe":["PiercingWail","Infinite Blades","Terror"],"obtain_stats":[{"Blood Vial":2,"Bottled Flame":10,"Golden Idol":11,"Astrolabe":17,"Mango":7,"Fusion Hammer":0,"Ring of the Snake":0},{"Blood Vial":1,"Bottled Flame":5,"Golden Idol":5,"Astrolabe":7,"Mango":4,"Fusion Hammer":0,"Ring of the Snake":0},{"Blood Vial":3,"Bottled Flame":22,"Golden Idol":22,"Astrolabe":42,"Mango":17,"Fusion Hammer":0,"Ring of the Snake":0}]},"card_choices":[{"not_picked":["Endless Agony","Bane"],"picked":"Predator","floor":1},{"not_picked":["Dodge and Roll","Tactician","Underhanded Strike"],"picked":"SKIP","floor":3},{"not_picked":["Prepared","Backstab"],"picked":"Endless Agony","floor":5},{"not_picked":["Underhanded Strike","Bane"],"picked":"Cloak And Dagger","floor":7},{"not_picked":["Flechettes","Night Terror","Catalyst"],"picked":"SKIP","floor":10},{"not_picked":["Flying Knee","Eviscerate"],"picked":"Acrobatics","floor":13},{"not_picked":["Burst","Grand Finale"],"picked":"Corpse Explosion","floor":16},{"not_picked":["Masterful Stab","Endless Agony"],"picked":"Backflip","floor":18},{"not_picked":["Dagger Throw","Deflect","Terror+1"],"picked":"SKIP","floor":19},{"not_picked":["Deflect","Slice+1"],"picked":"Flechettes+1","floor":21},{"not_picked":["Cloak And Dagger+1","Dodge and Roll+1"],"picked":"Quick Slash+1","floor":22}],"player_experience":2876719,"relics_obtained":[{"floor":7,"key":"Mango"},{"floor":10,"key":"Bottled Flame"}],"event_choices":[{"damage_healed":0,"gold_gain":0,"player_choice":"Success","damage_taken":5,"relics_obtained":["Blood Vial"],"max_hp_gain":0,"max_hp_loss":0,"event_name":"Scrap Ooze","floor":2,"gold_loss":0},{"damage_healed":0,"gold_gain":0,"player_choice":"Ignored","damage_taken":0,"max_hp_gain":0,"max_hp_loss":0,"event_name":"Liars Game","floor":4,"gold_loss":0},{"damage_healed":0,"gold_gain":0,"player_choice":"Lose Max HP","damage_taken":0,"relics_obtained":["Golden Idol"],"max_hp_gain":0,"max_hp_loss":8,"event_name":"Golden Idol","floor":11,"gold_loss":0},{"cards_removed":["Strike_G"],"damage_healed":0,"gold_gain":0,"player_choice":"Elegance","damage_taken":0,"max_hp_gain":0,"max_hp_loss":0,"event_name":"Back to Basics","floor":20,"gold_loss":0}],"is_beta":false,"boss_relics":[{"not_picked":["Runic Dome","Empty Cage"],"picked":"Astrolabe"}],"items_purged_floors":[],"is_endless":false,"potions_floor_spawned":[1,7,10,16,21,22],"killed_by":"Gremlin Leader","ascension_level":20}}