{"host":"dhyczjm99amxd3qx","time":1609110663,"event":{"mods":["BaseMod","Colored Map","Googly Eyes","Highlight Path","Minty Spire (QoL Compilation)","Quick Restart","StSLib"],"gold_per_floor":[364,376,389,407,407,435,435,461,485,497,528,528,528,556,556,657,657,671,621,638,655,348,348,375,179,231,29,64,64,96,122,122,218,218,233,250,261,261,483,517,541,541,541,569,581,581,581],"floor_reached":46,"playtime":2223,"items_purged":["Defend_R","Strike_R","Regret"],"score":673,"play_id":"97f5ff97-8e2a-4e6e-b193-b983d220d614","local_time":"20201227181103","is_ascension_mode":true,"campfire_choices":[{"data":"Immolate","floor":7.0,"key":"SMITH"},{"data":"Carnage","floor":15.0,"key":"SMITH"},{"data":"Flex","floor":23.0,"key":"SMITH"},{"data":"Demon Form","floor":32,"key":"SMITH"}],"circlet_count":0,"master_deck":["Strike_R+1","Strike_R","Strike_R","Defend_R","Defend_R","Defend_R","Bash","Carnage+1","Metallicize","Immolate+1","Rage","Clash+1","Cleave","Demon Form+1","Thunderclap+1","Flex+1","Bloodletting+1","Offering","Doubt","Regret"],"relics":["Burning Blood","Nunchaku","Juzu Bracelet","Regal Pillow","Smiling Mask","Sundial","Bottled Lightning","Cursed Key","Pear","Toy Ornithopter","Bag of Marbles","Centennial Puzzle","Bag of Preparation","FossilizedHelix","Red Mask","Blue Candle","Busted Crown","Bird Faced Urn","Oddly Smooth Stone","Bronze Scales","Blood Vial"],"acts_visited":["Exordium","TheCity","TheBeyond"],"potions_floor_usage":[33,35,44,45],"damage_taken":[{"damage":15.0,"enemies":"Cultist","floor":1.0,"turns":5.0},{"damage":4.0,"enemies":"Jaw Worm","floor":2.0,"turns":5.0},{"damage":0.0,"enemies":"Small Slimes","floor":3.0,"turns":5.0},{"damage":16.0,"enemies":"Blue Slaver","floor":4.0,"turns":4.0},{"damage":18.0,"enemies":"Lagavulin","floor":6.0,"turns":7.0},{"damage":9.0,"enemies":"3 Sentries","floor":8.0,"turns":5.0},{"damage":6.0,"enemies":"Exordium Thugs","floor":10.0,"turns":2.0},{"damage":3.0,"enemies":"Gremlin Nob","floor":11.0,"turns":3.0},{"damage":10.0,"enemies":"Lagavulin","floor":14.0,"turns":6.0},{"damage":14.0,"enemies":"Hexaghost","floor":16.0,"turns":9.0},{"damage":7.0,"enemies":"Shell Parasite","floor":18.0,"turns":3.0},{"damage":0.0,"enemies":"Spheric Guardian","floor":20.0,"turns":3.0},{"damage":0.0,"enemies":"Snecko","floor":21.0,"turns":1.0},{"damage":18.0,"enemies":"Slavers","floor":24.0,"turns":3.0},{"damage":0,"enemies":"Gremlin Leader","floor":28,"turns":5},{"damage":0,"enemies":"Masked Bandits","floor":30,"turns":1},{"damage":13,"enemies":"Book of Stabbing","floor":31,"turns":3},{"damage":52,"enemies":"Champ","floor":33,"turns":8},{"damage":0,"enemies":"3 Darklings","floor":35,"turns":2},{"damage":6,"enemies":"3 Shapes","floor":36,"turns":2},{"damage":6,"enemies":"Jaw Worm Horde","floor":37,"turns":2},{"damage":26,"enemies":"Nemesis","floor":40,"turns":5},{"damage":61,"enemies":"Giant Head","floor":44,"turns":7},{"damage":28,"enemies":"Spire Growth","floor":45,"turns":4},{"damage":24,"enemies":"Sphere and 2 Shapes","floor":46,"turns":2}],"seed_played":"7362380341473047680","potions_obtained":[{"floor":1.0,"key":"Block Potion"},{"floor":2.0,"key":"FearPotion"},{"floor":6.0,"key":"SneckoOil"},{"floor":11.0,"key":"Weak Potion"},{"floor":14.0,"key":"ElixirPotion"},{"floor":18.0,"key":"DistilledChaos"},{"floor":20.0,"key":"Swift Potion"},{"floor":24.0,"key":"GamblersBrew"},{"floor":33,"key":"SkillPotion"},{"floor":36,"key":"ElixirPotion"},{"floor":40,"key":"Strength Potion"}],"is_trial":false,"path_per_floor":["M","M","M","M","?","E","R","E","T","M","E","?","?","E","R","B",null,"M","?","M","M","$","R","E","$","T","$","E","?","?","E","R","B",null,"M","M","M","?","?","E","T","?","T","E","M","M"],"character_chosen":"IRONCLAD","items_purchased":["Pear","Bag of Marbles","Bag of Preparation"],"campfire_rested":0,"item_purchase_floors":[22,25,27],"current_hp_per_floor":[71,73,79,69,62,50,50,47,47,47,50,38,22,18,18,10,80,79,79,80,80,90,90,78,78,78,78,84,66,72,65,65,24,95,95,95,95,95,95,75,75,75,75,29,18,0,0],"gold":581,"neow_bonus":"TWO_FIFTY_GOLD","is_daily":false,"chose_seed":false,"campfire_upgraded":4,"win_rate":0.0,"timestamp":1609110663,"path_taken":["M","?","M","?","?","E","R","E","T","M","E","?","?","E","R","BOSS","M","?","M","M","$","R","E","?","T","$","E","?","?","E","R","BOSS","M","M","M","?","?","E","?","?","T","E","M","M"],"items_purchased_type":["Relic","Relic","Relic"],"build_version":"2020-12-22","purchased_purges":3,"victory":false,"max_hp_per_floor":[80,80,80,80,80,80,80,80,80,80,80,80,80,80,80,80,80,80,80,80,80,90,90,90,90,90,90,90,95,95,95,95,95,95,95,95,95,95,95,95,95,90,90,90,90,90,90],"card_choices":[{"not_picked":["Rage","Perfected Strike","Evolve"],"picked":"SKIP","floor":1.0},{"not_picked":["Clash","Cleave"],"picked":"Carnage","floor":2.0},{"not_picked":["Shrug It Off","Perfected Strike"],"picked":"Metallicize","floor":3.0},{"not_picked":["Burning Pact","Shrug It Off","Sentinel"],"picked":"SKIP","floor":4.0},{"not_picked":["Corruption","Shrug It Off"],"picked":"Immolate","floor":6.0},{"not_picked":["Barricade","Second Wind"],"picked":"Rage","floor":8.0},{"not_picked":["Wild Strike","Blood for Blood"],"picked":"Clash","floor":10.0},{"not_picked":["Uppercut","Twin Strike","True Grit"],"picked":"SKIP","floor":11.0},{"not_picked":["Wild Strike","Warcry"],"picked":"Cleave","floor":14.0},{"not_picked":["Limit Break","Bludgeon"],"picked":"Demon Form","floor":16.0},{"not_picked":["Body Slam+1","Twin Strike"],"picked":"Thunderclap+1","floor":18.0},{"not_picked":["Heavy Blade","Iron Wave"],"picked":"Flex","floor":20.0},{"not_picked":["Wild Strike","Anger","True Grit"],"picked":"SKIP","floor":21.0},{"not_picked":["Headbutt","Spot Weakness"],"picked":"Bloodletting+1","floor":24.0},{"not_picked":["Rupture","Fiend Fire","Body Slam"],"picked":"SKIP","floor":28},{"not_picked":["Intimidate","Burning Pact","Havoc+1"],"picked":"SKIP","floor":31},{"not_picked":["Juggernaut","Barricade"],"picked":"Offering","floor":33},{"not_picked":["Heavy Blade"],"picked":"SKIP","floor":35},{"not_picked":["Headbutt"],"picked":"SKIP","floor":36},{"not_picked":["Blood for Blood"],"picked":"SKIP","floor":37},{"not_picked":["Rampage+1"],"picked":"SKIP","floor":40},{"not_picked":["Flame Barrier"],"picked":"SKIP","floor":44},{"not_picked":["Dropkick"],"picked":"SKIP","floor":45}],"player_experience":112070,"relics_obtained":[{"floor":6.0,"key":"Nunchaku"},{"floor":8.0,"key":"Juzu Bracelet"},{"floor":9.0,"key":"Regal Pillow"},{"floor":11.0,"key":"Smiling Mask"},{"floor":14.0,"key":"Bottled Lightning"},{"floor":24.0,"key":"Toy Ornithopter"},{"floor":26.0,"key":"Centennial Puzzle"},{"floor":28,"key":"FossilizedHelix"},{"floor":30,"key":"Red Mask"},{"floor":31,"key":"Blue Candle"},{"floor":40,"key":"Bird Faced Urn"},{"floor":41,"key":"Oddly Smooth Stone"},{"floor":43,"key":"Bronze Scales"},{"floor":44,"key":"Blood Vial"}],"event_choices":[{"cards_removed":["Doubt"],"damage_healed":0.0,"max_hp_gain":0.0,"max_hp_loss":0.0,"gold_gain":0.0,"event_name":"Golden Wing","player_choice":"Card Removal","floor":5.0,"gold_loss":0.0,"damage_taken":7.0},{"damage_healed":0.0,"max_hp_gain":0.0,"max_hp_loss":0.0,"gold_gain":0.0,"event_name":"Scrap Ooze","player_choice":"Success","floor":12.0,"gold_loss":0.0,"damage_taken":12.0,"relics_obtained":["Sundial"]},{"damage_healed":0.0,"max_hp_gain":0.0,"max_hp_loss":0.0,"gold_gain":0.0,"event_name":"Shining Light","player_choice":"Entered Light","floor":13.0,"gold_loss":0.0,"damage_taken":16.0,"cards_upgraded":["Strike_R","Clash"]},{"damage_healed":0.0,"max_hp_gain":0.0,"max_hp_loss":0.0,"gold_gain":0.0,"event_name":"The Joust","player_choice":"Bet on Owner","floor":19.0,"gold_loss":50.0,"damage_taken":0.0},{"damage_healed":0,"gold_gain":0,"player_choice":"Shed Blood","damage_taken":23,"max_hp_gain":5,"max_hp_loss":0,"event_name":"Forgotten Altar","floor":29,"gold_loss":0},{"damage_healed":0,"gold_gain":0,"player_choice":"Fought Bandits","damage_taken":0,"max_hp_gain":0,"max_hp_loss":0,"event_name":"Masked Bandits","floor":30,"gold_loss":0},{"cards_removed":["Strike_R"],"damage_healed":0,"gold_gain":0,"player_choice":"Removed Attack","damage_taken":0,"max_hp_gain":0,"max_hp_loss":0,"event_name":"Falling","floor":38,"gold_loss":0},{"damage_healed":0,"gold_gain":222,"player_choice":"Wore Mask","damage_taken":0,"max_hp_gain":0,"max_hp_loss":0,"event_name":"Tomb of Lord Red Mask","floor":39,"gold_loss":0},{"damage_healed":0,"gold_gain":0,"player_choice":"Max HP","damage_taken":0,"max_hp_gain":0,"max_hp_loss":5,"event_name":"Winding Halls","floor":42,"gold_loss":0}],"is_beta":false,"boss_relics":[{"not_picked":["Velvet Choker","Fusion Hammer"],"picked":"Cursed Key"},{"not_picked":["Runic Cube","Sozu"],"picked":"Busted Crown"}],"items_purged_floors":[22,25,27],"is_endless":false,"potions_floor_spawned":[1,2,6,11,14,18,20,24,33,36,40],"killed_by":"Sphere and 2 Shapes","ascension_level":2}}