{"host":"5fasz840ryq7obdf","time":1609062259,"event":{"mods":["AchievementEnabler","BaseMod","Bestiary","Better Altar","Better Skull","Better Third Choice","BetterRewards","Block Reminder","Colored Powertips","Curses Come First","Minty Spire (QoL Compilation)","Quick Restart","Relic Stats","Shop Mod","Spicy Shops","StSLib"],"gold_per_floor":[119,119,134,134,148,187,187,225,225,248,282,247,247,287,287,383,446,471,471,490,508,533,567,592,635,635,635,669,669,710,731,731,830,830,844,24,40,61,394,420,370,370,396,435,435,462,490,524,524,524,524],"floor_reached":52,"playtime":5698,"items_purged":["Defend_G","Strike_G"],"score":2221,"play_id":"251f6231-2347-483d-bad2-878bc03a6a0d","local_time":"20201227094419","is_ascension_mode":true,"campfire_choices":[{"floor":7.0,"key":"REST"},{"data":"After Image","floor":13.0,"key":"SMITH"},{"floor":15.0,"key":"REST"},{"data":"Phantasmal Killer","floor":27.0,"key":"SMITH"},{"data":"A Thousand Cuts","floor":29.0,"key":"SMITH"},{"floor":32.0,"key":"REST"},{"data":"Terror","floor":42.0,"key":"SMITH"},{"floor":45.0,"key":"REST"},{"data":"Adrenaline","floor":49,"key":"SMITH"}],"circlet_count":0,"master_deck":["AscendersBane","Strike_G","Strike_G","Strike_G","Strike_G","Defend_G","Defend_G","Defend_G","Defend_G","Survivor+1","Neutralize","Infinite Blades","Blade Dance","Backflip","Footwork","Terror+1","Dagger Throw","Leg Sweep","Tactician","Outmaneuver","After Image+1","Blur","Cloak And Dagger","Finisher","A Thousand Cuts+1","Prepared","PiercingWail+1","Adrenaline+1","Leg Sweep","Phantasmal Killer+1","Cloak And Dagger","Blur","Backstab","Footwork","Crippling Poison","Envenom","Tactician","Footwork","Sucker Punch","Finisher","Acrobatics","Tools of the Trade+1","Skewer+1","Malaise","Neutralize","Outmaneuver","Footwork","A Thousand Cuts"],"relics":["Ring of the Snake","Vajra","Gremlin Horn","Bag of Preparation","Mercury Hourglass","Toy Ornithopter","Oddly Smooth Stone","Pocketwatch","Tiny House","Lantern","Shuriken","Kunai","Regal Pillow","Juzu Bracelet","HoveringKite","Pen Nib","Paper Crane","Letter Opener","Nunchaku","CeramicFish","Blood Vial"],"acts_visited":["Exordium","TheCity","TheBeyond"],"potions_floor_usage":[],"damage_taken":[{"damage":0.0,"enemies":"Small Slimes","floor":1.0,"turns":2.0},{"damage":0.0,"enemies":"Jaw Worm","floor":3.0,"turns":5.0},{"damage":3.0,"enemies":"Cultist","floor":5.0,"turns":4.0},{"damage":6.0,"enemies":"Lagavulin","floor":6.0,"turns":9.0},{"damage":23.0,"enemies":"Gremlin Nob","floor":8.0,"turns":4.0},{"damage":0.0,"enemies":"Gremlin Gang","floor":10.0,"turns":3.0},{"damage":2.0,"enemies":"3 Sentries","floor":11.0,"turns":5.0},{"damage":11.0,"enemies":"Lagavulin","floor":14.0,"turns":7.0},{"damage":17.0,"enemies":"The Guardian","floor":16.0,"turns":7.0},{"damage":3.0,"enemies":"Chosen","floor":18.0,"turns":6.0},{"damage":5.0,"enemies":"Shell Parasite","floor":20.0,"turns":6.0},{"damage":8.0,"enemies":"Sentry and Sphere","floor":21.0,"turns":7.0},{"damage":15.0,"enemies":"Centurion and Healer","floor":22.0,"turns":9.0},{"damage":13.0,"enemies":"Book of Stabbing","floor":23.0,"turns":8.0},{"damage":3.0,"enemies":"Snake Plant","floor":24.0,"turns":5.0},{"damage":8.0,"enemies":"Slavers","floor":25.0,"turns":6.0},{"damage":0.0,"enemies":"Gremlin Leader","floor":28.0,"turns":4.0},{"damage":35.0,"enemies":"Book of Stabbing","floor":30.0,"turns":5.0},{"damage":0.0,"enemies":"3 Cultists","floor":31.0,"turns":4.0},{"damage":0.0,"enemies":"Automaton","floor":33.0,"turns":9.0},{"damage":28.0,"enemies":"3 Darklings","floor":35.0,"turns":5.0},{"damage":0.0,"enemies":"Orb Walker","floor":37.0,"turns":4.0},{"damage":1.0,"enemies":"3 Darklings","floor":38.0,"turns":3.0},{"damage":11.0,"enemies":"Nemesis","floor":40.0,"turns":5.0},{"damage":12.0,"enemies":"Reptomancer","floor":44.0,"turns":4.0},{"damage":0,"enemies":"Sphere and 2 Shapes","floor":47,"turns":5},{"damage":15,"enemies":"Nemesis","floor":48,"turns":7},{"damage":17,"enemies":"Time Eater","floor":50,"turns":16},{"damage":18,"enemies":"Awakened One","floor":51,"turns":15}],"seed_played":"-2032101904052284631","potions_obtained":[{"floor":1.0,"key":"Fire Potion"},{"floor":3.0,"key":"FearPotion"},{"floor":10.0,"key":"GhostInAJar"},{"floor":14.0,"key":"AttackPotion"},{"floor":17.0,"key":"SpeedPotion"},{"floor":18.0,"key":"FearPotion"},{"floor":22.0,"key":"Regen Potion"},{"floor":23.0,"key":"Fire Potion"},{"floor":28.0,"key":"Energy Potion"},{"floor":30.0,"key":"GamblersBrew"},{"floor":37.0,"key":"LiquidMemories"},{"floor":40.0,"key":"FairyPotion"}],"is_trial":false,"path_per_floor":["M","?","M","?","M","E","R","E","T","M","E","?","R","E","R","B",null,"M","?","M","M","M","E","M","E","T","R","E","R","E","M","R","B",null,"M","$","M","M","?","E","?","R","T","E","R","?","M","E","R","B","B",null],"character_chosen":"THE_SILENT","items_purchased":["Infinite Blades","Blade Dance","Backflip","Vajra","Footwork","Terror","Gremlin Horn","Dagger Throw","Pen Nib","Paper Crane","Footwork","Sucker Punch","Finisher"],"campfire_rested":4,"item_purchase_floors":[0,0,0,0,0,0,0,0,36,36,36,36,36],"current_hp_per_floor":[28,28,28,25,22,16,34,11,11,11,14,29,29,18,36,24,56,53,53,48,40,30,42,39,36,36,36,36,36,1,1,35,45,60,32,32,32,36,36,25,25,25,25,13,47,47,47,32,32,17,1],"gold":524,"neow_bonus":"","is_daily":false,"chose_seed":false,"campfire_upgraded":5,"win_rate":0.0,"timestamp":1609062259,"path_taken":["M","?","M","?","?","E","R","E","T","?","E","?","R","E","R","BOSS","M","?","M","M","M","E","M","E","T","R","E","R","E","M","R","BOSS","M","$","M","M","?","E","?","R","T","E","R","?","M","E","R","BOSS","BOSS"],"items_purchased_type":["Card","Card","Card","Relic","Card","Card","Relic","Card","Relic","Relic","Card","Card","Card"],"build_version":"2020-12-22","purchased_purges":2,"victory":true,"max_hp_per_floor":[66,60,60,60,60,60,60,60,60,60,60,60,60,60,60,60,65,65,65,65,65,65,65,65,65,65,65,65,65,65,65,65,65,65,65,65,65,65,65,65,65,65,65,65,65,65,65,65,65,65,65],"relic_stats":{"Regal Pillow":30,"Gremlin Horn":[32,32],"counters":[29,179],"CeramicFish":54,"HoveringKite":[43],"Pen Nib":[81],"Bag of Preparation":[110],"Juzu Bracelet":1,"Letter Opener":[153],"Mercury Hourglass":[909],"Blood Vial":6,"Nunchaku":[23],"Shuriken":[39],"Kunai":[128],"obtain_stats":[{"Lantern":23,"Regal Pillow":28,"Tiny House":17,"Gremlin Horn":0,"Golden Idol":2,"CeramicFish":44,"Vajra":0,"Oddly Smooth Stone":11,"HoveringKite":34,"Pen Nib":36,"Bag of Preparation":6,"Juzu Bracelet":30,"Letter Opener":40,"Paper Crane":36,"Mercury Hourglass":8,"Blood Vial":48,"Nunchaku":43,"Shuriken":25,"Kunai":26,"Toy Ornithopter":9,"Ring of the Snake":0,"Pocketwatch":14},{"Lantern":14,"Regal Pillow":17,"Tiny House":9,"Gremlin Horn":0,"Golden Idol":1,"CeramicFish":25,"Vajra":0,"Oddly Smooth Stone":7,"HoveringKite":20,"Pen Nib":21,"Bag of Preparation":4,"Juzu Bracelet":18,"Letter Opener":24,"Paper Crane":21,"Mercury Hourglass":5,"Blood Vial":27,"Nunchaku":24,"Shuriken":16,"Kunai":16,"Toy Ornithopter":5,"Ring of the Snake":0,"Pocketwatch":8},{"Lantern":82,"Regal Pillow":97,"Tiny House":46,"Gremlin Horn":0,"Golden Idol":2,"CeramicFish":136,"Vajra":0,"Oddly Smooth Stone":32,"HoveringKite":115,"Pen Nib":120,"Bag of Preparation":20,"Juzu Bracelet":102,"Letter Opener":132,"Paper Crane":120,"Mercury Hourglass":24,"Blood Vial":148,"Nunchaku":132,"Shuriken":93,"Kunai":93,"Toy Ornithopter":24,"Ring of the Snake":0,"Pocketwatch":39}],"Toy Ornithopter":75,"Ring of the Snake":[58],"Pocketwatch":[78]},"card_choices":[{"not_picked":["Setup","Terror"],"picked":"Leg Sweep","floor":1.0},{"not_picked":["Deadly Poison","Prepared"],"picked":"Tactician","floor":3.0},{"not_picked":["Caltrops","Dagger Throw"],"picked":"Outmaneuver","floor":5.0},{"not_picked":["Finisher","Poisoned Stab"],"picked":"After Image","floor":6.0},{"not_picked":["Concentrate","PiercingWail"],"picked":"Blur","floor":8.0},{"not_picked":["Concentrate","Dagger Spray"],"picked":"Cloak And Dagger","floor":10.0},{"not_picked":["Sucker Punch","Dodge and Roll","Acrobatics"],"picked":"SKIP","floor":11.0},{"not_picked":["Dash","Outmaneuver"],"picked":"Finisher","floor":14.0},{"not_picked":["Storm of Steel","Bullet Time"],"picked":"A Thousand Cuts","floor":16.0},{"not_picked":["PiercingWail","Heel Hook"],"picked":"Prepared","floor":17.0},{"not_picked":["Underhanded Strike","Outmaneuver"],"picked":"PiercingWail+1","floor":18.0},{"not_picked":["Cloak And Dagger","Blade Dance"],"picked":"Adrenaline","floor":20.0},{"not_picked":["Masterful Stab","Poisoned Stab","Bane"],"picked":"SKIP","floor":21.0},{"not_picked":["Skewer","Deadly Poison"],"picked":"Leg Sweep","floor":22.0},{"not_picked":["Cloak And Dagger","Dagger Spray+1"],"picked":"Phantasmal Killer","floor":23.0},{"not_picked":["Bane","Distraction"],"picked":"Cloak And Dagger","floor":24.0},{"not_picked":["Flying Knee","Caltrops"],"picked":"Blur","floor":25.0},{"not_picked":["Bane","All Out Attack"],"picked":"Backstab","floor":28.0},{"not_picked":["Endless Agony","Masterful Stab"],"picked":"Footwork","floor":30.0},{"not_picked":["Outmaneuver","Heel Hook"],"picked":"Crippling Poison","floor":31.0},{"not_picked":["Storm of Steel","Glass Knife"],"picked":"Envenom","floor":33.0},{"not_picked":["Bouncing Flask","Deflect"],"picked":"Tactician","floor":35.0},{"not_picked":["Flechettes","Choke","Poisoned Stab+1"],"picked":"SKIP","floor":37.0},{"not_picked":["Riddle With Holes","Deadly Poison"],"picked":"Acrobatics","floor":38.0},{"not_picked":["Backflip","Adrenaline"],"picked":"Tools of the Trade","floor":40.0},{"not_picked":["Quick Slash+1","Leg Sweep"],"picked":"Skewer+1","floor":44.0},{"not_picked":["Acrobatics","Bane"],"picked":"Footwork","floor":47},{"not_picked":["Bane","Cloak And Dagger"],"picked":"A Thousand Cuts","floor":48}],"player_experience":1150676,"relics_obtained":[{"floor":6.0,"key":"Bag of Preparation"},{"floor":8.0,"key":"Mercury Hourglass"},{"floor":9.0,"key":"Toy Ornithopter"},{"floor":11.0,"key":"Oddly Smooth Stone"},{"floor":14.0,"key":"Pocketwatch"},{"floor":23.0,"key":"Lantern"},{"floor":25.0,"key":"Shuriken"},{"floor":26.0,"key":"Kunai"},{"floor":28.0,"key":"Regal Pillow"},{"floor":30.0,"key":"Juzu Bracelet"},{"floor":40.0,"key":"Letter Opener"},{"floor":43.0,"key":"Nunchaku"},{"floor":44.0,"key":"CeramicFish"},{"floor":48,"key":"Blood Vial"}],"event_choices":[{"damage_healed":0.0,"max_hp_gain":0.0,"max_hp_loss":6.0,"gold_gain":0.0,"event_name":"Golden Idol","player_choice":"Lose Max HP","floor":2.0,"gold_loss":0.0,"damage_taken":0.0,"relics_obtained":["Golden Idol"]},{"damage_healed":0.0,"max_hp_gain":0.0,"max_hp_loss":0.0,"gold_gain":0.0,"event_name":"The Woman in Blue","player_choice":"Bought 0 Potions","floor":4.0,"gold_loss":0.0,"damage_taken":0.0},{"damage_healed":15.0,"max_hp_gain":0.0,"max_hp_loss":0.0,"gold_gain":0.0,"event_name":"The Cleric","player_choice":"Healed","floor":12.0,"gold_loss":35.0,"damage_taken":0.0},{"damage_healed":0.0,"max_hp_gain":0.0,"max_hp_loss":0.0,"gold_gain":0.0,"event_name":"Vampires","player_choice":"Ignored","floor":19.0,"gold_loss":0.0,"damage_taken":0.0},{"damage_healed":0.0,"max_hp_gain":0.0,"max_hp_loss":0.0,"gold_gain":333.0,"event_name":"The Moai Head","player_choice":"Gave Idol","floor":39.0,"relics_lost":["Golden Idol"],"gold_loss":0.0,"damage_taken":0.0},{"damage_healed":0.0,"max_hp_gain":0.0,"max_hp_loss":0.0,"gold_gain":0.0,"event_name":"Designer","player_choice":"Upgrade","floor":41.0,"gold_loss":50.0,"damage_taken":0.0,"cards_upgraded":["Tools of the Trade"]},{"damage_healed":0,"gold_gain":0,"player_choice":"3 cards matched","damage_taken":0,"max_hp_gain":0,"max_hp_loss":0,"event_name":"Match and Keep!","floor":46,"gold_loss":0,"cards_obtained":["Malaise","Neutralize","Outmaneuver"]}],"is_beta":false,"boss_relics":[{"not_picked":["Runic Dome","Fusion Hammer"],"picked":"Tiny House"},{"not_picked":["Pandora\u0027s Box","Philosopher\u0027s Stone"],"picked":"HoveringKite"}],"items_purged_floors":[0,36],"is_endless":false,"potions_floor_spawned":[1,3,10,14,18,22,23,28,30,37,40],"ascension_level":20}}