{"host":"rqd50iigewdjy74u","time":1609074112,"event":{"mods":["AchievementEnabler","BaseMod","BetterRewards","Custom Start","Minty Spire (QoL Compilation)","StSLib"],"gold_per_floor":[111,130,130,149,165,192,192,209,209,265,126,126,140,140,140,245,245,261,281,281,281],"floor_reached":20,"playtime":828,"items_purged":[],"score":176,"play_id":"cd1fe94c-e3fa-4870-aa7a-0f9992e9c0b0","local_time":"20201227070152","is_ascension_mode":false,"campfire_choices":[{"data":"PathToVictory","floor":7,"key":"SMITH"},{"data":"DevaForm","floor":12,"key":"SMITH"},{"data":"Eruption","floor":15,"key":"SMITH"}],"circlet_count":0,"master_deck":["Strike_P","Strike_P","Strike_P","Strike_P","Defend_P","Defend_P","Defend_P","Eruption+1","Vigilance","PathToVictory","BattleHymn","Judgement","WindmillStrike","PathToVictory+1","BowlingBash","Halt","DevaForm+1","BowlingBash","Establishment","FlyingSleeves","SignatureMove"],"relics":["SacredBark","Kunai","Nunchaku","VioletLotus"],"acts_visited":["Exordium","TheCity"],"potions_floor_usage":[8,10,16,16,20],"damage_taken":[{"damage":0,"enemies":"Cultist","floor":1,"turns":4},{"damage":3,"enemies":"Small Slimes","floor":2,"turns":4},{"damage":0,"enemies":"2 Louse","floor":4,"turns":2},{"damage":7,"enemies":"Blue Slaver","floor":5,"turns":3},{"damage":8,"enemies":"Gremlin Nob","floor":6,"turns":3},{"damage":14,"enemies":"Gremlin Gang","floor":8,"turns":2},{"damage":14,"enemies":"3 Sentries","floor":10,"turns":4},{"damage":9,"enemies":"2 Fungi Beasts","floor":13,"turns":2},{"damage":9,"enemies":"The Guardian","floor":16,"turns":8},{"damage":42,"enemies":"2 Thieves","floor":18,"turns":4},{"damage":22,"enemies":"3 Byrds","floor":19,"turns":4},{"damage":37,"enemies":"Snecko","floor":20,"turns":3}],"seed_played":"-8544471765876825013","potions_obtained":[{"floor":2,"key":"Explosive Potion"},{"floor":4,"key":"StancePotion"},{"floor":10,"key":"Block Potion"},{"floor":13,"key":"Ancient Potion"},{"floor":18,"key":"GamblersBrew"}],"is_trial":false,"path_per_floor":["M","M","?","M","M","E","R","M","T","?","$","R","M","?","R","B",null,"M","M","M"],"character_chosen":"WATCHER","items_purchased":["DevaForm"],"campfire_rested":0,"item_purchase_floors":[11],"current_hp_per_floor":[72,69,62,62,55,47,47,33,33,19,19,19,10,10,10,1,72,30,8,0,0],"gold":281,"neow_bonus":"BOSS_RELIC","is_daily":false,"chose_seed":false,"campfire_upgraded":3,"win_rate":0.0,"timestamp":1609074112,"path_taken":["M","?","?","M","M","E","R","M","T","?","$","R","M","?","R","BOSS","M","M","M"],"items_purchased_type":["Card"],"build_version":"2020-12-22","purchased_purges":0,"victory":false,"max_hp_per_floor":[72,72,72,72,72,72,72,72,72,72,72,72,72,72,72,72,72,72,72,72,72],"card_choices":[{"not_picked":["Prostrate","Evaluate"],"picked":"PathToVictory","floor":1},{"not_picked":["ReachHeaven","EmptyBody"],"picked":"BattleHymn","floor":2},{"not_picked":["FollowUp","FlurryOfBlows"],"picked":"Judgement","floor":4},{"not_picked":["CrushJoints","EmptyFist"],"picked":"WindmillStrike","floor":5},{"not_picked":["JustLucky","Protect"],"picked":"PathToVictory","floor":6},{"not_picked":["WheelKick","CrushJoints"],"picked":"BowlingBash","floor":8},{"not_picked":["FollowUp","CutThroughFate"],"picked":"Halt","floor":10},{"not_picked":["Consecrate","SashWhip"],"picked":"BowlingBash","floor":13},{"not_picked":["Scrawl","Judgement"],"picked":"Establishment","floor":16},{"not_picked":["FlurryOfBlows","CutThroughFate"],"picked":"FlyingSleeves","floor":18},{"not_picked":["EmptyFist","FollowUp"],"picked":"SignatureMove","floor":19}],"player_experience":124286,"relics_obtained":[{"floor":6,"key":"Kunai"}],"event_choices":[{"cards_removed":["Defend_P"],"damage_healed":0,"gold_gain":0,"player_choice":"Card Removal","damage_taken":7,"max_hp_gain":0,"max_hp_loss":0,"event_name":"Golden Wing","floor":3,"gold_loss":0},{"damage_healed":0,"gold_gain":0,"player_choice":"Searched \u00272\u0027 times","damage_taken":0,"relics_obtained":["Nunchaku"],"max_hp_gain":0,"max_hp_loss":0,"event_name":"Dead Adventurer","floor":10,"gold_loss":0},{"cards_removed":["Strike_B"],"damage_healed":0,"gold_gain":0,"player_choice":"Took Card","damage_taken":0,"max_hp_gain":0,"max_hp_loss":0,"event_name":"NoteForYourself","floor":14,"gold_loss":0,"cards_obtained":["Strike_B"]}],"is_beta":false,"boss_relics":[{"not_picked":["Tiny House","Ectoplasm"],"picked":"VioletLotus"}],"items_purged_floors":[],"is_endless":false,"potions_floor_spawned":[2,4,10,13,18],"killed_by":"Snecko","ascension_level":0}}