{"host":"kh6fvhxn285ncg0o","time":1609032401,"event":{"mods":["Act Like it!","BaseMod","Colored Map","Friendly Minions","Keyboard Shortcuts","Minty Spire (QoL Compilation)","Quick Restart","Relic Stats","StSLib","SuperFastMode"],"gold_per_floor":[11,22,39,55,66,97,97,122,122,47,63,63,213,113,113,186,186,203,203,219,56,69,99,99,99,99,129,142,168,201,211,211,284,284,304,1303,1193,1205,551,576,576,602,602,602,619,648,677,677,677,677,677,677,677,141,166,166],"floor_reached":57,"playtime":1937,"items_purged":["Strike_R","Strike_R","Dropkick","Carnage+1"],"score":3366,"play_id":"cdd98093-2fc8-458a-8936-dc341ab0e2f3","local_time":"20201227102641","is_ascension_mode":true,"campfire_choices":[{"data":"Armaments","floor":7.0,"key":"SMITH"},{"data":"Juggernaut","floor":12.0,"key":"SMITH"},{"data":"Battle Trance","floor":15.0,"key":"SMITH"},{"data":"Offering","floor":24.0,"key":"SMITH"},{"floor":25.0,"key":"REST"},{"data":"Barricade","floor":32,"key":"SMITH"},{"data":"Body Slam","floor":41,"key":"SMITH"},{"data":"Rage","floor":44,"key":"SMITH"},{"floor":49,"key":"RECALL"},{"data":"Entrench","floor":53,"key":"SMITH"}],"circlet_count":0,"master_deck":["AscendersBane","Defend_R","Defend_R","Defend_R","Second Wind","Battle Trance+1","Armaments+1","Battle Trance","Juggernaut+1","Doubt","Offering+1","Sentinel","Body Slam+1","Corruption","Flame Barrier+1","Barricade+1","Entrench+1","Shockwave","Shrug It Off","Rage+1","Evolve","Burning Pact+1","Dark Embrace","Feel No Pain","Flash of Steel","Secret Technique"],"relics":["Burning Blood","WingedGreaves","Unceasing Top","Singing Bowl","Empty Cage","Orrery","StoneCalendar","Omamori","Bottled Tornado","Champion Belt","Happy Flower","Sozu","Sundial","ClockworkSouvenir","Lantern","Whetstone","Blood Vial","Centennial Puzzle","Mummified Hand"],"acts_visited":["Exordium","TheCity","TheBeyond","TheEnding"],"potions_floor_usage":[33,46],"damage_taken":[{"damage":0.0,"enemies":"Cultist","floor":1.0,"turns":4.0},{"damage":5.0,"enemies":"Small Slimes","floor":2.0,"turns":3.0},{"damage":7.0,"enemies":"Jaw Worm","floor":3.0,"turns":3.0},{"damage":15.0,"enemies":"Red Slaver","floor":4.0,"turns":5.0},{"damage":11.0,"enemies":"Blue Slaver","floor":5.0,"turns":4.0},{"damage":44.0,"enemies":"Gremlin Nob","floor":6.0,"turns":5.0},{"damage":18.0,"enemies":"Lagavulin","floor":8.0,"turns":6.0},{"damage":1.0,"enemies":"Looter","floor":11.0,"turns":3.0},{"damage":3.0,"enemies":"The Guardian","floor":16.0,"turns":11.0},{"damage":17.0,"enemies":"2 Thieves","floor":18.0,"turns":3.0},{"damage":19.0,"enemies":"Spheric Guardian","floor":20.0,"turns":4.0},{"damage":6.0,"enemies":"3 Cultists","floor":22.0,"turns":4.0},{"damage":6.0,"enemies":"Gremlin Leader","floor":23.0,"turns":4.0},{"damage":17.0,"enemies":"Book of Stabbing","floor":27.0,"turns":4.0},{"damage":7.0,"enemies":"Centurion and Healer","floor":28.0,"turns":3.0},{"damage":19.0,"enemies":"Slavers","floor":29.0,"turns":4.0},{"damage":26,"enemies":"Gremlin Leader","floor":30,"turns":6},{"damage":6,"enemies":"Snecko","floor":31,"turns":5},{"damage":6,"enemies":"Automaton","floor":33,"turns":4},{"damage":6,"enemies":"Orb Walker","floor":35,"turns":2},{"damage":0,"enemies":"3 Shapes","floor":38,"turns":6},{"damage":6,"enemies":"Nemesis","floor":40,"turns":5},{"damage":0,"enemies":"Giant Head","floor":42,"turns":5},{"damage":26,"enemies":"Writhing Mass","floor":45,"turns":5},{"damage":6,"enemies":"Reptomancer","floor":46,"turns":5},{"damage":0,"enemies":"Giant Head","floor":47,"turns":4},{"damage":37,"enemies":"Donu and Deca","floor":50,"turns":9},{"damage":18,"enemies":"Awakened One","floor":51,"turns":6},{"damage":6,"enemies":"Shield and Spear","floor":55,"turns":5},{"damage":13,"enemies":"The Heart","floor":56,"turns":5}],"seed_played":"133069516009141854","potions_obtained":[{"floor":2.0,"key":"GamblersBrew"},{"floor":6.0,"key":"Block Potion"},{"floor":8.0,"key":"SteroidPotion"},{"floor":23.0,"key":"DuplicationPotion"},{"floor":29.0,"key":"AttackPotion"},{"floor":31,"key":"Dexterity Potion"}],"is_trial":false,"path_per_floor":["M","M","M","M","M","E","R","E","T","$","M","R","?","$","R","B",null,"M","?","M","$","M","E","R","R","T","E","M","E","E","M","R","B",null,"M","?","?","M","$","E","R","E","T","R","M","E","E","?","R","B","B",null,"R","$","E","B",null],"character_chosen":"IRONCLAD","items_purchased":["Orrery","Evolve","Sundial","ClockworkSouvenir","Feel No Pain","Flash of Steel","Secret Technique"],"campfire_rested":1,"item_purchase_floors":[21,39,39,39,54,54,54],"current_hp_per_floor":[74,75,74,65,60,22,22,10,10,10,17,17,17,17,17,20,63,54,54,41,47,47,47,47,72,72,63,64,51,33,33,33,35,79,79,79,79,85,85,85,85,91,91,91,73,75,85,85,85,56,46,86,86,86,90,85],"gold":166,"neow_bonus":"TRANSFORM_TWO_CARDS","is_daily":false,"chose_seed":false,"campfire_upgraded":8,"win_rate":0.0,"timestamp":1609032401,"path_taken":["M","M","M","M","M","E","R","E","T","$","?","R","?","$","R","BOSS","M","?","?","?","M","E","R","R","T","E","M","E","E","M","R","BOSS","M","?","?","M","$","E","R","E","T","R","?","E","E","?","R","BOSS","BOSS","R","$","E","BOSS"],"items_purchased_type":["Relic","Card","Relic","Relic","Card","Card","Card"],"build_version":"2020-12-22","purchased_purges":4,"victory":true,"max_hp_per_floor":[75,75,75,75,75,75,75,75,75,75,77,77,77,77,77,77,77,79,79,79,85,85,85,85,85,85,87,89,89,91,91,91,93,93,93,93,93,93,93,93,93,93,93,93,95,97,99,99,99,99,99,99,99,99,101,101],"relic_stats":{"Singing Bowl":26,"Happy Flower":[22],"counters":[30,142],"StoneCalendar":[52],"Whetstone":[],"Burning Blood":180,"Sozu":4,"Blood Vial":10,"Centennial Puzzle":[12],"Sundial":[52],"Mummified Hand":[5],"Champion Belt":[14],"obtain_stats":[{"Lantern":40,"Singing Bowl":9,"Happy Flower":30,"StoneCalendar":23,"Omamori":26,"Whetstone":42,"Bottled Tornado":27,"Empty Cage":17,"Burning Blood":0,"ClockworkSouvenir":39,"Sozu":34,"Blood Vial":46,"Centennial Puzzle":47,"Sundial":39,"Mummified Hand":55,"Orrery":21,"WingedGreaves":6,"Champion Belt":29,"Unceasing Top":8},{"Lantern":22,"Singing Bowl":7,"Happy Flower":17,"StoneCalendar":13,"Omamori":13,"Whetstone":23,"Bottled Tornado":14,"Empty Cage":9,"Burning Blood":0,"ClockworkSouvenir":21,"Sozu":19,"Blood Vial":25,"Centennial Puzzle":26,"Sundial":21,"Mummified Hand":29,"Orrery":11,"WingedGreaves":6,"Champion Belt":16,"Unceasing Top":7},{"Lantern":98,"Singing Bowl":30,"Happy Flower":76,"StoneCalendar":59,"Omamori":59,"Whetstone":103,"Bottled Tornado":63,"Empty Cage":44,"Burning Blood":0,"ClockworkSouvenir":93,"Sozu":85,"Blood Vial":113,"Centennial Puzzle":117,"Sundial":93,"Mummified Hand":137,"Orrery":51,"WingedGreaves":24,"Champion Belt":70,"Unceasing Top":30}],"Unceasing Top":[23]},"card_choices":[{"not_picked":["Cleave","Armaments"],"picked":"Second Wind","floor":3.0},{"not_picked":["Seeing Red","Shockwave"],"picked":"Battle Trance","floor":4.0},{"not_picked":["Twin Strike","Pommel Strike"],"picked":"Armaments","floor":5.0},{"not_picked":["Hemokinesis","Rupture"],"picked":"Battle Trance","floor":6.0},{"not_picked":["Uppercut","Second Wind"],"picked":"Juggernaut","floor":8.0},{"not_picked":["Cleave","Intimidate","Sever Soul"],"picked":"Singing Bowl","floor":11.0},{"not_picked":["Juggernaut","Exhume"],"picked":"Offering","floor":16.0},{"not_picked":["Headbutt","Iron Wave","Heavy Blade"],"picked":"Singing Bowl","floor":18.0},{"not_picked":["Wild Strike","Anger"],"picked":"Dropkick","floor":20.0},{"not_picked":["Headbutt+1","Limit Break","Battle Trance+1"],"picked":"Singing Bowl","floor":21.0},{"not_picked":["Heavy Blade","Body Slam","Flex+1"],"picked":"Singing Bowl","floor":21.0},{"not_picked":["Battle Trance","Headbutt"],"picked":"Body Slam","floor":21.0},{"not_picked":["Flame Barrier","Iron Wave","Warcry"],"picked":"Singing Bowl","floor":21.0},{"not_picked":["Heavy Blade","Metallicize"],"picked":"Corruption","floor":21.0},{"not_picked":["Heavy Blade","Combust"],"picked":"Flame Barrier+1","floor":22.0},{"not_picked":["Immolate","Iron Wave+1"],"picked":"Barricade","floor":23.0},{"not_picked":["Spot Weakness","Flex","Ghostly Armor"],"picked":"Singing Bowl","floor":27.0},{"not_picked":["Clash","Armaments","Clothesline"],"picked":"Singing Bowl","floor":28.0},{"not_picked":["Thunderclap","Battle Trance"],"picked":"Entrench","floor":29.0},{"not_picked":["Barricade","Thunderclap+1","Headbutt"],"picked":"Singing Bowl","floor":30},{"not_picked":["Pommel Strike","Dual Wield"],"picked":"Shockwave","floor":31},{"not_picked":["Limit Break","Corruption","Feed"],"picked":"Singing Bowl","floor":33},{"not_picked":["Thunderclap","Headbutt"],"picked":"Shrug It Off","floor":35},{"not_picked":["Heavy Blade","Headbutt"],"picked":"Rage","floor":38},{"not_picked":["Wild Strike","Body Slam"],"picked":"Burning Pact+1","floor":40},{"not_picked":["Inflame","Pummel"],"picked":"Dark Embrace","floor":42},{"not_picked":["Flame Barrier+1","Perfected Strike","Entrench"],"picked":"Singing Bowl","floor":45},{"not_picked":["Sword Boomerang+1","Perfected Strike","Body Slam"],"picked":"Singing Bowl","floor":46},{"not_picked":["Entrench+1","Shrug It Off+1","Demon Form"],"picked":"Singing Bowl","floor":47},{"not_picked":["Havoc","Armaments","Thunderclap+1"],"picked":"Singing Bowl","floor":55}],"player_experience":3269023,"relics_obtained":[{"floor":6.0,"key":"WingedGreaves"},{"floor":8.0,"key":"Unceasing Top"},{"floor":9.0,"key":"Singing Bowl"},{"floor":23.0,"key":"StoneCalendar"},{"floor":26.0,"key":"Omamori"},{"floor":27.0,"key":"Bottled Tornado"},{"floor":29.0,"key":"Champion Belt"},{"floor":30,"key":"Happy Flower"},{"floor":40,"key":"Lantern"},{"floor":42,"key":"Whetstone"},{"floor":46,"key":"Blood Vial"},{"floor":47,"key":"Centennial Puzzle"},{"floor":55,"key":"Mummified Hand"}],"event_choices":[{"damage_healed":0.0,"max_hp_gain":0.0,"max_hp_loss":0.0,"gold_gain":150.0,"event_name":"Liars Game","player_choice":"AGREE","floor":13.0,"gold_loss":0.0,"damage_taken":0.0,"cards_obtained":["Doubt"]},{"damage_healed":0.0,"max_hp_gain":0.0,"max_hp_loss":0.0,"gold_gain":0.0,"cards_transformed":["Defend_R"],"event_name":"Transmorgrifier","player_choice":"Transformed","floor":19.0,"gold_loss":0.0,"damage_taken":0.0,"cards_obtained":["Sentinel"]},{"damage_healed":0,"gold_gain":999,"player_choice":"Gold","damage_taken":0,"max_hp_gain":0,"max_hp_loss":0,"event_name":"MindBloom","floor":36,"gold_loss":0,"cards_obtained":["Normality","Normality"]},{"cards_removed":["Iron Wave"],"damage_healed":0,"gold_gain":0,"player_choice":"Upgrade and Remove","damage_taken":0,"max_hp_gain":0,"max_hp_loss":0,"event_name":"Designer","floor":37,"gold_loss":110,"cards_upgraded":["Carnage"]},{"damage_healed":0,"gold_gain":0,"player_choice":"Ignored","damage_taken":0,"max_hp_gain":0,"max_hp_loss":0,"event_name":"Tomb of Lord Red Mask","floor":48,"gold_loss":0}],"is_beta":false,"boss_relics":[{"not_picked":["Ectoplasm","Runic Pyramid"],"picked":"Empty Cage"},{"not_picked":["SlaversCollar","Calling Bell"],"picked":"Sozu"}],"items_purged_floors":[10,14,39,54],"is_endless":false,"potions_floor_spawned":[2,6,8,23,29,31,35,40,42,47],"ascension_level":20}}