{"host":"qj91dvco5uhu9oti","time":1609071252,"event":{"mods":["BaseMod","Colored Map","Keyboard Shortcuts","Minty Spire (QoL Compilation)","Permanent Neow","Relic Stats","StSLib","SuperFastMode","everything is the same but u backflip on backflip"],"gold_per_floor":[10,29,47,47,97,123,123,143,189,233,261,283,295,335,347,432,444,474,275,285,185,185,185,185,204,204,204,219,219,4,31,31,109,109,121,146,159,178,189,189,189,189],"floor_reached":41,"playtime":1320,"items_purged":["Strike_R","Strike_R","Defend_R"],"score":891,"play_id":"8e116cb9-4a4d-4e0f-8296-bd4b6a569df0","local_time":"20201227211412","is_ascension_mode":true,"campfire_choices":[{"data":"Body Slam","floor":7,"key":"SMITH"},{"data":"Flame Barrier","floor":13,"key":"SMITH"},{"data":"Armaments","floor":15,"key":"SMITH"},{"data":"Dark Embrace","floor":23,"key":"SMITH"},{"data":"Uppercut","floor":27,"key":"SMITH"},{"data":"True Grit","floor":32,"key":"SMITH"},{"data":"Evolve","floor":40,"key":"SMITH"}],"circlet_count":0,"master_deck":["AscendersBane","Defend_R","Defend_R","Defend_R","Bash","Body Slam+1","Battle Trance","Flame Barrier+1","True Grit+1","Uppercut+1","Impervious","Ghostly Armor","Armaments+1","Feel No Pain","Warcry","Dark Embrace+1","Double Tap","Evolve+1","Power Through","Fire Breathing","Bloodletting","Barricade","Feel No Pain","Body Slam"],"relics":["Burning Blood","Blue Candle","MawBank","Art of War","StoneCalendar","Coffee Dripper","Oddly Smooth Stone","Turnip","Pear","Mark of Pain"],"acts_visited":["Exordium","TheCity","TheBeyond"],"potions_floor_usage":[6,16,37],"damage_taken":[{"damage":5,"enemies":"Small Slimes","floor":1,"turns":5},{"damage":0,"enemies":"2 Louse","floor":2,"turns":3},{"damage":6,"enemies":"Cultist","floor":3,"turns":4},{"damage":24,"enemies":"Gremlin Nob","floor":6,"turns":4},{"damage":8,"enemies":"Red Slaver","floor":8,"turns":6},{"damage":31,"enemies":"3 Sentries","floor":10,"turns":14},{"damage":5,"enemies":"Large Slime","floor":11,"turns":5},{"damage":10,"enemies":"Lots of Slimes","floor":12,"turns":6},{"damage":19,"enemies":"Lagavulin","floor":14,"turns":7},{"damage":18,"enemies":"Slime Boss","floor":16,"turns":7},{"damage":0,"enemies":"Chosen","floor":18,"turns":4},{"damage":7,"enemies":"3 Byrds","floor":20,"turns":7},{"damage":1,"enemies":"Snecko","floor":25,"turns":7},{"damage":5,"enemies":"Centurion and Healer","floor":28,"turns":7},{"damage":6,"enemies":"Book of Stabbing","floor":31,"turns":4},{"damage":1,"enemies":"Champ","floor":33,"turns":13},{"damage":20,"enemies":"3 Darklings","floor":35,"turns":7},{"damage":20,"enemies":"3 Shapes","floor":37,"turns":5},{"damage":43,"enemies":"Jaw Worm Horde","floor":38,"turns":7},{"damage":1,"enemies":"Writhing Mass","floor":39,"turns":4},{"damage":50,"enemies":"Reptomancer","floor":41,"turns":2}],"seed_played":"5311413194705560740","potions_obtained":[{"floor":1,"key":"Weak Potion"},{"floor":3,"key":"SneckoOil"},{"floor":10,"key":"BloodPotion"},{"floor":16,"key":"Explosive Potion"}],"is_trial":false,"path_per_floor":["M","M","M","?","?","E","R","M","T","E","M","M","R","E","R","B",null,"M","$","M","$","?","R","?","M","T","R","M","?","$","E","R","B",null,"M","T","M","M","M","R","E"],"character_chosen":"IRONCLAD","items_purchased":["Feel No Pain","Warcry","Fire Breathing"],"campfire_rested":0,"item_purchase_floors":[19,19,30],"current_hp_per_floor":[83,89,89,89,89,71,71,69,69,44,45,41,41,28,28,16,71,77,77,76,76,76,76,76,81,81,81,82,82,82,92,92,97,99,85,85,71,34,39,39,0,0],"gold":189,"neow_bonus":"TWENTY_PERCENT_HP_BONUS","is_daily":false,"chose_seed":false,"campfire_upgraded":7,"win_rate":0.0,"timestamp":1609071252,"path_taken":["M","M","M","?","?","E","R","M","T","E","M","?","R","E","R","BOSS","M","$","M","$","?","R","?","M","T","R","?","?","$","E","R","BOSS","M","?","M","M","M","R","E"],"items_purchased_type":["Card","Card","Card"],"build_version":"2020-12-22","purchased_purges":3,"victory":false,"max_hp_per_floor":[89,89,89,89,89,89,89,89,89,89,89,89,89,89,89,89,89,89,89,89,89,89,89,89,89,89,89,89,89,89,99,99,99,99,99,99,99,99,99,99,99,99],"relic_stats":{"counters":[21,128],"Blue Candle":[2],"StoneCalendar":[191],"Turnip":[8],"Art of War":[20],"MawBank":120,"obtain_stats":[{"Pear":31,"Blue Candle":6,"Oddly Smooth Stone":24,"StoneCalendar":14,"Turnip":26,"Mark of Pain":34,"Art of War":10,"Coffee Dripper":17,"MawBank":9,"Burning Blood":0},{"Pear":15,"Blue Candle":4,"Oddly Smooth Stone":12,"StoneCalendar":9,"Turnip":13,"Mark of Pain":16,"Art of War":6,"Coffee Dripper":10,"MawBank":5,"Burning Blood":0},{"Pear":90,"Blue Candle":16,"Oddly Smooth Stone":72,"StoneCalendar":54,"Turnip":79,"Mark of Pain":103,"Art of War":36,"Coffee Dripper":61,"MawBank":22,"Burning Blood":0}],"Burning Blood":120},"card_choices":[{"not_picked":["Second Wind","Armaments"],"picked":"Wild Strike","floor":1},{"not_picked":["Hemokinesis","Thunderclap"],"picked":"Body Slam","floor":2},{"not_picked":["Sword Boomerang","Pommel Strike"],"picked":"Battle Trance","floor":3},{"not_picked":["Seeing Red","Dropkick"],"picked":"Flame Barrier","floor":6},{"not_picked":["Metallicize","Clash"],"picked":"True Grit","floor":8},{"not_picked":["Pommel Strike","Sword Boomerang"],"picked":"Uppercut","floor":10},{"not_picked":["Ghostly Armor","Thunderclap"],"picked":"Impervious","floor":11},{"not_picked":["Heavy Blade","Warcry"],"picked":"Ghostly Armor","floor":12},{"not_picked":["Seeing Red","Cleave"],"picked":"Armaments","floor":14},{"not_picked":["Pummel","Iron Wave","Rage"],"picked":"SKIP","floor":18},{"not_picked":["Intimidate","Clash"],"picked":"Dark Embrace","floor":20},{"not_picked":["Clash","Havoc","Combust"],"picked":"SKIP","floor":25},{"not_picked":["Feel No Pain+1","Intimidate"],"picked":"Power Through","floor":28},{"not_picked":["Clash","Perfected Strike"],"picked":"Bloodletting","floor":31},{"not_picked":["Exhume","Impervious"],"picked":"Barricade","floor":33},{"not_picked":["Wild Strike","Inflame+1"],"picked":"Feel No Pain","floor":35},{"not_picked":["Flex","Heavy Blade"],"picked":"Body Slam","floor":37},{"not_picked":["Whirlwind+1","Perfected Strike","Cleave+1"],"picked":"SKIP","floor":38},{"not_picked":["Carnage","Pommel Strike+1","Heavy Blade"],"picked":"SKIP","floor":39}],"player_experience":289941,"relics_obtained":[{"floor":6,"key":"Blue Candle"},{"floor":9,"key":"MawBank"},{"floor":10,"key":"Art of War"},{"floor":14,"key":"StoneCalendar"},{"floor":26,"key":"Turnip"},{"floor":31,"key":"Pear"}],"event_choices":[{"damage_healed":0,"gold_gain":0,"player_choice":"Leave","damage_taken":0,"max_hp_gain":0,"max_hp_loss":0,"event_name":"The Cleric","floor":4,"gold_loss":0},{"damage_healed":0,"gold_gain":50,"player_choice":"Pray","damage_taken":0,"max_hp_gain":0,"max_hp_loss":0,"event_name":"Golden Shrine","floor":5,"gold_loss":0},{"damage_healed":0,"gold_gain":0,"cards_transformed":["Strike_R","Strike_R"],"player_choice":"Became Test Subject","damage_taken":0,"max_hp_gain":0,"max_hp_loss":0,"event_name":"Drug Dealer","floor":22,"gold_loss":0,"cards_obtained":["Double Tap","Evolve"]},{"cards_removed":["Wild Strike"],"damage_healed":0,"gold_gain":0,"player_choice":"Gave Card","damage_taken":0,"relics_obtained":["Oddly Smooth Stone"],"max_hp_gain":0,"max_hp_loss":0,"event_name":"WeMeetAgain","floor":24,"gold_loss":0},{"cards_removed":["Strike_R"],"damage_healed":0,"gold_gain":0,"player_choice":"Purged","damage_taken":0,"max_hp_gain":0,"max_hp_loss":0,"event_name":"Purifier","floor":29,"gold_loss":0}],"is_beta":false,"boss_relics":[{"not_picked":["Snecko Eye","Tiny House"],"picked":"Coffee Dripper"},{"not_picked":["Black Star","Astrolabe"],"picked":"Mark of Pain"}],"items_purged_floors":[19,21,30],"is_endless":false,"potions_floor_spawned":[1,3,10,16,18,33,35],"killed_by":"Reptomancer","ascension_level":20}}