{"host":"7tkrmasug91pv8cz","time":1609031695,"event":{"mods":["2.2 Compatiblity","Ascension Reborn","BaseMod","CapriCore","DeckTracker","Hermit","Koishi","Marisa£¨Ùöéë¡¡Øª×âÞÞ£©","Minty Spire (QoL Compilation)","Permanent Neow","StSLib","SuperFastMode","The Alterego","The Cursed","The Dragon Tamer","The Gatherer","The Immortal"],"gold_per_floor":[121,71,95,95,39,71,93,107,107,138,138,154,168,208,208,326,326,342,362,380,80,96,147,199,212,212,239,239,274,329,359,359,489,489,501,501,560,574,645,645,669,710,710,746,746,789,789,145,145,145,145,145,51,83,83],"floor_reached":56,"playtime":4347,"items_purged":["hermit:Strike_Hermit+1","hermit:Defend_Hermit+1","hermit:Defend_Hermit+1"],"score":1442,"play_id":"a1b5e8d9-d3d9-45f9-a953-6a5d6a707087","local_time":"20201227101455","is_ascension_mode":true,"campfire_choices":[{"data":"hermit:FatalDesire","floor":11,"key":"SMITH"},{"data":"hermit:Brawl","floor":15,"key":"SMITH"},{"floor":28,"key":"DIG"},{"floor":32,"key":"DIG"},{"floor":40,"key":"DIG"},{"floor":45,"key":"DIG"},{"floor":47,"key":"RECALL"},{"floor":49,"key":"DIG"},{"floor":52,"key":"DIG"}],"circlet_count":0,"master_deck":["hermit:Defend_Hermit+1","hermit:Snapshot+1","hermit:Covet+1","hermit:Feint","hermit:Deadeye+1","hermit:TakeAim+1","hermit:Enervate","hermit:Grudge+1","hermit:Midnight+1","hermit:FatalDesire+1","hermit:GoldenBullet+1","hermit:Snipe+1","hermit:Brawl+1","hermit:Midnight+1","hermit:RoundhouseKick","hermit:PistolWhip+1","hermit:Dive+1","hermit:Determination+1","hermit:Cheat+1","hermit:Roulette+1","Bite","Bite+1","Bite+1","Bite","Bite","hermit:NoHoldsBarred+1","hermit:Reprieve+1","hermit:BigShot+1","hermit:HighCaliber+1"],"relics":["hermit:ClaspedLocket","Omamori","WingedGreaves","Regal Pillow","Kunai","The Courier","Shovel","Turnip","Frozen Egg 2","Ornamental Fan","CeramicFish","Dead Branch","Dream Catcher","Bottled Lightning","Bottled Tornado","Toxic Egg 2","Torii","MealTicket","Unceasing Top","Sozu","Pocketwatch","Nunchaku","Mango","Gambling Chip","Bag of Marbles","Bag of Preparation","Gremlin Horn","White Beast Statue","Akabeko","Shuriken","Orichalcum","HornCleat","Bronze Scales","Pantograph","Whetstone","Pear","Mercury Hourglass"],"acts_visited":["Exordium","TheCity","TheBeyond","TheEnding"],"potions_floor_usage":[16,29,33,55],"damage_taken":[{"damage":0,"enemies":"Jaw Worm","floor":1,"turns":1},{"damage":0,"enemies":"Cultist","floor":3,"turns":2},{"damage":0,"enemies":"Lagavulin","floor":6,"turns":3},{"damage":0,"enemies":"Small Slimes","floor":7,"turns":2},{"damage":0,"enemies":"2 Fungi Beasts","floor":8,"turns":2},{"damage":7,"enemies":"Gremlin Nob","floor":10,"turns":3},{"damage":0,"enemies":"Blue Slaver","floor":12,"turns":1},{"damage":1,"enemies":"Exordium Wildlife","floor":13,"turns":3},{"damage":0,"enemies":"3 Sentries","floor":14,"turns":3},{"damage":19,"enemies":"The Guardian","floor":16,"turns":6},{"damage":8,"enemies":"2 Thieves","floor":18,"turns":2},{"damage":0,"enemies":"Spheric Guardian","floor":19,"turns":2},{"damage":4,"enemies":"Centurion and Healer","floor":20,"turns":4},{"damage":5,"enemies":"3 Cultists","floor":22,"turns":3},{"damage":15,"enemies":"Book of Stabbing","floor":23,"turns":4},{"damage":3,"enemies":"Gremlin Leader","floor":24,"turns":3},{"damage":0,"enemies":"Snake Plant","floor":25,"turns":3},{"damage":0,"enemies":"Snecko","floor":27,"turns":2},{"damage":35,"enemies":"Slavers","floor":29,"turns":3},{"damage":8,"enemies":"Chosen and Byrds","floor":31,"turns":4},{"damage":1,"enemies":"Collector","floor":33,"turns":6},{"damage":6,"enemies":"3 Darklings","floor":35,"turns":2},{"damage":21,"enemies":"2 Orb Walkers","floor":37,"turns":3},{"damage":8,"enemies":"Orb Walker","floor":38,"turns":3},{"damage":13,"enemies":"Mind Bloom Boss Battle","floor":39,"turns":5},{"damage":12,"enemies":"Spire Growth","floor":41,"turns":3},{"damage":29,"enemies":"Giant Head","floor":42,"turns":6},{"damage":1,"enemies":"Nemesis","floor":44,"turns":5},{"damage":8,"enemies":"Reptomancer","floor":46,"turns":5},{"damage":7,"enemies":"Time Eater","floor":50,"turns":6},{"damage":12,"enemies":"Shield and Spear","floor":54,"turns":5},{"damage":54,"enemies":"The Heart","floor":55,"turns":8}],"seed_played":"-2126518536610434204","potions_obtained":[{"floor":3,"key":"GamblersBrew"},{"floor":3,"key":"FairyPotion"},{"floor":6,"key":"SteroidPotion"},{"floor":7,"key":"SpeedPotion"},{"floor":8,"key":"DistilledChaos"},{"floor":16,"key":"hermit:Tonic"},{"floor":23,"key":"Ancient Potion"},{"floor":27,"key":"DistilledChaos"},{"floor":29,"key":"DistilledChaos"},{"floor":33,"key":"SpeedPotion"}],"is_trial":false,"path_per_floor":["M","?","M","?","$","E","M","M","T","E","R","M","M","E","R","B",null,"M","M","M","$","M","E","E","M","T","M","R","E","?","M","R","B",null,"M","?","?","M","?","R","M","E","T","E","R","E","R","$","R","B",null,"R","$","E","B",null],"character_chosen":"HERMIT","items_purchased":["Frozen Egg 2","Ornamental Fan","Orichalcum","HornCleat","Bronze Scales","Pantograph"],"campfire_rested":0,"item_purchase_floors":[21,21,48,48,48,48],"current_hp_per_floor":[79,79,79,84,84,84,84,84,84,77,77,80,82,84,84,71,88,80,83,82,82,80,68,68,71,71,74,74,42,42,46,46,60,92,89,89,68,66,85,85,85,83,83,88,88,101,101,106,106,110,110,120,120,111,115],"gold":83,"neow_bonus":"RANDOM_COMMON_RELIC","is_daily":false,"chose_seed":false,"campfire_upgraded":2,"win_rate":0.0,"timestamp":1609031695,"path_taken":["M","?","M","?","?","E","M","?","T","E","R","M","M","E","R","BOSS","M","M","M","?","M","E","E","M","T","M","R","E","?","M","R","BOSS","M","?","?","M","?","R","M","E","T","E","R","E","R","$","R","BOSS","R","$","E","BOSS"],"items_purchased_type":["Relic","Relic","Relic","Relic","Relic","Relic"],"build_version":"2020-12-22","purchased_purges":3,"victory":true,"max_hp_per_floor":[79,79,79,84,84,84,84,84,84,84,84,84,84,84,84,88,88,88,88,88,88,88,88,88,88,88,88,88,88,88,88,88,92,92,92,92,92,92,106,106,106,106,106,106,106,106,106,106,106,110,110,120,120,120,124],"card_choices":[{"not_picked":["hermit:Desperado","hermit:Glare"],"picked":"hermit:Feint","floor":1},{"not_picked":["hermit:Vantage","hermit:Brawl"],"picked":"hermit:Deadeye+1","floor":3},{"not_picked":["hermit:Enervate","hermit:FullyLoaded"],"picked":"hermit:TakeAim+1","floor":6},{"not_picked":["hermit:EyeOfTheStorm","hermit:WideOpen+1","hermit:PistolWhip"],"picked":"SKIP","floor":6},{"not_picked":["hermit:LowProfile","hermit:HighCaliber"],"picked":"hermit:Enervate","floor":7},{"not_picked":["hermit:Snipe+1","hermit:Gestalt"],"picked":"hermit:Grudge+1","floor":8},{"not_picked":["hermit:ShadowCloak+1","hermit:BodyArmor"],"picked":"hermit:Midnight+1","floor":10},{"not_picked":["hermit:Snipe","hermit:Quickdraw"],"picked":"hermit:FatalDesire","floor":10},{"not_picked":["hermit:Determination","hermit:Snipe"],"picked":"hermit:GoldenBullet+1","floor":12},{"not_picked":["hermit:Headshot","hermit:GoldenBullet"],"picked":"hermit:Snipe+1","floor":13},{"not_picked":["hermit:HighCaliber","hermit:TakeCover"],"picked":"hermit:Brawl","floor":14},{"not_picked":["hermit:Maintenance","hermit:DeadMansHand"],"picked":"hermit:Midnight+1","floor":14},{"not_picked":["hermit:HighNoon","hermit:Reprieve"],"picked":"hermit:RoundhouseKick","floor":16},{"not_picked":["hermit:Snipe+1","hermit:Glare"],"picked":"hermit:PistolWhip+1","floor":18},{"not_picked":["hermit:Snipe+1","hermit:WideOpen+1","hermit:CalledShot"],"picked":"SKIP","floor":19},{"not_picked":["hermit:Quickdraw","hermit:Coalescence"],"picked":"hermit:Dive+1","floor":20},{"not_picked":["hermit:CalledShot+1","hermit:Quickdraw","hermit:Snipe"],"picked":"SKIP","floor":22},{"not_picked":["hermit:Dive+1","hermit:Horror"],"picked":"hermit:Determination+1","floor":23},{"not_picked":["hermit:CursedWeapon","hermit:FromBeyond"],"picked":"hermit:Cheat+1","floor":24},{"not_picked":["hermit:SprayPray","hermit:Manifest+1","hermit:Showdown+1"],"picked":"SKIP","floor":25},{"not_picked":["hermit:Manifest+1","hermit:LuckOfTheDraw"],"picked":"hermit:Roulette+1","floor":27},{"not_picked":["hermit:Roulette","hermit:Spite+1","hermit:OverwhelmingPower+1"],"picked":"SKIP","floor":29},{"not_picked":["hermit:Roulette+1","hermit:Ricochet+1"],"picked":"hermit:NoHoldsBarred+1","floor":31},{"not_picked":["hermit:HeroicBravado+1","hermit:FinalCanter"],"picked":"hermit:Reprieve+1","floor":33},{"not_picked":["hermit:Quickdraw","hermit:Virtue+1","hermit:Spite+1"],"picked":"SKIP","floor":35},{"not_picked":["hermit:Spite+1","hermit:TrackingShot","hermit:LowProfile+1"],"picked":"SKIP","floor":38},{"not_picked":["hermit:PistolWhip+1","hermit:Determination+1"],"picked":"hermit:BigShot+1","floor":39},{"not_picked":["hermit:Combo+1","hermit:Grudge+1","hermit:Glare+1"],"picked":"SKIP","floor":41},{"not_picked":["hermit:Snipe+1","hermit:FatalDesire+1","hermit:FullyLoaded+1"],"picked":"SKIP","floor":42},{"not_picked":["hermit:GhostlyPresence+1","hermit:Virtue+1","hermit:EyeOfTheStorm+1"],"picked":"SKIP","floor":44},{"not_picked":["hermit:FlashPowder+1","hermit:HoleUp+1"],"picked":"hermit:HighCaliber+1","floor":46},{"not_picked":["hermit:ItchyTrigger+1","hermit:Cheat+1","hermit:Desperado"],"picked":"SKIP","floor":54}],"player_experience":116269,"relics_obtained":[{"floor":3,"key":"Blood Vial"},{"floor":6,"key":"WingedGreaves"},{"floor":9,"key":"Regal Pillow"},{"floor":10,"key":"Kunai"},{"floor":14,"key":"The Courier"},{"floor":16,"key":"Shovel"},{"floor":18,"key":"Turnip"},{"floor":23,"key":"CeramicFish"},{"floor":24,"key":"Dead Branch"},{"floor":26,"key":"Dream Catcher"},{"floor":26,"key":"Bottled Lightning"},{"floor":27,"key":"Bottled Tornado"},{"floor":28,"key":"Toxic Egg 2"},{"floor":29,"key":"Torii"},{"floor":32,"key":"MealTicket"},{"floor":33,"key":"Unceasing Top"},{"floor":37,"key":"Pocketwatch"},{"floor":38,"key":"Nunchaku"},{"floor":39,"key":"Mango"},{"floor":40,"key":"Gambling Chip"},{"floor":42,"key":"Bag of Marbles"},{"floor":43,"key":"Bag of Preparation"},{"floor":43,"key":"Gremlin Horn"},{"floor":44,"key":"White Beast Statue"},{"floor":45,"key":"Akabeko"},{"floor":46,"key":"Shuriken"},{"floor":49,"key":"Whetstone"},{"floor":52,"key":"Pear"},{"floor":54,"key":"Mercury Hourglass"}],"event_choices":[{"cards_removed":["hermit:Defend_Hermit"],"damage_healed":0,"gold_gain":0,"player_choice":"Card Removal","damage_taken":0,"max_hp_gain":0,"max_hp_loss":0,"event_name":"The Cleric","floor":2,"gold_loss":50},{"damage_healed":0,"gold_gain":0,"player_choice":"Donut","damage_taken":0,"max_hp_gain":5,"max_hp_loss":0,"event_name":"Big Fish","floor":4,"gold_loss":0},{"damage_healed":0,"gold_gain":0,"player_choice":"Became a vampire (Vial)","damage_taken":0,"max_hp_gain":0,"max_hp_loss":0,"event_name":"Vampires","floor":30,"relics_lost":["Blood Vial"],"gold_loss":0,"cards_obtained":["Bite","Bite","Bite","Bite","Bite"]},{"damage_healed":0,"gold_gain":0,"player_choice":"Ignored","damage_taken":0,"max_hp_gain":0,"max_hp_loss":0,"event_name":"Tomb of Lord Red Mask","floor":36,"gold_loss":0},{"damage_healed":0,"gold_gain":0,"player_choice":"Fight","damage_taken":0,"max_hp_gain":0,"max_hp_loss":0,"event_name":"Mysterious Sphere","floor":37,"gold_loss":0},{"damage_healed":0,"gold_gain":0,"player_choice":"Fight","damage_taken":0,"max_hp_gain":0,"max_hp_loss":0,"event_name":"MindBloom","floor":39,"gold_loss":0}],"is_beta":false,"boss_relics":[{"not_picked":["Runic Pyramid","Pandora\u0027s Box"],"picked":"hermit:ClaspedLocket"},{"not_picked":["hermit:BartenderGlass","Runic Dome"],"picked":"Sozu"}],"items_purged_floors":[5,48,53],"is_endless":false,"potions_floor_spawned":[3,8,16,23,24,27,29,33,38,41,46,54],"ascension_level":0}}