{"host":"s6mlqkqtr3ey2mm2","time":1609029637,"event":{"mods":["2.2 Compatiblity","AchievementEnabler","Aspiration","BaseMod","Beaked The Cultist","Better Note","BetterRewards","Challenge The Spire","Colored Map","Colored Powertips","Conspire","Downfall","Energized Spire","GifTheSpireLib","Halation","Infinite Spire","Ironclad Rager","Marked Mod","Minty Spire (QoL Compilation)","Quick Restart","Replay The Spire","Spicy Shops","StSLib","Stuff the Spire","The Blue Laboratory","The Construct","The IronCluck","The Necromancer","vexMod"],"gold_per_floor":[99,99,111,111,111,138,138,138],"floor_reached":6,"playtime":430,"items_purged":[],"score":42,"play_id":"a98f31fe-dcf5-4565-91bf-3e9205255c62","local_time":"20201226194037","is_ascension_mode":false,"campfire_choices":[{"floor":1,"key":"RECALL"}],"circlet_count":0,"master_deck":["hexamod:Strike","hexamod:Strike","hexamod:Strike","hexamod:Strike","hexamod:Defend","hexamod:Defend","hexamod:Defend","hexamod:Defend","hexamod:Sear","hexamod:Float","hexamod:EmpoweredFlame","hexamod:SearingWound"],"relics":["hexamod:SpiritBrand","downfall:ShatteredFragment","vexMod:MemoryStick"],"acts_visited":["Exordium"],"potions_floor_usage":[6],"damage_taken":[{"damage":0,"enemies":"Jaw Worm","floor":3,"turns":3},{"damage":20,"enemies":"3 Sentries","floor":6,"turns":8}],"seed_played":"-8479832884522347016","potions_obtained":[{"floor":5,"key":"Adrenaline Potion"},{"floor":5,"key":"blueLaboratory:ImpenetrablePotion"},{"floor":5,"key":"blueLaboratory:FruitPreserves"}],"is_trial":false,"path_per_floor":["R","?","M","?","?","E"],"character_chosen":"THE_SPIRIT","items_purchased":[],"campfire_rested":0,"item_purchase_floors":[],"current_hp_per_floor":[77,56,56,56,56,36,36,36],"gold":138,"neow_bonus":"TEN_PERCENT_HP_BONUS","is_daily":false,"chose_seed":false,"campfire_upgraded":0,"win_rate":0.0,"timestamp":1609029637,"path_taken":["R","?","M","?","?","E"],"items_purchased_type":[],"build_version":"2020-12-22","purchased_purges":0,"victory":false,"max_hp_per_floor":[77,77,77,77,77,77,77,77],"card_choices":[{"not_picked":["hexamod:RadiantFlame","hexamod:ExtraCrispy"],"picked":"hexamod:EmpoweredFlame","floor":3},{"not_picked":["hexamod:GhostShield","hexamod:CatchUp"],"picked":"hexamod:SearingWound","floor":6}],"player_experience":29615,"relics_obtained":[{"floor":6,"key":"vexMod:MemoryStick"}],"event_choices":[{"damage_healed":0,"gold_gain":0,"player_choice":"Leave","damage_taken":0,"max_hp_gain":0,"max_hp_loss":0,"event_name":"conspire:Investor","floor":4,"gold_loss":0},{"damage_healed":0,"gold_gain":0,"player_choice":"Got Potions","damage_taken":0,"max_hp_gain":0,"max_hp_loss":0,"event_name":"Lab","floor":5,"gold_loss":0}],"is_beta":false,"boss_relics":[],"items_purged_floors":[],"is_endless":false,"potions_floor_spawned":[],"killed_by":"3 Sentries","ascension_level":0}}