{"host":"4zkge9b5bb6kwkft","time":1609063390,"event":{"mods":["AchievementEnabler","BaseMod","Better Skull","BetterRewards","Block Reminder","Colored Map","Colored Powertips","Curses Come First","Highlight Path","Infinite Spire","Minty Spire (QoL Compilation)","Quick Restart","Relic Stats","Replay The Spire","Retaliation","Spicy Shops","StSLib","SuperFastMode","The Blue Laboratory","The Marked"],"gold_per_floor":[117,129,139,139,158,189,205,218,218,218,248,248,61,89,89,187,187,207,226,252,252,268,298,298,311,311,329,55,80,80,95,95,197,197,216,226,237,251,151,151,186,186,210,243,243,243,243],"floor_reached":46,"playtime":1793,"items_purged":["Pain","Pride"],"score":571,"play_id":"52cc5857-d3e9-4969-aeb3-dbc26a526365","local_time":"20201227020310","is_ascension_mode":false,"campfire_choices":[{"data":"theMarked:SoldierOfQuellstein","floor":10.0,"key":"SMITH"},{"data":"theMarked:ComboAttacks","floor":12.0,"key":"SMITH"},{"data":"theMarked:EmpowerWeapon","floor":15.0,"key":"SMITH"},{"data":"theMarked:Generate","floor":24.0,"key":"SMITH"},{"data":"theMarked:Aftermath","floor":30.0,"key":"SMITH"},{"data":"theMarked:SoldierForm","floor":32.0,"key":"SMITH"},{"data":"theMarked:EnhanceMovement","floor":40,"key":"SMITH"},{"data":"theMarked:MuscleMemory","floor":42,"key":"SMITH"}],"circlet_count":1,"master_deck":["theMarked:Strike","theMarked:Strike","theMarked:Strike","theMarked:Strike","theMarked:Strike","theMarked:Defend","theMarked:Defend","theMarked:Defend","theMarked:Defend","theMarked:SoldierOfQuellstein+1","Survivor","theMarked:SwordAndMagic","theMarked:Aftermath+1","theMarked:EnhanceMovement+1","theMarked:ComboAttacks+1","theMarked:MuscleMemory+1","theMarked:EmpowerWeapon+1","theMarked:TwofoldDefense+1","theMarked:BindingBlade+1","theMarked:WardOff","theMarked:SoldierForm+1","theMarked:Generate+1","theMarked:EmpowerWeapon+1","theMarked:Levitate"],"relics":["theMarked:ArtifactOfAir","Thread and Needle","Divine Protection","Circlet","infinitespire:Lychee Nut","ReplayTheSpireMod:CursedCoin","Bag of Preparation","ClockworkSouvenir","Pantograph","SlaversCollar","Bag of Marbles","ReplayTheSpireMod:Ring of Challenge","Ring of Peace","War Paint","Iron Hammer","infinitespire:Lucky Rock","Matryoshka","Red Mask","Philosopher\u0027s Stone","Nunchaku","Blood Vial","Replay:Wax Seal","Shuriken","Spirit Poop"],"acts_visited":["Exordium","TheCity","TheBeyond"],"potions_floor_usage":[46],"damage_taken":[{"damage":0.0,"enemies":"Small Slimes","floor":1.0,"turns":4.0},{"damage":0.0,"enemies":"Cultist","floor":2.0,"turns":2.0},{"damage":0.0,"enemies":"Jaw Worm","floor":3.0,"turns":3.0},{"damage":0.0,"enemies":"Exordium Thugs","floor":5.0,"turns":5.0},{"damage":13.0,"enemies":"Gremlin Nob","floor":6.0,"turns":4.0},{"damage":3.0,"enemies":"3 Louse","floor":7.0,"turns":3.0},{"damage":0.0,"enemies":"Blue Slaver","floor":8.0,"turns":3.0},{"damage":8.0,"enemies":"3 Sentries","floor":11.0,"turns":6.0},{"damage":0.0,"enemies":"Gremlin Nob","floor":14.0,"turns":3.0},{"damage":8.0,"enemies":"Hexaghost","floor":16.0,"turns":8.0},{"damage":16.0,"enemies":"3 Byrds","floor":18.0,"turns":5.0},{"damage":6.0,"enemies":"Shell Parasite","floor":19.0,"turns":5.0},{"damage":0.0,"enemies":"Shelled Parasite and Fungi","floor":22.0,"turns":5.0},{"damage":0.0,"enemies":"Book of Stabbing","floor":23.0,"turns":4.0},{"damage":10.0,"enemies":"Snecko","floor":25.0,"turns":7.0},{"damage":0.0,"enemies":"Centurion and Healer","floor":27.0,"turns":7.0},{"damage":0.0,"enemies":"Masked Bandits","floor":29.0,"turns":5.0},{"damage":0.0,"enemies":"Sentry and Sphere","floor":31.0,"turns":4.0},{"damage":43.0,"enemies":"Automaton","floor":33.0,"turns":7.0},{"damage":0.0,"enemies":"3 Shapes","floor":35.0,"turns":2.0},{"damage":9.0,"enemies":"3 Darklings","floor":36.0,"turns":6.0},{"damage":0.0,"enemies":"Spire Growth","floor":37.0,"turns":4.0},{"damage":0.0,"enemies":"Writhing Mass","floor":38.0,"turns":5.0},{"damage":6,"enemies":"Reptomancer","floor":41,"turns":4},{"damage":10,"enemies":"R_Hoarder","floor":44,"turns":5},{"damage":53,"enemies":"Nightmare","floor":46,"turns":4}],"seed_played":"354339136635217907","potions_obtained":[{"floor":1.0,"key":"LifebloodPotion"},{"floor":5.0,"key":"Explosive Potion"},{"floor":6.0,"key":"blueLaboratory:HorrorPotion"},{"floor":11.0,"key":"blueLaboratory:BottleOfVodka"},{"floor":22.0,"key":"blueLaboratory:FrostheartPotion"},{"floor":25.0,"key":"blueLaboratory:HorrorPotion"},{"floor":29.0,"key":"ColorlessPotion"},{"floor":33.0,"key":"Weak Potion"},{"floor":37.0,"key":"Reflective Coating"},{"floor":41,"key":"blueLaboratory:TrueEctoplasm"}],"is_trial":false,"path_per_floor":["M","M","M","?","M","E","M","M","T","R","E","R","$","E","R","B",null,"M","M","T","?","M","E","R","M","T","M","$","?","R","M","R","B",null,"M","M","M","M","$","R","E","R","T","E","?","NM"],"character_chosen":"THE_DEFAULT","items_purchased":["ReplayTheSpireMod:CursedCoin","Bag of Preparation","ClockworkSouvenir","blueLaboratory:FruitPunch","infinitespire:Lucky Rock","Matryoshka"],"campfire_rested":0,"item_purchase_floors":[13,13,13,13,28,28],"current_hp_per_floor":[70,70,70,70,70,57,54,54,54,54,52,52,52,52,52,47,54,39,39,39,39,45,51,51,44,44,50,50,54,54,54,54,11,54,54,45,51,54,54,54,48,48,48,44,44,0,0],"gold":243,"neow_bonus":"ONE_RARE_RELIC","is_daily":false,"chose_seed":false,"campfire_upgraded":8,"win_rate":0.0,"timestamp":1609063390,"path_taken":["M","M","M","?","?","E","M","M","T","R","E","R","?","E","R","BOSS","M","M","?","?","M","E","R","M","T","?","?","?","R","M","R","BOSS","M","M","M","M","$","R","E","R","T","E","?","NM"],"items_purchased_type":["Relic","Relic","Relic","Potion","Relic","Relic"],"build_version":"2020-12-22","purchased_purges":2,"victory":false,"max_hp_per_floor":[70,70,70,70,70,70,70,70,70,70,52,52,52,52,52,54,54,54,54,54,54,54,54,54,54,54,54,54,54,54,54,54,54,54,54,54,54,54,54,54,54,54,54,54,51,51,51],"relic_stats":{"Blood Vial":4,"Nunchaku":[2],"counters":[26,120],"Shuriken":[3],"Pantograph":0,"Bag of Preparation":[36],"War Paint":["theMarked:BindingBlade","theMarked:TwofoldDefense"],"obtain_stats":[{"Divine Protection":9,"Spirit Poop":45,"Bag of Preparation":13,"ClockworkSouvenir":13,"Blood Vial":43,"BranchBurnRelic":10,"Nunchaku":41,"Matryoshka":28,"Pantograph":14,"Ring of Peace":21,"Philosopher\u0027s Stone":34,"Iron Hammer":26,"Red Mask":29,"Replay:Wax Seal":43,"ReplayTheSpireMod:CursedCoin":13,"Dead Branch":6,"Circlet":0,"Thread and Needle":0,"infinitespire:Lucky Rock":28,"War Paint":23,"theMarked:ArtifactOfAir":0,"SlaversCollar":17,"infinitespire:Lychee Nut":11,"Shuriken":44,"Bag of Marbles":20,"ReplayTheSpireMod:Ring of Challenge":21},{"Divine Protection":7,"Spirit Poop":25,"Bag of Preparation":8,"ClockworkSouvenir":8,"Blood Vial":24,"BranchBurnRelic":7,"Nunchaku":24,"Matryoshka":16,"Pantograph":9,"Ring of Peace":12,"Philosopher\u0027s Stone":19,"Iron Hammer":15,"Red Mask":17,"Replay:Wax Seal":24,"ReplayTheSpireMod:CursedCoin":8,"Dead Branch":5,"Circlet":0,"Thread and Needle":0,"infinitespire:Lucky Rock":16,"War Paint":14,"theMarked:ArtifactOfAir":0,"SlaversCollar":10,"infinitespire:Lychee Nut":8,"Shuriken":25,"Bag of Marbles":12,"ReplayTheSpireMod:Ring of Challenge":12},{"Divine Protection":24,"Spirit Poop":116,"Bag of Preparation":30,"ClockworkSouvenir":30,"Blood Vial":111,"BranchBurnRelic":24,"Nunchaku":111,"Matryoshka":74,"Pantograph":33,"Ring of Peace":51,"Philosopher\u0027s Stone":90,"Iron Hammer":67,"Red Mask":79,"Replay:Wax Seal":111,"ReplayTheSpireMod:CursedCoin":30,"Dead Branch":18,"Circlet":0,"Thread and Needle":0,"infinitespire:Lucky Rock":74,"War Paint":60,"theMarked:ArtifactOfAir":0,"SlaversCollar":41,"infinitespire:Lychee Nut":30,"Shuriken":116,"Bag of Marbles":51,"ReplayTheSpireMod:Ring of Challenge":51}]},"card_choices":[{"not_picked":["theMarked:DeterminationOfTheMarked","theMarked:WastefulAttack"],"picked":"theMarked:SwordAndMagic","floor":1.0},{"not_picked":["theMarked:ElectricStrings","theMarked:Opportunist"],"picked":"theMarked:Aftermath","floor":2.0},{"not_picked":["theMarked:Frustration","theMarked:MaelstromOfLightning"],"picked":"theMarked:EnhanceMovement","floor":3.0},{"not_picked":["theMarked:TunnelVision","theMarked:Overthink"],"picked":"theMarked:ComboAttacks","floor":5.0},{"not_picked":["theMarked:Aftermath","theMarked:Improvise"],"picked":"theMarked:MuscleMemory","floor":6.0},{"not_picked":["theMarked:HeightenedSenses","theMarked:Electrocute"],"picked":"theMarked:EmpowerWeapon","floor":7.0},{"not_picked":["theMarked:Improvise","theMarked:HeightenedSenses"],"picked":"theMarked:TwofoldDefense","floor":8.0},{"not_picked":["theMarked:Frustration","theMarked:EmpowerWeapon"],"picked":"theMarked:BindingBlade","floor":11.0},{"not_picked":["theMarked:HeightenedSenses","theMarked:ComboAttacks"],"picked":"theMarked:WardOff","floor":14.0},{"not_picked":["theMarked:TakeOffHeels","theMarked:SuspiciousRaven"],"picked":"theMarked:SoldierForm","floor":16.0},{"not_picked":["theMarked:Panic","theMarked:Static","theMarked:ShockingTouch"],"picked":"SKIP","floor":18.0},{"not_picked":["theMarked:HeightenedSenses","theMarked:Electrocute","theMarked:MagicAdept"],"picked":"SKIP","floor":19.0},{"not_picked":["theMarked:ElectricStrings","theMarked:ChainLightning","theMarked:Electrocute"],"picked":"SKIP","floor":22.0},{"not_picked":["theMarked:EmpowerWeapon","theMarked:EnhancedHearing"],"picked":"theMarked:Generate","floor":23.0},{"not_picked":["theMarked:ResourceFulStrike","theMarked:LightningStrikesTwice+1","theMarked:HeritageOfTheMarked"],"picked":"SKIP","floor":25.0},{"not_picked":["theMarked:ResourceFulStrike","theMarked:EnhancedHearing","theMarked:Frustration"],"picked":"SKIP","floor":27.0},{"not_picked":["theMarked:TwofoldDefense","theMarked:Aftermath"],"picked":"theMarked:EmpowerWeapon+1","floor":31.0},{"not_picked":["theMarked:SoldierForm","theMarked:SuspiciousRaven"],"picked":"theMarked:Levitate","floor":33.0},{"not_picked":["theMarked:PowerFlow","theMarked:Electrocute","theMarked:CreepingChasm+1"],"picked":"SKIP","floor":35.0},{"not_picked":["theMarked:TwofoldDefense","theMarked:EmpowerWeapon+1","theMarked:HeritageOfTheMarked+1"],"picked":"SKIP","floor":36.0},{"not_picked":["theMarked:TwofoldDefense","theMarked:EmpowerWeapon+1","theMarked:HeritageOfTheMarked+1"],"picked":"SKIP","floor":36.0},{"not_picked":["theMarked:Defy","theMarked:Frustration","theMarked:ResourceFulStrike"],"picked":"SKIP","floor":37.0},{"not_picked":["theMarked:HeightenedSenses+1","theMarked:GodGivenPower+1","theMarked:BanishingWave"],"picked":"SKIP","floor":38},{"not_picked":["theMarked:Snap","theMarked:Aftermath","theMarked:MaelstromOfLightning+1"],"picked":"SKIP","floor":41},{"not_picked":["theMarked:Aftermath+1","theMarked:MuscleMemory","theMarked:TunnelVision+1"],"picked":"SKIP","floor":44}],"player_experience":354606,"relics_obtained":[{"floor":6.0,"key":"Dead Branch"},{"floor":9.0,"key":"Divine Protection"},{"floor":11.0,"key":"infinitespire:Lychee Nut"},{"floor":14.0,"key":"Pantograph"},{"floor":20.0,"key":"Bag of Marbles"},{"floor":21.0,"key":"ReplayTheSpireMod:Ring of Challenge"},{"floor":21.0,"key":"Ring of Peace"},{"floor":23.0,"key":"War Paint"},{"floor":26.0,"key":"Iron Hammer"},{"floor":29.0,"key":"Red Mask"},{"floor":41,"key":"Nunchaku"},{"floor":43,"key":"Blood Vial"},{"floor":43,"key":"Replay:Wax Seal"},{"floor":44,"key":"Shuriken"}],"event_choices":[{"cards_removed":["Strike_G"],"damage_healed":0.0,"max_hp_gain":0.0,"max_hp_loss":0.0,"gold_gain":0.0,"event_name":"Purifier","player_choice":"Purged","floor":4.0,"gold_loss":0.0,"damage_taken":0.0},{"damage_healed":0.0,"max_hp_gain":0.0,"max_hp_loss":0.0,"gold_gain":0.0,"event_name":"Masked Bandits","player_choice":"Fought Bandits","floor":29.0,"gold_loss":0.0,"damage_taken":0.0},{"cards_removed":["Parasite"],"damage_healed":0,"gold_gain":0,"player_choice":"Offered Curse","damage_taken":0,"relics_obtained":["Spirit Poop"],"max_hp_gain":0,"max_hp_loss":0,"event_name":"Bonfire Elementals","floor":45,"gold_loss":0}],"is_beta":false,"boss_relics":[{"not_picked":["Painkiller Herb","SacredBark"],"picked":"SlaversCollar"},{"not_picked":["Astrolabe","Tiny House"],"picked":"Philosopher\u0027s Stone"}],"items_purged_floors":[13,39],"is_endless":false,"potions_floor_spawned":[1,5,6,11,22,25,29,33,37,41],"killed_by":"Nightmare","ascension_level":0}}