{"host":"svp5k7820qggnejp","time":1609096371,"event":{"mods":["Aspiration","Astrologer","Bard","BaseMod","BetterRewards","Clockwork Mod","FutureSeer","Minty Spire (QoL Compilation)","Potionbrewer","Spicy Shops","StSLib","The Necromancer","Transform Curses","Treasure Hunter"],"gold_per_floor":[922,936,949,904,488,488,488,488],"floor_reached":7,"playtime":897,"items_purged":[],"score":91,"play_id":"0766988c-752e-4082-91df-547c74c7187b","local_time":"20201227141251","daily_mods":["Hoarder","Vintage","Heirloom","Time Dilation","Flight"],"is_ascension_mode":false,"campfire_choices":[{"data":"Clockwork:PerfectForm","floor":6,"key":"SMITH"}],"circlet_count":0,"master_deck":["Demon Form","Wraith Form v2","Echo Form","DevaForm","bard:SplendidForm","potionbrewer:AlchemistForm","Clockwork:PerfectForm+1","astrologer:Starfield","Clockwork:Strike","Clockwork:Strike","Clockwork:Strike","Clockwork:Strike","Clockwork:Shield","Clockwork:Shield","Clockwork:Shield","Clockwork:Shield","Clockwork:Tinker","Clockwork:WarmUp"],"relics":["Clockwork:MomentumEngine","aspiration:AnachronicSnailShell","Toy Ornithopter","Juzu Bracelet","Sundial","Matryoshka","aspiration:Nostalgia","Burning Blood","Pear"],"acts_visited":["Exordium"],"potions_floor_usage":[4],"damage_taken":[{"damage":2,"enemies":"Small Slimes","floor":1,"turns":8},{"damage":5,"enemies":"2 Louse","floor":2,"turns":6},{"damage":21,"enemies":"Jaw Worm","floor":3,"turns":7},{"damage":22,"enemies":"Looter","floor":4,"turns":5},{"damage":51,"enemies":"3 Sentries","floor":7,"turns":7}],"seed_played":"-8860268950236397111","potions_obtained":[],"is_trial":true,"path_per_floor":["M","M","M","M","$","R","E"],"character_chosen":"CLOCKWORK","items_purchased":["aspiration:Nostalgia","Pear"],"campfire_rested":0,"item_purchase_floors":[5,5],"current_hp_per_floor":[83,78,57,40,50,50,0,0],"gold":488,"neow_bonus":"","is_daily":false,"chose_seed":false,"campfire_upgraded":1,"win_rate":0.0,"timestamp":1609096371,"path_taken":["M","M","M","M","$","R","E"],"items_purchased_type":["Relic","Relic"],"build_version":"2020-12-22","purchased_purges":0,"victory":false,"max_hp_per_floor":[85,85,85,85,95,95,95,95],"card_choices":[],"player_experience":211060,"relics_obtained":[{"floor":1,"key":"Toy Ornithopter"},{"floor":2,"key":"Juzu Bracelet"},{"floor":3,"key":"Sundial"},{"floor":4,"key":"Matryoshka"}],"event_choices":[],"is_beta":false,"boss_relics":[],"items_purged_floors":[],"is_endless":true,"potions_floor_spawned":[],"killed_by":"3 Sentries","ascension_level":0}}