{"host":"2qv44oxt58ptq59r","time":1609108051,"event":{"mods":["AchievementEnabler","BaseMod","Colored Powertips","Highlight Path","Minty Spire (QoL Compilation)","Permanent Neow","StSLib"],"gold_per_floor":[111,111,111,127,138,172,172,172,172,202,25,45,61,16,16,113,113,129,129,143,143,116,146,158,170,182,20,36,61,61,73,73,170,170,184,65,84,137,151,180,180,200,200,200,212,239,239,7,7,7,7,7,7,33,33],"floor_reached":56,"playtime":10650,"items_purged":["Doubt","Regret"],"score":1278,"play_id":"ac237174-7a61-40c9-83e5-413564b46151","local_time":"20201227222731","is_ascension_mode":false,"campfire_choices":[{"data":"Footwork","floor":7,"key":"SMITH"},{"data":"Footwork","floor":15,"key":"SMITH"},{"data":"Wraith Form v2","floor":24,"key":"SMITH"},{"data":"Crippling Poison","floor":30,"key":"SMITH"},{"data":"Footwork","floor":32,"key":"SMITH"},{"data":"Neutralize","floor":44,"key":"SMITH"},{"floor":47,"key":"RECALL"},{"data":"Noxious Fumes","floor":49,"key":"SMITH"},{"data":"Panacea","floor":52,"key":"SMITH"}],"circlet_count":0,"master_deck":["Strike_G+1","Strike_G+1","Strike_G+1","Strike_G+1","Strike_G+1","Defend_G+1","Defend_G+1","Defend_G+1","Defend_G+1","Defend_G+1","Survivor","Neutralize+1","Blade Dance+1","Footwork+1","Dagger Spray","Endless Agony","Footwork+1","Backstab","Cloak And Dagger","Wraith Form v2+1","Crippling Poison+1","Dodge and Roll+1","Accuracy","PiercingWail+1","Footwork+1","Backflip+1","Adrenaline","Leg Sweep+1","Backstab+1","Noxious Fumes+1","Footwork","Backflip","Panacea+1"],"relics":["Ring of the Snake","Vajra","Ornamental Fan","Snake Skull","The Courier","Nunchaku","Cursed Key","MawBank","Matryoshka","ClockworkSouvenir","Bronze Scales","WristBlade","HandDrill","Unceasing Top","Anchor","Omamori","Paper Crane","Pear","White Beast Statue"],"acts_visited":["Exordium","TheCity","TheBeyond","TheEnding"],"potions_floor_usage":[10,16,23,29,29,40,55,55],"damage_taken":[{"damage":0,"enemies":"Jaw Worm","floor":1,"turns":3},{"damage":0,"enemies":"Small Slimes","floor":4,"turns":2},{"damage":0,"enemies":"Cultist","floor":5,"turns":2},{"damage":12,"enemies":"Gremlin Nob","floor":6,"turns":4},{"damage":8,"enemies":"Lagavulin","floor":10,"turns":6},{"damage":0,"enemies":"Blue Slaver","floor":12,"turns":3},{"damage":0,"enemies":"Gremlin Gang","floor":13,"turns":3},{"damage":26,"enemies":"Hexaghost","floor":16,"turns":10},{"damage":0,"enemies":"Shell Parasite","floor":18,"turns":4},{"damage":0,"enemies":"3 Byrds","floor":20,"turns":3},{"damage":5,"enemies":"Gremlin Leader","floor":23,"turns":10},{"damage":0,"enemies":"Snake Plant","floor":28,"turns":5},{"damage":4,"enemies":"Book of Stabbing","floor":29,"turns":5},{"damage":0,"enemies":"Chosen and Byrds","floor":31,"turns":5},{"damage":17,"enemies":"Automaton","floor":33,"turns":14},{"damage":0,"enemies":"3 Darklings","floor":35,"turns":4},{"damage":0,"enemies":"3 Shapes","floor":37,"turns":5},{"damage":0,"enemies":"2 Orb Walkers","floor":38,"turns":4},{"damage":0,"enemies":"Jaw Worm Horde","floor":39,"turns":3},{"damage":9,"enemies":"Reptomancer","floor":40,"turns":9},{"damage":0,"enemies":"Spire Growth","floor":42,"turns":5},{"damage":0,"enemies":"Writhing Mass","floor":45,"turns":5},{"damage":3,"enemies":"Nemesis","floor":46,"turns":9},{"damage":0,"enemies":"Donu and Deca","floor":50,"turns":11},{"damage":25,"enemies":"Shield and Spear","floor":54,"turns":8},{"damage":55,"enemies":"The Heart","floor":55,"turns":13}],"seed_played":"-3433979194757708802","potions_obtained":[{"floor":5,"key":"LiquidBronze"},{"floor":6,"key":"ColorlessPotion"},{"floor":8,"key":"CultistPotion"},{"floor":10,"key":"Dexterity Potion"},{"floor":18,"key":"FairyPotion"},{"floor":28,"key":"CunningPotion"},{"floor":38,"key":"SpeedPotion"},{"floor":40,"key":"FearPotion"},{"floor":42,"key":"SteroidPotion"}],"is_trial":false,"path_per_floor":["M","?","?","M","M","E","R","?","T","E","$","M","M","?","R","B",null,"M","?","M","?","$","E","R","$","T","$","M","E","R","M","R","B",null,"M","$","M","?","M","E","?","M","T","R","M","E","R","$","R","B",null,"R","$","E","B",null],"character_chosen":"THE_SILENT","items_purchased":["Nunchaku","Footwork","Accuracy","ClockworkSouvenir","HandDrill","Footwork","Backflip","Panacea"],"campfire_rested":0,"item_purchase_floors":[11,11,22,27,36,48,48,48],"current_hp_per_floor":[70,67,67,67,67,55,55,55,55,47,47,47,47,47,47,21,70,70,64,64,64,64,59,59,59,59,59,59,55,55,55,55,38,70,70,70,70,70,70,61,61,61,61,61,61,68,68,68,68,68,76,76,76,51,18],"gold":33,"neow_bonus":"RANDOM_COMMON_RELIC","is_daily":false,"chose_seed":false,"campfire_upgraded":8,"win_rate":0.0,"timestamp":1609108051,"path_taken":["M","?","?","M","M","E","R","?","T","E","$","?","M","?","R","BOSS","M","?","?","?","?","E","R","$","T","?","M","E","R","M","R","BOSS","M","$","M","?","M","E","?","M","T","R","M","E","R","$","R","BOSS","R","$","E","BOSS"],"items_purchased_type":["Relic","Card","Card","Relic","Relic","Card","Card","Card"],"build_version":"2020-12-22","purchased_purges":2,"victory":true,"max_hp_per_floor":[70,70,70,70,70,70,70,70,70,70,70,70,70,70,70,70,70,70,70,70,70,70,70,70,70,70,70,70,70,70,70,70,70,70,70,70,70,70,70,70,66,66,66,66,66,76,76,76,76,76,76,76,76,76,76],"card_choices":[{"not_picked":["Cloak And Dagger","Deflect"],"picked":"Blade Dance","floor":1},{"not_picked":["Flying Knee","Dagger Throw"],"picked":"Footwork","floor":4},{"not_picked":["Flechettes","Blade Dance"],"picked":"Dagger Spray","floor":5},{"not_picked":["Poisoned Stab","Burst","Acrobatics"],"picked":"SKIP","floor":6},{"not_picked":["Phantasmal Killer","Dodge and Roll"],"picked":"Endless Agony","floor":10},{"not_picked":["Acrobatics","Deflect"],"picked":"Backstab","floor":12},{"not_picked":["Slice","Deadly Poison"],"picked":"Cloak And Dagger","floor":13},{"not_picked":["Tools of the Trade","Corpse Explosion"],"picked":"Wraith Form v2","floor":16},{"not_picked":["Choke","Deflect"],"picked":"Crippling Poison","floor":18},{"not_picked":["Blur","Outmaneuver"],"picked":"Dodge and Roll+1","floor":20},{"not_picked":["Concentrate","Night Terror","Catalyst"],"picked":"SKIP","floor":23},{"not_picked":["Deadly Poison","Flying Knee"],"picked":"PiercingWail+1","floor":28},{"not_picked":["Blur+1","Outmaneuver+1"],"picked":"Footwork","floor":29},{"not_picked":["Dagger Spray","Slice"],"picked":"Backflip+1","floor":31},{"not_picked":["Storm of Steel","Glass Knife"],"picked":"Adrenaline","floor":33},{"not_picked":["Crippling Poison","Dodge and Roll","Underhanded Strike"],"picked":"SKIP","floor":35},{"not_picked":["Acrobatics","Setup","Underhanded Strike"],"picked":"SKIP","floor":37},{"not_picked":["Caltrops+1","Blur+1"],"picked":"Leg Sweep+1","floor":38},{"not_picked":["Dagger Throw","Endless Agony","Outmaneuver+1"],"picked":"SKIP","floor":39},{"not_picked":["Dodge and Roll","Finisher","Caltrops"],"picked":"SKIP","floor":40},{"not_picked":["Underhanded Strike","Sucker Punch","Prepared"],"picked":"SKIP","floor":42},{"not_picked":["All Out Attack","Caltrops+1"],"picked":"Backstab+1","floor":45},{"not_picked":["Dash+1","Masterful Stab"],"picked":"Noxious Fumes","floor":46},{"not_picked":["Crippling Poison","Wraith Form v2","Dagger Spray+1"],"picked":"SKIP","floor":54}],"player_experience":5044546,"relics_obtained":[{"floor":6,"key":"Snake Skull"},{"floor":10,"key":"The Courier"},{"floor":23,"key":"MawBank"},{"floor":26,"key":"Matryoshka"},{"floor":29,"key":"Bronze Scales"},{"floor":38,"key":"Unceasing Top"},{"floor":40,"key":"Anchor"},{"floor":43,"key":"Omamori"},{"floor":43,"key":"Paper Crane"},{"floor":46,"key":"Pear"},{"floor":54,"key":"White Beast Statue"}],"event_choices":[{"damage_healed":0,"gold_gain":0,"player_choice":"Success","damage_taken":3,"relics_obtained":["Ornamental Fan"],"max_hp_gain":0,"max_hp_loss":0,"event_name":"Scrap Ooze","floor":2,"gold_loss":0},{"damage_healed":0,"gold_gain":0,"player_choice":"Grow","damage_taken":0,"max_hp_gain":0,"max_hp_loss":0,"event_name":"Living Wall","floor":3,"gold_loss":0,"cards_upgraded":["Blade Dance"]},{"damage_healed":0,"gold_gain":0,"player_choice":"Got Potions","damage_taken":0,"max_hp_gain":0,"max_hp_loss":0,"event_name":"Lab","floor":8,"gold_loss":0},{"damage_healed":0,"gold_gain":0,"player_choice":"Left Gold","damage_taken":0,"max_hp_gain":0,"max_hp_loss":0,"event_name":"World of Goop","floor":14,"gold_loss":45},{"damage_healed":0,"gold_gain":0,"player_choice":"","damage_taken":6,"max_hp_gain":0,"max_hp_loss":0,"event_name":"Knowing Skull","floor":19,"potions_obtained":[],"gold_loss":0,"cards_obtained":[]},{"damage_healed":0,"gold_gain":0,"player_choice":"Simplicity","damage_taken":0,"max_hp_gain":0,"max_hp_loss":0,"event_name":"Back to Basics","floor":21,"gold_loss":0,"cards_upgraded":["Strike_G","Strike_G","Strike_G","Strike_G","Strike_G","Defend_G","Defend_G","Defend_G","Defend_G","Defend_G"]},{"damage_healed":0,"gold_gain":0,"player_choice":"Fight","damage_taken":0,"max_hp_gain":0,"max_hp_loss":0,"event_name":"Mysterious Sphere","floor":38,"gold_loss":0},{"damage_healed":0,"gold_gain":0,"player_choice":"Max HP","damage_taken":0,"max_hp_gain":0,"max_hp_loss":4,"event_name":"Winding Halls","floor":41,"gold_loss":0}],"is_beta":false,"boss_relics":[{"not_picked":["Runic Dome","SacredBark"],"picked":"Cursed Key"},{"not_picked":["HoveringKite","Busted Crown"],"picked":"WristBlade"}],"items_purged_floors":[27,48],"is_endless":false,"potions_floor_spawned":[5,6,10,18,28,38,40,42],"ascension_level":0}}