{"host":"3y33rrrkia6pkpow","time":1609111322,"event":{"mods":["2.2 Compatiblity","AchievementEnabler","Act Like it!","BaseMod","BetterRewards","Colored Map","Gensokyo","Minty Spire (QoL Compilation)","Quick Restart","Replay The Spire","Shop Mod","Spicy Shops","StSLib","Synergy Search","The Animator","The Blue Laboratory"],"gold_per_floor":[115,65,65,84,30,30,2,2,2,2,16,16,16,35,35,132,132,132,132],"floor_reached":18,"playtime":2521,"items_purged":[],"score":222,"play_id":"06282d0e-a2f1-4406-966a-7e5ef8e5fbb8","local_time":"20201227172202","is_ascension_mode":true,"campfire_choices":[{"data":"animator:Demiurge","floor":6.0,"key":"SMITH"},{"data":"animator:OrikoMikuni","floor":8.0,"key":"SMITH"},{"data":"animator:PandorasActor","floor":10.0,"key":"SMITH"},{"floor":15.0,"key":"REST"}],"circlet_count":0,"master_deck":["AscendersBane","animator:Strike_MadokaMagica","animator:Defend_MadokaMagica","animator:Strike","animator:Strike","animator:Strike","animator:Defend","animator:Defend","animator:Defend","animator:IrohaTamaki","animator:YuiTsuruno","animator:Ain","animator:OrikoMikuni+1","animator:FielNirvalen","animator:PandorasActor+1","animator:PandorasActor+1","animator:Demiurge+1","animator:ZankiKiguchi+1","Clumsy","animator:Priestess","animator:YachiyoNanami+1","animator:TsurugaMeisai","animator:HinaKagiyama","animator:Curse_Dizziness","animator:PandorasActor","animator:Eve"],"relics":["animator:LivingPicture","animator:TheMissingPiece","animator:PurgingStone","Gremlin Food","Gensokyo:NagashiBinaDoll","Onion Ring","Philosopher\u0027s Stone"],"acts_visited":["Exordium","Gensokyo:Gensokyo"],"potions_floor_usage":[18],"damage_taken":[{"damage":3.0,"enemies":"Gensokyo:2_Kodama","floor":1.0,"turns":6.0},{"damage":4.0,"enemies":"Gensokyo:Python","floor":4.0,"turns":5.0},{"damage":0.0,"enemies":"Gensokyo:3_Fairies","floor":11.0,"turns":3.0},{"damage":20.0,"enemies":"Gensokyo:3_Kodama","floor":14.0,"turns":5.0},{"damage":18,"enemies":"Gensokyo:Kokoro","floor":16,"turns":13},{"damage":64,"enemies":"Gensokyo:3_Dogs","floor":18,"turns":5}],"seed_played":"8442508331849098603","potions_obtained":[{"floor":14.0,"key":"Venom Potion"},{"floor":16,"key":"Adrenaline Potion"}],"is_trial":false,"path_per_floor":["M","$","?","M","$","R","?","R","T","R","M","COS","?","M","R","B",null,"M"],"character_chosen":"THE_ANIMATOR","items_purchased":["animator:Ain","animator:OrikoMikuni","animator:FielNirvalen","blueLaboratory:FrostheartPotion","animator:PandorasActor","animator:ZankiKiguchi+1","animator:YachiyoNanami+1"],"campfire_rested":1,"item_purchase_floors":[0,0,0,0,0,2,5],"current_hp_per_floor":[56,56,56,52,52,52,66,66,66,66,66,66,66,46,65,47,61,0,0],"gold":132,"neow_bonus":"","is_daily":false,"chose_seed":false,"campfire_upgraded":3,"win_rate":0.0,"timestamp":1609111322,"path_taken":["M","$","?","?","?","R","?","R","T","R","M","COS","?","M","R","BOSS","M"],"items_purchased_type":["Card","Card","Card","Potion","Card","Card","Card"],"build_version":"2020-12-22","purchased_purges":0,"victory":false,"max_hp_per_floor":[66,66,66,66,66,66,66,66,66,66,66,66,66,66,66,66,66,66,66],"card_choices":[{"not_picked":["animator:Hitei","animator:Genos"],"picked":"animator:Demiurge","floor":1.0},{"not_picked":["animator:Yuuichirou","animator:PandorasActor"],"picked":"animator:Priestess","floor":4.0},{"not_picked":["animator:Tet","animator:OrikoMikuni"],"picked":"animator:TsurugaMeisai","floor":11.0},{"not_picked":["animator:Demiurge","animator:Shalltear"],"picked":"animator:PandorasActor","floor":14.0},{"not_picked":["animator:ItamiYouji","animator:Biyorigo"],"picked":"animator:Eve","floor":16}],"player_experience":807937,"relics_obtained":[{"floor":9.0,"key":"Onion Ring"}],"event_choices":[],"is_beta":false,"boss_relics":[{"not_picked":["Astrolabe","ChewingGum"],"picked":"Philosopher\u0027s Stone"}],"items_purged_floors":[],"is_endless":false,"potions_floor_spawned":[14,16],"killed_by":"Gensokyo:3_Dogs","ascension_level":10}}