{"host":"1ltt377nc7aury4n","time":1609098352,"event":{"mods":["AchievementEnabler","BaseMod","Best Route Mod","Colored Powertips","Minty Spire (QoL Compilation)","StSLib"],"gold_per_floor":[118,134,150,150,75,104,104,139,139,139,168,68,88,104,104,200,200,212,127,158,176,194,194,211,211,285,1,13,39,0,13,13,116,116,136,136,53,275,275,301,301,335,335,335,382,332,362,19,19,19],"floor_reached":51,"playtime":3517,"items_purged":["Defend_B","Strike_B","Defend_B","Strike_B","Defend_B"],"score":963,"play_id":"28566736-779f-4786-bad2-6c017b0acc0c","local_time":"20201227144552","is_ascension_mode":true,"campfire_choices":[{"floor":10,"key":"REST"},{"data":"Defragment","floor":15,"key":"SMITH"},{"floor":23,"key":"REST"},{"floor":25,"key":"REST"},{"floor":32,"key":"REST"},{"floor":41,"key":"REST"},{"data":"Seek","floor":44,"key":"SMITH"},{"floor":49,"key":"REST"}],"circlet_count":0,"master_deck":["Defend_B+1","Zap+1","Dualcast","Cold Snap","Defragment+1","FTL","Beam Cell","Glacier","Capacitor","Streamline","Barrage","Seek+1","Chill","Hologram","Defragment+1","Blizzard","CurseOfTheBell","White Noise","Sunder+1","Hologram","Blind"],"relics":["Cracked Core","NeowsBlessing","Ancient Tea Set","Ornamental Fan","Toy Ornithopter","Bag of Marbles","Busted Crown","Smiling Mask","Red Mask","Eternal Feather","Strawberry","Torii","Calling Bell","Nunchaku","InkBottle","Prayer Wheel","Sundial","Bottled Tornado","Pear","Lizard Tail","Lantern","Mercury Hourglass"],"acts_visited":["Exordium","TheCity","TheBeyond"],"potions_floor_usage":[11,13,16,31,33,33,40,50],"damage_taken":[{"damage":0,"enemies":"Jaw Worm","floor":1,"turns":1},{"damage":0,"enemies":"Cultist","floor":2,"turns":1},{"damage":0,"enemies":"2 Louse","floor":3,"turns":1},{"damage":12,"enemies":"3 Sentries","floor":6,"turns":7},{"damage":25,"enemies":"Gremlin Nob","floor":8,"turns":4},{"damage":0,"enemies":"3 Sentries","floor":11,"turns":6},{"damage":2,"enemies":"Exordium Thugs","floor":13,"turns":4},{"damage":1,"enemies":"Lots of Slimes","floor":14,"turns":3},{"damage":3,"enemies":"The Guardian","floor":16,"turns":8},{"damage":3,"enemies":"3 Byrds","floor":18,"turns":5},{"damage":37,"enemies":"Masked Bandits","floor":20,"turns":5},{"damage":10,"enemies":"Spheric Guardian","floor":21,"turns":4},{"damage":11,"enemies":"Chosen and Byrds","floor":22,"turns":7},{"damage":14,"enemies":"Shelled Parasite and Fungi","floor":24,"turns":5},{"damage":0,"enemies":"Centurion and Healer","floor":28,"turns":5},{"damage":18,"enemies":"Slavers","floor":29,"turns":8},{"damage":0,"enemies":"Snake Plant","floor":31,"turns":5},{"damage":14,"enemies":"Automaton","floor":33,"turns":9},{"damage":2,"enemies":"Orb Walker","floor":35,"turns":4},{"damage":61,"enemies":"Giant Head","floor":40,"turns":9},{"damage":1,"enemies":"Nemesis","floor":42,"turns":11},{"damage":27,"enemies":"2 Orb Walkers","floor":45,"turns":5},{"damage":24,"enemies":"Reptomancer","floor":47,"turns":7},{"damage":47,"enemies":"Time Eater","floor":50,"turns":9}],"seed_played":"3463534039686639495","potions_obtained":[{"floor":8,"key":"AttackPotion"},{"floor":11,"key":"AttackPotion"},{"floor":13,"key":"FearPotion"},{"floor":20,"key":"SteroidPotion"},{"floor":22,"key":"Block Potion"},{"floor":31,"key":"Swift Potion"},{"floor":35,"key":"LiquidMemories"},{"floor":42,"key":"BlessingOfTheForge"}],"is_trial":false,"path_per_floor":["M","M","M","?","$","E","?","E","T","R","E","$","M","M","R","B",null,"M","?","?","M","M","R","M","R","T","$","M","E","$","M","R","B",null,"M","?","$","?","?","E","R","E","T","R","?","$","E","$","R","B",null],"character_chosen":"DEFECT","items_purchased":["Defragment","Strawberry","Blizzard","White Noise","Mercury Hourglass","Blind"],"campfire_rested":6,"item_purchase_floors":[27,27,30,37,48,48],"current_hp_per_floor":[75,75,75,75,75,63,48,23,23,45,50,50,53,52,52,54,75,72,72,35,25,14,36,22,44,44,51,51,33,33,38,71,67,82,80,80,80,80,80,21,57,56,66,78,51,51,27,27,66,24],"gold":19,"neow_bonus":"THREE_ENEMY_KILL","is_daily":false,"chose_seed":false,"campfire_upgraded":2,"win_rate":0.0,"timestamp":1609098352,"path_taken":["M","M","M","?","?","E","?","E","T","R","E","$","M","M","R","BOSS","M","?","?","M","?","R","M","R","T","$","M","E","?","M","R","BOSS","M","?","?","?","?","E","R","E","T","R","?","$","E","$","R","BOSS"],"items_purchased_type":["Card","Relic","Card","Card","Relic","Card"],"build_version":"2020-12-22","purchased_purges":5,"victory":true,"max_hp_per_floor":[75,75,75,75,75,75,75,75,75,75,75,75,75,75,75,75,75,75,75,75,75,75,75,75,75,75,82,82,82,82,82,82,82,82,82,82,82,82,82,82,82,82,92,92,92,92,92,92,92,92],"card_choices":[{"not_picked":["Hologram","Conserve Battery"],"picked":"Cold Snap","floor":1},{"not_picked":["Rebound","Compile Driver"],"picked":"Defragment","floor":2},{"not_picked":["Blizzard","Stack"],"picked":"FTL","floor":3},{"not_picked":["Conserve Battery","Leap"],"picked":"Glacier","floor":6},{"not_picked":["Meteor Strike","Leap"],"picked":"Capacitor","floor":8},{"not_picked":["Self Repair","Glacier"],"picked":"Streamline","floor":11},{"not_picked":["Static Discharge","Reinforced Body"],"picked":"Barrage","floor":13},{"not_picked":["Conserve Battery","Coolheaded","Sweeping Beam"],"picked":"SKIP","floor":14},{"not_picked":["Amplify","Echo Form"],"picked":"Seek","floor":16},{"not_picked":["Fusion"],"picked":"SKIP","floor":18},{"not_picked":[],"picked":"Chill","floor":21},{"not_picked":["Cold Snap"],"picked":"SKIP","floor":22},{"not_picked":[],"picked":"Hologram","floor":24},{"not_picked":["Leap+1"],"picked":"SKIP","floor":28},{"not_picked":["Gash"],"picked":"SKIP","floor":29},{"not_picked":["Streamline"],"picked":"SKIP","floor":31},{"not_picked":["Compile Driver"],"picked":"SKIP","floor":35},{"not_picked":["Go for the Eyes"],"picked":"SKIP","floor":35},{"not_picked":[],"picked":"Sunder+1","floor":40},{"not_picked":[],"picked":"Hologram","floor":42},{"not_picked":["Chaos"],"picked":"SKIP","floor":47}],"player_experience":250480,"relics_obtained":[{"floor":6,"key":"Ancient Tea Set"},{"floor":8,"key":"Ornamental Fan"},{"floor":9,"key":"Toy Ornithopter"},{"floor":11,"key":"Bag of Marbles"},{"floor":20,"key":"Red Mask"},{"floor":26,"key":"Eternal Feather"},{"floor":29,"key":"Torii"},{"floor":34,"key":"Nunchaku"},{"floor":34,"key":"InkBottle"},{"floor":34,"key":"Prayer Wheel"},{"floor":40,"key":"Sundial"},{"floor":42,"key":"Bottled Tornado"},{"floor":43,"key":"Pear"},{"floor":45,"key":"Lizard Tail"},{"floor":47,"key":"Lantern"}],"event_choices":[{"damage_healed":0,"gold_gain":0,"cards_transformed":["Strike_B"],"player_choice":"Transformed","damage_taken":0,"max_hp_gain":0,"max_hp_loss":0,"event_name":"Transmorgrifier","floor":4,"gold_loss":0,"cards_obtained":["Beam Cell"]},{"damage_healed":0,"gold_gain":0,"player_choice":"Entered Light","damage_taken":15,"max_hp_gain":0,"max_hp_loss":0,"event_name":"Shining Light","floor":7,"gold_loss":0,"cards_upgraded":["Zap","Defend_B"]},{"damage_healed":0,"gold_gain":0,"player_choice":"Obtained Relic","damage_taken":0,"relics_obtained":["Smiling Mask"],"max_hp_gain":0,"max_hp_loss":0,"event_name":"Addict","floor":19,"gold_loss":85},{"damage_healed":0,"gold_gain":0,"player_choice":"Fought Bandits","damage_taken":0,"max_hp_gain":0,"max_hp_loss":0,"event_name":"Masked Bandits","floor":20,"gold_loss":0},{"damage_healed":0,"gold_gain":0,"player_choice":"Forge","damage_taken":0,"max_hp_gain":0,"max_hp_loss":0,"event_name":"Accursed Blacksmith","floor":36,"gold_loss":0,"cards_upgraded":["Defragment"]},{"damage_healed":0,"gold_gain":222,"player_choice":"Wore Mask","damage_taken":0,"max_hp_gain":0,"max_hp_loss":0,"event_name":"Tomb of Lord Red Mask","floor":38,"gold_loss":0},{"cards_removed":["Strike_B"],"damage_healed":0,"gold_gain":0,"player_choice":"Removed Attack","damage_taken":0,"max_hp_gain":0,"max_hp_loss":0,"event_name":"Falling","floor":39,"gold_loss":0},{"damage_healed":0,"gold_gain":0,"player_choice":"Fight","damage_taken":0,"max_hp_gain":0,"max_hp_loss":0,"event_name":"Mysterious Sphere","floor":45,"gold_loss":0}],"is_beta":false,"boss_relics":[{"not_picked":["Snecko Eye","Fusion Hammer"],"picked":"Busted Crown"},{"not_picked":["Cursed Key","Sozu"],"picked":"Calling Bell"}],"items_purged_floors":[5,12,27,37,46],"is_endless":false,"potions_floor_spawned":[8,11,13,20,22,31,35,42],"ascension_level":3}}