{"host":"t7mx8yfj1no5p62f","time":1609102127,"event":{"mods":["BaseMod","Colored Map","Colored Powertips","Minty Spire (QoL Compilation)","Relic Stats","StSLib"],"gold_per_floor":[369,78,78,94,94,94,94,121,167,243,268,286,320,332,332,408,408,425,437,437,437,449,449,474,474,474,474,47,47,47,82,82,156,156,173,173,16,28,28,60,74,74,74,74,100,80,80,109,109,109,109,109,109,30,61,61,61],"floor_reached":56,"playtime":2943,"items_purged":["Parasite","Strike_B"],"score":2200,"play_id":"83cd5e4c-284b-4a47-be99-03d0da6f104e","local_time":"20201227154847","is_ascension_mode":true,"campfire_choices":[{"data":"Genetic Algorithm","floor":7.0,"key":"SMITH"},{"data":"Beam Cell","floor":15.0,"key":"SMITH"},{"data":"Creative AI","floor":23,"key":"SMITH"},{"data":"Fission","floor":25,"key":"SMITH"},{"data":"Turbo","floor":27,"key":"SMITH"},{"data":"White Noise","floor":29,"key":"SMITH"},{"data":"Skim","floor":32,"key":"SMITH"},{"data":"Defragment","floor":42,"key":"SMITH"},{"floor":44,"key":"REST"},{"data":"Hologram","floor":47,"key":"SMITH"},{"floor":49,"key":"RECALL"},{"data":"Chaos","floor":53,"key":"SMITH"}],"circlet_count":0,"master_deck":["AscendersBane","Defend_B","Defend_B","Defend_B","Defend_B","Zap","Dualcast+1","Melter","Genetic Algorithm+1","Compile Driver","Beam Cell+1","Ball Lightning","Cold Snap+1","Cold Snap","Doom and Gloom","Auto Shields","Turbo+1","White Noise+1","Creative AI+1","Chaos+1","Aggregate+1","Fission+1","Skim+1","Echo Form","Hologram+1","Dark Shackles","Glacier","Defragment+1","Heatsinks+1","Reinforced Body","Skim"],"relics":["Cracked Core","Orrery","Vajra","Juzu Bracelet","Pen Nib","Ancient Tea Set","Bag of Preparation","Empty Cage","MutagenicStrength","Question Card","Calipers","Gambling Chip","Boot","Philosopher\u0027s Stone","Runic Capacitor","Centennial Puzzle","Oddly Smooth Stone","TungstenRod","Bottled Lightning"],"acts_visited":["Exordium","TheCity","TheBeyond","TheEnding"],"potions_floor_usage":[24,50,56],"damage_taken":[{"damage":7.0,"enemies":"Small Slimes","floor":1.0,"turns":3.0},{"damage":6.0,"enemies":"2 Louse","floor":4.0,"turns":2.0},{"damage":21.0,"enemies":"3 Sentries","floor":8.0,"turns":7.0},{"damage":0.0,"enemies":"Cultist","floor":12.0,"turns":2.0},{"damage":5.0,"enemies":"Gremlin Nob","floor":13.0,"turns":3.0},{"damage":0.0,"enemies":"3 Louse","floor":14.0,"turns":1.0},{"damage":9.0,"enemies":"The Guardian","floor":16.0,"turns":9.0},{"damage":0,"enemies":"Spheric Guardian","floor":18,"turns":1},{"damage":1,"enemies":"Chosen","floor":19,"turns":4},{"damage":20,"enemies":"Snake Plant","floor":22,"turns":4},{"damage":7,"enemies":"Book of Stabbing","floor":24,"turns":4},{"damage":3,"enemies":"Slavers","floor":31,"turns":4},{"damage":17,"enemies":"Champ","floor":33,"turns":14},{"damage":8,"enemies":"3 Shapes","floor":35,"turns":7},{"damage":0,"enemies":"3 Darklings","floor":38,"turns":3},{"damage":24,"enemies":"Nemesis","floor":40,"turns":7},{"damage":0,"enemies":"Jaw Worm Horde","floor":41,"turns":4},{"damage":0,"enemies":"Giant Head","floor":45,"turns":9},{"damage":0,"enemies":"Reptomancer","floor":48,"turns":7},{"damage":0,"enemies":"Donu and Deca","floor":50,"turns":14},{"damage":7,"enemies":"Time Eater","floor":51,"turns":28},{"damage":40,"enemies":"Shield and Spear","floor":55,"turns":14},{"damage":22,"enemies":"The Heart","floor":56,"turns":2}],"seed_played":"3611581958348313003","potions_obtained":[{"floor":1.0,"key":"Block Potion"},{"floor":12.0,"key":"BlessingOfTheForge"},{"floor":19,"key":"AttackPotion"},{"floor":22,"key":"SteroidPotion"},{"floor":40,"key":"Regen Potion"},{"floor":55,"key":"Swift Potion"}],"is_trial":false,"path_per_floor":["M","$","?","M","?","?","R","E","T","?","T","M","E","M","R","B",null,"M","M","?","?","M","R","E","R","T","R","$","R","?","E","R","B",null,"M","?","$","M","?","E","M","R","T","R","E","?","R","E","R","B","B",null,"R","$","E","B"],"character_chosen":"DEFECT","items_purchased":["Orrery","Cold Snap","Gambling Chip","Runic Capacitor","Reinforced Body"],"campfire_rested":1,"item_purchase_floors":[2,2,28,37,54],"current_hp_per_floor":[57,57,37,31,26,48,48,27,27,27,27,27,22,22,22,13,54,54,53,53,53,33,33,26,26,26,26,26,26,26,23,23,6,53,45,45,45,45,45,21,21,21,21,40,40,40,40,40,40,55,48,61,61,61,21,0,0],"gold":61,"neow_bonus":"TWO_FIFTY_GOLD","is_daily":false,"chose_seed":false,"campfire_upgraded":10,"win_rate":0.0,"timestamp":1609102127,"path_taken":["M","$","?","M","?","?","R","E","T","?","?","M","E","M","R","BOSS","M","M","?","?","M","R","E","R","T","R","?","R","?","E","R","BOSS","M","?","$","M","?","E","M","R","T","R","E","?","R","E","R","BOSS","BOSS","R","$","E","BOSS"],"items_purchased_type":["Relic","Card","Relic","Relic","Card"],"build_version":"2020-12-22","purchased_purges":2,"victory":false,"max_hp_per_floor":[71,68,68,68,68,68,68,68,68,68,68,68,68,68,68,68,68,68,68,68,68,68,68,68,68,68,68,68,68,68,68,68,68,68,68,65,65,65,65,65,65,65,65,65,65,65,65,65,65,65,65,65,65,65,65,65,65],"relic_stats":{"Centennial Puzzle":[9],"counters":[23,153],"Gambling Chip":[36],"Pen Nib":[25],"Juzu Bracelet":2,"Bag of Preparation":[36],"Question Card":10,"Boot":[86],"obtain_stats":[{"Calipers":26,"Vajra":5,"Oddly Smooth Stone":45,"Pen Nib":9,"Juzu Bracelet":8,"Bag of Preparation":13,"Runic Capacitor":37,"Ancient Tea Set":11,"Empty Cage":17,"Question Card":24,"Boot":31,"Centennial Puzzle":40,"MutagenicStrength":20,"Gambling Chip":28,"Orrery":2,"Philosopher\u0027s Stone":34,"Bottled Lightning":55,"Cracked Core":0,"TungstenRod":48},{"Calipers":11,"Vajra":2,"Oddly Smooth Stone":18,"Pen Nib":3,"Juzu Bracelet":3,"Bag of Preparation":5,"Runic Capacitor":14,"Ancient Tea Set":3,"Empty Cage":7,"Question Card":11,"Boot":12,"Centennial Puzzle":16,"MutagenicStrength":9,"Gambling Chip":11,"Orrery":1,"Philosopher\u0027s Stone":13,"Bottled Lightning":22,"Cracked Core":0,"TungstenRod":19},{"Calipers":40,"Vajra":5,"Oddly Smooth Stone":88,"Pen Nib":12,"Juzu Bracelet":12,"Bag of Preparation":17,"Runic Capacitor":65,"Ancient Tea Set":12,"Empty Cage":27,"Question Card":40,"Boot":44,"Centennial Puzzle":75,"MutagenicStrength":32,"Gambling Chip":40,"Orrery":3,"Philosopher\u0027s Stone":58,"Bottled Lightning":151,"Cracked Core":0,"TungstenRod":95}],"TungstenRod":12},"card_choices":[{"not_picked":["Auto Shields","Conserve Battery"],"picked":"Melter","floor":1.0},{"not_picked":["Rebound","BootSequence"],"picked":"Genetic Algorithm","floor":2.0},{"not_picked":["Leap","Melter"],"picked":"Compile Driver","floor":2.0},{"not_picked":["Gash","Loop"],"picked":"Beam Cell","floor":2.0},{"not_picked":["Coolheaded","Gash"],"picked":"Ball Lightning","floor":2.0},{"not_picked":["Undo","Scrape"],"picked":"Cold Snap","floor":4.0},{"not_picked":["Beam Cell","Ball Lightning"],"picked":"Doom and Gloom","floor":8.0},{"not_picked":["Go for the Eyes","Tempest"],"picked":"Auto Shields","floor":12.0},{"not_picked":["Steam","Gash"],"picked":"Turbo","floor":13.0},{"not_picked":["Recycle","Gash"],"picked":"White Noise","floor":14.0},{"not_picked":["Thunder Strike","Machine Learning"],"picked":"Creative AI","floor":16.0},{"not_picked":["Beam Cell","Force Field","Cold Snap"],"picked":"SKIP","floor":18},{"not_picked":["Beam Cell","Hello World","Scrape"],"picked":"SKIP","floor":19},{"not_picked":["Stack","Redo"],"picked":"Aggregate+1","floor":22},{"not_picked":["Force Field","Fusion"],"picked":"Fission","floor":24},{"not_picked":["Fusion","FTL+1","Go for the Eyes"],"picked":"Skim","floor":31},{"not_picked":["Creative AI","Fission","Meteor Strike"],"picked":"Echo Form","floor":33},{"not_picked":["FTL","Steam Power","Ball Lightning","Beam Cell"],"picked":"SKIP","floor":35},{"not_picked":["Redo+1","Recycle","Loop"],"picked":"Hologram","floor":38},{"not_picked":["Purity","Trip","Flash of Steel"],"picked":"Dark Shackles","floor":39},{"not_picked":["Coolheaded+1","Redo","Turbo"],"picked":"Glacier","floor":40},{"not_picked":["Stack","Cold Snap","Fusion"],"picked":"Defragment","floor":41},{"not_picked":["Coolheaded","Meteor Strike","Darkness"],"picked":"Heatsinks+1","floor":45},{"not_picked":["Rip and Tear","Hyperbeam","Steam Power","Hologram"],"picked":"SKIP","floor":48},{"not_picked":["Hello World","Static Discharge","Cold Snap"],"picked":"Skim","floor":55}],"player_experience":1599813,"relics_obtained":[{"floor":8.0,"key":"Juzu Bracelet"},{"floor":9.0,"key":"Pen Nib"},{"floor":11.0,"key":"Ancient Tea Set"},{"floor":13.0,"key":"Bag of Preparation"},{"floor":24,"key":"Question Card"},{"floor":26,"key":"Calipers"},{"floor":31,"key":"Boot"},{"floor":40,"key":"Centennial Puzzle"},{"floor":45,"key":"Oddly Smooth Stone"},{"floor":48,"key":"TungstenRod"},{"floor":55,"key":"Bottled Lightning"}],"event_choices":[{"damage_healed":0.0,"max_hp_gain":0.0,"max_hp_loss":0.0,"gold_gain":0.0,"event_name":"Shining Light","player_choice":"Entered Light","floor":3.0,"gold_loss":0.0,"damage_taken":20.0,"cards_upgraded":["Dualcast","Cold Snap"]},{"damage_healed":0.0,"max_hp_gain":0.0,"max_hp_loss":0.0,"gold_gain":0.0,"event_name":"Scrap Ooze","player_choice":"Success","floor":5.0,"gold_loss":0.0,"damage_taken":5.0,"relics_obtained":["Vajra"]},{"damage_healed":22.0,"max_hp_gain":0.0,"max_hp_loss":0.0,"gold_gain":0.0,"event_name":"Big Fish","player_choice":"Banana","floor":6.0,"gold_loss":0.0,"damage_taken":0.0},{"damage_healed":0.0,"max_hp_gain":0.0,"max_hp_loss":0.0,"gold_gain":76.0,"event_name":"Golden Wing","player_choice":"Gained Gold","floor":10.0,"gold_loss":0.0,"damage_taken":0.0},{"damage_healed":0,"gold_gain":0,"player_choice":"Inject Mutagens","damage_taken":0,"relics_obtained":["MutagenicStrength"],"max_hp_gain":0,"max_hp_loss":0,"event_name":"Drug Dealer","floor":20,"gold_loss":0},{"damage_healed":0,"gold_gain":0,"cards_transformed":["Strike_B"],"player_choice":"Transformed","damage_taken":0,"max_hp_gain":0,"max_hp_loss":0,"event_name":"Transmorgrifier","floor":21,"gold_loss":0,"cards_obtained":["Chaos"]},{"damage_healed":0,"gold_gain":0,"player_choice":"0 cards matched","damage_taken":0,"max_hp_gain":0,"max_hp_loss":0,"event_name":"Match and Keep!","floor":30,"gold_loss":0,"cards_obtained":[]},{"damage_healed":0,"gold_gain":0,"player_choice":"Max HP","damage_taken":0,"max_hp_gain":0,"max_hp_loss":3,"event_name":"Winding Halls","floor":36,"gold_loss":0},{"damage_healed":0,"gold_gain":0,"player_choice":"Memory 1","damage_taken":0,"max_hp_gain":0,"max_hp_loss":0,"event_name":"SensoryStone","floor":39,"gold_loss":0},{"damage_healed":0,"gold_gain":0,"player_choice":"Bought 1 Potion","damage_taken":0,"max_hp_gain":0,"max_hp_loss":0,"event_name":"The Woman in Blue","floor":46,"gold_loss":0}],"is_beta":false,"boss_relics":[{"not_picked":["Ectoplasm","FrozenCore"],"picked":"Empty Cage"},{"not_picked":["Black Star","Sozu"],"picked":"Philosopher\u0027s Stone"}],"items_purged_floors":[2,28],"is_endless":false,"potions_floor_spawned":[1,12,19,22,40,48,55],"killed_by":"The Heart","ascension_level":20}}