{"host":"toh0bbw446wnuexf","time":1609038379,"event":{"mods":["BaseMod","Downfall","Hermit","Minty Spire (QoL Compilation)","Random Character Button","StSLib"],"gold_per_floor":[109,127,127,127,52,63,63,81,135,135,135,135,235,251,251,347,347,358,376,376,376,386,415,415,415],"floor_reached":24,"playtime":1562,"items_purged":[],"score":216,"play_id":"864e3160-4d90-40d1-a170-e9568e1d241d","local_time":"20201227160619","is_ascension_mode":true,"campfire_choices":[{"data":"hermit:Misfire","floor":7,"key":"SMITH"},{"data":"hermit:Enervate","floor":11,"key":"SMITH"},{"data":"hermit:Snapshot","floor":15,"key":"SMITH"}],"circlet_count":0,"master_deck":["hermit:Strike_Hermit","hermit:Strike_Hermit","hermit:Strike_Hermit","hermit:Strike_Hermit","hermit:Defend_Hermit+1","hermit:Defend_Hermit","hermit:Defend_Hermit","hermit:Defend_Hermit","hermit:Snapshot+1","hermit:FatalDesire","hermit:Enervate+1","hermit:Misfire+1","hermit:Grudge+1","hermit:Dissolve","Writhe","hermit:Misfire","hermit:ShadowCloak+1"],"relics":["hermit:Momento","Oddly Smooth Stone","Pen Nib","Happy Flower","SacredBark","Orichalcum","Omamori"],"acts_visited":["Exordium","TheCity"],"potions_floor_usage":[23,23],"damage_taken":[{"damage":0,"enemies":"Cultist","floor":1,"turns":4},{"damage":1,"enemies":"2 Louse","floor":2,"turns":3},{"damage":0,"enemies":"Small Slimes","floor":6,"turns":2},{"damage":0,"enemies":"3 Louse","floor":8,"turns":3},{"damage":0,"enemies":"2 Fungi Beasts","floor":14,"turns":3},{"damage":60,"enemies":"The Guardian","floor":16,"turns":10},{"damage":8,"enemies":"3 Byrds","floor":18,"turns":5},{"damage":10,"enemies":"Shell Parasite","floor":19,"turns":4},{"damage":44,"enemies":"3 Cultists","floor":22,"turns":6},{"damage":17,"enemies":"Gremlin Leader","floor":23,"turns":7},{"damage":6,"enemies":"Centurion and Healer","floor":24,"turns":1}],"seed_played":"4626990109091671874","potions_obtained":[{"floor":2,"key":"AttackPotion"},{"floor":14,"key":"champ:CounterPotion"},{"floor":18,"key":"Block Potion"},{"floor":19,"key":"DuplicationPotion"}],"is_trial":false,"path_per_floor":["M","M","?","?","$","M","R","M","T","?","R","?","?","M","R","B",null,"M","M","?","?","M","E","M"],"character_chosen":"HERMIT","items_purchased":["hermit:Grudge"],"campfire_rested":0,"item_purchase_floors":[5],"current_hp_per_floor":[75,74,71,71,71,71,71,71,71,56,56,61,61,61,61,1,80,72,62,62,62,18,1,0,0],"gold":415,"neow_bonus":"TRANSFORM_CARD","is_daily":false,"chose_seed":false,"campfire_upgraded":3,"win_rate":0.0,"timestamp":1609038379,"path_taken":["M","M","?","?","$","?","R","?","T","?","R","?","?","M","R","BOSS","M","M","?","?","M","E","M"],"items_purchased_type":["Card"],"build_version":"2020-12-22","purchased_purges":0,"victory":false,"max_hp_per_floor":[75,75,75,75,75,75,75,75,75,75,75,80,80,80,80,80,80,80,80,80,80,80,80,80,80],"card_choices":[{"not_picked":["hermit:Vantage","hermit:Quickdraw"],"picked":"hermit:Enervate","floor":1},{"not_picked":["hermit:CalledShot","hermit:FlashPowder"],"picked":"hermit:Misfire","floor":2},{"not_picked":["hermit:ItchyTrigger","hermit:Snipe","hermit:Misfire"],"picked":"SKIP","floor":6},{"not_picked":["hermit:Ricochet","hermit:Adapt","hermit:Vantage"],"picked":"SKIP","floor":8},{"not_picked":["hermit:WideOpen","hermit:TakeCover","hermit:FlashPowder"],"picked":"SKIP","floor":14},{"not_picked":["hermit:FatalDesire","hermit:FinalCanter"],"picked":"hermit:Dissolve","floor":16},{"not_picked":["hermit:Combo","hermit:Headshot","hermit:Roulette+1"],"picked":"SKIP","floor":18},{"not_picked":["hermit:GhostlyPresence+1","hermit:WideOpen","hermit:BodyArmor"],"picked":"SKIP","floor":19},{"not_picked":["hermit:BodyArmor","hermit:Ricochet"],"picked":"hermit:ShadowCloak+1","floor":22},{"not_picked":["hermit:CalledShot","hermit:Magnum","hermit:Roulette"],"picked":"SKIP","floor":23}],"player_experience":537104,"relics_obtained":[{"floor":9,"key":"Happy Flower"},{"floor":23,"key":"Omamori"}],"event_choices":[{"damage_healed":0,"gold_gain":0,"player_choice":"Success","damage_taken":3,"relics_obtained":["Oddly Smooth Stone"],"max_hp_gain":0,"max_hp_loss":0,"event_name":"Scrap Ooze","floor":3,"gold_loss":0},{"damage_healed":0,"gold_gain":0,"player_choice":"Gave Potion","damage_taken":0,"relics_obtained":["Pen Nib"],"max_hp_gain":0,"max_hp_loss":0,"event_name":"WeMeetAgain","floor":4,"gold_loss":0},{"damage_healed":0,"gold_gain":0,"player_choice":"Entered Light","damage_taken":15,"max_hp_gain":0,"max_hp_loss":0,"event_name":"Shining Light","floor":10,"gold_loss":0,"cards_upgraded":["hermit:Grudge","hermit:Defend_Hermit"]},{"damage_healed":0,"gold_gain":0,"player_choice":"Donut","damage_taken":0,"max_hp_gain":5,"max_hp_loss":0,"event_name":"Big Fish","floor":12,"gold_loss":0},{"damage_healed":0,"gold_gain":100,"player_choice":"Pray","damage_taken":0,"max_hp_gain":0,"max_hp_loss":0,"event_name":"Golden Shrine","floor":13,"gold_loss":0},{"damage_healed":0,"gold_gain":0,"player_choice":"Opened","damage_taken":0,"relics_obtained":["Orichalcum"],"max_hp_gain":0,"max_hp_loss":0,"event_name":"The Mausoleum","floor":20,"gold_loss":0,"cards_obtained":["Writhe"]},{"damage_healed":0,"gold_gain":0,"player_choice":"Read","damage_taken":0,"max_hp_gain":0,"max_hp_loss":0,"event_name":"The Library","floor":21,"gold_loss":0,"cards_obtained":["hermit:Misfire"]}],"is_beta":false,"boss_relics":[{"not_picked":["Ectoplasm","Pandora\u0027s Box"],"picked":"SacredBark"}],"items_purged_floors":[],"is_endless":false,"potions_floor_spawned":[2,14,18,19],"killed_by":"Centurion and Healer","ascension_level":1}}