{"host":"s41rn2jhghpwfrvz","time":1609092423,"event":{"mods":["BaseMod","Minty Spire (QoL Compilation)","Quick Restart","Relic Stats","SuperFastMode"],"gold_per_floor":[117,117,117,132,132,132,163,188,188,231,244,267,298,331,331,422,422,442,463,463,487,528,559,590,629,629,654,675,675,710,726,726,824,824,847,847,484,817,867,898,898,930,957,990,1044,1076,1107,1122,1122,1122,1122,1122,1122,380,407,407],"floor_reached":57,"playtime":2763,"items_purged":["Prepared","Hologram"],"score":4052,"play_id":"1002d1af-2cc2-45b2-8ffe-33650a621663","local_time":"20201227200703","daily_mods":["SealedDeck","Diverse","DeadlyEvents"],"is_ascension_mode":true,"campfire_choices":[{"data":"Body Slam","floor":6,"key":"SMITH"},{"data":"Double Energy","floor":15,"key":"SMITH"},{"data":"Acrobatics","floor":29,"key":"SMITH"},{"data":"Reinforced Body","floor":32,"key":"SMITH"},{"data":"Acrobatics","floor":41,"key":"SMITH"},{"floor":49,"key":"RECALL"},{"data":"Adrenaline","floor":53,"key":"SMITH"}],"circlet_count":0,"master_deck":["AscendersBane","Second Wind","Reinforced Body+1","Acrobatics+1","Double Energy+1","Body Slam+1","Adrenaline+1","Acrobatics+1","Prostrate+1","TalkToTheHand+1","Tactician+1"],"relics":["Burning Blood","Calipers","Regal Pillow","HornCleat","Self Forming Clay","Empty Cage","Pen Nib","Shuriken","Red Skull","Matryoshka","Boot","Toxic Egg 2","Dream Catcher","Coffee Dripper","Kunai","Prayer Wheel","InkBottle","Bag of Marbles","Centennial Puzzle","Nunchaku","Sundial","Vajra","Eternal Feather","Pear","Medical Kit","Mercury Hourglass","Blood Vial","Orichalcum"],"acts_visited":["Exordium","TheCity","TheBeyond","TheEnding"],"potions_floor_usage":[25,56,56],"damage_taken":[{"damage":0,"enemies":"Jaw Worm","floor":1,"turns":3},{"damage":0,"enemies":"Small Slimes","floor":4,"turns":3},{"damage":26,"enemies":"Gremlin Nob","floor":7,"turns":4},{"damage":0,"enemies":"2 Louse","floor":8,"turns":3},{"damage":0,"enemies":"Lagavulin","floor":10,"turns":3},{"damage":9,"enemies":"Blue Slaver","floor":11,"turns":4},{"damage":0,"enemies":"3 Louse","floor":12,"turns":2},{"damage":6,"enemies":"3 Sentries","floor":13,"turns":7},{"damage":3,"enemies":"Lagavulin","floor":14,"turns":5},{"damage":7,"enemies":"The Guardian","floor":16,"turns":11},{"damage":0,"enemies":"Spheric Guardian","floor":18,"turns":2},{"damage":0,"enemies":"Shell Parasite","floor":19,"turns":2},{"damage":0,"enemies":"Snecko","floor":21,"turns":3},{"damage":0,"enemies":"Gremlin Leader","floor":22,"turns":3},{"damage":14,"enemies":"Slavers","floor":23,"turns":8},{"damage":0,"enemies":"Book of Stabbing","floor":24,"turns":2},{"damage":33,"enemies":"Slavers","floor":25,"turns":10},{"damage":0,"enemies":"Centurion and Healer","floor":27,"turns":4},{"damage":0,"enemies":"Snake Plant","floor":28,"turns":3},{"damage":0,"enemies":"Book of Stabbing","floor":30,"turns":2},{"damage":0,"enemies":"Sentry and Sphere","floor":31,"turns":3},{"damage":0,"enemies":"Collector","floor":33,"turns":3},{"damage":0,"enemies":"Orb Walker","floor":35,"turns":1},{"damage":0,"enemies":"2 Orb Walkers","floor":39,"turns":2},{"damage":0,"enemies":"Reptomancer","floor":40,"turns":1},{"damage":0,"enemies":"Nemesis","floor":42,"turns":1},{"damage":0,"enemies":"Giant Head","floor":44,"turns":1},{"damage":0,"enemies":"Reptomancer","floor":46,"turns":1},{"damage":0,"enemies":"Nemesis","floor":47,"turns":1},{"damage":7,"enemies":"3 Darklings","floor":48,"turns":2},{"damage":0,"enemies":"Donu and Deca","floor":50,"turns":3},{"damage":0,"enemies":"Time Eater","floor":51,"turns":3},{"damage":0,"enemies":"Shield and Spear","floor":55,"turns":1},{"damage":0,"enemies":"The Heart","floor":56,"turns":5}],"seed_played":"6451792594529644972","potions_obtained":[{"floor":4,"key":"DistilledChaos"},{"floor":8,"key":"Strength Potion"},{"floor":11,"key":"SpeedPotion"},{"floor":19,"key":"SpeedPotion"},{"floor":28,"key":"Weak Potion"},{"floor":48,"key":"PowerPotion"}],"is_trial":true,"path_per_floor":["M","?","?","M","?","R","E","M","T","E","M","M","E","E","R","B",null,"M","M","?","M","E","E","E","E","T","M","M","R","E","M","R","B",null,"M","?","$","?","?","E","R","E","T","E","T","E","E","M","R","B","B",null,"R","$","E","B",null],"character_chosen":"IRONCLAD","items_purchased":["Kunai","Medical Kit","Mercury Hourglass","SpeedPotion","Blood Vial"],"campfire_rested":0,"item_purchase_floors":[37,54,54,54,54],"current_hp_per_floor":[74,48,48,54,59,59,39,45,45,51,48,54,54,57,57,56,74,80,80,80,80,80,72,78,51,51,57,63,63,69,75,75,80,80,80,80,80,80,80,80,80,80,80,80,80,80,90,89,90,90,90,90,90,90,90,90],"gold":407,"neow_bonus":"","is_daily":false,"chose_seed":false,"campfire_upgraded":6,"win_rate":0.0,"timestamp":1609092423,"path_taken":["M","?","?","M","?","R","E","?","T","E","M","M","?","E","R","BOSS","M","M","?","M","?","E","?","E","T","M","M","R","E","M","R","BOSS","M","?","$","?","?","E","R","E","T","E","?","?","E","M","R","BOSS","BOSS","R","$","E","BOSS"],"items_purchased_type":["Relic","Relic","Relic","Potion","Relic"],"build_version":"2020-12-22","purchased_purges":2,"victory":true,"max_hp_per_floor":[75,75,75,75,80,80,80,80,80,80,80,80,80,80,80,80,80,80,80,80,80,80,80,80,80,80,80,80,80,80,80,80,80,80,80,80,80,80,80,80,80,80,80,80,80,80,90,90,90,90,90,90,90,90,90,90],"relic_stats":{"Regal Pillow":0,"counters":[34,112],"Self Forming Clay":[18],"Eternal Feather":1,"Pen Nib":[8],"Orichalcum":[0],"Boot":[4],"Medical Kit":[2],"Burning Blood":119,"Mercury Hourglass":[21],"Blood Vial":0,"Dream Catcher":0,"Centennial Puzzle":[3],"Nunchaku":[2],"Shuriken":[7],"Sundial":[44],"Prayer Wheel":1,"Kunai":[5],"obtain_stats":[{"Regal Pillow":10,"Calipers":7,"Vajra":45,"Empty Cage":17,"Boot":26,"Burning Blood":0,"Blood Vial":54,"Dream Catcher":30,"Centennial Puzzle":43,"Nunchaku":43,"HornCleat":13,"Matryoshka":25,"Sundial":44,"Prayer Wheel":39,"Kunai":37,"Toxic Egg 2":26,"Red Skull":24,"InkBottle":40,"Pear":47,"Golden Idol":2,"Self Forming Clay":14,"Eternal Feather":46,"Pen Nib":22,"Orichalcum":55,"Medical Kit":54,"Mercury Hourglass":54,"Shuriken":23,"Coffee Dripper":34,"Bag of Marbles":42},{"Regal Pillow":5,"Calipers":3,"Vajra":27,"Empty Cage":10,"Boot":17,"Burning Blood":0,"Blood Vial":32,"Dream Catcher":20,"Centennial Puzzle":26,"Nunchaku":26,"HornCleat":8,"Matryoshka":17,"Sundial":27,"Prayer Wheel":24,"Kunai":23,"Toxic Egg 2":17,"Red Skull":16,"InkBottle":25,"Pear":29,"Golden Idol":1,"Self Forming Clay":9,"Eternal Feather":28,"Pen Nib":14,"Orichalcum":33,"Medical Kit":32,"Mercury Hourglass":32,"Shuriken":15,"Coffee Dripper":22,"Bag of Marbles":26},{"Regal Pillow":16,"Calipers":10,"Vajra":96,"Empty Cage":45,"Boot":75,"Burning Blood":0,"Blood Vial":106,"Dream Catcher":84,"Centennial Puzzle":95,"Nunchaku":95,"HornCleat":29,"Matryoshka":75,"Sundial":96,"Prayer Wheel":93,"Kunai":91,"Toxic Egg 2":75,"Red Skull":65,"InkBottle":94,"Pear":98,"Golden Idol":3,"Self Forming Clay":34,"Eternal Feather":97,"Pen Nib":55,"Orichalcum":107,"Medical Kit":106,"Mercury Hourglass":106,"Shuriken":63,"Coffee Dripper":90,"Bag of Marbles":95}],"InkBottle":[14]},"card_choices":[{"not_picked":["PiercingWail","EmptyBody","Quick Slash"],"picked":"SKIP","floor":1},{"not_picked":["Slice","Vengeance","ForeignInfluence"],"picked":"SKIP","floor":4},{"not_picked":["Sever Soul","Pummel","Blur"],"picked":"SKIP","floor":7},{"not_picked":["Underhanded Strike","Crescendo","Rebound"],"picked":"SKIP","floor":8},{"not_picked":["Dual Wield","Warcry","Consecrate"],"picked":"SKIP","floor":10},{"not_picked":["Fusion","Night Terror","Thunderclap"],"picked":"SKIP","floor":11},{"not_picked":["Cleave","Disarm","Steam"],"picked":"SKIP","floor":12},{"not_picked":["Flechettes","Sucker Punch","Streamline"],"picked":"SKIP","floor":13},{"not_picked":["Defragment","Flex","Heavy Blade"],"picked":"SKIP","floor":14},{"not_picked":["Die Die Die","Unload"],"picked":"Adrenaline","floor":16},{"not_picked":["FlurryOfBlows","Weave","True Grit"],"picked":"SKIP","floor":18},{"not_picked":["Doom and Gloom","Gash","Clash"],"picked":"SKIP","floor":19},{"not_picked":["Conserve Battery","Buffer","Flame Barrier"],"picked":"SKIP","floor":21},{"not_picked":["Rage","Warcry","WheelKick"],"picked":"SKIP","floor":22},{"not_picked":["Vengeance","Conserve Battery"],"picked":"Acrobatics","floor":23},{"not_picked":["Corruption","Setup","Study"],"picked":"SKIP","floor":24},{"not_picked":["LikeWater","Doom and Gloom","Fire Breathing"],"picked":"SKIP","floor":25},{"not_picked":["Whirlwind","Protect+1"],"picked":"Prostrate+1","floor":27},{"not_picked":["EmptyBody+1","Streamline+1","CarveReality"],"picked":"SKIP","floor":28},{"not_picked":["Aggregate+1","Slice+1","Beam Cell"],"picked":"SKIP","floor":30},{"not_picked":["Aggregate+1","Slice+1","Beam Cell"],"picked":"SKIP","floor":30},{"not_picked":["Cold Snap","WreathOfFlame+1","Tools of the Trade"],"picked":"SKIP","floor":31},{"not_picked":["Deadly Poison+1","Bane","Infernal Blade+1"],"picked":"SKIP","floor":35},{"not_picked":["FlurryOfBlows","Impervious+1","Electrodynamics"],"picked":"SKIP","floor":40},{"not_picked":["Blizzard","Echo Form","Coolheaded+1"],"picked":"SKIP","floor":42},{"not_picked":["Ball Lightning+1","EmptyFist"],"picked":"TalkToTheHand+1","floor":44},{"not_picked":["True Grit+1","Gash","Ragnarok"],"picked":"SKIP","floor":46},{"not_picked":["Compile Driver","Underhanded Strike"],"picked":"Tactician+1","floor":47},{"not_picked":["Adaptation","Heavy Blade","Cleave"],"picked":"SKIP","floor":48},{"not_picked":["Cloak And Dagger+1","Flying Knee","Twin Strike+1"],"picked":"SKIP","floor":48},{"not_picked":["Infernal Blade+1","FTL","Flying Knee"],"picked":"SKIP","floor":55}],"player_experience":1609828,"relics_obtained":[{"floor":7,"key":"Calipers"},{"floor":10,"key":"Regal Pillow"},{"floor":13,"key":"HornCleat"},{"floor":14,"key":"Self Forming Clay"},{"floor":22,"key":"Pen Nib"},{"floor":23,"key":"Shuriken"},{"floor":24,"key":"Red Skull"},{"floor":25,"key":"Matryoshka"},{"floor":26,"key":"Boot"},{"floor":26,"key":"Toxic Egg 2"},{"floor":30,"key":"Dream Catcher"},{"floor":39,"key":"Prayer Wheel"},{"floor":40,"key":"InkBottle"},{"floor":42,"key":"Bag of Marbles"},{"floor":43,"key":"Centennial Puzzle"},{"floor":43,"key":"Nunchaku"},{"floor":44,"key":"Sundial"},{"floor":45,"key":"Vajra"},{"floor":46,"key":"Eternal Feather"},{"floor":47,"key":"Pear"},{"floor":55,"key":"Orichalcum"}],"event_choices":[{"damage_healed":0,"gold_gain":0,"player_choice":"Take Damage","damage_taken":26,"relics_obtained":["Golden Idol"],"max_hp_gain":0,"max_hp_loss":0,"event_name":"Golden Idol","floor":2,"gold_loss":0},{"damage_healed":0,"gold_gain":0,"player_choice":"Ignored","damage_taken":0,"max_hp_gain":0,"max_hp_loss":0,"event_name":"Liars Game","floor":3,"gold_loss":0},{"damage_healed":0,"gold_gain":0,"player_choice":"Donut","damage_taken":0,"max_hp_gain":5,"max_hp_loss":0,"event_name":"Big Fish","floor":5,"gold_loss":0},{"cards_removed":["ForeignInfluence"],"damage_healed":0,"gold_gain":0,"player_choice":"Card Removal","damage_taken":0,"max_hp_gain":0,"max_hp_loss":0,"event_name":"Wheel of Change","floor":20,"gold_loss":0},{"damage_healed":0,"gold_gain":0,"player_choice":"Ignored","damage_taken":0,"max_hp_gain":0,"max_hp_loss":0,"event_name":"Tomb of Lord Red Mask","floor":36,"gold_loss":0},{"damage_healed":0,"gold_gain":333,"player_choice":"Gave Idol","damage_taken":0,"max_hp_gain":0,"max_hp_loss":0,"event_name":"The Moai Head","floor":38,"relics_lost":["Golden Idol"],"gold_loss":0},{"damage_healed":0,"gold_gain":0,"player_choice":"Fight","damage_taken":0,"max_hp_gain":0,"max_hp_loss":0,"event_name":"Mysterious Sphere","floor":39,"gold_loss":0}],"is_beta":false,"boss_relics":[{"not_picked":["SacredBark","Runic Dome"],"picked":"Empty Cage"},{"not_picked":["Velvet Choker","SlaversCollar"],"picked":"Coffee Dripper"}],"items_purged_floors":[37,54],"is_endless":false,"potions_floor_spawned":[4,8,10,11,16,18,19,23,28,39,47,48,55],"ascension_level":20}}