{"host":"wl47xhfxme4nig5w","time":1609107491,"event":{"mods":["BaseMod","Colored Map","Colored Powertips","Googly Eyes","Minty Spire (QoL Compilation)","StSLib","SuperFastMode","everything is the same but u backflip on backflip","slay the spire mod where everything is the same but ironclad has a cowboy hat"],"gold_per_floor":[116,66,341,341,46,78,3,61,61,72,72,147,21,41,41,41,41],"floor_reached":16,"playtime":328,"items_purged":["Regret","Defend_R"],"score":118,"play_id":"582e2f0e-5490-48e3-a80f-7af914f7cc74","local_time":"20201227141811","is_ascension_mode":true,"campfire_choices":[{"data":"Bludgeon","floor":11,"key":"SMITH"},{"data":"Spot Weakness","floor":15,"key":"SMITH"}],"circlet_count":0,"master_deck":["Strike_R","Strike_R","Strike_R","Strike_R","Strike_R","Defend_R","Defend_R","Bash","Thunderclap","Flex","Spot Weakness+1","Bludgeon+1","Anger","Sword Boomerang","Intimidate"],"relics":["Burning Blood","Bag of Marbles","ClockworkSouvenir","Juzu Bracelet","Bottled Flame"],"acts_visited":["Exordium"],"potions_floor_usage":[6,6,6,6,16,16],"damage_taken":[{"damage":0,"enemies":"Small Slimes","floor":1,"turns":3},{"damage":4,"enemies":"Cultist","floor":4,"turns":4},{"damage":33,"enemies":"3 Sentries","floor":6,"turns":5},{"damage":7,"enemies":"2 Louse","floor":10,"turns":2},{"damage":0,"enemies":"Blue Slaver","floor":14,"turns":1},{"damage":51,"enemies":"The Guardian","floor":16,"turns":7}],"seed_played":"-3748036731874067792","potions_obtained":[{"floor":1,"key":"EntropicBrew"},{"floor":10,"key":"Dexterity Potion"},{"floor":14,"key":"ColorlessPotion"}],"is_trial":false,"path_per_floor":["M","?","?","M","$","E","$","?","T","M","R","?","$","M","R","B"],"character_chosen":"IRONCLAD","items_purchased":["Bag of Marbles","ClockworkSouvenir","Sword Boomerang"],"campfire_rested":0,"item_purchase_floors":[5,5,13],"current_hp_per_floor":[80,80,80,80,80,53,53,53,53,52,52,41,41,47,47,0,0],"gold":41,"neow_bonus":"THREE_CARDS","is_daily":false,"chose_seed":false,"campfire_upgraded":2,"win_rate":0.0,"timestamp":1609107491,"path_taken":["M","?","?","?","$","E","$","?","T","M","R","?","?","M","R","BOSS"],"items_purchased_type":["Relic","Relic","Card"],"build_version":"2020-12-22","purchased_purges":2,"victory":false,"max_hp_per_floor":[80,80,80,80,80,80,80,80,80,80,80,80,80,80,80,80,80],"card_choices":[{"not_picked":["Body Slam","Clothesline"],"picked":"Thunderclap","floor":0},{"not_picked":["Second Wind","Body Slam"],"picked":"Flex","floor":1},{"not_picked":["Disarm","True Grit"],"picked":"Spot Weakness","floor":4},{"not_picked":["Bloodletting","Rage"],"picked":"Bludgeon","floor":6},{"not_picked":["Warcry","Perfected Strike"],"picked":"Anger","floor":10},{"not_picked":["Flex","Armaments"],"picked":"Intimidate","floor":14}],"player_experience":337264,"relics_obtained":[{"floor":6,"key":"Juzu Bracelet"},{"floor":9,"key":"Bottled Flame"}],"event_choices":[{"cards_removed":["Defend_R"],"damage_healed":0,"gold_gain":0,"player_choice":"Card Removal","damage_taken":0,"max_hp_gain":0,"max_hp_loss":0,"event_name":"The Cleric","floor":2,"gold_loss":50},{"damage_healed":0,"gold_gain":275,"player_choice":"Desecrate","damage_taken":0,"max_hp_gain":0,"max_hp_loss":0,"event_name":"Golden Shrine","floor":3,"gold_loss":0,"cards_obtained":["Regret"]},{"damage_healed":0,"gold_gain":58,"player_choice":"Gained Gold","damage_taken":0,"max_hp_gain":0,"max_hp_loss":0,"event_name":"Golden Wing","floor":8,"gold_loss":0},{"damage_healed":0,"gold_gain":75,"player_choice":"Gather Gold","damage_taken":11,"max_hp_gain":0,"max_hp_loss":0,"event_name":"World of Goop","floor":12,"gold_loss":0}],"is_beta":false,"boss_relics":[],"items_purged_floors":[7,13],"is_endless":false,"potions_floor_spawned":[1,10,14],"killed_by":"The Guardian","ascension_level":4}}