{"host":"newqdrzxfhh2im9e","time":1609051525,"event":{"mods":["AchievementEnabler","BaseMod","BetterRewards","Block Reminder","Colored Map","Jorbs\u0027s Wanderer Trilogy","Minty Spire (QoL Compilation)","Rare Cards Sparkle","Shop Mod","StSLib"],"gold_per_floor":[111,130,145,33,33,33,49,49,130,154,169,169,204,228,228,352,352,376,37,0,0],"floor_reached":20,"playtime":580,"items_purged":[],"score":243,"play_id":"78b43894-fb30-4c04-97f4-152305301f4b","local_time":"20201226224525","is_ascension_mode":true,"campfire_choices":[{"data":"Loop","floor":8,"key":"SMITH"},{"floor":15,"key":"REST"}],"circlet_count":0,"master_deck":["Strike_B","Strike_B","Strike_B+1","Strike_B","Defend_B","Defend_B","Defend_B","Defend_B","Zap","Dualcast","Self Repair","Melter+1","Consume","Loop+1","Rip and Tear","Double Energy","Force Field","Skim","White Noise","Darkness","Rainbow","Streamline+1","Seek","Go for the Eyes"],"relics":["Cracked Core","Golden Idol","Matryoshka","Bag of Preparation","Whetstone","SacredBark","DataDisk"],"acts_visited":["Exordium","TheCity"],"potions_floor_usage":[6,10,10,11,13,16],"damage_taken":[{"damage":1,"enemies":"Cultist","floor":1,"turns":3},{"damage":0,"enemies":"Small Slimes","floor":2,"turns":3},{"damage":2,"enemies":"Jaw Worm","floor":3,"turns":3},{"damage":0,"enemies":"3 Sentries","floor":6,"turns":1},{"damage":12,"enemies":"Looter","floor":7,"turns":3},{"damage":0,"enemies":"2 Fungi Beasts","floor":10,"turns":2},{"damage":18,"enemies":"Exordium Wildlife","floor":11,"turns":4},{"damage":28,"enemies":"Lagavulin","floor":13,"turns":5},{"damage":21,"enemies":"Blue Slaver","floor":14,"turns":3},{"damage":12,"enemies":"Slime Boss","floor":16,"turns":7},{"damage":70,"enemies":"3 Byrds","floor":18,"turns":7},{"damage":22,"enemies":"2 Thieves","floor":20,"turns":2}],"seed_played":"78959704585638344","potions_obtained":[{"floor":0,"key":"EssenceOfDarkness"},{"floor":0,"key":"SmokeBomb"},{"floor":0,"key":"Energy Potion"},{"floor":7,"key":"SteroidPotion"},{"floor":11,"key":"PotionOfCapacity"},{"floor":13,"key":"PowerPotion"}],"is_trial":false,"path_per_floor":["M","M","M","$","?","E","M","R","T","M","M","?","E","M","R","B",null,"M","$","M"],"character_chosen":"DEFECT","items_purchased":["Loop","Rip and Tear","DataDisk","Seek","Go for the Eyes"],"campfire_rested":1,"item_purchase_floors":[4,4,19,19,19],"current_hp_per_floor":[74,75,75,75,57,57,52,52,52,59,48,45,24,3,25,20,75,12,12,0,0],"gold":0,"neow_bonus":"THREE_SMALL_POTIONS","is_daily":false,"chose_seed":false,"campfire_upgraded":1,"win_rate":0.0,"timestamp":1609051525,"path_taken":["M","?","M","?","?","E","M","R","T","M","M","?","E","M","R","BOSS","M","$","M"],"items_purchased_type":["Card","Card","Relic","Card","Card"],"build_version":"2020-12-22","purchased_purges":0,"victory":false,"max_hp_per_floor":[75,75,75,75,75,75,75,75,75,75,75,75,75,75,75,75,75,75,75,75,75],"card_choices":[{"not_picked":["Defragment","Sweeping Beam"],"picked":"Self Repair","floor":1},{"not_picked":["Ball Lightning","Stack"],"picked":"Melter","floor":2},{"not_picked":["Leap","Steam Power"],"picked":"Consume","floor":3},{"not_picked":["Melter","Ball Lightning"],"picked":"Double Energy","floor":7},{"not_picked":["Sweeping Beam","Turbo"],"picked":"Force Field","floor":10},{"not_picked":["Heatsinks","Steam"],"picked":"Skim","floor":11},{"not_picked":["Hologram","Streamline"],"picked":"White Noise","floor":13},{"not_picked":["Redo","Compile Driver"],"picked":"Darkness","floor":14},{"not_picked":["Amplify","Machine Learning"],"picked":"Rainbow","floor":16},{"not_picked":["Cold Snap","Barrage"],"picked":"Streamline+1","floor":18}],"player_experience":646924,"relics_obtained":[{"floor":9,"key":"Matryoshka"},{"floor":13,"key":"Whetstone"}],"event_choices":[{"damage_healed":0,"gold_gain":0,"player_choice":"Take Damage","damage_taken":18,"relics_obtained":["Golden Idol"],"max_hp_gain":0,"max_hp_loss":0,"event_name":"Golden Idol","floor":5,"gold_loss":0},{"damage_healed":0,"gold_gain":0,"player_choice":"Success","damage_taken":3,"relics_obtained":["Bag of Preparation"],"max_hp_gain":0,"max_hp_loss":0,"event_name":"Scrap Ooze","floor":12,"gold_loss":0}],"is_beta":false,"boss_relics":[{"not_picked":["Cursed Key","Sozu"],"picked":"SacredBark"}],"items_purged_floors":[],"is_endless":false,"potions_floor_spawned":[2,3,7,11,13],"killed_by":"2 Thieves","ascension_level":3}}