{"host":"kzpuingyul43kz0j","time":1609081529,"event":{"mods":["2.2 Compatiblity","BaseMod","Bestiary","Better Skull","BetterRewards","Colored Map","Colored Powertips","Curses Come First","Displayed Cursed Tome","Downfall","Gold Saver","Highlight Path","Keyboard Shortcuts","Minty Spire (QoL Compilation)","Relic Stats","Remove Card Discount Mod","StSLib","Uncapped"],"gold_per_floor":[114,124,124,144,162,162,0,0,25,25,41,41,68,87,87,185,185,205,51,51,62,75,75,75,75,75,25,25,25,44,62,62,163,163,178,178,178,192,46,79,94,94,94,94,107,107,119,135,135,135,135],"floor_reached":50,"playtime":2449,"items_purged":["Defend_G","Defend_G","Defend_G","Strike_G","Defend_G","Strike_G","Defend_G","Strike_G","Strike_G","Strike_G"],"score":489,"play_id":"e802bd07-37f1-4948-969e-248a90c2d63c","local_time":"20201227160529","is_ascension_mode":false,"campfire_choices":[{"data":"Noxious Fumes","floor":6,"key":"SMITH"},{"data":"Backflip","floor":8,"key":"SMITH"},{"data":"Poisoned Stab","floor":10,"key":"SMITH"},{"data":"Bane","floor":12,"key":"SMITH"},{"data":"Backflip","floor":15,"key":"SMITH"},{"data":"Endless Agony","floor":23,"key":"SMITH"},{"data":"Dodge and Roll","floor":28,"key":"SMITH"},{"floor":32,"key":"REST"},{"floor":42,"key":"REST"},{"data":"After Image","floor":44,"key":"SMITH"},{"data":"Phantasmal Killer","floor":49,"key":"SMITH"}],"circlet_count":0,"master_deck":["Neutralize","Noxious Fumes+1","Backflip+1","Dodge and Roll+1","Bane+1","Dagger Spray","Poisoned Stab+1","Deadly Poison","Backflip+1","Endless Agony+1","PiercingWail+1","After Image+1","Bane+1","Backstab+1","PiercingWail","Quick Slash+1","Phantasmal Killer+1"],"relics":["Ring of the Serpent","TungstenRod","Turnip","Bronze Scales","Lee\u0027s Waffle","Omamori","Tiny Chest","Orichalcum","Pen Nib","Anchor","Happy Flower","Darkstone Periapt","Sundial","Calling Bell","Snake Skull","Gremlin Horn","StoneCalendar","Ginger","HandDrill","Pear","White Beast Statue"],"acts_visited":["Exordium","TheCity","TheBeyond"],"potions_floor_usage":[16,16,33,33,35,40,45,50,50],"damage_taken":[{"damage":0,"enemies":"Cultist","floor":1,"turns":3},{"damage":0,"enemies":"Small Slimes","floor":2,"turns":3},{"damage":2,"enemies":"Jaw Worm","floor":4,"turns":3},{"damage":1,"enemies":"Blue Slaver","floor":5,"turns":4},{"damage":0,"enemies":"Lots of Slimes","floor":11,"turns":2},{"damage":9,"enemies":"Exordium Wildlife","floor":14,"turns":3},{"damage":14,"enemies":"The Guardian","floor":16,"turns":7},{"damage":8,"enemies":"Shell Parasite","floor":18,"turns":4},{"damage":1,"enemies":"2 Thieves","floor":21,"turns":3},{"damage":0,"enemies":"Snake Plant","floor":22,"turns":3},{"damage":0,"enemies":"3 Cultists","floor":30,"turns":4},{"damage":1,"enemies":"Centurion and Healer","floor":31,"turns":4},{"damage":16,"enemies":"Champ","floor":33,"turns":9},{"damage":5,"enemies":"3 Darklings","floor":35,"turns":4},{"damage":0,"enemies":"Orb Walker","floor":38,"turns":3},{"damage":59,"enemies":"Nemesis","floor":40,"turns":7},{"damage":22,"enemies":"4 Shapes","floor":41,"turns":4},{"damage":0,"enemies":"Transient","floor":45,"turns":5},{"damage":0,"enemies":"Writhing Mass","floor":47,"turns":4},{"damage":4,"enemies":"Spire Growth","floor":48,"turns":4},{"damage":31,"enemies":"Donu and Deca","floor":50,"turns":5}],"seed_played":"6019830969118146778","potions_obtained":[{"floor":2,"key":"Fire Potion"},{"floor":4,"key":"SkillPotion"},{"floor":21,"key":"Dexterity Potion"},{"floor":30,"key":"FearPotion"},{"floor":33,"key":"AttackPotion"},{"floor":40,"key":"DuplicationPotion"},{"floor":41,"key":"GamblersBrew"},{"floor":45,"key":"PowerPotion"},{"floor":47,"key":"GamblersBrew"},{"floor":48,"key":"DuplicationPotion"}],"is_trial":false,"path_per_floor":["M","M","?","M","M","R","$","R","T","R","M","R","T","M","R","B",null,"M","$","?","M","M","R","?","T","T","$","R","?","M","M","R","B",null,"M","?","T","M","$","E","M","R","T","R","M","?","M","M","R","B"],"character_chosen":"THE_SILENT","items_purchased":["TungstenRod","Noxious Fumes","Backflip","Bronze Scales","Lee\u0027s Waffle","Orichalcum","Fire Potion","HandDrill"],"campfire_rested":2,"item_purchase_floors":[0,0,0,0,7,19,27,39],"current_hp_per_floor":[38,38,38,36,35,35,77,77,77,77,77,77,77,68,68,54,77,69,69,41,40,40,40,40,40,40,40,40,27,27,26,50,34,82,77,77,77,77,77,28,6,33,33,33,33,33,33,29,29,0,0],"gold":135,"neow_bonus":"","is_daily":false,"chose_seed":false,"campfire_upgraded":9,"win_rate":0.0,"timestamp":1609081529,"path_taken":["M","?","?","M","M","R","?","R","T","R","M","R","?","M","R","BOSS","M","$","?","M","?","R","?","?","T","$","R","?","M","?","R","BOSS","M","?","?","M","$","E","?","R","T","R","M","?","M","M","R","BOSS"],"items_purchased_type":["Relic","Card","Card","Relic","Relic","Relic","Potion","Relic"],"build_version":"2020-12-22","purchased_purges":10,"victory":false,"max_hp_per_floor":[70,70,70,70,70,70,77,77,77,77,77,77,77,77,77,77,77,77,77,77,77,77,77,77,77,77,77,77,82,82,82,82,82,82,82,82,82,82,82,92,92,92,92,92,92,92,92,92,92,92,92],"relic_stats":{"Darkstone Periapt":0,"Lee\u0027s Waffle":42,"Happy Flower":[17],"Gremlin Horn":[5,5],"counters":[127,515],"StoneCalendar":[0],"Pen Nib":[17],"Snake Skull":[62],"Ginger":[4],"Orichalcum":[12],"Sundial":[24],"Bronze Scales":[211],"Tiny Chest":2,"Turnip":[8],"HandDrill":[14],"obtain_stats":[{"Ice Cream":0,"Tiny House":34,"Gremlin Horn":37,"Vajra":27,"Whetstone":10,"Ginger":37,"Sling":48,"Sozu":17,"Blood Vial":26,"Lizard Tail":0,"Sundial":47,"MealTicket":21,"HandDrill":37,"Necronomicon":31,"Toxic Egg 2":23,"Pear":40,"Happy Flower":26,"Oddly Smooth Stone":21,"Tingsha":47,"Pen Nib":9,"Letter Opener":45,"War Paint":14,"Shuriken":9,"MutagenicStrength":22,"Bronze Scales":47,"Ring of the Serpent":17,"Darkstone Periapt":25,"Regal Pillow":28,"Mango":36,"StoneCalendar":34,"Snake Skull":49,"Bag of Preparation":27,"SsserpentHead":13,"Nunchaku":6,"Dream Catcher":40,"Shovel":0,"Matryoshka":29,"WristBlade":17,"Pantograph":25,"Toolbox":21,"Tiny Chest":13,"Ring of the Snake":0,"Potion Belt":9,"Lee\u0027s Waffle":7,"Thread and Needle":0,"PreservedInsect":8,"Omamori":6,"Orichalcum":2,"Odd Mushroom":7,"White Beast Statue":43,"Mercury Hourglass":9,"Peace Pipe":21,"Calling Bell":34,"Cauldron":21,"Anchor":6,"Ornamental Fan":44,"Turnip":0,"Bag of Marbles":43,"Membership Card":0,"Bottled Lightning":15,"Toy Ornithopter":43,"TungstenRod":0},{"Ice Cream":66,"Tiny House":83,"Gremlin Horn":32,"Vajra":11,"Whetstone":46,"Ginger":120,"Sling":65,"Sozu":49,"Blood Vial":53,"Lizard Tail":89,"Sundial":65,"MealTicket":25,"HandDrill":32,"Necronomicon":82,"Toxic Egg 2":27,"Pear":122,"Happy Flower":11,"Oddly Smooth Stone":25,"Tingsha":37,"Pen Nib":46,"Letter Opener":64,"War Paint":6,"Shuriken":18,"MutagenicStrength":9,"Bronze Scales":65,"Ring of the Serpent":7,"Darkstone Periapt":116,"Regal Pillow":103,"Mango":32,"StoneCalendar":119,"Snake Skull":65,"Bag of Preparation":54,"SsserpentHead":20,"Nunchaku":4,"Dream Catcher":61,"Shovel":39,"Matryoshka":55,"WristBlade":22,"Pantograph":53,"Toolbox":9,"Tiny Chest":111,"Ring of the Snake":0,"Potion Belt":92,"Lee\u0027s Waffle":110,"Thread and Needle":66,"PreservedInsect":5,"Omamori":92,"Orichalcum":16,"Odd Mushroom":45,"White Beast Statue":87,"Mercury Hourglass":5,"Peace Pipe":52,"Calling Bell":119,"Cauldron":25,"Anchor":44,"Ornamental Fan":35,"Turnip":106,"Bag of Marbles":63,"Membership Card":15,"Bottled Lightning":48,"Toy Ornithopter":63,"TungstenRod":106},{"Ice Cream":262,"Tiny House":325,"Gremlin Horn":140,"Vajra":49,"Whetstone":194,"Ginger":483,"Sling":256,"Sozu":206,"Blood Vial":218,"Lizard Tail":347,"Sundial":256,"MealTicket":109,"HandDrill":140,"Necronomicon":317,"Toxic Egg 2":119,"Pear":493,"Happy Flower":49,"Oddly Smooth Stone":109,"Tingsha":157,"Pen Nib":194,"Letter Opener":255,"War Paint":24,"Shuriken":81,"MutagenicStrength":41,"Bronze Scales":256,"Ring of the Serpent":33,"Darkstone Periapt":462,"Regal Pillow":414,"Mango":140,"StoneCalendar":479,"Snake Skull":256,"Bag of Preparation":221,"SsserpentHead":87,"Nunchaku":18,"Dream Catcher":244,"Shovel":166,"Matryoshka":225,"WristBlade":97,"Pantograph":218,"Toolbox":41,"Tiny Chest":442,"Ring of the Snake":0,"Potion Belt":363,"Lee\u0027s Waffle":440,"Thread and Needle":262,"PreservedInsect":21,"Omamori":363,"Orichalcum":74,"Odd Mushroom":191,"White Beast Statue":339,"Mercury Hourglass":21,"Peace Pipe":215,"Calling Bell":479,"Cauldron":109,"Anchor":188,"Ornamental Fan":147,"Turnip":427,"Bag of Marbles":250,"Membership Card":69,"Bottled Lightning":199,"Toy Ornithopter":250,"TungstenRod":427}],"TungstenRod":39},"card_choices":[{"not_picked":["Underhanded Strike","PiercingWail"],"picked":"Slice","floor":1},{"not_picked":["Sucker Punch","Flying Knee","Outmaneuver"],"picked":"SKIP","floor":2},{"not_picked":["Slice","Finisher"],"picked":"Dagger Spray","floor":4},{"not_picked":["Cloak And Dagger","Expertise"],"picked":"Poisoned Stab","floor":5},{"not_picked":["Finisher","Terror"],"picked":"Deadly Poison","floor":11},{"not_picked":["Cloak And Dagger","Well Laid Plans"],"picked":"Backflip","floor":14},{"not_picked":["Prepared","Blade Dance","Riddle With Holes+1"],"picked":"SKIP","floor":18},{"not_picked":["Outmaneuver","Dagger Throw"],"picked":"Endless Agony","floor":21},{"not_picked":["Tactician","Eviscerate+1","Endless Agony"],"picked":"SKIP","floor":22},{"not_picked":["Leg Sweep","Terror","Well Laid Plans+1"],"picked":"SKIP","floor":30},{"not_picked":["Masterful Stab","Heel Hook"],"picked":"PiercingWail+1","floor":31},{"not_picked":["Storm of Steel","Glass Knife"],"picked":"After Image","floor":33},{"not_picked":["Finisher+1","Dagger Spray+1"],"picked":"Bane+1","floor":35},{"not_picked":["Dodge and Roll+1","Backflip"],"picked":"Backstab+1","floor":38},{"not_picked":["Acrobatics","Deflect"],"picked":"PiercingWail","floor":40},{"not_picked":["Blade Dance","Riddle With Holes","Prepared"],"picked":"SKIP","floor":41},{"not_picked":["Predator+1","Deflect"],"picked":"Quick Slash+1","floor":45},{"not_picked":["Outmaneuver+1","Flechettes+1","Slice+1"],"picked":"SKIP","floor":47},{"not_picked":["Sucker Punch+1","Well Laid Plans"],"picked":"Phantasmal Killer","floor":48}],"player_experience":66722,"relics_obtained":[{"floor":9,"key":"Omamori"},{"floor":13,"key":"Tiny Chest"},{"floor":25,"key":"Darkstone Periapt"},{"floor":26,"key":"Sundial"},{"floor":34,"key":"Snake Skull"},{"floor":34,"key":"Gremlin Horn"},{"floor":34,"key":"StoneCalendar"},{"floor":37,"key":"Ginger"},{"floor":40,"key":"Pear"},{"floor":43,"key":"White Beast Statue"}],"event_choices":[{"damage_healed":0,"gold_gain":0,"player_choice":"Ignored","damage_taken":0,"max_hp_gain":0,"max_hp_loss":0,"event_name":"NoteForYourself","floor":3,"gold_loss":0},{"damage_healed":0,"gold_gain":0,"player_choice":"RE RE ","damage_taken":35,"relics_obtained":["Pen Nib","Anchor"],"max_hp_gain":0,"max_hp_loss":0,"event_name":"betterSkull:BetterSkull","floor":20,"gold_loss":0,"cards_upgraded":[]},{"damage_healed":0,"gold_gain":0,"player_choice":"Opened","damage_taken":0,"relics_obtained":["Happy Flower"],"max_hp_gain":0,"max_hp_loss":0,"event_name":"The Mausoleum","floor":24,"gold_loss":0},{"damage_healed":0,"gold_gain":0,"player_choice":"Shed Blood","damage_taken":19,"max_hp_gain":5,"max_hp_loss":0,"event_name":"Forgotten Altar","floor":29,"gold_loss":0},{"cards_removed":["Survivor"],"damage_healed":0,"gold_gain":0,"player_choice":"Removed Skill","damage_taken":0,"max_hp_gain":0,"max_hp_loss":0,"event_name":"Falling","floor":36,"gold_loss":0},{"cards_removed":["Slice"],"damage_healed":0,"gold_gain":0,"player_choice":"Purged","damage_taken":0,"max_hp_gain":0,"max_hp_loss":0,"event_name":"Purifier","floor":46,"gold_loss":0}],"is_beta":false,"boss_relics":[{"not_picked":["Coffee Dripper","Astrolabe"],"picked":"Ring of the Serpent"},{"not_picked":["WristBlade","HoveringKite"],"picked":"Calling Bell"}],"items_purged_floors":[0,7,7,7,7,7,7,7,19,19],"is_endless":false,"potions_floor_spawned":[2,4,21,30,33,40,41,45,47,48],"killed_by":"Donu and Deca","ascension_level":0}}