{"host":"v4tuy5ykrbdcm9o9","time":1609045009,"event":{"mods":["BaseMod","Duelist Mod","Minty Spire (QoL Compilation)","Replay The Spire","StSLib"],"gold_per_floor":[110,130,205,8,8,43,43,43,43,62,87,101,114,125,125,125,125],"floor_reached":16,"playtime":1654,"items_purged":[],"score":129,"play_id":"b77d8bdd-4fd5-4491-8276-e3ab1c250bb7","local_time":"20201226235649","is_ascension_mode":true,"campfire_choices":[{"floor":7,"key":"REST"},{"floor":15,"key":"REST"}],"circlet_count":0,"master_deck":["Strike_P","Strike_P+1","Strike_P+1","Strike_P","Defend_P","Defend_P","Defend_P","Defend_P","Eruption+1","Vigilance","Wish","SashWhip","Halt","Judgement","CrushJoints","MasterReality","FlurryOfBlows+1","Replay:Vibes","FollowUp","Vengeance"],"relics":["PureWater","HornCleat","Sundial","Pocketwatch","Whetstone"],"acts_visited":["Exordium"],"potions_floor_usage":[12,13,16],"damage_taken":[{"damage":4,"enemies":"Jaw Worm","floor":1,"turns":5},{"damage":1,"enemies":"Small Slimes","floor":2,"turns":3},{"damage":10,"enemies":"Replay:BlueRogue","floor":6,"turns":7},{"damage":0,"enemies":"2 Louse","floor":10,"turns":1},{"damage":11,"enemies":"Lagavulin","floor":11,"turns":4},{"damage":4,"enemies":"Exordium Wildlife","floor":12,"turns":3},{"damage":0,"enemies":"Gremlin Gang","floor":13,"turns":3},{"damage":0,"enemies":"Exordium Thugs","floor":14,"turns":3},{"damage":37,"enemies":"The Guardian","floor":16,"turns":8}],"seed_played":"1913886432303962813","potions_obtained":[{"floor":2,"key":"SkillPotion"},{"floor":6,"key":"Fire Potion"},{"floor":11,"key":"StancePotion"}],"is_trial":false,"path_per_floor":["M","M","?","$","?","E","R","?","T","M","E","M","M","M","R","B"],"character_chosen":"WATCHER","items_purchased":["Judgement","CrushJoints"],"campfire_rested":2,"item_purchase_floors":[4,4],"current_hp_per_floor":[68,67,56,56,42,32,53,28,28,28,17,13,13,13,34,0,0],"gold":125,"neow_bonus":"ONE_RANDOM_RARE_CARD","is_daily":false,"chose_seed":false,"campfire_upgraded":0,"win_rate":0.0,"timestamp":1609045009,"path_taken":["M","M","?","$","?","E","R","?","T","M","E","?","M","?","R","BOSS"],"items_purchased_type":["Card","Card"],"build_version":"2020-12-22","purchased_purges":0,"victory":false,"max_hp_per_floor":[72,72,72,72,72,72,72,72,72,72,72,72,72,72,72,72,72],"card_choices":[{"not_picked":["PathToVictory","WaveOfTheHand"],"picked":"SashWhip","floor":1},{"not_picked":["CutThroughFate","Adaptation"],"picked":"Halt","floor":2},{"not_picked":["BowlingBash","Consecrate"],"picked":"MasterReality","floor":6},{"not_picked":["Replay:ManipulateFuture","Consecrate"],"picked":"FlurryOfBlows","floor":10},{"not_picked":["BowlingBash","Evaluate"],"picked":"Replay:Vibes","floor":11},{"not_picked":["MasterReality","Replay:BluntJabs"],"picked":"FollowUp","floor":12},{"not_picked":["Halt","SignatureMove"],"picked":"Vengeance","floor":13},{"not_picked":["DeceiveReality","WheelKick","Adaptation"],"picked":"SKIP","floor":14}],"player_experience":466044,"relics_obtained":[{"floor":6,"key":"HornCleat"},{"floor":9,"key":"Pocketwatch"},{"floor":11,"key":"Whetstone"}],"event_choices":[{"damage_healed":0,"gold_gain":75,"player_choice":"Gather Gold","damage_taken":11,"max_hp_gain":0,"max_hp_loss":0,"event_name":"World of Goop","floor":3,"gold_loss":0},{"damage_healed":0,"gold_gain":0,"player_choice":"Entered Light","damage_taken":14,"max_hp_gain":0,"max_hp_loss":0,"event_name":"Shining Light","floor":5,"gold_loss":0,"cards_upgraded":["Eruption","Strike_P"]},{"damage_healed":0,"gold_gain":0,"player_choice":"Success","damage_taken":25,"relics_obtained":["Sundial"],"max_hp_gain":0,"max_hp_loss":0,"event_name":"Scrap Ooze","floor":8,"gold_loss":0}],"is_beta":false,"boss_relics":[],"items_purged_floors":[],"is_endless":false,"potions_floor_spawned":[2,6,11],"killed_by":"The Guardian","ascension_level":3}}