{"host":"hdafziggwnbzqpcb","time":1609113330,"event":{"mods":["BaseMod","Better Vampires","Colored Map","Colored Powertips","Curses Come First","Duelist Mod","GifTheSpireLib","Hero for Fun","Minty Spire (QoL Compilation)","Quick Restart","Rare Cards Sparkle","Relic Stats","Spicy Shops","StSLib","The Bug Knight","The Cursed","The Marked","The Senshi","The Wild Card","TheHero"],"gold_per_floor":[112,112,126,142,67,67,83,83,136,136,152,175,206,238,250,262,262],"floor_reached":16,"playtime":734,"items_purged":["theSenshi:SailorKick"],"score":102,"play_id":"eb8a71cd-aacf-4907-a01e-adb009e12662","local_time":"20201227155530","is_ascension_mode":false,"campfire_choices":[{"data":"theSenshi:MoonTiaraMagic","floor":6.0,"key":"SMITH"},{"data":"theSenshi:LateForSchool","floor":8.0,"key":"SMITH"},{"data":"theSenshi:SailorBlock","floor":10,"key":"SMITH"},{"floor":15,"key":"REST"}],"circlet_count":0,"master_deck":["theSenshi:SailorKick","theSenshi:SailorKick","theSenshi:SailorKick","theSenshi:SailorBlock+1","theSenshi:SailorBlock","theSenshi:SailorBlock","theSenshi:SailorBlock","theSenshi:RoseThrow","theSenshi:MoonPrismPowerMakeUp","theSenshi:MoonTiaraMagic+1","theSenshi:LateForSchool+1","theSenshi:MoonPunch","theSenshi:CrisisMakeUp","theSenshi:KlutzyLuck"],"relics":["theSenshi:TransformationBroochRelic","NeowsBlessing","Unceasing Top","Akabeko","Odd Mushroom","MawBank"],"acts_visited":["Exordium"],"potions_floor_usage":[12,16],"damage_taken":[{"damage":0.0,"enemies":"Cultist","floor":1.0,"turns":1.0},{"damage":0.0,"enemies":"2 Louse","floor":3.0,"turns":1.0},{"damage":0.0,"enemies":"Jaw Worm","floor":4.0,"turns":1.0},{"damage":0.0,"enemies":"3 Louse","floor":7.0,"turns":2.0},{"damage":8,"enemies":"Large Slime","floor":11,"turns":4},{"damage":12,"enemies":"The Mushroom Lair","floor":12,"turns":2},{"damage":31,"enemies":"3 Sentries","floor":13,"turns":10},{"damage":10,"enemies":"Blue Slaver","floor":14,"turns":3},{"damage":37,"enemies":"Hexaghost","floor":16,"turns":12}],"seed_played":"1254527642977880469","potions_obtained":[{"floor":11,"key":"SteroidPotion"},{"floor":14,"key":"Fire Potion"}],"is_trial":false,"path_per_floor":["M","T","M","M","$","R","M","R","T","R","M","?","E","M","R","B"],"character_chosen":"THE_SENSHI","items_purchased":[],"campfire_rested":1,"item_purchase_floors":[],"current_hp_per_floor":[75,75,75,75,75,75,75,75,75,75,67,55,24,14,36,0,0],"gold":262,"neow_bonus":"THREE_ENEMY_KILL","is_daily":false,"chose_seed":false,"campfire_upgraded":3,"win_rate":0.0,"timestamp":1609113330,"path_taken":["M","?","M","M","$","R","M","R","T","R","M","?","E","M","R","BOSS"],"items_purchased_type":[],"build_version":"2020-12-22","purchased_purges":1,"victory":false,"max_hp_per_floor":[75,75,75,75,75,75,75,75,75,75,75,75,75,75,75,75,75],"relic_stats":{"counters":[9,36],"MawBank":36,"obtain_stats":[{"theSenshi:TransformationBroochRelic":0,"NeowsBlessing":0,"Odd Mushroom":12,"MawBank":13,"Unceasing Top":2,"Akabeko":9},{"theSenshi:TransformationBroochRelic":0,"NeowsBlessing":0,"Odd Mushroom":6,"MawBank":7,"Unceasing Top":1,"Akabeko":4},{"theSenshi:TransformationBroochRelic":0,"NeowsBlessing":0,"Odd Mushroom":11,"MawBank":21,"Unceasing Top":1,"Akabeko":5}],"Unceasing Top":[0]},"card_choices":[{"not_picked":["theSenshi:SailorVenusAssists","theSenshi:SaturnsMystery"],"picked":"theSenshi:MoonTiaraMagic","floor":1.0},{"not_picked":["theSenshi:SailorVenusAssists","theSenshi:VenusGlamour"],"picked":"theSenshi:LateForSchool","floor":3.0},{"not_picked":["theSenshi:Sidestep","theSenshi:TuxedoSmokingBomber"],"picked":"theSenshi:MoonPunch","floor":4.0},{"not_picked":["theSenshi:OdangoHead","theSenshi:LunaSensingAllies","theSenshi:SaturnsMystery"],"picked":"SKIP","floor":7.0},{"not_picked":["theSenshi:TallSilhouette","theSenshi:TuxedoSmokingBomber"],"picked":"theSenshi:CrisisMakeUp","floor":11},{"not_picked":["theSenshi:SchoolBag","theSenshi:SailorPlanetAttack","theSenshi:Sidestep"],"picked":"SKIP","floor":13},{"not_picked":["theSenshi:SailorUranusAssists","theSenshi:TallSilhouette"],"picked":"theSenshi:KlutzyLuck","floor":14}],"player_experience":657409,"relics_obtained":[{"floor":2.0,"key":"Unceasing Top"},{"floor":9,"key":"Akabeko"},{"floor":12,"key":"Odd Mushroom"},{"floor":13,"key":"MawBank"}],"event_choices":[{"damage_healed":0,"gold_gain":0,"player_choice":"Fought Mushrooms","damage_taken":0,"max_hp_gain":0,"max_hp_loss":0,"event_name":"Mushrooms","floor":12,"gold_loss":0}],"is_beta":false,"boss_relics":[],"items_purged_floors":[5],"is_endless":false,"potions_floor_spawned":[11,14],"killed_by":"Hexaghost","ascension_level":0}}