{"host":"1eo5f82aifdzd7pr","time":1609079215,"event":{"mods":["AchievementEnabler","BaseMod","Colored Map","Colored Powertips","DeckTracker","Minty Spire (QoL Compilation)","SuperFastMode"],"gold_per_floor":[109,123,48,68,83,83,98,98,98,108,140,140,158,158,158,158,158],"floor_reached":16,"playtime":926,"items_purged":["Defend_B"],"score":198,"play_id":"f4b6cfa1-a29b-48e7-9e44-cc3cf7319889","local_time":"20201227162655","is_ascension_mode":true,"campfire_choices":[{"data":"Zap","floor":6,"key":"SMITH"},{"floor":8,"key":"REST"},{"data":"Sweeping Beam","floor":12,"key":"SMITH"},{"floor":15,"key":"REST"}],"circlet_count":0,"master_deck":["AscendersBane","Strike_B+1","Strike_B","Strike_B","Defend_B","Defend_B","Defend_B+1","Zap+1","Dualcast","Glacier","Sweeping Beam+1","Chaos"],"relics":["Cracked Core","Toy Ornithopter","Pen Nib"],"acts_visited":["Exordium"],"potions_floor_usage":[10,11,11,11,11,16],"damage_taken":[{"damage":7,"enemies":"Jaw Worm","floor":1,"turns":3},{"damage":0,"enemies":"2 Louse","floor":2,"turns":1},{"damage":7,"enemies":"Small Slimes","floor":4,"turns":5},{"damage":0,"enemies":"Blue Slaver","floor":5,"turns":5},{"damage":9,"enemies":"Large Slime","floor":7,"turns":7},{"damage":0,"enemies":"2 Fungi Beasts","floor":10,"turns":3},{"damage":39,"enemies":"3 Sentries","floor":11,"turns":19},{"damage":0,"enemies":"Red Slaver","floor":13,"turns":4},{"damage":51,"enemies":"Hexaghost","floor":16,"turns":15}],"seed_played":"1707024156790215313","potions_obtained":[{"floor":4,"key":"EntropicBrew"},{"floor":7,"key":"Fire Potion"},{"floor":10,"key":"SpeedPotion"},{"floor":13,"key":"LiquidMemories"}],"is_trial":false,"path_per_floor":["M","M","$","M","M","R","M","R","T","M","E","R","M","?","R","B"],"character_chosen":"DEFECT","items_purchased":[],"campfire_rested":2,"item_purchase_floors":[],"current_hp_per_floor":[57,57,57,50,50,50,41,62,62,67,43,43,43,22,43,0,0],"gold":158,"neow_bonus":"REMOVE_CARD","is_daily":false,"chose_seed":false,"campfire_upgraded":2,"win_rate":0.0,"timestamp":1609079215,"path_taken":["M","M","$","M","M","R","M","R","T","M","E","R","M","?","R","BOSS"],"items_purchased_type":[],"build_version":"2020-12-22","purchased_purges":1,"victory":false,"max_hp_per_floor":[71,71,71,71,71,71,71,71,71,71,71,71,71,71,71,71,71],"card_choices":[{"not_picked":["Steam","Rebound","Leap"],"picked":"SKIP","floor":1},{"not_picked":["Sunder","BootSequence"],"picked":"Glacier","floor":2},{"not_picked":["Turbo","Leap","Ball Lightning"],"picked":"SKIP","floor":4},{"not_picked":["Redo","Rebound","Darkness"],"picked":"SKIP","floor":5},{"not_picked":["Doom and Gloom","Leap","Go for the Eyes"],"picked":"SKIP","floor":7},{"not_picked":["Consume","Double Energy"],"picked":"Sweeping Beam","floor":10},{"not_picked":["Buffer","Thunder Strike","Streamline"],"picked":"SKIP","floor":11},{"not_picked":["Ball Lightning","Go for the Eyes"],"picked":"Chaos","floor":13}],"player_experience":699025,"relics_obtained":[{"floor":9,"key":"Toy Ornithopter"},{"floor":11,"key":"Pen Nib"}],"event_choices":[{"damage_healed":0,"gold_gain":0,"player_choice":"Entered Light","damage_taken":21,"max_hp_gain":0,"max_hp_loss":0,"event_name":"Shining Light","floor":14,"gold_loss":0,"cards_upgraded":["Defend_B","Strike_B"]}],"is_beta":false,"boss_relics":[],"items_purged_floors":[3],"is_endless":false,"potions_floor_spawned":[4,7,10,13],"killed_by":"Hexaghost","ascension_level":18}}