{"host":"qrbkigq52dd42dk0","time":1609107917,"event":{"mods":["AchievementEnabler","BaseMod","Colored Map","Colored Powertips","Downfall","Minty Spire (QoL Compilation)","Quick Restart","StSLib","SuperFastMode"],"gold_per_floor":[99,109,109,123,123,153,153,164,195,37,37,37,37,56,67,163,163,13,23,23,34,46,46,46,46],"floor_reached":23,"playtime":989,"items_purged":[],"score":226,"play_id":"0fa72169-7edc-4a09-9197-cb3f36607d13","local_time":"20201227232517","is_ascension_mode":false,"campfire_choices":[{"data":"Slimebound:Split","floor":1,"key":"SMITH"},{"data":"Slimebound:Overexert","floor":13,"key":"PURGE"},{"data":"Slimebound:WasteNot","floor":18,"key":"SMITH"}],"circlet_count":0,"master_deck":["Slimebound:Strike_Slimebound","Slimebound:Strike_Slimebound+1","Slimebound:Tackle","Slimebound:Defend_Slimebound","Slimebound:Defend_Slimebound+1","Slimebound:Split+1","Slimebound:CorrosiveSpit+1","Slimebound:LeechingTouch","Slimebound:GrowthPunch","Regret","Slimebound:Schlurp","Slimebound:LevelUp","Slimebound:Repurpose","Slimebound:LeadByExample","Slimebound:SplitMire","Slimebound:Schlurp","Slimebound:WasteNot+1","Slimebound:ProtectTheBoss+1","Slimebound:ComboTackle+1","Slimebound:SlimeSlap+1","Slimebound:SplitMire","Slimebound:AcidTongue","Slimebound:SamplingLick"],"relics":["Slimebound:AbsorbEndCombat","downfall:BrokenWingStatue","PreservedInsect","Gambling Chip","Lee\u0027s Waffle","Slimebound:ScrapOozeRelic","Astrolabe","downfall:HeartBlessingGreen","downfall:HeartBlessingBlue"],"acts_visited":["Exordium","TheCity"],"potions_floor_usage":[],"damage_taken":[{"damage":12,"enemies":"Cultist","floor":2,"turns":3},{"damage":11,"enemies":"2 Louse","floor":4,"turns":2},{"damage":47,"enemies":"Gremlin Nob","floor":6,"turns":4},{"damage":10,"enemies":"Jaw Worm","floor":8,"turns":3},{"damage":26,"enemies":"3 Sentries","floor":9,"turns":6},{"damage":8,"enemies":"downfall:FleeingMerchant","floor":10,"turns":4},{"damage":0,"enemies":"3 Louse","floor":14,"turns":3},{"damage":23,"enemies":"Exordium Thugs","floor":15,"turns":3},{"damage":59,"enemies":"downfall:Silent","floor":16,"turns":6},{"damage":46,"enemies":"3 Byrds","floor":19,"turns":5},{"damage":14,"enemies":"Spheric Guardian","floor":21,"turns":3},{"damage":39,"enemies":"Centurion and Healer","floor":22,"turns":5},{"damage":44,"enemies":"Shelled Parasite and Fungi","floor":23,"turns":2}],"seed_played":"2770732400966904792","potions_obtained":[{"floor":2,"key":"Block Potion"},{"floor":8,"key":"champ:CounterPotion"},{"floor":9,"key":"Ancient Potion"},{"floor":16,"key":"Slimebound:SlimedPotion"},{"floor":20,"key":"Slimebound:SlimyTonguePotion"},{"floor":20,"key":"LiquidMemories"}],"is_trial":false,"path_per_floor":["R","M","?","M","?","E","T","M","E","$","?","T","R","M","M","B",null,"R","M","?","M","M","M"],"character_chosen":"SLIMEBOUND","items_purchased":["Lee\u0027s Waffle"],"campfire_rested":0,"item_purchase_floors":[10],"current_hp_per_floor":[60,58,58,59,59,26,26,30,20,67,67,67,67,67,60,23,67,77,47,47,51,38,0,0,0],"gold":46,"neow_bonus":"ONE_RANDOM_RARE_CARD","is_daily":false,"chose_seed":false,"campfire_upgraded":2,"win_rate":0.0,"timestamp":1609107917,"path_taken":["R","M","?","M","?","E","T","M","E","$","?","?","R","?","M","BOSS","R","M","?","M","M","M"],"items_purchased_type":["Relic"],"build_version":"2020-12-22","purchased_purges":0,"victory":false,"max_hp_per_floor":[60,60,60,60,60,60,60,60,60,67,67,67,67,67,67,67,67,77,77,77,77,77,77,77,77],"card_choices":[{"not_picked":["Slimebound:FlameTackle","Slimebound:SplitBruiser"],"picked":"Slimebound:LeechingTouch","floor":2},{"not_picked":["Slimebound:RollThrough","Slimebound:LeechEnergy"],"picked":"Slimebound:GrowthPunch","floor":4},{"not_picked":["Slimebound:RainOfGoop","Slimebound:LeechEnergy"],"picked":"Slimebound:Schlurp","floor":6},{"not_picked":["Slimebound:ForwardTackle","Slimebound:Chomp"],"picked":"Slimebound:LevelUp","floor":8},{"not_picked":["Slimebound:FlameTackle","Slimebound:GoopTackle"],"picked":"Slimebound:Repurpose","floor":9},{"not_picked":["Slimebound:Prepare","Slimebound:RainOfGoop"],"picked":"Slimebound:LeadByExample","floor":10},{"not_picked":["Slimebound:SamplingLick","Slimebound:LeechingTouch"],"picked":"Slimebound:SplitMire","floor":14},{"not_picked":["Slimebound:LeechingTouch","Slimebound:SlimeBrawl"],"picked":"Slimebound:Schlurp","floor":15},{"not_picked":["Slimebound:Overexert","Slimebound:SelfFormingGoo"],"picked":"Slimebound:WasteNot","floor":16},{"not_picked":["Slimebound:GoopSpray","Slimebound:GrowthPunch"],"picked":"Slimebound:SplitMire","floor":19},{"not_picked":["Slimebound:Dissolve","Slimebound:GrowthPunch"],"picked":"Slimebound:AcidTongue","floor":21},{"not_picked":["Slimebound:ForwardTackle","Slimebound:ComboTackle"],"picked":"Slimebound:SamplingLick","floor":22}],"player_experience":104113,"relics_obtained":[{"floor":6,"key":"PreservedInsect"},{"floor":7,"key":"Gambling Chip"},{"floor":9,"key":"Centennial Puzzle"}],"event_choices":[{"damage_healed":0,"gold_gain":0,"player_choice":"Got Potions","damage_taken":0,"max_hp_gain":0,"max_hp_loss":0,"event_name":"Lab","floor":20,"gold_loss":0}],"is_beta":false,"boss_relics":[{"not_picked":["SacredBark","Slimebound:AbsorbEndCombatUpgraded"],"picked":"Astrolabe"}],"items_purged_floors":[],"is_endless":false,"potions_floor_spawned":[2,8,9,16,19],"killed_by":"Shelled Parasite and Fungi","ascension_level":0}}