{"host":"8cthvke634f9mtsj","time":1609104159,"event":{"mods":["AchievementEnabler","BaseMod","Colored Map","Colored Powertips","Minty Spire (QoL Compilation)","Rare Cards Sparkle"],"gold_per_floor":[113,131,150,160,179,179,212,226,226,260,118,130,130,130,130,230,230,246,246,91,105,5,44,44,88,88,104,142,168,180,180,180,289,289,310,310,319,334,209,209,239,239,262,272,272,300,314,27,27,27,27,27,27,55,55,55],"floor_reached":55,"playtime":5770,"items_purged":["Strike_G","Defend_G","Strike_G","Strike_G"],"score":809,"play_id":"82bfd8d8-600f-44af-babe-fa80113ec0ed","local_time":"20201227222239","is_ascension_mode":true,"campfire_choices":[{"data":"Neutralize","floor":6,"key":"SMITH"},{"data":"Noxious Fumes","floor":13,"key":"SMITH"},{"data":"Bane","floor":15,"key":"SMITH"},{"data":"After Image","floor":24,"key":"SMITH"},{"floor":32,"key":"REST"},{"data":"Catalyst","floor":40,"key":"SMITH"},{"data":"Accuracy","floor":42,"key":"SMITH"},{"floor":49,"key":"RECALL"},{"data":"Cloak And Dagger","floor":52,"key":"SMITH"}],"circlet_count":0,"master_deck":["Strike_G","Defend_G","Defend_G","Defend_G","Survivor","Neutralize+1","Dagger Spray","Deadly Poison","PiercingWail","Blade Dance","Deadly Poison","Accuracy+1","Bane","Bane+1","Noxious Fumes+1","After Image+1","Forethought","Cloak And Dagger+1","Cloak And Dagger+1","Cloak And Dagger+1","After Image","A Thousand Cuts","Catalyst+1","Master of Strategy","Catalyst+1"],"relics":["Ring of the Snake","Snake Skull","MealTicket","Eternal Feather","Philosopher\u0027s Stone","Bag of Marbles","CeramicFish","Kunai","Ninja Scroll","Bronze Scales","MutagenicStrength","WristBlade","Pantograph","PreservedInsect","Molten Egg 2","DollysMirror","Blue Candle"],"acts_visited":["Exordium","TheCity","TheBeyond","TheEnding"],"potions_floor_usage":[10,21,27,50,50,55],"damage_taken":[{"damage":1,"enemies":"Cultist","floor":1,"turns":4},{"damage":7,"enemies":"Small Slimes","floor":2,"turns":3},{"damage":0,"enemies":"2 Louse","floor":3,"turns":3},{"damage":4,"enemies":"Looter","floor":4,"turns":3},{"damage":2,"enemies":"Large Slime","floor":5,"turns":6},{"damage":28,"enemies":"Lagavulin","floor":7,"turns":7},{"damage":0,"enemies":"Blue Slaver","floor":8,"turns":3},{"damage":18,"enemies":"3 Sentries","floor":10,"turns":4},{"damage":3,"enemies":"Exordium Thugs","floor":12,"turns":3},{"damage":22,"enemies":"Slime Boss","floor":16,"turns":6},{"damage":0,"enemies":"3 Byrds","floor":18,"turns":4},{"damage":14,"enemies":"2 Thieves","floor":21,"turns":4},{"damage":23,"enemies":"Gremlin Leader","floor":23,"turns":5},{"damage":14,"enemies":"Book of Stabbing","floor":25,"turns":5},{"damage":11,"enemies":"Centurion and Healer","floor":27,"turns":6},{"damage":12,"enemies":"Gremlin Leader","floor":28,"turns":5},{"damage":5,"enemies":"Snecko","floor":30,"turns":4},{"damage":2,"enemies":"Collector","floor":33,"turns":7},{"damage":4,"enemies":"Orb Walker","floor":35,"turns":2},{"damage":0,"enemies":"3 Darklings","floor":38,"turns":2},{"damage":1,"enemies":"Giant Head","floor":41,"turns":5},{"damage":0,"enemies":"Sphere and 2 Shapes","floor":44,"turns":3},{"damage":0,"enemies":"Reptomancer","floor":46,"turns":3},{"damage":0,"enemies":"Transient","floor":47,"turns":5},{"damage":56,"enemies":"Time Eater","floor":50,"turns":11},{"damage":38,"enemies":"Shield and Spear","floor":54,"turns":4},{"damage":70,"enemies":"The Heart","floor":55,"turns":3}],"seed_played":"-6125877583289403915","potions_obtained":[{"floor":1,"key":"Ancient Potion"},{"floor":2,"key":"Swift Potion"},{"floor":8,"key":"PowerPotion"},{"floor":21,"key":"Strength Potion"},{"floor":25,"key":"Swift Potion"},{"floor":27,"key":"GamblersBrew"},{"floor":41,"key":"SteroidPotion"},{"floor":44,"key":"SkillPotion"}],"is_trial":false,"path_per_floor":["M","M","M","M","M","R","E","M","T","E","$","M","R","?","R","B",null,"M","?","$","M","$","E","R","E","T","M","E","T","M","?","R","B",null,"M","?","?","M","$","R","E","R","T","M","?","E","M","$","R","B",null,"R","$","E","B"],"character_chosen":"THE_SILENT","items_purchased":["Noxious Fumes","Bag of Marbles","DollysMirror"],"campfire_rested":1,"item_purchase_floors":[11,20,48],"current_hp_per_floor":[69,62,62,58,56,56,28,28,28,10,25,22,31,54,63,41,70,70,52,67,53,68,45,57,43,43,32,20,20,15,15,48,46,70,66,66,66,66,66,66,65,66,66,66,66,66,66,66,66,10,66,66,66,28,0,0],"gold":55,"neow_bonus":"TRANSFORM_CARD","is_daily":false,"chose_seed":false,"campfire_upgraded":7,"win_rate":0.0,"timestamp":1609104159,"path_taken":["M","?","M","M","M","R","E","M","T","E","$","M","R","?","R","BOSS","M","?","?","?","?","E","R","E","T","M","E","?","M","?","R","BOSS","M","?","?","M","$","R","E","R","T","M","?","E","M","$","R","BOSS","R","$","E","BOSS"],"items_purchased_type":["Card","Relic","Relic"],"build_version":"2020-12-22","purchased_purges":4,"victory":false,"max_hp_per_floor":[70,70,70,70,70,70,70,70,70,70,70,70,70,70,70,70,70,70,70,70,70,70,70,70,70,70,70,70,70,70,70,70,70,70,70,66,66,66,66,66,66,66,66,66,66,66,66,66,66,66,66,66,66,66,66,66],"card_choices":[{"not_picked":["Distraction","Dodge and Roll"],"picked":"Deadly Poison","floor":1},{"not_picked":["Flying Knee","Dodge and Roll"],"picked":"PiercingWail","floor":2},{"not_picked":["Flying Knee","Accuracy"],"picked":"Blade Dance","floor":3},{"not_picked":["Expertise","Tactician"],"picked":"Deadly Poison","floor":4},{"not_picked":["Outmaneuver","Setup"],"picked":"Accuracy","floor":5},{"not_picked":["Escape Plan","Heel Hook"],"picked":"Bane","floor":7},{"not_picked":["All Out Attack","Deflect"],"picked":"Bane","floor":8},{"not_picked":["Underhanded Strike","Skewer","Unload"],"picked":"SKIP","floor":10},{"not_picked":["Choke","Eviscerate","Blade Dance"],"picked":"SKIP","floor":12},{"not_picked":["Grand Finale","Malaise"],"picked":"After Image","floor":16},{"not_picked":["Backflip+1","Escape Plan+1","PiercingWail"],"picked":"SKIP","floor":18},{"not_picked":["All Out Attack+1","PiercingWail"],"picked":"Cloak And Dagger","floor":21},{"not_picked":["Deadly Poison","Flechettes"],"picked":"Cloak And Dagger+1","floor":23},{"not_picked":["Calculated Gamble","Escape Plan"],"picked":"Cloak And Dagger+1","floor":25},{"not_picked":["Bane","Backflip","Riddle With Holes"],"picked":"SKIP","floor":27},{"not_picked":["Poisoned Stab+1","Outmaneuver"],"picked":"After Image","floor":28},{"not_picked":["Dash","Backflip+1","Bane"],"picked":"SKIP","floor":30},{"not_picked":["Die Die Die","Glass Knife"],"picked":"A Thousand Cuts","floor":33},{"not_picked":["Cloak And Dagger","PiercingWail+1"],"picked":"Catalyst","floor":35},{"not_picked":["Good Instincts","Jack Of All Trades"],"picked":"Master of Strategy","floor":37},{"not_picked":["Riddle With Holes+1","Blade Dance+1","Quick Slash"],"picked":"SKIP","floor":38},{"not_picked":["Bouncing Flask+1","Poisoned Stab+1","Deadly Poison+1"],"picked":"SKIP","floor":41},{"not_picked":["Cloak And Dagger+1","Flying Knee+1","Deadly Poison+1"],"picked":"SKIP","floor":44},{"not_picked":["Unload+1","Quick Slash+1","Sucker Punch+1"],"picked":"SKIP","floor":46},{"not_picked":["Terror","Endless Agony+1","Outmaneuver+1"],"picked":"SKIP","floor":47},{"not_picked":["Slice+1","Escape Plan+1","Outmaneuver+1"],"picked":"SKIP","floor":54}],"player_experience":284530,"relics_obtained":[{"floor":7,"key":"Snake Skull"},{"floor":9,"key":"MealTicket"},{"floor":10,"key":"Eternal Feather"},{"floor":23,"key":"CeramicFish"},{"floor":25,"key":"Kunai"},{"floor":28,"key":"Ninja Scroll"},{"floor":29,"key":"Bronze Scales"},{"floor":41,"key":"Pantograph"},{"floor":43,"key":"PreservedInsect"},{"floor":46,"key":"Molten Egg 2"},{"floor":54,"key":"Blue Candle"}],"event_choices":[{"damage_healed":23,"gold_gain":0,"player_choice":"Banana","damage_taken":0,"max_hp_gain":0,"max_hp_loss":0,"event_name":"Big Fish","floor":14,"gold_loss":0},{"damage_healed":0,"gold_gain":0,"player_choice":"POTION CARD ","damage_taken":18,"max_hp_gain":0,"max_hp_loss":0,"event_name":"Knowing Skull","floor":19,"potions_obtained":["ColorlessPotion"],"gold_loss":0,"cards_obtained":["Forethought"]},{"damage_healed":0,"gold_gain":0,"player_choice":"Inject Mutagens","damage_taken":0,"relics_obtained":["MutagenicStrength"],"max_hp_gain":0,"max_hp_loss":0,"event_name":"Drug Dealer","floor":31,"gold_loss":0},{"damage_healed":0,"gold_gain":0,"player_choice":"Max HP","damage_taken":0,"max_hp_gain":0,"max_hp_loss":4,"event_name":"Winding Halls","floor":36,"gold_loss":0},{"damage_healed":0,"gold_gain":0,"player_choice":"Memory 1","damage_taken":0,"max_hp_gain":0,"max_hp_loss":0,"event_name":"SensoryStone","floor":37,"gold_loss":0},{"cards_removed":["Strike_G"],"damage_healed":0,"gold_gain":0,"player_choice":"Removed Attack","damage_taken":0,"max_hp_gain":0,"max_hp_loss":0,"event_name":"Falling","floor":45,"gold_loss":0}],"is_beta":false,"boss_relics":[{"not_picked":["Empty Cage","Fusion Hammer"],"picked":"Philosopher\u0027s Stone"},{"not_picked":["Sozu","Coffee Dripper"],"picked":"WristBlade"}],"items_purged_floors":[11,22,39,48],"is_endless":false,"potions_floor_spawned":[1,2,8,21,25,27,28,38,41,44],"killed_by":"The Heart","ascension_level":1}}