{"host":"j0a1jfichhxu8b8p","time":1609077932,"event":{"mods":["BaseMod","Colored Map","DeckTracker","Keyboard Shortcuts","Minty Spire (QoL Compilation)","Permanent Neow","StSLib","The Dragon Tamer"],"gold_per_floor":[119,130,140,153,153,185,185,198,198,198,211,211,223,240,240,337,337,355,355,355,30,42,71,71,71,149,182,195,211,224,255,267,378,390,418,445,457,483,127,161,161,189,261,261,278,34,50,64,64,64],"floor_reached":51,"playtime":2164,"items_purged":["Defend_G"],"score":1273,"play_id":"2dea7dd1-cda6-4d63-a953-50e30d4e65cf","local_time":"20201227230532","is_ascension_mode":true,"campfire_choices":[{"data":"Dagger Spray","floor":7.0,"key":"SMITH"},{"data":"Neutralize","floor":12.0,"key":"SMITH"},{"data":"Dash","floor":15.0,"key":"SMITH"},{"data":"Eviscerate","floor":24.0,"key":"SMITH"},{"data":"Eviscerate","floor":32.0,"key":"SMITH"},{"data":"Dash","floor":41,"key":"SMITH"},{"data":"Predator","floor":44,"key":"SMITH"},{"data":"Glass Knife","floor":49,"key":"SMITH"}],"circlet_count":0,"master_deck":["AscendersBane","Strike_G","Strike_G","Defend_G","Defend_G","Defend_G","Defend_G+1","Survivor","Neutralize+1","Unload","Predator+1","PiercingWail","Dash+1","Dagger Spray+1","Dodge and Roll","Blur","Slice","PiercingWail","Dagger Throw","Corpse Explosion","Terror","Underhanded Strike","Necronomicurse","Dash+1","Eviscerate+1","Eviscerate+1","Die Die Die","PiercingWail","Eviscerate+1","Bullet Time","Terror","PiercingWail+1","Glass Knife+1","Phantasmal Killer"],"relics":["Ring of the Snake","Potion Belt","Darkstone Periapt","Snecko Eye","Necronomicon","Shuriken","Regal Pillow","Paper Crane","Meat on the Bone","MawBank","Coffee Dripper","Medical Kit","War Paint","White Beast Statue","The Courier","Anchor"],"acts_visited":["Exordium","TheCity","TheBeyond"],"potions_floor_usage":[50,50,50],"damage_taken":[{"damage":1.0,"enemies":"Small Slimes","floor":1.0,"turns":4.0},{"damage":1.0,"enemies":"Jaw Worm","floor":2.0,"turns":3.0},{"damage":0.0,"enemies":"2 Louse","floor":3.0,"turns":3.0},{"damage":3.0,"enemies":"Gremlin Gang","floor":4.0,"turns":5.0},{"damage":25.0,"enemies":"3 Sentries","floor":6.0,"turns":9.0},{"damage":7.0,"enemies":"3 Louse","floor":8.0,"turns":2.0},{"damage":0.0,"enemies":"Red Slaver","floor":11.0,"turns":4.0},{"damage":4.0,"enemies":"Large Slime","floor":13.0,"turns":5.0},{"damage":0.0,"enemies":"3 Louse","floor":14.0,"turns":2.0},{"damage":2.0,"enemies":"The Guardian","floor":16.0,"turns":17.0},{"damage":0.0,"enemies":"3 Byrds","floor":18.0,"turns":2.0},{"damage":0.0,"enemies":"Chosen","floor":22.0,"turns":4.0},{"damage":0.0,"enemies":"Book of Stabbing","floor":23.0,"turns":3.0},{"damage":0.0,"enemies":"Gremlin Leader","floor":27.0,"turns":3.0},{"damage":0.0,"enemies":"Shelled Parasite and Fungi","floor":28.0,"turns":2.0},{"damage":0.0,"enemies":"3 Cultists","floor":29.0,"turns":3.0},{"damage":0.0,"enemies":"Snecko","floor":30.0,"turns":2.0},{"damage":22.0,"enemies":"Book of Stabbing","floor":31.0,"turns":5.0},{"damage":35.0,"enemies":"Collector","floor":33.0,"turns":8.0},{"damage":0.0,"enemies":"3 Shapes","floor":35.0,"turns":2.0},{"damage":10.0,"enemies":"3 Darklings","floor":36.0,"turns":5.0},{"damage":5.0,"enemies":"Spire Growth","floor":38.0,"turns":3.0},{"damage":4,"enemies":"Reptomancer","floor":40,"turns":3},{"damage":2,"enemies":"Giant Head","floor":42,"turns":4},{"damage":0,"enemies":"Sphere and 2 Shapes","floor":45,"turns":2},{"damage":0,"enemies":"Maw","floor":47,"turns":4},{"damage":0,"enemies":"Spire Growth","floor":48,"turns":3},{"damage":9,"enemies":"Time Eater","floor":50,"turns":5}],"seed_played":"-7772105860782322143","potions_obtained":[{"floor":3.0,"key":"BlessingOfTheForge"},{"floor":4.0,"key":"Strength Potion"},{"floor":6.0,"key":"Ancient Potion"},{"floor":16.0,"key":"Energy Potion"},{"floor":18.0,"key":"FairyPotion"},{"floor":23.0,"key":"Weak Potion"},{"floor":31.0,"key":"SkillPotion"},{"floor":40,"key":"Explosive Potion"},{"floor":47,"key":"Energy Potion"},{"floor":48,"key":"Strength Potion"}],"is_trial":false,"path_per_floor":["M","M","M","M","?","E","R","M","T","?","M","R","M","M","R","B",null,"M","?","?","$","M","E","R","?","T","E","M","M","M","E","R","B",null,"M","M","?","M","$","E","R","E","T","R","M","$","M","M","R","B",null],"character_chosen":"THE_SILENT","items_purchased":["Shuriken","Dash","Glass Knife","Medical Kit","Phantasmal Killer","Anchor"],"campfire_rested":0,"item_purchase_floors":[21,21,39,39,46,46],"current_hp_per_floor":[62,61,61,58,51,26,26,19,19,42,42,42,38,38,38,36,62,62,62,52,52,52,52,52,52,52,52,52,52,52,42,42,19,62,62,52,52,47,47,43,43,41,41,41,41,41,41,41,41,44],"gold":64,"neow_bonus":"TRANSFORM_CARD","is_daily":false,"chose_seed":false,"campfire_upgraded":8,"win_rate":0.0,"timestamp":1609077932,"path_taken":["M","M","M","M","?","E","R","M","T","?","M","R","M","M","R","BOSS","M","?","?","$","M","E","R","?","T","E","M","M","M","E","R","BOSS","M","M","?","?","$","E","R","E","T","R","M","$","M","M","R","BOSS"],"items_purchased_type":["Relic","Card","Card","Relic","Card","Relic"],"build_version":"2020-12-22","purchased_purges":1,"victory":true,"max_hp_per_floor":[70,70,70,70,70,70,70,70,70,70,70,70,70,70,70,70,70,70,70,76,76,76,76,76,76,76,76,76,76,76,76,76,76,76,76,76,76,76,76,76,76,76,76,76,76,76,76,76,76,76],"card_choices":[{"not_picked":["Dagger Throw","Quick Slash"],"picked":"Predator","floor":1.0},{"not_picked":["Bouncing Flask","Blade Dance"],"picked":"PiercingWail","floor":2.0},{"not_picked":["Infinite Blades","Leg Sweep"],"picked":"Dash","floor":3.0},{"not_picked":["Deadly Poison","Slice"],"picked":"Dagger Spray","floor":4.0},{"not_picked":["Acrobatics","Expertise"],"picked":"Dodge and Roll","floor":6.0},{"not_picked":["Quick Slash","Sucker Punch"],"picked":"Blur","floor":8.0},{"not_picked":["Sucker Punch","Doppelganger"],"picked":"Slice","floor":11.0},{"not_picked":["Bane","Deadly Poison"],"picked":"PiercingWail","floor":13.0},{"not_picked":["Accuracy","Deflect"],"picked":"Dagger Throw","floor":14.0},{"not_picked":["A Thousand Cuts","Malaise"],"picked":"Corpse Explosion","floor":16.0},{"not_picked":["Prepared+1","Calculated Gamble"],"picked":"Terror","floor":18.0},{"not_picked":["Calculated Gamble","Blur"],"picked":"Eviscerate","floor":22.0},{"not_picked":["Distraction","Outmaneuver+1"],"picked":"Eviscerate","floor":23.0},{"not_picked":["Poisoned Stab","Setup","Dagger Spray"],"picked":"SKIP","floor":27.0},{"not_picked":["Dagger Throw","Heel Hook+1"],"picked":"Die Die Die","floor":28.0},{"not_picked":["Prepared","Escape Plan","Deflect"],"picked":"SKIP","floor":29.0},{"not_picked":["Cloak And Dagger","Flying Knee"],"picked":"PiercingWail","floor":30.0},{"not_picked":["Prepared","Adrenaline"],"picked":"Eviscerate+1","floor":31.0},{"not_picked":["After Image","Phantasmal Killer"],"picked":"Bullet Time","floor":33.0},{"not_picked":["Infinite Blades","Escape Plan+1"],"picked":"Terror","floor":35.0},{"not_picked":["Endless Agony","Distraction","Cloak And Dagger"],"picked":"SKIP","floor":36.0},{"not_picked":["Prepared+1","Dagger Spray","Sucker Punch"],"picked":"SKIP","floor":38.0},{"not_picked":["Noxious Fumes","Underhanded Strike+1","Accuracy+1"],"picked":"SKIP","floor":40},{"not_picked":["Footwork+1","Dagger Throw+1","Sucker Punch+1"],"picked":"SKIP","floor":42},{"not_picked":["Caltrops+1","Blade Dance+1","All Out Attack+1"],"picked":"SKIP","floor":45},{"not_picked":["Deflect+1","PiercingWail","Noxious Fumes"],"picked":"SKIP","floor":47},{"not_picked":["Infinite Blades+1","Heel Hook","Masterful Stab"],"picked":"SKIP","floor":48}],"player_experience":355753,"relics_obtained":[{"floor":6.0,"key":"Potion Belt"},{"floor":9.0,"key":"Darkstone Periapt"},{"floor":20.0,"key":"Necronomicon"},{"floor":23.0,"key":"Regal Pillow"},{"floor":26.0,"key":"Paper Crane"},{"floor":27.0,"key":"Meat on the Bone"},{"floor":31.0,"key":"MawBank"},{"floor":40,"key":"War Paint"},{"floor":42,"key":"White Beast Statue"},{"floor":43,"key":"The Courier"}],"event_choices":[{"cards_removed":["Strike_G"],"damage_healed":0.0,"max_hp_gain":0.0,"max_hp_loss":0.0,"gold_gain":0.0,"event_name":"Golden Wing","player_choice":"Card Removal","floor":5.0,"gold_loss":0.0,"damage_taken":7.0},{"damage_healed":23.0,"max_hp_gain":0.0,"max_hp_loss":0.0,"gold_gain":0.0,"event_name":"Big Fish","player_choice":"Banana","floor":10.0,"gold_loss":0.0,"damage_taken":0.0},{"damage_healed":0.0,"max_hp_gain":0.0,"max_hp_loss":0.0,"gold_gain":0.0,"event_name":"The Library","player_choice":"Read","floor":19.0,"gold_loss":0.0,"damage_taken":0.0,"cards_obtained":["Underhanded Strike"]},{"damage_healed":0.0,"max_hp_gain":0.0,"max_hp_loss":0.0,"gold_gain":0.0,"event_name":"Cursed Tome","player_choice":"Obtained Book","floor":20.0,"gold_loss":0.0,"damage_taken":16.0},{"damage_healed":0.0,"max_hp_gain":0.0,"max_hp_loss":0.0,"gold_gain":0.0,"event_name":"Ghosts","player_choice":"Ignored","floor":25.0,"gold_loss":0.0,"damage_taken":0.0},{"damage_healed":0.0,"max_hp_gain":0.0,"max_hp_loss":0.0,"gold_gain":0.0,"cards_transformed":["Strike_G"],"event_name":"Transmorgrifier","player_choice":"Transformed","floor":37.0,"gold_loss":0.0,"damage_taken":0.0,"cards_obtained":["PiercingWail"]}],"is_beta":false,"boss_relics":[{"not_picked":["Busted Crown","WristBlade"],"picked":"Snecko Eye"},{"not_picked":["Tiny House","Velvet Choker"],"picked":"Coffee Dripper"}],"items_purged_floors":[39],"is_endless":false,"potions_floor_spawned":[3,4,6,16,18,23,31,40,45,47,48],"ascension_level":11}}