{"host":"30jsp143e4v19aze","time":1609085746,"event":{"mods":["BaseMod","Colored Map","Colored Powertips","Curses Come First","DeckTracker","Highlight Path","Minty Spire (QoL Compilation)","Quick Restart","Relic Stats","StSLib","everything is the same but u backflip on backflip","slay the spire mod where everything is the same but ironclad has a cowboy hat"],"gold_per_floor":[112,187,187,205,205,205,240,36,87,121,71,71,71],"floor_reached":12,"playtime":234,"items_purged":["Strike_B"],"score":180,"play_id":"7f15b47c-1ec6-438e-9d1b-7b83f4770750","local_time":"20201227171546","is_ascension_mode":true,"campfire_choices":[{"data":"Zap","floor":6,"key":"SMITH"}],"circlet_count":0,"master_deck":["AscendersBane","Strike_B","Strike_B+1","Defend_B","Defend_B","Defend_B","Defend_B","Zap+1","Dualcast+1","Defragment","Coolheaded","Storm"],"relics":["Cracked Core","NeowsBlessing","FaceOfCleric","Singing Bowl","Bronze Scales","Blue Candle"],"acts_visited":["Exordium"],"potions_floor_usage":[10],"damage_taken":[{"damage":0,"enemies":"Jaw Worm","floor":1,"turns":1},{"damage":0,"enemies":"Cultist","floor":4,"turns":1},{"damage":0,"enemies":"Lagavulin","floor":7,"turns":1},{"damage":30,"enemies":"Gremlin Nob","floor":10,"turns":4},{"damage":19,"enemies":"3 Sentries","floor":12,"turns":4}],"seed_played":"-8937662769839272033","potions_obtained":[{"floor":1,"key":"Weak Potion"},{"floor":7,"key":"Swift Potion"}],"is_trial":false,"path_per_floor":["M","?","?","M","?","R","E","$","T","E","?","E"],"character_chosen":"DEFECT","items_purchased":["Coolheaded","Storm"],"campfire_rested":0,"item_purchase_floors":[8,8],"current_hp_per_floor":[68,57,57,58,43,43,46,46,46,19,19,0,0],"gold":71,"neow_bonus":"THREE_ENEMY_KILL","is_daily":false,"chose_seed":false,"campfire_upgraded":1,"win_rate":0.0,"timestamp":1609085746,"path_taken":["M","?","?","?","?","R","E","$","T","E","?","E"],"items_purchased_type":["Card","Card"],"build_version":"2020-12-22","purchased_purges":1,"victory":false,"max_hp_per_floor":[75,75,75,76,76,76,79,79,79,82,82,82,82],"relic_stats":{"FaceOfCleric":3,"Singing Bowl":4,"counters":[5,11],"Bronze Scales":[18],"Blue Candle":[0],"obtain_stats":[{"NeowsBlessing":0,"FaceOfCleric":3,"Singing Bowl":7,"Bronze Scales":9,"Blue Candle":10,"Cracked Core":0},{"NeowsBlessing":0,"FaceOfCleric":1,"Singing Bowl":3,"Bronze Scales":3,"Blue Candle":4,"Cracked Core":0},{"NeowsBlessing":0,"FaceOfCleric":1,"Singing Bowl":3,"Bronze Scales":3,"Blue Candle":7,"Cracked Core":0}]},"card_choices":[{"not_picked":["Gash","Hello World"],"picked":"Defragment","floor":1},{"not_picked":["Scrape","Aggregate","White Noise"],"picked":"SKIP","floor":4},{"not_picked":["Redo","Force Field","Gash"],"picked":"Singing Bowl","floor":7},{"not_picked":["Reprogram","Coolheaded","Blizzard"],"picked":"Singing Bowl","floor":10}],"player_experience":3266180,"relics_obtained":[{"floor":7,"key":"Singing Bowl"},{"floor":9,"key":"Bronze Scales"},{"floor":10,"key":"Blue Candle"}],"event_choices":[{"damage_healed":0,"gold_gain":75,"player_choice":"Gather Gold","damage_taken":11,"max_hp_gain":0,"max_hp_loss":0,"event_name":"World of Goop","floor":2,"gold_loss":0},{"damage_healed":0,"gold_gain":0,"player_choice":"Trade","damage_taken":0,"relics_obtained":["FaceOfCleric"],"max_hp_gain":0,"max_hp_loss":0,"event_name":"FaceTrader","floor":3,"gold_loss":0},{"damage_healed":0,"gold_gain":0,"player_choice":"Entered Light","damage_taken":15,"max_hp_gain":0,"max_hp_loss":0,"event_name":"Shining Light","floor":5,"gold_loss":0,"cards_upgraded":["Strike_B","Dualcast"]},{"cards_removed":["Strike_B"],"damage_healed":0,"gold_gain":0,"player_choice":"Card Removal","damage_taken":0,"max_hp_gain":0,"max_hp_loss":0,"event_name":"The Cleric","floor":11,"gold_loss":50}],"is_beta":false,"boss_relics":[],"items_purged_floors":[8],"is_endless":false,"potions_floor_spawned":[1,7],"killed_by":"3 Sentries","ascension_level":13}}