{"host":"hgkb2zpbo2dcws21","time":1609076985,"event":{"mods":["AchievementEnabler","BaseMod","Colored Map","Colored Powertips","Custom Start","DeckTracker","KOR Keyword Fix","Minty Spire (QoL Compilation)","Relic Stats","StSLib","SuperFastMode"],"gold_per_floor":[112,162,176,251,301,333,333,333,333],"floor_reached":8,"playtime":124,"items_purged":[],"score":108,"play_id":"701fd500-e3f4-447d-b250-71ff3a495055","local_time":"20201227224945","is_ascension_mode":true,"campfire_choices":[{"data":"Pommel Strike","floor":7,"key":"SMITH"}],"circlet_count":0,"master_deck":["AscendersBane","Strike_R","Strike_R","Strike_R","Strike_R","Strike_R","Defend_R","Defend_R","Defend_R","Defend_R","Bash","Pommel Strike+1","Reckless Charge"],"relics":["Burning Blood","Charon\u0027s Ashes","Frozen Egg 2"],"acts_visited":["Exordium"],"potions_floor_usage":[],"damage_taken":[{"damage":7.0,"enemies":"Jaw Worm","floor":1.0,"turns":3.0},{"damage":6,"enemies":"Cultist","floor":3,"turns":3},{"damage":25,"enemies":"3 Sentries","floor":6,"turns":6},{"damage":50,"enemies":"Lagavulin","floor":8,"turns":6}],"seed_played":"5631699202559561636","potions_obtained":[],"is_trial":false,"path_per_floor":["M","?","M","?","?","E","R","E"],"character_chosen":"IRONCLAD","items_purchased":[],"campfire_rested":0,"item_purchase_floors":[],"current_hp_per_floor":[67,61,61,50,50,31,31,0,0],"gold":333,"neow_bonus":"ONE_RARE_RELIC","is_daily":false,"chose_seed":false,"campfire_upgraded":1,"win_rate":0.0,"timestamp":1609076985,"path_taken":["M","?","?","?","?","E","R","E"],"items_purchased_type":[],"build_version":"2020-12-22","purchased_purges":0,"victory":false,"max_hp_per_floor":[68,68,68,68,68,68,68,68,68],"relic_stats":{"counters":[4,18],"Charon\u0027s Ashes":[68],"obtain_stats":[{"Charon\u0027s Ashes":0,"Frozen Egg 2":6,"Burning Blood":0},{"Charon\u0027s Ashes":0,"Frozen Egg 2":3,"Burning Blood":0},{"Charon\u0027s Ashes":0,"Frozen Egg 2":12,"Burning Blood":0}],"Burning Blood":18},"card_choices":[{"not_picked":["Heavy Blade","Battle Trance"],"picked":"Pommel Strike","floor":1.0},{"not_picked":["Iron Wave","Thunderclap","Perfected Strike"],"picked":"SKIP","floor":3},{"not_picked":["Heavy Blade","Thunderclap"],"picked":"Reckless Charge","floor":6}],"player_experience":1112077,"relics_obtained":[{"floor":6,"key":"Frozen Egg 2"}],"event_choices":[{"damage_healed":0,"gold_gain":50,"player_choice":"Touch","damage_taken":6,"max_hp_gain":0,"max_hp_loss":0,"event_name":"FaceTrader","floor":2,"gold_loss":0},{"damage_healed":0,"gold_gain":75,"player_choice":"Gather Gold","damage_taken":11,"max_hp_gain":0,"max_hp_loss":0,"event_name":"World of Goop","floor":4,"gold_loss":0},{"damage_healed":0,"gold_gain":50,"player_choice":"Pray","damage_taken":0,"max_hp_gain":0,"max_hp_loss":0,"event_name":"Golden Shrine","floor":5,"gold_loss":0}],"is_beta":false,"boss_relics":[],"items_purged_floors":[],"is_endless":false,"potions_floor_spawned":[],"killed_by":"Lagavulin","ascension_level":20}}