{"host":"gttgmv2wah99hzdm","time":1609043419,"event":{"mods":["AchievementEnabler","BaseMod","Bestiary","Block Reminder","Filter the Spire","Highlight Path","Minty Spire (QoL Compilation)","Permanent Neow","Random Character Button","Relic Stats","StSLib","ojb\u0027s Info Mod"],"gold_per_floor":[118,129,129,94,107,135,38,38,38,48,48,48,75,92,92,92,92],"floor_reached":16,"playtime":903,"items_purged":[],"score":215,"play_id":"c4740853-2ad8-4038-9fe4-e4f21f5ad772","local_time":"20201226223019","is_ascension_mode":true,"campfire_choices":[{"floor":8.0,"key":"REST"},{"data":"Static Discharge","floor":12.0,"key":"SMITH"},{"data":"Go for the Eyes","floor":15.0,"key":"SMITH"}],"circlet_count":0,"master_deck":["AscendersBane","Strike_B","Strike_B","Strike_B","Defend_B","Defend_B+1","Defend_B","Defend_B","Zap","Dualcast","Static Discharge+1","Go for the Eyes+1","Coolheaded+1","Doom and Gloom","Sunder","Beam Cell","Cold Snap","Ball Lightning"],"relics":["SlaversCollar","Mercury Hourglass","Akabeko","War Paint"],"acts_visited":["Exordium"],"potions_floor_usage":[16],"damage_taken":[{"damage":6.0,"enemies":"Jaw Worm","floor":1.0,"turns":5.0},{"damage":10.0,"enemies":"Small Slimes","floor":2.0,"turns":3.0},{"damage":1.0,"enemies":"Cultist","floor":5.0,"turns":4.0},{"damage":45.0,"enemies":"Gremlin Nob","floor":6.0,"turns":5.0},{"damage":5.0,"enemies":"3 Louse","floor":10.0,"turns":2.0},{"damage":10.0,"enemies":"Lagavulin","floor":13.0,"turns":5.0},{"damage":3.0,"enemies":"Looter","floor":14.0,"turns":3.0},{"damage":19,"enemies":"The Guardian","floor":16,"turns":8}],"seed_played":"-3069121787409569573","potions_obtained":[{"floor":1.0,"key":"Block Potion"},{"floor":2.0,"key":"FearPotion"},{"floor":10.0,"key":"EssenceOfSteel"},{"floor":14.0,"key":"Block Potion"}],"is_trial":false,"path_per_floor":["M","M","?","?","M","E","$","R","T","M","?","R","E","M","R","B"],"character_chosen":"DEFECT","items_purchased":["Sunder","Block Potion"],"campfire_rested":1,"item_purchase_floors":[7,7],"current_hp_per_floor":[58,48,41,58,57,12,12,33,33,28,28,28,18,15,15,0,0],"gold":92,"neow_bonus":"BOSS_RELIC","is_daily":false,"chose_seed":false,"campfire_upgraded":2,"win_rate":0.0,"timestamp":1609043419,"path_taken":["M","M","?","?","M","E","$","R","T","M","?","R","E","M","R","BOSS"],"items_purchased_type":["Card","Potion"],"build_version":"2020-12-22","purchased_purges":0,"victory":false,"max_hp_per_floor":[71,71,71,71,71,71,71,71,71,71,71,71,71,71,71,71,71],"relic_stats":{"counters":[8,35],"War Paint":["Coolheaded","Defend_B"],"obtain_stats":[{"SlaversCollar":0,"War Paint":13,"Cracked Core":0,"Akabeko":9,"Mercury Hourglass":6},{"SlaversCollar":0,"War Paint":6,"Cracked Core":0,"Akabeko":4,"Mercury Hourglass":4},{"SlaversCollar":0,"War Paint":24,"Cracked Core":0,"Akabeko":17,"Mercury Hourglass":17}],"Mercury Hourglass":[51]},"card_choices":[{"not_picked":["Redo","Force Field"],"picked":"Static Discharge","floor":1.0},{"not_picked":["BootSequence","Darkness"],"picked":"Go for the Eyes","floor":2.0},{"not_picked":["Double Energy","Leap"],"picked":"Coolheaded","floor":5.0},{"not_picked":["Streamline","Barrage"],"picked":"Doom and Gloom","floor":6.0},{"not_picked":["Hello World","Steam"],"picked":"Beam Cell","floor":10.0},{"not_picked":["Melter","FTL"],"picked":"Cold Snap","floor":13.0},{"not_picked":["Steam Power","Compile Driver"],"picked":"Ball Lightning","floor":14.0}],"player_experience":982384,"relics_obtained":[{"floor":6.0,"key":"Mercury Hourglass"},{"floor":9.0,"key":"Akabeko"},{"floor":13.0,"key":"War Paint"}],"event_choices":[{"cards_removed":["Strike_B"],"damage_healed":0.0,"max_hp_gain":0.0,"max_hp_loss":0.0,"gold_gain":0.0,"event_name":"Golden Wing","player_choice":"Card Removal","floor":3.0,"gold_loss":0.0,"damage_taken":7.0},{"damage_healed":17.0,"max_hp_gain":0.0,"max_hp_loss":0.0,"gold_gain":0.0,"event_name":"The Cleric","player_choice":"Healed","floor":4.0,"gold_loss":35.0,"damage_taken":0.0},{"damage_healed":0.0,"max_hp_gain":0.0,"max_hp_loss":0.0,"gold_gain":0.0,"event_name":"Liars Game","player_choice":"Ignored","floor":11.0,"gold_loss":0.0,"damage_taken":0.0}],"is_beta":false,"boss_relics":[],"items_purged_floors":[],"is_endless":false,"potions_floor_spawned":[1,2,10,14],"killed_by":"The Guardian","ascension_level":19}}