{"host":"Rich","time":1609041390,"event":{"mods":["AchievementEnabler","BaseMod","Highlight Path","Minty Spire (QoL Compilation)","Relic Stats"],"gold_per_floor":[109,109,109,109,4,35,49,49,49,92,112,131,31,52,52,52,52],"floor_reached":16,"playtime":287,"items_purged":["Strike_G","Defend_G"],"score":270,"play_id":"3921b466-2086-49fb-9730-929e076ac3de","local_time":"20201226225630","is_ascension_mode":true,"campfire_choices":[{"floor":15,"key":"REST"}],"circlet_count":0,"master_deck":["AscendersBane","Strike_G","Strike_G","Strike_G","Defend_G","Defend_G","Defend_G","Defend_G","Survivor","Neutralize","Skewer","Poisoned Stab","Cloak And Dagger","Dagger Spray","Backstab","Deflect","PiercingWail","Slice"],"relics":["Ring of the Snake","NeowsBlessing","Golden Idol","Oddly Smooth Stone","Vajra","Bag of Preparation"],"acts_visited":["Exordium"],"potions_floor_usage":[10,14],"damage_taken":[{"damage":0.0,"enemies":"Small Slimes","floor":1.0,"turns":1.0},{"damage":0.0,"enemies":"3 Sentries","floor":6.0,"turns":2.0},{"damage":0.0,"enemies":"2 Louse","floor":7.0,"turns":1.0},{"damage":37,"enemies":"Gremlin Nob","floor":10,"turns":4},{"damage":0,"enemies":"Cultist","floor":11,"turns":2},{"damage":0,"enemies":"Red Slaver","floor":12,"turns":3},{"damage":1,"enemies":"Exordium Wildlife","floor":14,"turns":2},{"damage":17,"enemies":"Hexaghost","floor":16,"turns":9}],"seed_played":"-3115015319479799962","potions_obtained":[{"floor":1.0,"key":"AttackPotion"},{"floor":7.0,"key":"PowerPotion"},{"floor":12,"key":"SpeedPotion"}],"is_trial":false,"path_per_floor":["M","?","?","?","$","E","M","$","T","E","M","M","$","M","R","B"],"character_chosen":"THE_SILENT","items_purchased":["Poisoned Stab"],"campfire_rested":1,"item_purchase_floors":[5],"current_hp_per_floor":[59,52,52,41,41,41,41,41,41,4,4,4,4,3,21,4,4],"gold":52,"neow_bonus":"THREE_ENEMY_KILL","is_daily":false,"chose_seed":false,"campfire_upgraded":0,"win_rate":0.0,"timestamp":1609041390,"path_taken":["M","?","?","?","$","E","M","?","T","E","M","M","?","?","R","BOSS"],"items_purchased_type":["Card"],"build_version":"2020-12-18","purchased_purges":2,"victory":false,"max_hp_per_floor":[66,66,60,60,60,60,60,60,60,60,60,60,60,60,60,60,60],"relic_stats":{"counters":[8,24],"Golden Idol":30,"Bag of Preparation":[8],"obtain_stats":[{"NeowsBlessing":0,"Golden Idol":3,"Oddly Smooth Stone":4,"Vajra":6,"Bag of Preparation":10,"Ring of the Snake":0},{"NeowsBlessing":0,"Golden Idol":1,"Oddly Smooth Stone":1,"Vajra":2,"Bag of Preparation":4,"Ring of the Snake":0},{"NeowsBlessing":0,"Golden Idol":1,"Oddly Smooth Stone":1,"Vajra":3,"Bag of Preparation":8,"Ring of the Snake":0}],"Ring of the Snake":[16]},"card_choices":[{"not_picked":["Expertise","Bane"],"picked":"Skewer","floor":1.0},{"not_picked":["Deflect","Riddle With Holes"],"picked":"Cloak And Dagger","floor":6.0},{"not_picked":["Reflex","Eviscerate"],"picked":"Dagger Spray","floor":7.0},{"not_picked":["Flying Knee","Night Terror"],"picked":"Backstab","floor":10},{"not_picked":["Deadly Poison","Outmaneuver"],"picked":"Deflect","floor":11},{"not_picked":["Choke","Deflect"],"picked":"PiercingWail","floor":12},{"not_picked":["Dagger Spray","Flying Knee"],"picked":"Slice","floor":14}],"player_experience":1933685,"relics_obtained":[{"floor":6.0,"key":"Vajra"},{"floor":10,"key":"Bag of Preparation"}],"event_choices":[{"cards_removed":["Strike_G"],"damage_healed":0.0,"max_hp_gain":0.0,"max_hp_loss":0.0,"gold_gain":0.0,"event_name":"Golden Wing","player_choice":"Card Removal","floor":2.0,"gold_loss":0.0,"damage_taken":7.0},{"damage_healed":0.0,"max_hp_gain":0.0,"max_hp_loss":6.0,"gold_gain":0.0,"event_name":"Golden Idol","player_choice":"Lose Max HP","floor":3.0,"gold_loss":0.0,"damage_taken":0.0,"relics_obtained":["Golden Idol"]},{"damage_healed":0.0,"max_hp_gain":0.0,"max_hp_loss":0.0,"gold_gain":0.0,"event_name":"Scrap Ooze","player_choice":"Success","floor":4.0,"gold_loss":0.0,"damage_taken":11.0,"relics_obtained":["Oddly Smooth Stone"]}],"is_beta":true,"boss_relics":[],"items_purged_floors":[5,13],"is_endless":false,"potions_floor_spawned":[1,7,12],"killed_by":"Hexaghost","ascension_level":20}}