{"host":"vydapxfau6612551","time":1609062270,"event":{"mods":["AchievementEnabler","BaseMod","Minty Spire (QoL Compilation)","StSLib","SuperFastMode"],"gold_per_floor":[359,370,386,57,132,143,177,177,177,211,211,211,223,236,236,236,236],"floor_reached":16,"playtime":456,"items_purged":[],"score":157,"play_id":"2acd3496-456d-4f4f-9d13-7df7c2f5c85a","local_time":"20201227184430","is_ascension_mode":true,"campfire_choices":[{"data":"Perfected Strike","floor":8.0,"key":"SMITH"},{"floor":12,"key":"RECALL"},{"floor":15,"key":"REST"}],"circlet_count":0,"master_deck":["Strike_R","Strike_R","Strike_R","Strike_R","Strike_R","Defend_R","Defend_R","Defend_R","Bash","Perfected Strike+1","Bloodletting","Inflame","Pommel Strike","Shrug It Off","Perfected Strike","Fire Breathing+1","Rupture+1"],"relics":["Burning Blood","Question Card","Darkstone Periapt","Frozen Egg 2"],"acts_visited":["Exordium"],"potions_floor_usage":[10,14],"damage_taken":[{"damage":1.0,"enemies":"Cultist","floor":1.0,"turns":4.0},{"damage":9.0,"enemies":"2 Louse","floor":2.0,"turns":2.0},{"damage":3.0,"enemies":"Small Slimes","floor":3.0,"turns":3.0},{"damage":20.0,"enemies":"3 Louse","floor":6.0,"turns":2.0},{"damage":30.0,"enemies":"Lagavulin","floor":7.0,"turns":4.0},{"damage":9,"enemies":"3 Sentries","floor":10,"turns":4},{"damage":8,"enemies":"Exordium Wildlife","floor":13,"turns":4},{"damage":4,"enemies":"Large Slime","floor":14,"turns":4},{"damage":0,"enemies":"Slime Boss","floor":16,"turns":1}],"seed_played":"-4552159932315865694","potions_obtained":[{"floor":6.0,"key":"Regen Potion"},{"floor":7.0,"key":"Energy Potion"},{"floor":13,"key":"Explosive Potion"}],"is_trial":false,"path_per_floor":["M","M","M","$","?","M","E","R","T","E","?","R","M","M","R","B"],"character_chosen":"IRONCLAD","items_purchased":["Question Card","Pommel Strike","Shrug It Off"],"campfire_rested":1,"item_purchase_floors":[4,4,4],"current_hp_per_floor":[72,69,72,72,61,47,35,35,35,32,32,32,30,32,53,53,53],"gold":236,"neow_bonus":"TWO_FIFTY_GOLD","is_daily":false,"chose_seed":false,"campfire_upgraded":1,"win_rate":0.0,"timestamp":1609062270,"path_taken":["M","M","?","$","?","M","E","R","T","E","?","R","?","M","R","BOSS"],"items_purchased_type":["Relic","Card","Card"],"build_version":"2020-12-22","purchased_purges":0,"victory":false,"max_hp_per_floor":[72,72,72,72,72,72,72,72,72,72,72,72,72,72,72,72,72],"card_choices":[{"not_picked":["Iron Wave","Thunderclap"],"picked":"Perfected Strike","floor":1.0},{"not_picked":["Warcry","Iron Wave"],"picked":"Bloodletting","floor":2.0},{"not_picked":["Anger","Havoc"],"picked":"Inflame","floor":3.0},{"not_picked":["Warcry","Exhume","Shrug It Off"],"picked":"Perfected Strike","floor":6.0},{"not_picked":["Inflame","Sword Boomerang","Limit Break","Heavy Blade"],"picked":"SKIP","floor":7.0},{"not_picked":["Second Wind","Whirlwind","Seeing Red"],"picked":"Fire Breathing+1","floor":10},{"not_picked":["Seeing Red","Clash","Warcry","Shrug It Off"],"picked":"SKIP","floor":13},{"not_picked":["Rampage","Headbutt","Anger","Thunderclap"],"picked":"SKIP","floor":14}],"player_experience":391621,"relics_obtained":[{"floor":7.0,"key":"Darkstone Periapt"},{"floor":10,"key":"Frozen Egg 2"}],"event_choices":[{"damage_healed":0.0,"max_hp_gain":0.0,"max_hp_loss":0.0,"gold_gain":75.0,"event_name":"World of Goop","player_choice":"Gather Gold","floor":5.0,"gold_loss":0.0,"damage_taken":11.0},{"damage_healed":0,"gold_gain":0,"cards_transformed":["Defend_R"],"player_choice":"Transformed","damage_taken":0,"max_hp_gain":0,"max_hp_loss":0,"event_name":"Transmorgrifier","floor":11,"gold_loss":0,"cards_obtained":["Rupture"]}],"is_beta":false,"boss_relics":[],"items_purged_floors":[],"is_endless":false,"potions_floor_spawned":[6,7,13],"killed_by":"Slime Boss","ascension_level":8}}