{"host":"8qb550oiisecbnz6","time":1609105082,"event":{"mods":["AchievementEnabler","BaseMod","Colored Map","Colored Powertips","Minty Spire (QoL Compilation)","Quick Restart","Slay-I","StSLib"],"gold_per_floor":[111,36,36,36,36,36,49,80,80,94,119,119,119,119],"floor_reached":13,"playtime":604,"items_purged":["Defend_G"],"score":135,"play_id":"b142c269-792e-4713-890a-f2064cf4570e","local_time":"20201227223802","is_ascension_mode":true,"campfire_choices":[{"data":"Neutralize","floor":6,"key":"SMITH"}],"circlet_count":0,"master_deck":["Strike_G","Strike_G+1","Strike_G","Strike_G+1","Defend_G","Defend_G","Defend_G","Defend_G","Survivor","Neutralize+1","Deadly Poison","Backflip"],"relics":["Ring of the Snake","NeowsBlessing","Golden Idol","Ancient Tea Set","Singing Bowl","Gambling Chip"],"acts_visited":["Exordium"],"potions_floor_usage":[11],"damage_taken":[{"damage":0,"enemies":"2 Louse","floor":1,"turns":1},{"damage":0,"enemies":"Small Slimes","floor":7,"turns":1},{"damage":0,"enemies":"Lagavulin","floor":8,"turns":1},{"damage":0,"enemies":"Jaw Worm","floor":10,"turns":5},{"damage":10,"enemies":"Exordium Thugs","floor":11,"turns":7},{"damage":39,"enemies":"3 Sentries","floor":13,"turns":10}],"seed_played":"-1256632913200025221","potions_obtained":[{"floor":8,"key":"Weak Potion"},{"floor":11,"key":"Ancient Potion"}],"is_trial":false,"path_per_floor":["M","$","?","?","?","R","M","E","T","M","M","T","E"],"character_chosen":"THE_SILENT","items_purchased":[],"campfire_rested":0,"item_purchase_floors":[],"current_hp_per_floor":[70,70,63,49,49,49,49,49,49,49,39,39,0,0],"gold":119,"neow_bonus":"THREE_ENEMY_KILL","is_daily":false,"chose_seed":false,"campfire_upgraded":1,"win_rate":0.0,"timestamp":1609105082,"path_taken":["M","$","?","?","?","R","M","E","T","?","M","?","E"],"items_purchased_type":[],"build_version":"2020-12-22","purchased_purges":1,"victory":false,"max_hp_per_floor":[70,70,70,70,65,65,65,65,65,65,65,65,65,65],"card_choices":[{"not_picked":["Cloak And Dagger","Sucker Punch","Acrobatics"],"picked":"SKIP","floor":1},{"not_picked":["Sucker Punch","Deflect","Acrobatics"],"picked":"SKIP","floor":7},{"not_picked":["Slice","Prepared","Bane"],"picked":"SKIP","floor":8},{"not_picked":["Dagger Throw","Tools of the Trade"],"picked":"Deadly Poison","floor":10},{"not_picked":["Dagger Spray","Catalyst"],"picked":"Backflip","floor":11}],"player_experience":413878,"relics_obtained":[{"floor":8,"key":"Ancient Tea Set"},{"floor":9,"key":"Singing Bowl"},{"floor":12,"key":"Gambling Chip"}],"event_choices":[{"cards_removed":["Strike_G"],"damage_healed":0,"gold_gain":0,"player_choice":"Card Removal","damage_taken":7,"max_hp_gain":0,"max_hp_loss":0,"event_name":"Golden Wing","floor":3,"gold_loss":0},{"damage_healed":0,"gold_gain":0,"player_choice":"Entered Light","damage_taken":14,"max_hp_gain":0,"max_hp_loss":0,"event_name":"Shining Light","floor":4,"gold_loss":0,"cards_upgraded":["Strike_G","Strike_G"]},{"damage_healed":0,"gold_gain":0,"player_choice":"Lose Max HP","damage_taken":0,"relics_obtained":["Golden Idol"],"max_hp_gain":0,"max_hp_loss":5,"event_name":"Golden Idol","floor":5,"gold_loss":0}],"is_beta":false,"boss_relics":[],"items_purged_floors":[2],"is_endless":false,"potions_floor_spawned":[8,11],"killed_by":"3 Sentries","ascension_level":5}}