{"host":"nmyw38vkdf8owddb","time":1609078763,"event":{"mods":["BaseMod","Colored Map","Colored Powertips","DeckTracker","Downfall","Minty Spire (QoL Compilation)","StSLib","Waifu the Spire"],"gold_per_floor":[99,99,99,549,649,574,598,614,614,632,651,667,701,711,728,832,832,832,932,998,1015,1035,1085,1085,1085,1105,1155,169,238,238,273,285,390,390,315,334,122,135,185,185,212,137,165,184,187,247,2,36,47,47,47,82,4,4,4],"floor_reached":56,"playtime":5133,"items_purged":["Slimebound:Icky","Slimebound:Icky","champ:Execute","champ:FightOn"],"score":1429,"play_id":"66e6fa04-d415-49b1-8071-1a7665e047dc","local_time":"20201227231923","is_ascension_mode":false,"campfire_choices":[{"floor":1,"key":"RECALL"},{"data":"champ:Taunt","floor":6,"key":"SMITH"},{"data":"champ:TornadoPunch","floor":9,"key":"SMITH"},{"data":"champ:FlashCut","floor":18,"key":"SMITH"},{"floor":25,"key":"REST"},{"floor":30,"key":"REST"},{"data":"champ:HoldFirm","floor":35,"key":"SMITH"},{"data":"champ:PerfectForm","floor":40,"key":"SMITH"},{"data":"champ:PerfectForm","floor":42,"key":"SMITH"},{"data":"champ:TornadoPunch+1","floor":54,"key":"PURGE"}],"circlet_count":0,"master_deck":["champ:Taunt+1","champ:PerfectedStrike+1","champ:FlashCut+1","champ:TornadoPunch+1","champ:RisingSlash","champ:ArenaPreparation","champ:BerserkerStyle","champ:CrookedStrike","champ:GladiatorStyle","champ:BringItOn","champ:FlashCut","champ:CheapShot","champ:DefensiveStyle+1","champ:PerfectedStrike+1","expansioncontent:DashGenerateEvil+1","champ:CrookedStrike+1","champ:PerfectForm+1","champ:RisingSlash+1","champ:MurderStrike+1","champ:ShieldThrow+1","champ:BerserkerStyle","champ:PerfectForm+1","champ:Backstep","champ:ShieldSlam+1","champ:HoldFirm+1","champ:ShieldThrow+1","champ:PerfectedStrike+1","Flash of Steel+1","champ:Improvising","champ:PerfectedStrike+1","champ:StanceDance+1","champ:Shatter+1"],"relics":["champ:ChampionCrown","downfall:HeartsMalice","downfall:HeartBlessingRed","The Courier","Velvet Choker","downfall:CloakOfManyFaces","CultistMask","FaceOfCleric","NlothsMask","GremlinMask","SsserpentHead","downfall:RedIOU","ClockworkSouvenir","Singing Bowl","Molten Egg 2","MealTicket","Lantern","Ornamental Fan","Pandora\u0027s Box","downfall:HeartBlessingGreen","downfall:TeleportStone","downfall:HeartBlessingBlue","Peace Pipe","HornCleat","OrangePellets","Regal Pillow","Gremlin Horn"],"acts_visited":["Exordium","TheCity","TheBeyond","TheEnding"],"potions_floor_usage":[16,29,55,55,55,55,55,55,55],"damage_taken":[{"damage":0,"enemies":"Small Slimes","floor":2,"turns":1},{"damage":0,"enemies":"2 Louse","floor":3,"turns":1},{"damage":0,"enemies":"downfall:Heads","floor":5,"turns":1},{"damage":11,"enemies":"Jaw Worm","floor":8,"turns":2},{"damage":0,"enemies":"Gremlin Gang","floor":10,"turns":2},{"damage":22,"enemies":"Large Slime","floor":11,"turns":3},{"damage":6,"enemies":"3 Louse","floor":12,"turns":3},{"damage":10,"enemies":"3 Sentries","floor":13,"turns":5},{"damage":2,"enemies":"Red Slaver","floor":14,"turns":2},{"damage":0,"enemies":"Exordium Wildlife","floor":15,"turns":1},{"damage":46,"enemies":"downfall:Silent","floor":16,"turns":8},{"damage":25,"enemies":"downfall:FaceTrader","floor":19,"turns":7},{"damage":10,"enemies":"Chosen","floor":20,"turns":5},{"damage":25,"enemies":"Spheric Guardian","floor":21,"turns":3},{"damage":20,"enemies":"Snake Plant","floor":22,"turns":4},{"damage":30,"enemies":"Shelled Parasite and Fungi","floor":26,"turns":5},{"damage":13,"enemies":"downfall:FleeingMerchant","floor":28,"turns":5},{"damage":1,"enemies":"3 Cultists","floor":29,"turns":3},{"damage":21,"enemies":"Slavers","floor":31,"turns":6},{"damage":0,"enemies":"Snake Plant","floor":32,"turns":3},{"damage":22,"enemies":"downfall:Defect","floor":33,"turns":7},{"damage":0,"enemies":"Orb Walker","floor":36,"turns":2},{"damage":8,"enemies":"downfall:FleeingMerchant","floor":37,"turns":4},{"damage":0,"enemies":"3 Darklings","floor":38,"turns":3},{"damage":30,"enemies":"Reptomancer","floor":43,"turns":5},{"damage":9,"enemies":"Jaw Worm Horde","floor":44,"turns":3},{"damage":5,"enemies":"downfall:FleeingMerchant","floor":45,"turns":5},{"damage":0,"enemies":"Sphere and 2 Shapes","floor":46,"turns":4},{"damage":52,"enemies":"Giant Head","floor":48,"turns":5},{"damage":1,"enemies":"3 Darklings","floor":49,"turns":4},{"damage":44,"enemies":"downfall:Watcher","floor":50,"turns":7},{"damage":42,"enemies":"downfall:CharBossMerchant","floor":52,"turns":6},{"damage":50,"enemies":"downfall:NeowBoss","floor":55,"turns":20}],"seed_played":"-444555733275741789","potions_obtained":[{"floor":8,"key":"Energy Potion"},{"floor":12,"key":"sneckomod:MuddlingPotion"},{"floor":13,"key":"FearPotion"},{"floor":21,"key":"Explosive Potion"},{"floor":29,"key":"sneckomod:MuddlingPotion"},{"floor":33,"key":"Ancient Potion"},{"floor":36,"key":"EntropicBrew"}],"is_trial":false,"path_per_floor":["R","M","M","?","?","R","T","M","R","M","M","M","E","M","M","B",null,"R","?","M","M","M","?","T","R","M","?","$","M","R","E","M","B",null,"R","M","$","M","?","R","T","R","E","M","$","M","$","E","M","B",null,"E","$","R","B",null],"character_chosen":"THE_CHAMP","items_purchased":["ClockworkSouvenir","Singing Bowl","Molten Egg 2","expansioncontent:DashGenerateEvil+1","MealTicket","Lantern","champ:PerfectedStrike+1","Flash of Steel+1","HornCleat","champ:PerfectedStrike+1","OrangePellets","EntropicBrew"],"campfire_rested":2,"item_purchase_floors":[28,28,28,28,28,28,37,37,45,45,47,53],"current_hp_per_floor":[90,90,90,90,90,90,90,84,84,84,73,67,67,65,65,34,90,90,80,81,72,58,58,58,85,69,41,42,42,70,55,56,57,99,99,102,105,108,108,108,108,118,117,111,120,121,126,129,129,105,131,121,134,134,117],"gold":4,"neow_bonus":"THREE_ENEMY_KILL","is_daily":false,"chose_seed":false,"campfire_upgraded":6,"win_rate":0.0,"timestamp":1609078763,"path_taken":["R","M","M","?","?","R","T","M","R","M","M","M","E","M","M","BOSS","R","?","?","M","M","?","T","R","M","?","$","?","R","E","M","BOSS","R","M","$","M","?","R","T","R","E","M","$","?","$","E","M","BOSS","E","$","R","BOSS"],"items_purchased_type":["Relic","Relic","Relic","Card","Relic","Relic","Card","Card","Relic","Card","Relic","Potion"],"build_version":"2020-12-22","purchased_purges":4,"victory":true,"max_hp_per_floor":[90,90,90,90,90,90,90,90,90,90,90,90,90,90,90,90,90,90,90,91,92,93,93,93,93,94,94,95,96,96,97,98,99,99,99,102,105,108,108,108,108,118,121,124,125,126,126,129,130,131,131,134,134,134,135],"card_choices":[{"not_picked":["champ:SkillfulDodge","champ:EnGarde"],"picked":"champ:PerfectedStrike","floor":2},{"not_picked":["champ:BladeFlurry","champ:DefensiveShout"],"picked":"champ:TornadoPunch","floor":3},{"not_picked":["champ:Circumvent","champ:ShieldSlam"],"picked":"champ:FlashCut","floor":5},{"not_picked":["champ:EndlessRage","champ:AdrenalArmor"],"picked":"champ:RisingSlash","floor":8},{"not_picked":["champ:Backstep","champ:RecklessLeap"],"picked":"champ:ArenaPreparation","floor":10},{"not_picked":["champ:Encircle","champ:BerserkersShout"],"picked":"champ:BerserkerStyle","floor":11},{"not_picked":["champ:BringItOn","champ:Encircle"],"picked":"champ:CrookedStrike","floor":12},{"not_picked":["champ:GladiatorsShout","champ:AdrenalArmor"],"picked":"champ:GladiatorStyle","floor":13},{"not_picked":["champ:Circumvent","champ:TornadoPunch"],"picked":"champ:BringItOn","floor":14},{"not_picked":["champ:Haymaker","champ:CalledShot"],"picked":"champ:FlashCut","floor":15},{"not_picked":["champ:HoldFirm","champ:CrownThrow"],"picked":"champ:CheapShot","floor":16},{"not_picked":["champ:FalseCounter","champ:Circumvent"],"picked":"champ:DefensiveStyle+1","floor":19},{"not_picked":["champ:PerfectedStrike","champ:FanOfKnives+1"],"picked":"champ:FightOn","floor":20},{"not_picked":["champ:EnGarde","champ:DefensiveStyle+1","champ:GutPunch"],"picked":"SKIP","floor":21},{"not_picked":["champ:EnGarde","champ:ArenaPreparation+1","champ:TornadoPunch"],"picked":"SKIP","floor":22},{"not_picked":["champ:GutPunch","champ:RecklessLeap"],"picked":"champ:PerfectedStrike+1","floor":26},{"not_picked":["champ:BringItOn","champ:Backstep","champ:HeavySlash"],"picked":"SKIP","floor":28},{"not_picked":["champ:TornadoPunch+1","champ:Haymaker+1"],"picked":"champ:CrookedStrike+1","floor":29},{"not_picked":["champ:Circumvent","champ:BerserkersShout"],"picked":"champ:PerfectForm","floor":31},{"not_picked":["champ:FocusedBerserking","champ:RecklessLeap+1"],"picked":"champ:RisingSlash+1","floor":32},{"not_picked":["champ:DancingMaster","champ:HeavySlash+1"],"picked":"champ:MurderStrike+1","floor":33},{"not_picked":["champ:DefensiveShout","champ:FalseCounter","champ:FanOfKnives+1"],"picked":"Singing Bowl","floor":36},{"not_picked":["champ:FocusedBerserking+1","champ:AdrenalArmor","champ:PreciseThrust+1"],"picked":"Singing Bowl","floor":37},{"not_picked":["champ:SkillfulDodge","champ:BerserkersShout","champ:CrookedStrike+1"],"picked":"Singing Bowl","floor":38},{"not_picked":["champ:IronFortress+1","champ:IgnorePain","champ:TornadoPunch+1"],"picked":"Singing Bowl","floor":43},{"not_picked":["champ:BringItOn+1","champ:AdrenalArmor+1","champ:BerserkersShout+1"],"picked":"Singing Bowl","floor":44},{"not_picked":["champ:CheapShot+1","champ:FightOn"],"picked":"champ:Improvising","floor":45},{"not_picked":["champ:Encircle+1","champ:CrookedStrike+1"],"picked":"champ:StanceDance+1","floor":46},{"not_picked":["champ:RapidStrikes+1","champ:FlashCut+1","champ:StrikeOfGenius"],"picked":"Singing Bowl","floor":48},{"not_picked":["champ:Duel+1","champ:Circumvent+1"],"picked":"champ:Shatter+1","floor":49},{"not_picked":["champ:ShieldWall+1","champ:FaceSlap+1","champ:BerserkersShout"],"picked":"Singing Bowl","floor":52}],"player_experience":348437,"relics_obtained":[{"floor":7,"key":"Whetstone"},{"floor":13,"key":"The Courier"},{"floor":19,"key":"downfall:CloakOfManyFaces"},{"floor":31,"key":"Ornamental Fan"},{"floor":43,"key":"Peace Pipe"},{"floor":48,"key":"Regal Pillow"},{"floor":52,"key":"Gremlin Horn"}],"event_choices":[],"is_beta":false,"boss_relics":[{"not_picked":["Calling Bell","Runic Dome"],"picked":"Velvet Choker"},{"not_picked":["Empty Cage","Astrolabe"],"picked":"Pandora\u0027s Box"}],"items_purged_floors":[28,37,45,47],"is_endless":false,"potions_floor_spawned":[8,12,13,14,15,21,22,29,33,36,48,52],"ascension_level":0}}