{"host":"aaqofma31c3gm2hj","time":1609072193,"event":{"mods":["BaseMod","Minty Spire (QoL Compilation)","Replay The Spire","Spicy Shops","StSLib"],"gold_per_floor":[109,109,384,403,187,218,218,232,283,301,329,329,346,371,371,447,447,482,482,497,514,389,389,61,61,61,61,79,114,39,39,39,115,115,115,115],"floor_reached":35,"playtime":1120,"items_purged":["Regret","Defend_P","Defend_P"],"score":836,"play_id":"726cf367-e1c8-4f4e-a634-50bb01f59362","local_time":"20201227202953","is_ascension_mode":true,"campfire_choices":[{"floor":7.0,"key":"REST"},{"floor":12.0,"key":"REST"},{"data":"Eruption","floor":15.0,"key":"SMITH"},{"data":"Scrawl","floor":23.0,"key":"SMITH"},{"data":"Midas Touch","floor":27.0,"key":"SMITH"},{"floor":32.0,"key":"REST"}],"circlet_count":0,"master_deck":["AscendersBane","Strike_P+1","Strike_P","Strike_P+1","Defend_P","Eruption+1","Vigilance","Neutralize+1","Midas Touch+1","BowlingBash","FearNoEvil+1","Tantrum","Scrawl+1","Replay:Hum","DevaForm","Replay:DivineShield","Wallop+1"],"relics":["PureWater","Gremlin Food","Bag of Marbles","Juzu Bracelet","StrikeDummy","Philosopher\u0027s Stone","Blue Doll","Medical Kit","Mango","Blood Vial","Enchiridion","VioletLotus"],"acts_visited":["Exordium","TheCity","TheBeyond"],"potions_floor_usage":[],"damage_taken":[{"damage":2.0,"enemies":"2 Louse","floor":1.0,"turns":3.0},{"damage":7.0,"enemies":"Cultist","floor":4.0,"turns":3.0},{"damage":15.0,"enemies":"Lagavulin","floor":6.0,"turns":5.0},{"damage":7.0,"enemies":"Small Slimes","floor":8.0,"turns":4.0},{"damage":0.0,"enemies":"Exordium Thugs","floor":10.0,"turns":2.0},{"damage":0.0,"enemies":"Gremlin Nob","floor":11.0,"turns":2.0},{"damage":0.0,"enemies":"Looter","floor":13.0,"turns":1.0},{"damage":8.0,"enemies":"3 Sentries","floor":14.0,"turns":4.0},{"damage":39.0,"enemies":"Fading Forest","floor":16.0,"turns":13.0},{"damage":0.0,"enemies":"3 Byrds","floor":18.0,"turns":4.0},{"damage":0.0,"enemies":"Shell Parasite","floor":20.0,"turns":2.0},{"damage":1.0,"enemies":"Centurion and Healer","floor":21.0,"turns":5.0},{"damage":0.0,"enemies":"Shelled Parasite and Fungi","floor":28.0,"turns":1.0},{"damage":10.0,"enemies":"Replay:Snechameleon","floor":29.0,"turns":2.0},{"damage":40,"enemies":"Automaton","floor":33,"turns":9},{"damage":0,"enemies":"3 Shapes","floor":35,"turns":1}],"seed_played":"-3418964007803001964","potions_obtained":[{"floor":1.0,"key":"PowerPotion"},{"floor":4.0,"key":"Energy Potion"},{"floor":11.0,"key":"StancePotion"},{"floor":18.0,"key":"Milkshake"},{"floor":28.0,"key":"SpeedPotion"},{"floor":33,"key":"Block Potion"}],"is_trial":false,"path_per_floor":["M","?","?","M","$","E","R","M","T","M","E","R","M","E","R","B",null,"M","?","M","M","$","R","$","?","T","R","M","E","?","?","R","B",null,"M"],"character_chosen":"WATCHER","items_purchased":["FearNoEvil","Blue Doll","Medical Kit"],"campfire_rested":3,"item_purchase_floors":[5,24,24],"current_hp_per_floor":[59,39,39,32,32,17,37,30,30,30,30,50,50,42,42,31,59,59,59,59,58,58,58,58,58,72,72,72,62,62,41,65,27,68,68,68],"gold":115,"neow_bonus":"RANDOM_COLORLESS_2","is_daily":false,"chose_seed":false,"campfire_upgraded":3,"win_rate":0.0,"timestamp":1609072193,"path_taken":["M","?","?","?","$","E","R","M","T","M","E","R","M","E","R","BOSS","M","?","M","M","$","R","$","?","T","R","M","E","?","?","R","BOSS","M"],"items_purchased_type":["Card","Relic","Relic"],"build_version":"2020-12-22","purchased_purges":3,"victory":false,"max_hp_per_floor":[68,68,68,68,68,68,68,68,68,68,68,68,68,68,68,68,68,68,68,68,68,68,68,68,68,82,82,82,82,82,82,82,82,82,82,82],"card_choices":[{"not_picked":["Thinking Ahead","Violence"],"picked":"Midas Touch","floor":0.0},{"not_picked":["ReachHeaven","Vengeance","Crescendo"],"picked":"SKIP","floor":1.0},{"not_picked":["Sanctity","Replay:ManipulateFuture"],"picked":"BowlingBash","floor":4.0},{"not_picked":["Replay:AllIn","BattleHymn","Study"],"picked":"SKIP","floor":6.0},{"not_picked":["BowlingBash","SandsOfTime","WaveOfTheHand"],"picked":"SKIP","floor":8.0},{"not_picked":["FearNoEvil","Consecrate","CarveReality"],"picked":"SKIP","floor":10.0},{"not_picked":["CarveReality","Wireheading"],"picked":"Tantrum","floor":11.0},{"not_picked":["FlyingSleeves","CutThroughFate","FollowUp"],"picked":"SKIP","floor":13.0},{"not_picked":["MentalFortress","Crescendo","ClearTheMind"],"picked":"SKIP","floor":14.0},{"not_picked":["DeusExMachina","MasterReality"],"picked":"Scrawl","floor":16.0},{"not_picked":["Replay:Battleflow","Crescendo"],"picked":"Replay:Hum","floor":18.0},{"not_picked":["Crescendo","EmptyFist","CrushJoints+1"],"picked":"SKIP","floor":20.0},{"not_picked":["Weave","Halt","ThirdEye"],"picked":"SKIP","floor":21.0},{"not_picked":["Halt+1","Evaluate","Indignation+1"],"picked":"SKIP","floor":28.0},{"not_picked":["SashWhip","JustLucky"],"picked":"Wallop","floor":29.0}],"player_experience":541115,"relics_obtained":[{"floor":6.0,"key":"Gremlin Food"},{"floor":9.0,"key":"Bag of Marbles"},{"floor":11.0,"key":"Juzu Bracelet"},{"floor":14.0,"key":"StrikeDummy"},{"floor":26.0,"key":"Mango"},{"floor":29.0,"key":"Blood Vial"},{"floor":31.0,"key":"Enchiridion"}],"event_choices":[{"damage_healed":0.0,"max_hp_gain":0.0,"max_hp_loss":0.0,"gold_gain":0.0,"event_name":"Shining Light","player_choice":"Entered Light","floor":2.0,"gold_loss":0.0,"damage_taken":20.0,"cards_upgraded":["Neutralize","Strike_P"]},{"damage_healed":0.0,"max_hp_gain":0.0,"max_hp_loss":0.0,"gold_gain":275.0,"event_name":"Golden Shrine","player_choice":"Desecrate","floor":3.0,"gold_loss":0.0,"damage_taken":0.0,"cards_obtained":["Regret"]},{"damage_healed":0.0,"max_hp_gain":0.0,"max_hp_loss":0.0,"gold_gain":0.0,"cards_transformed":["Strike_P","Defend_P"],"event_name":"Drug Dealer","player_choice":"Became Test Subject","floor":19.0,"gold_loss":0.0,"damage_taken":0.0,"cards_obtained":["DevaForm","Replay:DivineShield"]},{"cards_removed":["Defend_P"],"damage_healed":0.0,"max_hp_gain":0.0,"max_hp_loss":0.0,"gold_gain":0.0,"event_name":"Beggar","player_choice":"Gave Gold","floor":30.0,"gold_loss":75.0,"damage_taken":0.0},{"damage_healed":0.0,"max_hp_gain":0.0,"max_hp_loss":0.0,"gold_gain":0.0,"event_name":"Cursed Tome","player_choice":"Obtained Book","floor":31.0,"gold_loss":0.0,"damage_taken":21.0}],"is_beta":false,"boss_relics":[{"not_picked":["Honey Jar","Replay:Ancient Bell"],"picked":"Philosopher\u0027s Stone"},{"not_picked":["Coffee Dripper","Sozu"],"picked":"VioletLotus"}],"items_purged_floors":[5,5,22],"is_endless":false,"potions_floor_spawned":[1,4,11,13,18,28,33],"killed_by":"3 Shapes","ascension_level":20}}