{"host":"3rixevx6n8b56xaj","time":1609068927,"event":{"mods":["2.2 Compatiblity","AchievementEnabler","Arknights The Spire","BaseMod","Colored Map","DeckTracker","Friendly Minions","Minty Spire (QoL Compilation)","StSLib","SuperFastMode"],"gold_per_floor":[115,130,148,168,93,93,109,142,194,194,194,207,227,227,227,331,331,351,362,376,390,404,430,445,459,529,529,134,233,250,5,5,101,101,113,129,148,167,217,248,258,258,307,332,345,358,405,189,189,189,189,189,60,89,89],"floor_reached":56,"playtime":2830,"items_purged":["Strike_P","Wireheading+1","Blasphemy+1"],"score":1239,"play_id":"2a29a996-90cb-4120-af57-fc002fe566f3","local_time":"20201227203527","is_ascension_mode":false,"campfire_choices":[{"data":"Eruption","floor":6.0,"key":"SMITH"},{"data":"CrushJoints","floor":10.0,"key":"SMITH"},{"data":"TalkToTheHand","floor":15.0,"key":"SMITH"},{"floor":27.0,"key":"REST"},{"data":"Blasphemy","floor":32.0,"key":"SMITH"},{"data":"Consecrate+1","floor":42.0,"key":"PURGE"},{"floor":49.0,"key":"RECALL"},{"data":"LessonLearned+1","floor":52,"key":"PURGE"}],"circlet_count":0,"master_deck":["Eruption+1","Vigilance+1","Perseverance+1","CrushJoints+1","TalkToTheHand+1","EmptyFist+1","Wallop+1","Evaluate+1","Protect+1","FollowUp+1","Tantrum+1","Evaluate+1","Study+1","Establishment+1","WindmillStrike+1","FearNoEvil+1","FlurryOfBlows+1","Halt+1","Prostrate+1","WheelKick+1","TalkToTheHand","MentalFortress"],"relics":["PureWater","ats:Originium","Orichalcum","Pandora\u0027s Box","ats:Originium","White Beast Statue","Bottled Lightning","Blood Vial","ClockworkSouvenir","Kunai","Coffee Dripper","Peace Pipe","ats:Originium","Bag of Marbles","Smiling Mask","ats:Originium","Darkstone Periapt","FossilizedHelix","Medical Kit","Art of War"],"acts_visited":["Exordium","TheCity","TheBeyond","TheEnding"],"potions_floor_usage":[50,55,55,55],"damage_taken":[{"damage":1.0,"enemies":"Jaw Worm","floor":1.0,"turns":4.0},{"damage":7.0,"enemies":"Cultist","floor":2.0,"turns":3.0},{"damage":3.0,"enemies":"Small Slimes","floor":3.0,"turns":4.0},{"damage":1.0,"enemies":"2 Fungi Beasts","floor":4.0,"turns":4.0},{"damage":8.0,"enemies":"3 Louse","floor":7.0,"turns":5.0},{"damage":7.0,"enemies":"Lagavulin","floor":8.0,"turns":4.0},{"damage":0.0,"enemies":"Large Slime","floor":12.0,"turns":3.0},{"damage":0.0,"enemies":"2 Fungi Beasts","floor":13.0,"turns":3.0},{"damage":30.0,"enemies":"Hexaghost","floor":16.0,"turns":10.0},{"damage":3.0,"enemies":"2 Thieves","floor":18.0,"turns":3.0},{"damage":2.0,"enemies":"Spheric Guardian","floor":19.0,"turns":3.0},{"damage":2.0,"enemies":"Centurion and Healer","floor":20.0,"turns":3.0},{"damage":2.0,"enemies":"Chosen and Byrds","floor":21.0,"turns":7.0},{"damage":7.0,"enemies":"Snake Plant","floor":22.0,"turns":4.0},{"damage":36.0,"enemies":"Slavers","floor":23.0,"turns":7.0},{"damage":2.0,"enemies":"Shelled Parasite and Fungi","floor":24.0,"turns":5.0},{"damage":11.0,"enemies":"Centurion and Healer","floor":25.0,"turns":5.0},{"damage":0.0,"enemies":"Snecko","floor":30.0,"turns":3.0},{"damage":4.0,"enemies":"Champ","floor":33.0,"turns":6.0},{"damage":0.0,"enemies":"Orb Walker","floor":35.0,"turns":3.0},{"damage":0.0,"enemies":"3 Shapes","floor":36.0,"turns":5.0},{"damage":0.0,"enemies":"Transient","floor":37.0,"turns":5.0},{"damage":9.0,"enemies":"Sphere and 2 Shapes","floor":38.0,"turns":5.0},{"damage":20.0,"enemies":"Mind Bloom Boss Battle","floor":39.0,"turns":5.0},{"damage":7.0,"enemies":"Reptomancer","floor":40.0,"turns":5.0},{"damage":6.0,"enemies":"Spire Growth","floor":41.0,"turns":4.0},{"damage":0.0,"enemies":"Giant Head","floor":44.0,"turns":5.0},{"damage":0.0,"enemies":"Maw","floor":45.0,"turns":5.0},{"damage":0.0,"enemies":"Transient","floor":46.0,"turns":5.0},{"damage":9.0,"enemies":"2 Orb Walkers","floor":47.0,"turns":5.0},{"damage":19,"enemies":"Awakened One","floor":50,"turns":11},{"damage":19,"enemies":"Shield and Spear","floor":54,"turns":5},{"damage":57,"enemies":"The Heart","floor":55,"turns":9}],"seed_played":"-1983540876602657451","potions_obtained":[{"floor":1.0,"key":"Strength Potion"},{"floor":3.0,"key":"Explosive Potion"},{"floor":8.0,"key":"DuplicationPotion"},{"floor":13.0,"key":"Explosive Potion"},{"floor":19.0,"key":"FearPotion"},{"floor":22.0,"key":"Swift Potion"},{"floor":24.0,"key":"PowerPotion"},{"floor":25.0,"key":"AttackPotion"},{"floor":30.0,"key":"CultistPotion"},{"floor":33.0,"key":"BlessingOfTheForge"},{"floor":37.0,"key":"LiquidMemories"},{"floor":40.0,"key":"PowerPotion"},{"floor":41.0,"key":"Strength Potion"},{"floor":45.0,"key":"Ambrosia"},{"floor":54,"key":"Strength Potion"}],"is_trial":false,"path_per_floor":["M","M","M","M","$","R","M","E","T","R","?","M","M","?","R","B",null,"M","M","M","M","M","E","M","M","T","R","$","?","M","$","R","B",null,"M","M","M","M","?","E","M","R","T","E","M","M","?","$","R","B",null,"R","$","E","B",null],"character_chosen":"WATCHER","items_purchased":["Blood Vial","ClockworkSouvenir","Kunai","Medical Kit","TalkToTheHand","MentalFortress"],"campfire_rested":1,"item_purchase_floors":[28,28,31,48,48,53],"current_hp_per_floor":[78,71,68,67,67,67,59,52,52,52,45,45,45,45,45,15,79,76,74,72,70,63,27,25,14,14,37,37,37,39,39,39,37,79,79,79,79,70,52,47,43,43,43,45,47,49,42,42,42,25,79,79,79,60,5],"gold":89,"neow_bonus":"TEN_PERCENT_HP_BONUS","is_daily":false,"chose_seed":false,"campfire_upgraded":4,"win_rate":0.0,"timestamp":1609068927,"path_taken":["M","M","M","M","$","R","M","E","T","R","?","M","?","?","R","BOSS","M","?","M","M","M","E","M","M","T","R","$","?","M","$","R","BOSS","M","M","M","M","?","E","M","R","T","E","M","M","?","$","R","BOSS","R","$","E","BOSS"],"items_purchased_type":["Relic","Relic","Relic","Relic","Card","Card"],"build_version":"2020-12-22","purchased_purges":3,"victory":true,"max_hp_per_floor":[79,79,79,79,79,79,79,79,79,79,79,79,79,79,79,79,79,79,79,79,79,79,79,79,79,79,79,79,79,79,79,79,79,79,79,79,79,79,79,79,79,79,79,79,79,79,79,79,79,79,79,79,79,79,79],"card_choices":[{"not_picked":["Fasting2","Study"],"picked":"Perseverance","floor":1.0},{"not_picked":["Prostrate","ReachHeaven","JustLucky"],"picked":"SKIP","floor":2.0},{"not_picked":["Crescendo","ThirdEye","FlyingSleeves"],"picked":"SKIP","floor":3.0},{"not_picked":["FollowUp","BowlingBash"],"picked":"CrushJoints","floor":4.0},{"not_picked":["Conclude","WheelKick"],"picked":"TalkToTheHand","floor":7.0},{"not_picked":["SashWhip","FlurryOfBlows"],"picked":"EmptyFist","floor":8.0},{"not_picked":["SignatureMove","Halt","Omniscience"],"picked":"SKIP","floor":12.0},{"not_picked":["Prostrate","Conclude","Consecrate"],"picked":"SKIP","floor":13.0},{"not_picked":["Judgement","Ragnarok"],"picked":"LessonLearned","floor":16.0},{"not_picked":["CrushJoints","Halt"],"picked":"FollowUp","floor":18.0},{"not_picked":["ClearTheMind","Crescendo","Evaluate"],"picked":"SKIP","floor":19.0},{"not_picked":["DeceiveReality","BowlingBash","Crescendo"],"picked":"SKIP","floor":20.0},{"not_picked":["Conclude","ForeignInfluence","EmptyFist"],"picked":"SKIP","floor":21.0},{"not_picked":["FollowUp","BowlingBash"],"picked":"Tantrum","floor":22.0},{"not_picked":["JustLucky","SignatureMove","Collect"],"picked":"SKIP","floor":23.0},{"not_picked":["Nirvana","Evaluate+1","EmptyFist"],"picked":"SKIP","floor":24.0},{"not_picked":["Nirvana","EmptyFist"],"picked":"Evaluate+1","floor":24.0},{"not_picked":["JustLucky","Protect","FollowUp+1"],"picked":"SKIP","floor":25.0},{"not_picked":["ReachHeaven","Blasphemy"],"picked":"Study+1","floor":30.0},{"not_picked":["ConjureBlade","Wish"],"picked":"Establishment","floor":33.0},{"not_picked":["Protect+1","EmptyFist+1"],"picked":"WindmillStrike+1","floor":35.0},{"not_picked":["Wireheading","Protect+1","ThirdEye"],"picked":"SKIP","floor":36.0},{"not_picked":["Crescendo+1","Evaluate+1","FollowUp+1"],"picked":"SKIP","floor":37.0},{"not_picked":["FlurryOfBlows","Adaptation+1"],"picked":"FearNoEvil","floor":38.0},{"not_picked":["Blasphemy","Alpha","BattleHymn"],"picked":"SKIP","floor":40.0},{"not_picked":["PathToVictory","Worship+1"],"picked":"FlurryOfBlows","floor":41.0},{"not_picked":["LikeWater","FearNoEvil"],"picked":"Halt","floor":44.0},{"not_picked":["Protect+1","EmptyFist+1"],"picked":"Prostrate+1","floor":45.0},{"not_picked":["Protect","Halt+1"],"picked":"WheelKick+1","floor":46.0},{"not_picked":["Crescendo+1","FlyingSleeves+1","Prostrate"],"picked":"SKIP","floor":54}],"player_experience":579007,"relics_obtained":[{"floor":8.0,"key":"ats:Originium"},{"floor":8.0,"key":"Orichalcum"},{"floor":23.0,"key":"ats:Originium"},{"floor":23.0,"key":"White Beast Statue"},{"floor":26.0,"key":"Bottled Lightning"},{"floor":39.0,"key":"Peace Pipe"},{"floor":40.0,"key":"ats:Originium"},{"floor":40.0,"key":"Bag of Marbles"},{"floor":43.0,"key":"Smiling Mask"},{"floor":44.0,"key":"ats:Originium"},{"floor":44.0,"key":"Darkstone Periapt"},{"floor":47.0,"key":"FossilizedHelix"},{"floor":54,"key":"Art of War"}],"event_choices":[{"damage_healed":0.0,"max_hp_gain":0.0,"max_hp_loss":0.0,"gold_gain":0.0,"event_name":"Wheel of Change","player_choice":"Damaged","floor":11.0,"gold_loss":0.0,"damage_taken":7.0},{"cards_removed":["Defend_P"],"damage_healed":0.0,"max_hp_gain":0.0,"max_hp_loss":0.0,"gold_gain":0.0,"event_name":"Purifier","player_choice":"Purged","floor":14.0,"gold_loss":0.0,"damage_taken":0.0},{"damage_healed":0.0,"max_hp_gain":0.0,"max_hp_loss":0.0,"gold_gain":99.0,"event_name":"Nest","player_choice":"Stole From Cult","floor":29.0,"gold_loss":0.0,"damage_taken":0.0},{"damage_healed":0.0,"max_hp_gain":0.0,"max_hp_loss":0.0,"gold_gain":0.0,"event_name":"MindBloom","player_choice":"Fight","floor":39.0,"gold_loss":0.0,"damage_taken":0.0},{"damage_healed":0.0,"max_hp_gain":0.0,"max_hp_loss":0.0,"gold_gain":0.0,"event_name":"Mysterious Sphere","player_choice":"Fight","floor":47.0,"gold_loss":0.0,"damage_taken":0.0}],"is_beta":false,"boss_relics":[{"not_picked":["SlaversCollar","Philosopher\u0027s Stone"],"picked":"Pandora\u0027s Box"},{"not_picked":["Calling Bell","SacredBark"],"picked":"Coffee Dripper"}],"items_purged_floors":[5,28,53],"is_endless":false,"potions_floor_spawned":[1,3,8,13,19,22,24,25,30,33,35,36,37,38,39,40,41,45,46,47,54],"ascension_level":0}}