{"host":"0iey8v53xvwqxh5z","time":1609107021,"event":{"mods":["BaseMod","BetterRewards","Hermit","Hubris","Minty Spire (QoL Compilation)","Relic Stats","Replay The Spire","Shop Mod","StSLib","The Cursed"],"gold_per_floor":[109,109,128,128,128,163,163,180,180,208,40,40,65,65,65,141,141,173,185,197,226,238,250,289,301,362,390,413,451,463,501,513,603,615,642,979,991,1018,1057,1094,1126,1158,1170,1200,1496,1520,1520,1570,1570,1608,1608,1608,3449,3504,3518],"floor_reached":56,"playtime":3699,"items_purged":["TheCursedMod:Defend_TheCursed","TheCursedMod:Defend_TheCursed","TheCursedMod:Strike_TheCursed"],"score":3721,"play_id":"f5898eaf-a075-4334-8b5d-123a0e392b62","local_time":"20201227171021","is_ascension_mode":true,"campfire_choices":[{"floor":15.0,"key":"DIG"},{"data":"TheCursedMod:Strike_TheCursed","floor":23,"key":"PURGE"},{"floor":30,"key":"RECALL"},{"data":"ReplayTheSpireMod:Strike From Hell","floor":32,"key":"SMITH"},{"floor":52,"key":"DIG"}],"circlet_count":0,"master_deck":["AscendersBane","TheCursedMod:LuckyCharm+1","TheCursedMod:Strike_TheCursed","TheCursedMod:Strike_TheCursed","TheCursedMod:CursedWand","TheCursedMod:CleanUpWorkshop","TheCursedMod:Dregs","TheCursedMod:SmokeScreen","TheCursedMod:CursedBlade","TheCursedMod:Obscuration","TheCursedMod:HellsGateOpen","Apotheosis+1","TheCursedMod:SpitefulPlan","TheCursedMod:Obscuration","TheCursedMod:CursedShiv","Survey Options","TheCursedMod:HellsGateOpen","TheCursedMod:BlessingInDisguise","TheCursedMod:SpitefulPray","ReplayTheSpireMod:Strike From Hell+1","Decay","ReplayTheSpireMod:Doomed","Decay","Headbutt","TheCursedMod:NeowsMight","Languid","TheCursedMod:LuckyCharm+1","TheCursedMod:SurpriseAttack","TheCursedMod:RapidMovement","TheCursedMod:SpitefulStrike","TheCursedMod:Evocation+1","TheCursedMod:ParallelWorld","TheCursedMod:AshesToAshes","ReplayTheSpireMod:IOU","ReplayTheSpireMod:IOU","ReplayTheSpireMod:IOU","ReplayTheSpireMod:IOU","ReplayTheSpireMod:IOU","ReplayTheSpireMod:IOU","ReplayTheSpireMod:IOU","TheCursedMod:RavingStaff","TheCursedMod:Obscuration","TheCursedMod:SurpriseAttack","TheCursedMod:CursedArmor","ReplayTheSpireMod:IOU","ReplayTheSpireMod:IOU","ReplayTheSpireMod:IOU","ReplayTheSpireMod:IOU","ReplayTheSpireMod:IOU","ReplayTheSpireMod:IOU","ReplayTheSpireMod:IOU","ReplayTheSpireMod:IOU","ReplayTheSpireMod:IOU","ReplayTheSpireMod:IOU","ReplayTheSpireMod:IOU","ReplayTheSpireMod:IOU","ReplayTheSpireMod:IOU","ReplayTheSpireMod:IOU","ReplayTheSpireMod:IOU","ReplayTheSpireMod:IOU","TheCursedMod:RapidMovement"],"relics":["TheCursedMod:BlackMagicAdvanced","TungstenRod","Frozen Eye","TheCursedMod:Tack","Replay:Multitool","Lee\u0027s Waffle","Anchor","Incense Burner","Pocketwatch","BargainBundle","Replay:Kaleidoscope","hubris:MysteriousPyramids","hubris:Towel","Toy Ornithopter","Matryoshka","hubris:DisguiseKit","Onion Ring","Kunai","TheCursedMod:CrystalBall","Membership Card","hubris:AstralHammer","Replay:Ancient Bell","MawBank","Garlic","hubris:Zylophone","Ring of Misfortune","ReplayTheSpireMod:Ring of Challenge","Gremlin Food","Replay:Wax Seal","TheCursedMod:SoulVessel","HornCleat","Old Coin","Pet Ghost","Boot","White Beast Statue","Bottled Lightning","HandDrill","Replay:Bandana","ReplayTheSpireMod:Lightbulb","hubris:BottledRain","ReplayTheSpireMod:TigerMarble","hubris:NiceRug","hubris:EmptyBottle","Pen Nib"],"acts_visited":["Exordium","TheCity","TheBeyond","TheEnding"],"potions_floor_usage":[],"damage_taken":[{"damage":0.0,"enemies":"2 Louse","floor":1.0,"turns":3.0},{"damage":0.0,"enemies":"Small Slimes","floor":3.0,"turns":4.0},{"damage":0.0,"enemies":"Lagavulin","floor":6.0,"turns":7.0},{"damage":1.0,"enemies":"Jaw Worm","floor":8.0,"turns":8.0},{"damage":0.0,"enemies":"3 Sentries","floor":10.0,"turns":6.0},{"damage":12.0,"enemies":"Gremlin Nob","floor":13.0,"turns":4.0},{"damage":0,"enemies":"The Guardian","floor":16,"turns":4},{"damage":0,"enemies":"2 Thieves","floor":18,"turns":4},{"damage":0,"enemies":"3 Byrds","floor":21,"turns":2},{"damage":0,"enemies":"Gremlin Leader","floor":24,"turns":3},{"damage":0,"enemies":"3 Cultists","floor":27,"turns":4},{"damage":0,"enemies":"Centurion and Healer","floor":28,"turns":4},{"damage":0,"enemies":"Replay:Snechameleon","floor":29,"turns":4},{"damage":0,"enemies":"Slavers","floor":31,"turns":5},{"damage":0,"enemies":"Collector","floor":33,"turns":1},{"damage":0,"enemies":"Orb Walker","floor":35,"turns":4},{"damage":0,"enemies":"Mind Bloom Boss Battle","floor":36,"turns":2},{"damage":0,"enemies":"3 Darklings","floor":38,"turns":2},{"damage":0,"enemies":"R_Hoarder","floor":40,"turns":7},{"damage":0,"enemies":"Sphere and 2 Shapes","floor":41,"turns":2},{"damage":0,"enemies":"Maw","floor":42,"turns":2},{"damage":0,"enemies":"4 Shapes","floor":44,"turns":2},{"damage":0,"enemies":"Jaw Worm Horde","floor":46,"turns":3},{"damage":0,"enemies":"Giant Head","floor":48,"turns":4},{"damage":0,"enemies":"Awakened One","floor":50,"turns":4},{"damage":0,"enemies":"hubris:Merchant","floor":53,"turns":7},{"damage":0,"enemies":"Shield and Spear","floor":54,"turns":3},{"damage":0,"enemies":"The Heart","floor":55,"turns":8}],"seed_played":"2145538625234264565","potions_obtained":[{"floor":13.0,"key":"SteroidPotion"},{"floor":29,"key":"PowerPotion"}],"is_trial":false,"path_per_floor":["M","?","M","?","T","E","?","M","T","E","$","?","E","?","R","B",null,"M","?","?","M","$","R","E","?","T","M","M","E","R","E","R","B",null,"M","?","?","M","T","E","M","M","T","M","$","M","?","E","R","B",null,"R","$","E","B",null],"character_chosen":"THE_CURSED","items_purchased":["TheCursedMod:SmokeScreen","TheCursedMod:CursedBlade","Frozen Eye","TheCursedMod:Obscuration","TheCursedMod:Tack","Lee\u0027s Waffle","Anchor","Incense Burner","TheCursedMod:HellsGateOpen","Apotheosis","BargainBundle","Replay:Kaleidoscope","TheCursedMod:SpitefulPlan","TheCursedMod:Obscuration","TheCursedMod:CursedShiv","Survey Options","Dexterity Potion","ColorlessPotion","Membership Card","Bottled Lightning","HandDrill","Replay:Bandana","TheCursedMod:RavingStaff","TheCursedMod:Obscuration","ReplayTheSpireMod:TigerMarble"],"campfire_rested":0,"item_purchase_floors":[0,0,0,0,0,0,0,0,0,0,0,0,0,0,0,0,0,0,11,45,45,45,45,45,53],"current_hp_per_floor":[78,69,69,69,69,69,69,68,68,68,68,73,66,66,66,66,79,79,79,79,79,79,79,79,79,79,79,79,79,79,83,83,83,83,83,83,83,83,83,83,83,83,83,83,83,83,83,83,83,83,83,83,83,83,83],"gold":3518,"neow_bonus":"","is_daily":false,"chose_seed":false,"campfire_upgraded":1,"win_rate":0.0,"timestamp":1609107021,"path_taken":["M","?","M","?","?","E","?","M","T","E","$","?","E","?","R","BOSS","M","?","?","M","$","R","E","?","T","M","?","E","R","E","R","BOSS","M","?","?","M","?","E","M","M","T","?","$","M","?","E","R","BOSS","R","$","E","BOSS"],"items_purchased_type":["Card","Card","Relic","Card","Relic","Relic","Relic","Relic","Card","Card","Relic","Relic","Card","Card","Card","Card","Potion","Potion","Relic","Relic","Relic","Relic","Card","Card","Relic"],"build_version":"2020-12-22","purchased_purges":3,"victory":true,"max_hp_per_floor":[78,78,78,78,78,78,78,78,78,78,78,83,83,83,83,83,83,83,83,83,83,83,83,83,83,83,83,83,83,83,83,83,83,83,83,83,83,83,83,83,83,83,83,83,83,83,83,83,83,83,83,83,83,83,83],"relic_stats":{"Lee\u0027s Waffle":56,"counters":[444,2212],"Pen Nib":[8],"HandDrill":[18],"Kunai":[83],"MawBank":336,"Boot":[14],"obtain_stats":[{"Golden Egg":20,"Replay:Accelerometer":42,"Whetstone":44,"Ginger":0,"hubris:MysteriousPyramids":42,"Sling":53,"Boot":40,"Old Coin":5,"Ring of Searing":46,"Blood Vial":25,"Replay:Wanted Poster":38,"Replay:Ringing Soul":53,"hubris:HerbalPaste":53,"hubris:AstralHammer":44,"TheCursedMod:CrystalBall":7,"hubris:DeckOfHolding":40,"MealTicket":28,"Fusion Hammer":17,"HandDrill":57,"Kunai":29,"Replay:Wax Seal":0,"hubris:TinFlute":28,"Replay:Bottled Steam":36,"TheCursedMod:BlackMagic101":0,"MerchantsRug":19,"Pear":58,"Counterbalance":0,"hubris:SphereOfDissonance":40,"Eternal Feather":23,"Pen Nib":31,"Replay:Ancient Bell":17,"SlaversCollar":34,"Runic Dome":34,"Bird Faced Urn":14,"hubris:TenFootPole":0,"Kintsugi":17,"Unceasing Top":0,"Abe\u0027s Treasure":17,"TheCursedMod:SoulVessel":46,"hubris:Reverence":54,"TheCursedMod:FourLeafCloverCharm":17,"Lantern":53,"Regal Pillow":6,"Torii":0,"Blue Doll":27,"StoneCalendar":53,"GremlinMask":29,"Bag of Preparation":46,"Replay:Multitool":40,"hubris:EmptyBottle":0,"Cursed Key":17,"Ancient Tea Set":44,"Pet Ghost":10,"Replay:Rubber Ducky":0,"hubris:Backtick":17,"Matryoshka":6,"Ring of Peace":11,"Toolbox":3,"WingedGreaves":0,"hubris:CuriousFeather":0,"hubris:FunFungus":43,"Chemical X":0,"Ring of Panic":5,"Replay:Bottled Eggs":28,"InkBottle":40,"hubris:GlazedTorus":0,"Potion Belt":45,"Lee\u0027s Waffle":0,"TheCursedMod:BlackMagicAdvanced":34,"Golden Idol":3,"hubris:64BitClover":28,"Thread and Needle":0,"PreservedInsect":26,"Ring of Greed":5,"hubris:Towel":37,"Frozen Egg 2":0,"MawBank":13,"Replay:Arrowhead":0,"hubris:Spice":0,"Ornamental Fan":0,"Bloody Idol":27,"Ring of Misfortune":20,"Orrery":0,"Garlic":26,"Durian":9,"Bottled Lightning":54,"ReplayTheSpireMod:Ring of Challenge":20,"ReplayTheSpireMod:Lightbulb":54,"Toy Ornithopter":9,"hubris:BottledRain":9,"Ice Cream":39,"Mark of the Bloom":49,"Calipers":0,"hubris:CrystalStatue":34,"Gremlin Horn":20,"Nilry\u0027s Codex":19,"TheCursedMod:Tack":54,"hubris:VirtuousBlindfold":34,"Vajra":0,"hubris:TerracottaHorce":19,"Centennial Puzzle":8,"Lizard Tail":25,"HornCleat":0,"DollysMirror":28,"Strawberry":46,"Honey Jar":0,"Philosopher\u0027s Stone":17,"Iron Hammer":0,"Toxic Egg 2":0,"Girya":26,"hubris:Teleporter":13,"hubris:DuctTape":57,"Happy Flower":53,"Ring of Hypnosis":5,"ReplayTheSpireMod:CursedCoin":0,"Oddly Smooth Stone":0,"Replay:Kaleidoscope":47,"Letter Opener":53,"War Paint":0,"WarpedTongs":2,"hubris:Zylophone":0,"OrangePellets":0,"Replay:Baseball":21,"Bottled Flame":9,"ReplayTheSpireMod:Shallot":9,"Shuriken":9,"Bronze Scales":27,"hubris:PeanutButter":9,"Simple Rune":23,"Onion Ring":54,"Molten Egg 2":21,"Black Star":34,"ReplayTheSpireMod:TigerMarble":39,"hubris:ToyBattleship":26,"Grinning Jar":11,"Mirror":38,"Meat on the Bone":15,"Pocketwatch":0,"ReplayFunnel":21,"Darkstone Periapt":30,"TheCursedMod:BloodyHarpoon":54,"ReplayTheSpireMod:Ring of Exchange":5,"Replay:PocketPolymizer":0,"Snecko Heart":24,"Mango":0,"Incense Burner":0,"hubris:SlimyHat":28,"Juzu Bracelet":42,"Empty Cage":34,"ClockworkSouvenir":22,"Frozen Eye":38,"Dream Catcher":6,"Replay:Bandana":7,"Nunchaku":53,"hubris:Icosahedron":9,"Chameleon Ring":11,"Mummified Hand":53,"Pantograph":22,"Gambling Chip":0,"Red Mask":21,"Replay:Bottled Snecko":28,"Gremlin Food":28,"hubris:DisguiseKit":14,"BargainBundle":0,"Replay:Towering Pillar of Hats":0,"Quantum Egg":0,"hubris:MedicalManual":42,"Replay:WaspNest":53,"TheCursedMod:MagicCandle":0,"Orichalcum":0,"Medical Kit":0,"White Beast Statue":0,"Mercury Hourglass":0,"Peace Pipe":12,"Strange Spoon":0,"Cauldron":53,"Pondfish Scales":14,"CaptainsWheel":19,"Anchor":10,"TheCursedMod:OminousMark":34,"ChewingGum":53,"hubris:BundleOfHerbs":0,"Snack Pack":54,"Bag of Marbles":31,"Coffee Dripper":17,"hubris:GrandSneckoEye":17,"Membership Card":0,"FossilizedHelix":6,"hubris:OldNail":0,"TungstenRod":44,"hubris:NiceRug":53,"ReplayTheSpireMod:ShopPack":45},{"Golden Egg":207,"Replay:Accelerometer":327,"Whetstone":20,"Ginger":86,"hubris:MysteriousPyramids":107,"Sling":221,"Boot":269,"Old Coin":279,"Ring of Searing":385,"Blood Vial":12,"Replay:Wanted Poster":75,"Replay:Ringing Soul":144,"hubris:HerbalPaste":144,"hubris:AstralHammer":50,"TheCursedMod:CrystalBall":90,"hubris:DeckOfHolding":106,"MealTicket":233,"Fusion Hammer":397,"HandDrill":84,"Kunai":70,"Replay:Wax Seal":25,"hubris:TinFlute":183,"Replay:Bottled Steam":324,"TheCursedMod:BlackMagic101":0,"MerchantsRug":398,"Pear":85,"Counterbalance":25,"hubris:SphereOfDissonance":19,"Eternal Feather":11,"Pen Nib":13,"Replay:Ancient Bell":343,"SlaversCollar":14,"Runic Dome":236,"Bird Faced Urn":342,"hubris:TenFootPole":334,"Kintsugi":229,"Unceasing Top":146,"Abe\u0027s Treasure":154,"TheCursedMod:SoulVessel":52,"hubris:Reverence":197,"TheCursedMod:FourLeafCloverCharm":122,"Lantern":196,"Regal Pillow":309,"Torii":198,"Blue Doll":127,"StoneCalendar":169,"GremlinMask":292,"Bag of Preparation":21,"Replay:Multitool":48,"hubris:EmptyBottle":25,"Cursed Key":35,"Ancient Tea Set":79,"Pet Ghost":61,"Replay:Rubber Ducky":25,"hubris:Backtick":370,"Matryoshka":419,"Ring of Peace":152,"Toolbox":1,"WingedGreaves":115,"hubris:CuriousFeather":171,"hubris:FunFungus":242,"Chemical X":25,"Ring of Panic":279,"Replay:Bottled Eggs":348,"InkBottle":326,"hubris:GlazedTorus":86,"Potion Belt":20,"Lee\u0027s Waffle":115,"TheCursedMod:BlackMagicAdvanced":431,"Golden Idol":59,"hubris:64BitClover":129,"Thread and Needle":198,"PreservedInsect":41,"Ring of Greed":279,"hubris:Towel":47,"Frozen Egg 2":198,"MawBank":94,"Replay:Arrowhead":25,"hubris:Spice":25,"Ornamental Fan":171,"Bloody Idol":182,"Ring of Misfortune":424,"Orrery":25,"Garlic":12,"Durian":175,"Bottled Lightning":389,"ReplayTheSpireMod:Ring of Challenge":424,"ReplayTheSpireMod:Lightbulb":222,"Toy Ornithopter":251,"hubris:BottledRain":200,"Ice Cream":105,"Mark of the Bloom":80,"Calipers":57,"hubris:CrystalStatue":73,"Gremlin Horn":37,"Nilry\u0027s Codex":180,"TheCursedMod:Tack":170,"hubris:VirtuousBlindfold":351,"Vajra":361,"hubris:TerracottaHorce":65,"Centennial Puzzle":30,"Lizard Tail":126,"HornCleat":115,"DollysMirror":12,"Strawberry":166,"Honey Jar":0,"Philosopher\u0027s Stone":7,"Iron Hammer":57,"Toxic Egg 2":86,"Girya":69,"hubris:Teleporter":33,"hubris:DuctTape":83,"Happy Flower":196,"Ring of Hypnosis":392,"ReplayTheSpireMod:CursedCoin":246,"Oddly Smooth Stone":25,"Replay:Kaleidoscope":141,"Letter Opener":275,"War Paint":25,"WarpedTongs":87,"hubris:Zylophone":25,"OrangePellets":25,"Replay:Baseball":9,"Bottled Flame":151,"ReplayTheSpireMod:Shallot":119,"Shuriken":30,"Bronze Scales":291,"hubris:PeanutButter":4,"Simple Rune":98,"Onion Ring":114,"Molten Egg 2":124,"Black Star":46,"ReplayTheSpireMod:TigerMarble":105,"hubris:ToyBattleship":232,"Grinning Jar":5,"Mirror":47,"Meat on the Bone":63,"Pocketwatch":416,"ReplayFunnel":258,"Darkstone Periapt":264,"TheCursedMod:BloodyHarpoon":276,"ReplayTheSpireMod:Ring of Exchange":392,"Replay:PocketPolymizer":223,"Snecko Heart":401,"Mango":25,"Incense Burner":25,"hubris:SlimyHat":69,"Juzu Bracelet":270,"Empty Cage":213,"ClockworkSouvenir":180,"Frozen Eye":134,"Dream Catcher":3,"Replay:Bandana":119,"Nunchaku":169,"hubris:Icosahedron":60,"Chameleon Ring":366,"Mummified Hand":220,"Pantograph":97,"Gambling Chip":146,"Red Mask":97,"Replay:Bottled Snecko":129,"Gremlin Food":43,"hubris:DisguiseKit":94,"BargainBundle":361,"Replay:Towering Pillar of Hats":115,"Quantum Egg":223,"hubris:MedicalManual":138,"Replay:WaspNest":415,"TheCursedMod:MagicCandle":25,"Orichalcum":334,"Medical Kit":277,"White Beast Statue":25,"Mercury Hourglass":25,"Peace Pipe":62,"Strange Spoon":86,"Cauldron":196,"Pondfish Scales":63,"CaptainsWheel":123,"Anchor":176,"TheCursedMod:OminousMark":161,"ChewingGum":415,"hubris:BundleOfHerbs":86,"Snack Pack":24,"Bag of Marbles":45,"Coffee Dripper":95,"hubris:GrandSneckoEye":315,"Membership Card":25,"FossilizedHelix":29,"hubris:OldNail":57,"TungstenRod":243,"hubris:NiceRug":55,"ReplayTheSpireMod:ShopPack":243},{"Golden Egg":1076,"Replay:Accelerometer":1603,"Whetstone":102,"Ginger":455,"hubris:MysteriousPyramids":566,"Sling":1169,"Boot":1351,"Old Coin":1396,"Ring of Searing":1948,"Blood Vial":62,"Replay:Wanted Poster":406,"Replay:Ringing Soul":727,"hubris:HerbalPaste":727,"hubris:AstralHammer":280,"TheCursedMod:CrystalBall":470,"hubris:DeckOfHolding":562,"MealTicket":1209,"Fusion Hammer":2023,"HandDrill":443,"Kunai":384,"Replay:Wax Seal":130,"hubris:TinFlute":946,"Replay:Bottled Steam":1591,"TheCursedMod:BlackMagic101":0,"MerchantsRug":2026,"Pear":448,"Counterbalance":130,"hubris:SphereOfDissonance":95,"Eternal Feather":58,"Pen Nib":66,"Replay:Ancient Bell":1685,"SlaversCollar":79,"Runic Dome":1218,"Bird Faced Urn":1675,"hubris:TenFootPole":1640,"Kintsugi":1197,"Unceasing Top":738,"Abe\u0027s Treasure":773,"TheCursedMod:SoulVessel":289,"hubris:Reverence":1023,"TheCursedMod:FourLeafCloverCharm":637,"Lantern":1017,"Regal Pillow":1511,"Torii":1030,"Blue Doll":659,"StoneCalendar":853,"GremlinMask":1440,"Bag of Preparation":107,"Replay:Multitool":266,"hubris:EmptyBottle":130,"Cursed Key":180,"Ancient Tea Set":424,"Pet Ghost":338,"Replay:Rubber Ducky":130,"hubris:Backtick":1866,"Matryoshka":2113,"Ring of Peace":758,"Toolbox":3,"WingedGreaves":616,"hubris:CuriousFeather":879,"hubris:FunFungus":1235,"Chemical X":130,"Ring of Panic":1396,"Replay:Bottled Eggs":1710,"InkBottle":1600,"hubris:GlazedTorus":455,"Potion Belt":102,"Lee\u0027s Waffle":616,"TheCursedMod:BlackMagicAdvanced":2162,"Golden Idol":330,"hubris:64BitClover":664,"Thread and Needle":1030,"PreservedInsect":213,"Ring of Greed":1396,"hubris:Towel":252,"Frozen Egg 2":1030,"MawBank":487,"Replay:Arrowhead":130,"hubris:Spice":130,"Ornamental Fan":879,"Bloody Idol":943,"Ring of Misfortune":2139,"Orrery":130,"Garlic":62,"Durian":896,"Bottled Lightning":1968,"ReplayTheSpireMod:Ring of Challenge":2139,"ReplayTheSpireMod:Lightbulb":1173,"Toy Ornithopter":1275,"hubris:BottledRain":1037,"Ice Cream":557,"Mark of the Bloom":427,"Calipers":327,"hubris:CrystalStatue":397,"Gremlin Horn":188,"Nilry\u0027s Codex":930,"TheCursedMod:Tack":863,"hubris:VirtuousBlindfold":1732,"Vajra":1798,"hubris:TerracottaHorce":357,"Centennial Puzzle":151,"Lizard Tail":654,"HornCleat":616,"DollysMirror":62,"Strawberry":832,"Honey Jar":0,"Philosopher\u0027s Stone":32,"Iron Hammer":327,"Toxic Egg 2":455,"Girya":378,"hubris:Teleporter":163,"hubris:DuctTape":439,"Happy Flower":1017,"Ring of Hypnosis":1982,"ReplayTheSpireMod:CursedCoin":1253,"Oddly Smooth Stone":130,"Replay:Kaleidoscope":712,"Letter Opener":1379,"War Paint":130,"WarpedTongs":459,"hubris:Zylophone":130,"OrangePellets":130,"Replay:Baseball":45,"Bottled Flame":753,"ReplayTheSpireMod:Shallot":625,"Shuriken":151,"Bronze Scales":1437,"hubris:PeanutButter":14,"Simple Rune":510,"Onion Ring":607,"Molten Egg 2":644,"Black Star":245,"ReplayTheSpireMod:TigerMarble":557,"hubris:ToyBattleship":1206,"Grinning Jar":21,"Mirror":252,"Meat on the Bone":347,"Pocketwatch":2099,"ReplayFunnel":1308,"Darkstone Periapt":1332,"TheCursedMod:BloodyHarpoon":1384,"ReplayTheSpireMod:Ring of Exchange":1982,"Replay:PocketPolymizer":1179,"Snecko Heart":2037,"Mango":130,"Incense Burner":130,"hubris:SlimyHat":378,"Juzu Bracelet":1356,"Empty Cage":1127,"ClockworkSouvenir":930,"Frozen Eye":679,"Dream Catcher":13,"Replay:Bandana":625,"Nunchaku":853,"hubris:Icosahedron":331,"Chameleon Ring":1834,"Mummified Hand":1161,"Pantograph":507,"Gambling Chip":738,"Red Mask":507,"Replay:Bottled Snecko":664,"Gremlin Food":227,"hubris:DisguiseKit":487,"BargainBundle":1798,"Replay:Towering Pillar of Hats":616,"Quantum Egg":1179,"hubris:MedicalManual":700,"Replay:WaspNest":2096,"TheCursedMod:MagicCandle":130,"Orichalcum":1640,"Medical Kit":1392,"White Beast Statue":130,"Mercury Hourglass":130,"Peace Pipe":342,"Strange Spoon":455,"Cauldron":1017,"Pondfish Scales":347,"CaptainsWheel":643,"Anchor":902,"TheCursedMod:OminousMark":811,"ChewingGum":2096,"hubris:BundleOfHerbs":455,"Snack Pack":121,"Bag of Marbles":237,"Coffee Dripper":498,"hubris:GrandSneckoEye":1546,"Membership Card":130,"FossilizedHelix":143,"hubris:OldNail":327,"TungstenRod":1239,"hubris:NiceRug":311,"ReplayTheSpireMod:ShopPack":1239}],"TungstenRod":5,"Toy Ornithopter":15,"Pocketwatch":[68]},"card_choices":[{"not_picked":["TheCursedMod:CircleOfWindfury","TheCursedMod:CursedBlade"],"picked":"TheCursedMod:HellsGateOpen","floor":1.0},{"not_picked":["TheCursedMod:HellfireBreathing","TheCursedMod:CircleOfCorruption","TheCursedMod:CircleOfFocus"],"picked":"SKIP","floor":3.0},{"not_picked":["TheCursedMod:Mangle","TheCursedMod:BloodBarrier"],"picked":"TheCursedMod:BlessingInDisguise","floor":6.0},{"not_picked":["TheCursedMod:Stigma","TheCursedMod:BlessingInDisguise","Disarm"],"picked":"TheCursedMod:SpitefulPray","floor":8.0},{"not_picked":["TheCursedMod:CursedBlade","TheCursedMod:HellfireBreathing","TheCursedMod:SpitefulStrike","Shrug It Off"],"picked":"SKIP","floor":10.0},{"not_picked":["TheCursedMod:Obscuration","TheCursedMod:Grudge","TheCursedMod:CursedArmor"],"picked":"ReplayTheSpireMod:Strike From Hell","floor":13.0},{"not_picked":["hubris:Lust","hubris:Despair","Amnesia"],"picked":"Decay","floor":17},{"not_picked":["ReplayTheSpireMod:Restless Dread","Writhe","hubris:Wrath"],"picked":"ReplayTheSpireMod:Doomed","floor":17},{"not_picked":["Delirium","hubris:Despair","Spreading Infection"],"picked":"Decay","floor":17},{"not_picked":["TheCursedMod:Mangle","TheCursedMod:SaltUponWound","TheCursedMod:CursedStaff"],"picked":"Headbutt","floor":18},{"not_picked":["TheCursedMod:Obscuration","TheCursedMod:EmpowerCircles","Combust"],"picked":"TheCursedMod:LuckyCharm+1","floor":21},{"not_picked":["TheCursedMod:SpitefulPray","TheCursedMod:SmokeScreen+1","Spot Weakness"],"picked":"TheCursedMod:SurpriseAttack","floor":24},{"not_picked":["TheCursedMod:SpitefulPlan","TheCursedMod:CircleOfWindfury","TheCursedMod:CircleOfFlame","Carnage"],"picked":"SKIP","floor":27},{"not_picked":["TheCursedMod:BloodBarrier","TheCursedMod:Stigma","Reckless Charge"],"picked":"TheCursedMod:SpitefulStrike","floor":28},{"not_picked":["TheCursedMod:Wield","TheCursedMod:SurpriseAttack","TheCursedMod:SoulReap","hubris:ReadiedAction"],"picked":"SKIP","floor":29},{"not_picked":["TheCursedMod:FleshFromBone","TheCursedMod:CursedRelics","Spot Weakness"],"picked":"TheCursedMod:Evocation+1","floor":31},{"not_picked":["TheCursedMod:OutForBlood","TheCursedMod:ManaCirculation","Eclipse"],"picked":"TheCursedMod:ParallelWorld","floor":33},{"not_picked":["TheCursedMod:SurpriseAttack","TheCursedMod:TacticalStrike","Body Slam"],"picked":"TheCursedMod:AshesToAshes","floor":35},{"not_picked":["TheCursedMod:FleshFromBone+1","TheCursedMod:CircleOfCorruption+1","TheCursedMod:CursedMace","Armaments"],"picked":"SKIP","floor":38},{"not_picked":["TheCursedMod:WearCloak","TheCursedMod:Wield","TheCursedMod:SpitefulPlan","hubris:ReadiedAction"],"picked":"SKIP","floor":40},{"not_picked":["TheCursedMod:Stretching+1","TheCursedMod:Stigma","TheCursedMod:ReleasedStrength","True Grit"],"picked":"SKIP","floor":41},{"not_picked":["TheCursedMod:HellfireBreathing","TheCursedMod:CursedStaff","TheCursedMod:DemonicPact","Pommel Strike"],"picked":"SKIP","floor":42},{"not_picked":["TheCursedMod:SoulCrush+1","TheCursedMod:SaltUponWound+1","TheCursedMod:CircleOfWindfury+1","Armaments"],"picked":"SKIP","floor":44},{"not_picked":["TheCursedMod:CircleOfFocus","TheCursedMod:ReleasedKnowledge","TheCursedMod:CursedStaff","Second Wind"],"picked":"SKIP","floor":46},{"not_picked":["TheCursedMod:CursedShiv","TheCursedMod:ReleasedKnowledge+1","TheCursedMod:CircleOfAmplification","Armaments"],"picked":"SKIP","floor":48},{"not_picked":["TheCursedMod:VitalStrike"],"picked":"SKIP","floor":53},{"not_picked":["TheCursedMod:DemonSword"],"picked":"SKIP","floor":53},{"not_picked":["TheCursedMod:CircleOfFlame"],"picked":"SKIP","floor":53},{"not_picked":["TheCursedMod:DoubleShield"],"picked":"SKIP","floor":53},{"not_picked":["TheCursedMod:OutForBlood+1"],"picked":"SKIP","floor":53},{"not_picked":["Replay:Sssssssssstrike"],"picked":"SKIP","floor":53},{"not_picked":["Poisoned Strike"],"picked":"SKIP","floor":53},{"not_picked":["TheCursedMod:Evocation","TheCursedMod:CircleOfWindfury","Perfected Strike"],"picked":"TheCursedMod:RapidMovement","floor":54}],"player_experience":228062,"relics_obtained":[{"floor":5.0,"key":"Toy Ornithopter"},{"floor":6.0,"key":"Matryoshka"},{"floor":9.0,"key":"Onion Ring"},{"floor":9.0,"key":"Kunai"},{"floor":10.0,"key":"TheCursedMod:CrystalBall"},{"floor":13.0,"key":"hubris:AstralHammer"},{"floor":20,"key":"Ring of Misfortune"},{"floor":20,"key":"ReplayTheSpireMod:Ring of Challenge"},{"floor":24,"key":"Gremlin Food"},{"floor":26,"key":"Replay:Wax Seal"},{"floor":29,"key":"TheCursedMod:SoulVessel"},{"floor":31,"key":"HornCleat"},{"floor":36,"key":"Old Coin"},{"floor":39,"key":"Pet Ghost"},{"floor":40,"key":"Boot"},{"floor":43,"key":"White Beast Statue"},{"floor":48,"key":"ReplayTheSpireMod:Lightbulb"},{"floor":52,"key":"hubris:BottledRain"},{"floor":53,"key":"hubris:EmptyBottle"},{"floor":54,"key":"Pen Nib"}],"event_choices":[{"damage_healed":0.0,"max_hp_gain":0.0,"max_hp_loss":0.0,"gold_gain":0.0,"event_name":"Scrap Ooze","player_choice":"Success","floor":2.0,"gold_loss":0.0,"damage_taken":11.0,"relics_obtained":["hubris:MysteriousPyramids"]},{"damage_healed":0.0,"max_hp_gain":5.0,"max_hp_loss":0.0,"gold_gain":0.0,"event_name":"Big Fish","player_choice":"Donut","floor":12.0,"gold_loss":0.0,"damage_taken":0.0},{"damage_healed":0.0,"max_hp_gain":0.0,"max_hp_loss":0.0,"gold_gain":0.0,"event_name":"Upgrade Shrine","player_choice":"Upgraded","floor":14.0,"gold_loss":0.0,"damage_taken":0.0,"cards_upgraded":["Apotheosis"]},{"damage_healed":0,"gold_gain":0,"player_choice":"Read","damage_taken":0,"max_hp_gain":0,"max_hp_loss":0,"event_name":"The Library","floor":19,"gold_loss":0,"cards_obtained":["TheCursedMod:NeowsMight"]},{"damage_healed":0,"gold_gain":0,"cards_transformed":["TheCursedMod:Defend_TheCursed"],"player_choice":"Transformed","damage_taken":0,"max_hp_gain":0,"max_hp_loss":0,"event_name":"Transmorgrifier","floor":25,"gold_loss":0,"cards_obtained":["TheCursedMod:RapidMovement"]},{"damage_healed":0,"gold_gain":0,"player_choice":"Fight","damage_taken":0,"max_hp_gain":0,"max_hp_loss":0,"event_name":"MindBloom","floor":36,"gold_loss":0},{"damage_healed":0,"gold_gain":0,"player_choice":"Ignored","damage_taken":0,"max_hp_gain":0,"max_hp_loss":0,"event_name":"Tomb of Lord Red Mask","floor":37,"gold_loss":0}],"is_beta":false,"boss_relics":[{"not_picked":["hubris:BlackHole","Busted Crown"],"picked":"Replay:Ancient Bell"},{"not_picked":["hubris:TenFootPole","Happy Flower"],"picked":"MawBank"},{"not_picked":["Frozen Egg 2","hubris:SphereOfDissonance"],"picked":"Garlic"},{"not_picked":["hubris:BundleOfHerbs","Ginger"],"picked":"hubris:Zylophone"},{"not_picked":["Runic Pyramid","Cursed Key"],"picked":"TheCursedMod:BlackMagicAdvanced"}],"items_purged_floors":[0,0,45],"is_endless":false,"potions_floor_spawned":[1,8,13,18,24,29,33,38,40,41,42,44,46,48,54],"ascension_level":18}}