{"host":"k2x36244ucab5lxq","time":1609100409,"event":{"mods":["2.2 Compatiblity","AchievementEnabler","Act Like it!","Aspiration","BaseMod","Beaked The Cultist","Bestiary","Better Altar","Better Match","Better Note","Better Sensory Stone","Better Skull","Better Third Choice","Better Vampires","BetterRewards","Block Reminder","CatGirl Mod","Clawfect","Clockwork Mod","Colored Map","Conspire","Curses Come First","Downfall","Energized Spire","Gensokyo","GungeonMod","Halation","Hermit","Hubris","Infinite Spire","Jedi Mod","JesterMod","Jorbs\u0027s Wanderer Trilogy","Marisa????????","Marked Mod","Mimic Mod","Minty Spire (QoL Compilation)","Pale of the Ancients","Random Character Button","Rare Cards Sparkle","Relic Sorter","Relic Stats","Replay The Spire","SCP261 Mod","Shop Mod","StSLib","The Administrix","The Alterego","The Blackbeard","The Bladedancer","The Blue Laboratory","The Construct","The Cursed","The Disciple","The Judge","The Necromancer","The Problem Sleuth","The Sage","The Servant 0.9.4","The Showman","TheSwordswoman","Transform Curses","Unceasing Turn Reminder","Virulent Crown","egg","everything is the same but u backflip on backflip","slay the spire mod where everything is the same but ironclad has a cowboy hat","thorton"],"gold_per_floor":[115,115,128,144,156,156,188,188,213,14,26,42,42,60,60,158,158,169,169,37,50,67,67,102,102,102,102,114,132,332,343,343,438,488,504,521,541,557,13,13,30,30,85,122,122,122,32,83,83,83,104,126,126,203,203,233,233,233,233,259],"floor_reached":61,"playtime":3598,"items_purged":["Writhe","blazmod:Strike"],"score":1452,"play_id":"763045cf-ac3c-4af1-9e93-44a0f5be40e2","local_time":"20201227152009","is_ascension_mode":false,"campfire_choices":[{"data":"blazmod:WildButterfly","floor":6.0,"key":"SMITH"},{"data":"blazmod:ButterflyEffect","floor":8.0,"key":"SMITH"},{"data":"blazmod:TrueOfHeart","floor":13.0,"key":"SMITH"},{"data":"blazmod:Valiance","floor":15.0,"key":"SMITH"},{"data":"blazmod:Observant","floor":23.0,"key":"SMITH"},{"data":"blazmod:MirrorImage","floor":25.0,"key":"SMITH"},{"data":"expansioncontent:DefensiveMode","floor":27.0,"key":"SMITH"},{"data":"blazmod:AlmightyPassage","floor":32.0,"key":"SMITH"},{"floor":40,"key":"REST"},{"floor":42,"key":"REST"},{"floor":45,"key":"REST"},{"data":"blazmod:EightLifePilgrimage","floor":49,"key":"SMITH"},{"data":"blazmod:HoumatsuMugenKochouji","floor":55,"key":"SMITH"},{"data":"blazmod:MindsEye","floor":57,"key":"SMITH"}],"circlet_count":0,"master_deck":["blazmod:Strike","blazmod:Strike","blazmod:Strike","blazmod:Defend","blazmod:Defend","blazmod:Defend","blazmod:Defend","blazmod:ButterflyEffect+1","blazmod:Kyokasuigetsu","blazmod:Valiance+1","blazmod:Swordstorm","blazmod:WildButterfly+1","blazmod:TrueOfHeart+1","blazmod:BoulderFlash","blazmod:Crosscut","blazmod:TenThousand","blazmod:InLoveAndWar","blazmod:HoumatsuMugenKochouji+1","blazmod:FortifiedVigor","expansioncontent:DefensiveMode+1","blazmod:Observant+1","blazmod:FortifiedVigor+1","blazmod:Swordstorm","Shame","blazmod:MirrorImage+1","blazmod:Lockswords","blazmod:AlmightyPassage+1","blazmod:FortifiedVigor","jedi:LeechingStrike","blazmod:MirrorImage","blazmod:FlashRock+1","infinitespire:Starlight","blazmod:EightLifePilgrimage+1","Spreading Infection","blazmod:MindsEye+1","blazmod:ButterflyForm+1","blazmod:MindsEye+1"],"relics":["blazmod:Venustas","hubris:MedicalManual","infinitespire:Beetle Shell","halation:LettersToHer","energizedSpire:CursedPentagram","Nloth\u0027s Gift","infinitespire:Golems Mask","DemoMod:ClearGuonStone","Tiny House","aspiration:Nostalgia","TheCursedMod:BlackMagic101","aspiration:AnachronicSnailShell","sneckomod:SneckoTalon","Frozen Egg 2","CeramicFish","paleoftheancients:Timepiece","paleoftheancients:KeyRelic","CultistMask","paleoftheancients:SoulOfTheShapes","infinitespire:Midas Blood","DemoMod:MemoryAlloy"],"acts_visited":["Exordium","TheCity","TheBeyond","paleoftheancients:PaleOfTheAncients"],"potions_floor_usage":[37,37,37,44,48,48,50,50,50,51,52],"damage_taken":[{"damage":0.0,"enemies":"conspire:RoseBush","floor":1.0,"turns":1.0},{"damage":0.0,"enemies":"Small Slimes","floor":3.0,"turns":1.0},{"damage":0.0,"enemies":"Jaw Worm","floor":4.0,"turns":1.0},{"damage":0.0,"enemies":"Red Slaver","floor":5.0,"turns":4.0},{"damage":0.0,"enemies":"Lagavulin","floor":7.0,"turns":12.0},{"damage":0.0,"enemies":"conspire:2 RoseBushes","floor":11.0,"turns":8.0},{"damage":4.0,"enemies":"2 Fungi Beasts","floor":12.0,"turns":3.0},{"damage":0.0,"enemies":"Looter","floor":14.0,"turns":2.0},{"damage":14.0,"enemies":"The Guardian","floor":16.0,"turns":12.0},{"damage":2.0,"enemies":"3 Byrds","floor":18.0,"turns":5.0},{"damage":0.0,"enemies":"Shell Parasite","floor":21.0,"turns":5.0},{"damage":0.0,"enemies":"Snecko","floor":22.0,"turns":5.0},{"damage":2.0,"enemies":"conspire:Head Lice","floor":24.0,"turns":7.0},{"damage":3.0,"enemies":"Snake Plant","floor":28.0,"turns":4.0},{"damage":0.0,"enemies":"conspire:HollyBat","floor":29.0,"turns":7.0},{"damage":0.0,"enemies":"Snecko","floor":31.0,"turns":4.0},{"damage":0.0,"enemies":"Champ","floor":33.0,"turns":9.0},{"damage":11.0,"enemies":"3 Darklings","floor":35.0,"turns":6.0},{"damage":0,"enemies":"Orb Walker","floor":36,"turns":3},{"damage":29,"enemies":"Spire Growth","floor":37,"turns":5},{"damage":19,"enemies":"Maw","floor":38,"turns":8},{"damage":37,"enemies":"Writhing Mass","floor":41,"turns":6},{"damage":20,"enemies":"conspire:MimicChest","floor":44,"turns":8},{"damage":0,"enemies":"Giant Head","floor":48,"turns":7},{"damage":2,"enemies":"Awakened One","floor":50,"turns":7},{"damage":12,"enemies":"Awakened One","floor":51,"turns":6},{"damage":11,"enemies":"Awakened One","floor":52,"turns":7},{"damage":6,"enemies":"Awakened One","floor":56,"turns":6},{"damage":132,"enemies":"paleoftheancients:N","floor":60,"turns":10}],"seed_played":"-7429727544201750834","potions_obtained":[{"floor":3.0,"key":"jedi:hoardpotion"},{"floor":4.0,"key":"SCP261:BarrettColaPotion"},{"floor":7.0,"key":"blueLaboratory:Moonshine"},{"floor":12.0,"key":"blueLaboratory:BubblePotion"},{"floor":18.0,"key":"blueLaboratory:FruitPunch"},{"floor":22.0,"key":"champ:CounterPotion"},{"floor":29.0,"key":"DuplicationPotion"},{"floor":34.0,"key":"conspire:TimeTravelPotion"},{"floor":35.0,"key":"ColorlessPotion"},{"floor":41,"key":"Adrenaline Potion"},{"floor":47,"key":"blueLaboratory:AlphaPotion"},{"floor":47,"key":"SteroidPotion"},{"floor":47,"key":"SkillPotion"},{"floor":48,"key":"EntropicBrew"}],"is_trial":false,"path_per_floor":["M","?","M","M","M","R","E","R","T","$","M","M","R","M","R","B",null,"M","?","$","M","M","R","E","R","T","R","M","M","?","M","R","B",null,"M","M","M","M","$","R","M","R","T","?","R","AVR","?","E","R","B","M","M","?","T","R","M","R","T","?","B",null],"character_chosen":"THE_SWORDSWOMAN","items_purchased":["halation:LettersToHer","blazmod:Crosscut","expansioncontent:DefensiveMode","blazmod:Observant","jedi:LeechingStrike","blazmod:MirrorImage","aspiration:Nostalgia"],"campfire_rested":3,"item_purchase_floors":[10,10,20,20,39,39,39],"current_hp_per_floor":[40,40,40,40,40,40,40,40,40,40,40,36,36,36,36,22,40,38,38,38,41,41,41,39,39,39,39,36,36,36,36,36,36,48,37,51,44,25,25,43,13,31,31,32,50,50,50,60,60,62,62,62,62,62,62,62,62,62,62,56],"gold":259,"neow_bonus":"THREE_ENEMY_KILL","is_daily":false,"chose_seed":false,"campfire_upgraded":11,"win_rate":0.0,"timestamp":1609100409,"path_taken":["M","?","M","M","M","R","E","R","T","$","M","M","R","M","R","BOSS","M","?","?","M","M","R","E","R","T","R","M","?","?","?","R","BOSS","M","?","?","M","$","R","?","R","T","?","R","AVR","?","E","R","BOSS","M","M","?","T","R","M","R","T","?","BOSS"],"items_purchased_type":["Relic","Card","Card","Card","Card","Card","Relic"],"build_version":"2020-12-22","purchased_purges":2,"victory":true,"max_hp_per_floor":[40,40,40,40,40,40,40,40,40,40,40,40,40,40,40,40,40,40,40,40,43,43,43,43,43,43,43,43,43,43,43,43,43,48,48,62,62,62,62,62,62,62,62,62,62,62,62,62,62,62,62,62,62,62,62,62,62,62,62,62],"relic_stats":{"counters":[29,169],"CeramicFish":45,"Nloth\u0027s Gift":5,"obtain_stats":[{"TheCursedMod:BlackMagic101":39,"paleoftheancients:KeyRelic":50,"Tiny House":34,"NeowsBlessing":0,"aspiration:Nostalgia":39,"DemoMod:MemoryAlloy":58,"CeramicFish":48,"DemoMod:GlassGuonStoneRelic":4,"hubris:MedicalManual":7,"infinitespire:Beetle Shell":9,"Frozen Egg 2":46,"sneckomod:SneckoTalon":46,"paleoftheancients:SoulOfTheShapes":51,"paleoftheancients:Timepiece":50,"blazmod:Venustas":0,"energizedSpire:CursedPentagram":17,"aspiration:AnachronicSnailShell":44,"infinitespire:Golems Mask":24,"CultistMask":50,"Nloth\u0027s Gift":19,"DemoMod:ClearGuonStone":26,"halation:LettersToHer":10,"infinitespire:Midas Blood":54},{"TheCursedMod:BlackMagic101":21,"paleoftheancients:KeyRelic":25,"Tiny House":17,"NeowsBlessing":0,"aspiration:Nostalgia":21,"DemoMod:MemoryAlloy":28,"CeramicFish":24,"DemoMod:GlassGuonStoneRelic":3,"hubris:MedicalManual":5,"infinitespire:Beetle Shell":5,"Frozen Egg 2":23,"sneckomod:SneckoTalon":23,"paleoftheancients:SoulOfTheShapes":26,"paleoftheancients:Timepiece":25,"blazmod:Venustas":0,"energizedSpire:CursedPentagram":9,"aspiration:AnachronicSnailShell":23,"infinitespire:Golems Mask":13,"CultistMask":25,"Nloth\u0027s Gift":10,"DemoMod:ClearGuonStone":13,"halation:LettersToHer":5,"infinitespire:Midas Blood":27},{"TheCursedMod:BlackMagic101":112,"paleoftheancients:KeyRelic":140,"Tiny House":90,"NeowsBlessing":0,"aspiration:Nostalgia":112,"DemoMod:MemoryAlloy":159,"CeramicFish":133,"DemoMod:GlassGuonStoneRelic":3,"hubris:MedicalManual":19,"infinitespire:Beetle Shell":19,"Frozen Egg 2":126,"sneckomod:SneckoTalon":126,"paleoftheancients:SoulOfTheShapes":146,"paleoftheancients:Timepiece":140,"blazmod:Venustas":0,"energizedSpire:CursedPentagram":44,"aspiration:AnachronicSnailShell":126,"infinitespire:Golems Mask":66,"CultistMask":140,"Nloth\u0027s Gift":49,"DemoMod:ClearGuonStone":66,"halation:LettersToHer":19,"infinitespire:Midas Blood":153}]},"card_choices":[{"not_picked":["blazmod:TravelJournal","blazmod:PhysicalEndurance"],"picked":"blazmod:Valiance","floor":1.0},{"not_picked":["blazmod:MentalFocus","blazmod:FlyFlyAgain"],"picked":"blazmod:Swordstorm","floor":3.0},{"not_picked":["blazmod:Trasient","blazmod:Valiance"],"picked":"blazmod:WildButterfly","floor":4.0},{"not_picked":["blazmod:UnderPurifyingWaters","blazmod:ButterFlutter"],"picked":"blazmod:TrueOfHeart","floor":5.0},{"not_picked":["blazmod:SecondSight","blazmod:Valiance"],"picked":"blazmod:BoulderFlash","floor":7.0},{"not_picked":["blazmod:BoulderFlash","blazmod:FocusThroughFalls","blazmod:FleetOfFoot"],"picked":"SKIP","floor":11.0},{"not_picked":["blazmod:SidewaySolace","blazmod:KatanaStrike"],"picked":"blazmod:TenThousand","floor":12.0},{"not_picked":["blazmod:UnderPurifyingWaters","blazmod:KatanaStrike"],"picked":"blazmod:InLoveAndWar","floor":14.0},{"not_picked":["blazmod:SeismicSlash","blazmod:ButterflyBlade"],"picked":"blazmod:HoumatsuMugenKochouji","floor":16.0},{"not_picked":["blazmod:SidewaySolace","blazmod:ButterFlutter"],"picked":"blazmod:FortifiedVigor","floor":18.0},{"not_picked":["blazmod:ApexLegends","blazmod:GlasswingWaltz"],"picked":"blazmod:FortifiedVigor","floor":21.0},{"not_picked":["blazmod:Trasient","blazmod:Valiance"],"picked":"blazmod:Swordstorm","floor":22.0},{"not_picked":["blazmod:FleetingDawn","blazmod:FleetOfFoot"],"picked":"blazmod:MirrorImage","floor":24.0},{"not_picked":["blazmod:FlashRock+1","blazmod:SidewaySolace"],"picked":"blazmod:Lockswords","floor":28.0},{"not_picked":["blazmod:FlashRock","blazmod:Crosscut","blazmod:PhysicalEndurance"],"picked":"SKIP","floor":29.0},{"not_picked":["blazmod:TrueOfHeart","blazmod:BladeOfEnlightenment"],"picked":"blazmod:AlmightyPassage","floor":31.0},{"not_picked":["blazmod:AlmightyPassage","blazmod:VisionsOfButterflies"],"picked":"blazmod:CrescentMoon","floor":33.0},{"not_picked":["blazmod:LoveAndHonor","blazmod:Unrestrained+1","blazmod:MindAtPeace"],"picked":"SKIP","floor":35.0},{"not_picked":["blazmod:Crosscut","blazmod:Quickdraw","blazmod:ButterFlutter+1"],"picked":"SKIP","floor":36},{"not_picked":["blazmod:PhysicalEndurance","blazmod:HarmonyComplete+1"],"picked":"blazmod:FortifiedVigor","floor":37},{"not_picked":["blazmod:SidewaySolace","blazmod:QuickBlade+1","blazmod:KatanaStrike"],"picked":"SKIP","floor":38},{"not_picked":["blazmod:PhysicalEndurance+1","blazmod:HarmonyComplete+1"],"picked":"blazmod:FlashRock","floor":41},{"not_picked":["blazmod:DrippingWaterHollowsStone+1","blazmod:PhysicalEndurance+1"],"picked":"blazmod:EightLifePilgrimage","floor":48},{"not_picked":["blazmod:Valiance","blazmod:FlashRock+1"],"picked":"blazmod:MindsEye+1","floor":51},{"not_picked":["blazmod:FleetOfFoot","blazmod:BoulderFlash"],"picked":"blazmod:ButterflyForm+1","floor":52},{"not_picked":["blazmod:PhysicalEndurance","blazmod:Crosscut"],"picked":"blazmod:MindsEye","floor":56}],"player_experience":579517,"relics_obtained":[{"floor":7.0,"key":"hubris:MedicalManual"},{"floor":9.0,"key":"infinitespire:Beetle Shell"},{"floor":24.0,"key":"infinitespire:Golems Mask"},{"floor":26.0,"key":"halation:LettersToHer"},{"floor":26.0,"key":"DemoMod:ClearGuonStone"},{"floor":43,"key":"halation:LettersToHer"},{"floor":44,"key":"aspiration:AnachronicSnailShell"},{"floor":48,"key":"CeramicFish"},{"floor":51,"key":"paleoftheancients:SoulOfTheShapes"},{"floor":54,"key":"halation:LettersToHer"},{"floor":54,"key":"infinitespire:Midas Blood"},{"floor":58,"key":"halation:LettersToHer"},{"floor":58,"key":"DemoMod:MemoryAlloy"}],"event_choices":[{"damage_healed":0.0,"max_hp_gain":0.0,"max_hp_loss":0.0,"gold_gain":0.0,"event_name":"conspire:Investor","player_choice":"Leave","floor":2.0,"gold_loss":0.0,"damage_taken":0.0},{"damage_healed":0.0,"max_hp_gain":0.0,"max_hp_loss":0.0,"gold_gain":0.0,"event_name":"N\u0027loth","player_choice":"Traded Relic","floor":19.0,"relics_lost":["NeowsBlessing"],"gold_loss":0.0,"damage_taken":0.0,"relics_obtained":["Nloth\u0027s Gift"]},{"damage_healed":0.0,"max_hp_gain":0.0,"max_hp_loss":0.0,"gold_gain":200.0,"event_name":"Wheel of Change","player_choice":"Gold","floor":30.0,"gold_loss":0.0,"damage_taken":0.0}],"is_beta":false,"boss_relics":[{"not_picked":["jesterMod:MachoBrace","halation:PlatinumPhoenix"],"picked":"energizedSpire:CursedPentagram"},{"not_picked":["conspire:RoyalGoblet","hubris:TerracottaHorce"],"picked":"Tiny House"}],"items_purged_floors":[39,46],"is_endless":false,"potions_floor_spawned":[3,4,7,12,16,18,22,29,35,41,48],"ascension_level":0}}