{"host":"wbjiqg83duq292na","time":1609110578,"event":{"mods":["BaseMod","Minty Spire (QoL Compilation)"],"gold_per_floor":[118,132,148,167,182,182,211,62,62,62,91,91,121,296,296,296,296],"floor_reached":16,"playtime":738,"items_purged":[],"score":152,"play_id":"b96a874b-ae6b-41f4-b273-ad7fb6c2d0a3","local_time":"20201227210938","is_ascension_mode":true,"campfire_choices":[{"floor":6,"key":"REST"},{"floor":12,"key":"REST"},{"floor":15,"key":"RECALL"}],"circlet_count":0,"master_deck":["Strike_P+1","Strike_P","Strike_P","Strike_P","Defend_P","Defend_P","Defend_P","Eruption","Vigilance","SignatureMove","FollowUp","Consecrate+1","Consecrate","Judgement","LikeWater","Adaptation","Doubt"],"relics":["PureWater","Whetstone","Vajra","Shuriken","Pantograph","Lantern"],"acts_visited":["Exordium"],"potions_floor_usage":[7,16,16],"damage_taken":[{"damage":0,"enemies":"2 Louse","floor":1,"turns":3},{"damage":0,"enemies":"Jaw Worm","floor":2,"turns":3},{"damage":0,"enemies":"Cultist","floor":3,"turns":2},{"damage":9,"enemies":"Blue Slaver","floor":4,"turns":3},{"damage":10,"enemies":"Lots of Slimes","floor":5,"turns":5},{"damage":36,"enemies":"Lagavulin","floor":7,"turns":3},{"damage":0,"enemies":"Gremlin Nob","floor":11,"turns":2},{"damage":9,"enemies":"3 Sentries","floor":13,"turns":4},{"damage":76,"enemies":"The Guardian","floor":16,"turns":5}],"seed_played":"9201972999420847617","potions_obtained":[{"floor":3,"key":"ColorlessPotion"},{"floor":5,"key":"SteroidPotion"},{"floor":11,"key":"Block Potion"},{"floor":13,"key":"DuplicationPotion"}],"is_trial":false,"path_per_floor":["M","M","M","M","M","R","E","$","T","$","E","R","E","?","R","B"],"character_chosen":"WATCHER","items_purchased":["Vajra"],"campfire_rested":2,"item_purchase_floors":[8],"current_hp_per_floor":[72,72,72,63,53,72,36,36,36,36,36,57,48,48,48,0,0],"gold":296,"neow_bonus":"REMOVE_CARD","is_daily":false,"chose_seed":false,"campfire_upgraded":0,"win_rate":0.0,"timestamp":1609110578,"path_taken":["M","M","M","M","M","R","E","$","T","$","E","R","E","?","R","BOSS"],"items_purchased_type":["Relic"],"build_version":"2020-12-22","purchased_purges":0,"victory":false,"max_hp_per_floor":[72,72,72,72,72,72,72,72,72,72,72,72,72,72,72,72,72],"card_choices":[{"not_picked":["Prostrate","Adaptation"],"picked":"SignatureMove","floor":1},{"not_picked":["CutThroughFate","CrushJoints","ThirdEye"],"picked":"SKIP","floor":2},{"not_picked":["ReachHeaven","EmptyFist"],"picked":"FollowUp","floor":3},{"not_picked":["Sanctity","MentalFortress"],"picked":"Consecrate","floor":4},{"not_picked":["CutThroughFate","Worship"],"picked":"Consecrate","floor":5},{"not_picked":["CarveReality","JustLucky"],"picked":"Judgement","floor":7},{"not_picked":["Pray","Crescendo"],"picked":"LikeWater","floor":11},{"not_picked":["WaveOfTheHand","CrushJoints"],"picked":"Adaptation","floor":13}],"player_experience":230265,"relics_obtained":[{"floor":7,"key":"Whetstone"},{"floor":9,"key":"Shuriken"},{"floor":11,"key":"Pantograph"},{"floor":13,"key":"Lantern"}],"event_choices":[{"damage_healed":0,"gold_gain":175,"player_choice":"AGREE","damage_taken":0,"max_hp_gain":0,"max_hp_loss":0,"event_name":"Liars Game","floor":14,"gold_loss":0,"cards_obtained":["Doubt"]}],"is_beta":false,"boss_relics":[],"items_purged_floors":[],"is_endless":false,"potions_floor_spawned":[3,5,11,13],"killed_by":"The Guardian","ascension_level":1}}