{"host":"0i8dz4ityulxi1rd","time":1609081655,"event":{"mods":["BaseMod","Colored Map","Colored Powertips","Custom Start","Highlight Path","Hubris","Keyboard Shortcuts","Minty Spire (QoL Compilation)","StSLib","SuperFastMode"],"gold_per_floor":[364,374,393,408,247,247,276,276,302,302,322,322,322,338,338,338,338],"floor_reached":16,"playtime":430,"items_purged":[],"score":204,"play_id":"f4fa1f28-8962-479e-bba4-9fbc2e1537f0","local_time":"20201228000735","is_ascension_mode":true,"campfire_choices":[{"data":"Calculated Gamble","floor":6.0,"key":"SMITH"},{"floor":8.0,"key":"REST"},{"floor":12.0,"key":"REST"},{"floor":15.0,"key":"REST"}],"circlet_count":0,"master_deck":["AscendersBane","Strike_G","Strike_G","Strike_G","Strike_G","Defend_G","Defend_G","Defend_G","Defend_G","Defend_G","Survivor","Neutralize","Calculated Gamble+1","Leg Sweep","Poisoned Stab","Infinite Blades","Dagger Throw","Escape Plan","Underhanded Strike","Calculated Gamble","Predator","Accuracy","hubris:Sniper"],"relics":["Ring of the Snake","Orrery","Juzu Bracelet","MealTicket","Vajra"],"acts_visited":["Exordium"],"potions_floor_usage":[],"damage_taken":[{"damage":2.0,"enemies":"2 Louse","floor":1.0,"turns":4.0},{"damage":0.0,"enemies":"Small Slimes","floor":2.0,"turns":4.0},{"damage":1.0,"enemies":"Cultist","floor":3.0,"turns":3.0},{"damage":13.0,"enemies":"Large Slime","floor":4.0,"turns":7.0},{"damage":32.0,"enemies":"Lagavulin","floor":7.0,"turns":7.0},{"damage":9.0,"enemies":"Blue Slaver","floor":11.0,"turns":4.0},{"damage":3.0,"enemies":"3 Louse","floor":14.0,"turns":2.0},{"damage":23,"enemies":"The Guardian","floor":16,"turns":6}],"seed_played":"8121916087800586977","potions_obtained":[{"floor":1.0,"key":"Swift Potion"},{"floor":2.0,"key":"Explosive Potion"},{"floor":3.0,"key":"Fruit Juice"},{"floor":7.0,"key":"BlessingOfTheForge"}],"is_trial":false,"path_per_floor":["M","M","M","M","$","R","E","R","T","?","M","R","?","M","R","B"],"character_chosen":"THE_SILENT","items_purchased":["Orrery"],"campfire_rested":3,"item_purchase_floors":[5],"current_hp_per_floor":[42,42,46,33,33,33,1,22,22,22,13,34,8,5,26,3,3],"gold":338,"neow_bonus":"TWO_FIFTY_GOLD","is_daily":false,"chose_seed":false,"campfire_upgraded":1,"win_rate":0.0,"timestamp":1609081655,"path_taken":["M","M","M","M","$","R","E","R","T","?","M","R","?","M","R","BOSS"],"items_purchased_type":["Relic"],"build_version":"2020-12-22","purchased_purges":0,"victory":false,"max_hp_per_floor":[66,66,71,71,71,71,71,71,71,71,71,71,71,71,71,71,71],"card_choices":[{"not_picked":["Flechettes","Well Laid Plans"],"picked":"Calculated Gamble","floor":1.0},{"not_picked":["Endless Agony","Slice"],"picked":"Leg Sweep","floor":2.0},{"not_picked":["Catalyst","Accuracy"],"picked":"Poisoned Stab","floor":3.0},{"not_picked":["Choke","Footwork"],"picked":"Infinite Blades","floor":4.0},{"not_picked":["Quick Slash","Outmaneuver"],"picked":"Dagger Throw","floor":5.0},{"not_picked":["Sucker Punch","Backflip"],"picked":"Escape Plan","floor":5.0},{"not_picked":["Calculated Gamble","Leg Sweep"],"picked":"Underhanded Strike","floor":5.0},{"not_picked":["Cloak And Dagger","Flying Knee"],"picked":"Calculated Gamble","floor":5.0},{"not_picked":["Calculated Gamble","hubris:Counter"],"picked":"Predator","floor":7.0},{"not_picked":["hubris:Counter","Deadly Poison"],"picked":"hubris:Sniper","floor":11.0},{"not_picked":["Masterful Stab","Leg Sweep","Flying Knee"],"picked":"SKIP","floor":14.0}],"player_experience":1267186,"relics_obtained":[{"floor":7.0,"key":"Juzu Bracelet"},{"floor":9.0,"key":"MealTicket"}],"event_choices":[{"damage_healed":0.0,"max_hp_gain":0.0,"max_hp_loss":0.0,"gold_gain":0.0,"cards_transformed":["Strike_G"],"event_name":"Living Wall","player_choice":"Change","floor":10.0,"gold_loss":0.0,"damage_taken":0.0,"cards_obtained":["Accuracy"]},{"damage_healed":0.0,"max_hp_gain":0.0,"max_hp_loss":0.0,"gold_gain":0.0,"event_name":"Scrap Ooze","player_choice":"Success","floor":13.0,"gold_loss":0.0,"damage_taken":26.0,"relics_obtained":["Vajra"]}],"is_beta":false,"boss_relics":[],"items_purged_floors":[],"is_endless":false,"potions_floor_spawned":[1,2,3,7],"killed_by":"The Guardian","ascension_level":20}}