{"host":"6kpik4p6m02tzjjt","time":1609035122,"event":{"mods":["BaseMod","Colored Map","Downfall","Minty Spire (QoL Compilation)","Quick Restart","Relic Stats","Replay The Spire","StSLib"],"gold_per_floor":[151,167,33,53,38,38,89,119,138,171,196,196,246,260,273,369,369,369,380,31,44,29,29,29,29],"floor_reached":23,"playtime":2328,"items_purged":["ReplayTheSpireMod:Restless Dread"],"score":299,"play_id":"e38ba802-5a28-4f23-9154-9cb72205adf7","local_time":"20201226211202","is_ascension_mode":false,"campfire_choices":[{"data":"Slimebound:Replication","floor":12,"key":"SMITH"},{"data":"Slimebound:FirmFortitude","floor":18,"key":"SMITH"}],"circlet_count":0,"master_deck":["Slimebound:Strike_Slimebound","Slimebound:Strike_Slimebound","Slimebound:Strike_Slimebound","Slimebound:Tackle","Slimebound:Defend_Slimebound","Slimebound:Defend_Slimebound","Slimebound:Defend_Slimebound","Slimebound:Defend_Slimebound","Slimebound:Split+1","Slimebound:CorrosiveSpit","Slimebound:FinishingTackle","Slimebound:FlameTackle","Slimebound:GrowthPunch","Slimebound:Repurpose+1","Slimebound:SlimeTap+1","Slimebound:SplitLeeching","Regret","Slimebound:Replication+1","Slimebound:ComboTackle","Slimebound:LeechEnergy","Languid","Slimebound:FirmFortitude+1","Slimebound:ForwardTackle","Slimebound:OozeBath","Clumsy","Pain","Injury","Slimebound:SplitAcid","Slimebound:PressTheAttack","Slimebound:FinishingTackle","Slimebound:PressTheAttack","Slimebound:FinishingTackle+1"],"relics":["Coffee Dripper","Boot","Meat on the Bone","Lantern","Blue Doll","Ring of Greed","Tiny Chest","Replay:Wax Seal","Ring of Hypnosis","Replay:Ancient Bell","Potion Belt","Matryoshka","Unceasing Top","Sundial"],"acts_visited":["Exordium","TheCity"],"potions_floor_usage":[9,16,16],"damage_taken":[{"damage":4,"enemies":"Cultist","floor":2,"turns":3},{"damage":5,"enemies":"downfall:FleeingMerchant","floor":3,"turns":4},{"damage":8,"enemies":"Jaw Worm","floor":4,"turns":3},{"damage":12,"enemies":"downfall:FleeingMerchant","floor":5,"turns":4},{"damage":41,"enemies":"Gremlin Nob","floor":8,"turns":4},{"damage":0,"enemies":"2 Louse","floor":9,"turns":1},{"damage":26,"enemies":"Lagavulin","floor":10,"turns":4},{"damage":15,"enemies":"Large Slime","floor":14,"turns":2},{"damage":17,"enemies":"Lots of Slimes","floor":15,"turns":3},{"damage":27,"enemies":"downfall:Watcher","floor":16,"turns":6},{"damage":12,"enemies":"Shell Parasite","floor":19,"turns":4},{"damage":42,"enemies":"downfall:FleeingMerchant","floor":20,"turns":4},{"damage":26,"enemies":"Spheric Guardian","floor":21,"turns":4},{"damage":33,"enemies":"downfall:FleeingMerchant","floor":22,"turns":4},{"damage":32,"enemies":"Replay:Snechameleon","floor":23,"turns":5}],"seed_played":"4891544947325827592","potions_obtained":[{"floor":8,"key":"Explosive Potion"},{"floor":9,"key":"Block Potion"},{"floor":10,"key":"Doom Potion"},{"floor":15,"key":"Adrenaline Potion"}],"is_trial":false,"path_per_floor":["R_BF","M","$","M","$","?","T","E","M","E","T","R","?","M","M","B",null,"R","M","$","M","$","E"],"character_chosen":"SLIMEBOUND","items_purchased":["Slimebound:GrowthPunch","Slimebound:Repurpose","Sundial","Slimebound:FinishingTackle"],"campfire_rested":0,"item_purchase_floors":[3,3,20,20],"current_hp_per_floor":[60,60,59,57,49,49,49,20,32,34,34,34,34,35,46,35,60,60,56,34,36,31,0,0,0],"gold":29,"neow_bonus":"BOSS_RELIC","is_daily":false,"chose_seed":false,"campfire_upgraded":2,"win_rate":0.0,"timestamp":1609035122,"path_taken":["R_BF","M","$","?","$","?","T","E","M","E","?","R","?","M","M","BOSS","R","M","$","M","$","E"],"items_purchased_type":["Card","Card","Relic","Card"],"build_version":"2020-12-22","purchased_purges":1,"victory":false,"max_hp_per_floor":[60,60,60,60,60,60,60,60,60,60,60,60,60,60,60,60,60,60,60,60,60,60,60,60,60],"relic_stats":{"counters":[15,54],"Sundial":[0],"Tiny Chest":0,"Boot":[7],"obtain_stats":[{"Potion Belt":17,"Lantern":10,"Ring of Hypnosis":13,"Blue Doll":11,"Replay:Ancient Bell":17,"Ring of Greed":13,"Boot":7,"Matryoshka":17,"Sundial":20,"Tiny Chest":13,"Slimebound:AbsorbEndCombat":0,"Coffee Dripper":0,"Replay:Wax Seal":13,"Unceasing Top":17,"Meat on the Bone":8},{"Potion Belt":10,"Lantern":7,"Ring of Hypnosis":7,"Blue Doll":7,"Replay:Ancient Bell":10,"Ring of Greed":7,"Boot":4,"Matryoshka":10,"Sundial":12,"Tiny Chest":7,"Slimebound:AbsorbEndCombat":0,"Coffee Dripper":0,"Replay:Wax Seal":7,"Unceasing Top":10,"Meat on the Bone":5},{"Potion Belt":33,"Lantern":22,"Ring of Hypnosis":22,"Blue Doll":22,"Replay:Ancient Bell":33,"Ring of Greed":22,"Boot":14,"Matryoshka":33,"Sundial":41,"Tiny Chest":22,"Slimebound:AbsorbEndCombat":0,"Coffee Dripper":0,"Replay:Wax Seal":22,"Unceasing Top":33,"Meat on the Bone":17}],"Unceasing Top":[1],"Meat on the Bone":72},"card_choices":[{"not_picked":["Slimebound:GoopSpray","Slimebound:SplitAcid"],"picked":"Slimebound:FinishingTackle","floor":2},{"not_picked":["Slimebound:Replication","Slimebound:SplitAcid"],"picked":"Slimebound:FlameTackle","floor":3},{"not_picked":["Slimebound:ComboTackle","Slimebound:Nibble"],"picked":"Slimebound:SlimeTap","floor":4},{"not_picked":["Slimebound:SlimeBrawl","Slimebound:ProtectTheBoss"],"picked":"Slimebound:SplitLeeching","floor":5},{"not_picked":["Slimebound:GrowthPunch","Slimebound:LeechingTouch"],"picked":"Slimebound:Replication","floor":8},{"not_picked":["Slimebound:LeechEnergy","Slimebound:SlimeTap"],"picked":"Slimebound:ComboTackle","floor":9},{"not_picked":["Slimebound:LeechingTouch","Slimebound:SlimeBrawl"],"picked":"Slimebound:LeechEnergy","floor":10},{"not_picked":["Slimebound:SlimeSpikes","Slimebound:ComboTackle"],"picked":"Slimebound:FirmFortitude","floor":14},{"not_picked":["Slimebound:DisruptingSlam","Slimebound:GrowthPunch"],"picked":"Slimebound:ForwardTackle","floor":15},{"not_picked":["Slimebound:Teamwork","Slimebound:RallyTheTroops"],"picked":"Slimebound:OozeBath","floor":16},{"not_picked":["Regret","Doubt"],"picked":"Clumsy","floor":17},{"not_picked":["Parasite","ReplayTheSpireMod:Restless Dread"],"picked":"Pain","floor":17},{"not_picked":["Decay","ReplayTheSpireMod:Doomed"],"picked":"Injury","floor":17},{"not_picked":["Slimebound:Dissolve","Slimebound:FlameTackle"],"picked":"Slimebound:SplitAcid","floor":19},{"not_picked":["Slimebound:SplitMire","Slimebound:SplitLeeching+1"],"picked":"Slimebound:PressTheAttack","floor":20},{"not_picked":["Slimebound:DisruptingSlam","Slimebound:OozeBath"],"picked":"Slimebound:PressTheAttack","floor":21},{"not_picked":["Slimebound:AcidTongue+1","Slimebound:LeechEnergy+1"],"picked":"Slimebound:FinishingTackle+1","floor":22}],"player_experience":36342,"relics_obtained":[{"floor":7,"key":"Boot"},{"floor":8,"key":"Meat on the Bone"},{"floor":10,"key":"Lantern"},{"floor":11,"key":"Blue Doll"},{"floor":13,"key":"Ring of Greed"},{"floor":13,"key":"Tiny Chest"},{"floor":13,"key":"Replay:Wax Seal"},{"floor":13,"key":"Ring of Hypnosis"}],"event_choices":[],"is_beta":false,"boss_relics":[{"not_picked":["SacredBark","Replay:Drink Me"],"picked":"Replay:Ancient Bell"},{"not_picked":["MealTicket","Oddly Smooth Stone"],"picked":"Potion Belt"},{"not_picked":["ReplayTheSpireMod:Shallot","White Beast Statue"],"picked":"Matryoshka"},{"not_picked":["Thread and Needle","CaptainsWheel"],"picked":"Unceasing Top"}],"items_purged_floors":[20],"is_endless":false,"potions_floor_spawned":[8,9,10,15],"killed_by":"Replay:Snechameleon","ascension_level":0}}