{"host":"yvb207ks1sg3cxef","time":1609054752,"event":{"mods":["2.2 Compatiblity","BaseMod","Bestiary","Colored Powertips","Minty Spire (QoL Compilation)","Permanent Neow","Quick Restart","Relic Stats","StSLib"],"gold_per_floor":[12,23,23,41,41,41,81,81,81,81,81],"floor_reached":10,"playtime":351,"items_purged":[],"score":125,"play_id":"4d736ac6-ce8e-4b58-b7f6-56163a70505e","local_time":"20201227130912","is_ascension_mode":true,"campfire_choices":[{"data":"Quick Slash","floor":6,"key":"SMITH"},{"data":"Infinite Blades","floor":8,"key":"SMITH"}],"circlet_count":0,"master_deck":["AscendersBane","Strike_G","Strike_G","Strike_G","Strike_G","Strike_G","Defend_G","Defend_G","Defend_G","Defend_G","Defend_G","Survivor","Neutralize","Deflect","Quick Slash+1","Quick Slash+1","Infinite Blades+1"],"relics":["Ring of the Snake","Lizard Tail","Golden Idol","Bottled Flame","The Courier"],"acts_visited":["Exordium"],"potions_floor_usage":[7],"damage_taken":[{"damage":1,"enemies":"2 Louse","floor":1,"turns":5},{"damage":3,"enemies":"Small Slimes","floor":2,"turns":5},{"damage":0,"enemies":"Cultist","floor":4,"turns":3},{"damage":37,"enemies":"Lagavulin","floor":7,"turns":9},{"damage":61,"enemies":"Gremlin Nob","floor":10,"turns":4}],"seed_played":"-7607608552942269326","potions_obtained":[{"floor":2,"key":"LiquidBronze"}],"is_trial":false,"path_per_floor":["M","M","?","M","?","R","E","R","T","E"],"character_chosen":"THE_SILENT","items_purchased":[],"campfire_rested":0,"item_purchase_floors":[],"current_hp_per_floor":[58,55,55,55,55,55,18,18,18,0,0],"gold":81,"neow_bonus":"ONE_RARE_RELIC","is_daily":false,"chose_seed":false,"campfire_upgraded":2,"win_rate":0.0,"timestamp":1609054752,"path_taken":["M","M","?","M","?","R","E","R","T","E"],"items_purchased_type":[],"build_version":"2020-12-22","purchased_purges":0,"victory":false,"max_hp_per_floor":[66,66,66,66,60,60,60,60,60,60,60],"relic_stats":{"Lizard Tail":30,"counters":[5,26],"Golden Idol":8,"obtain_stats":[{"Lizard Tail":0,"Bottled Flame":7,"Golden Idol":5,"The Courier":9,"Ring of the Snake":0},{"Lizard Tail":0,"Bottled Flame":4,"Golden Idol":3,"The Courier":4,"Ring of the Snake":0},{"Lizard Tail":0,"Bottled Flame":22,"Golden Idol":13,"The Courier":22,"Ring of the Snake":0}],"Ring of the Snake":[10]},"card_choices":[{"not_picked":["Prepared","Dodge and Roll"],"picked":"Deflect","floor":1},{"not_picked":["Calculated Gamble","Concentrate"],"picked":"Quick Slash","floor":2},{"not_picked":["Distraction","Catalyst"],"picked":"Quick Slash","floor":4},{"not_picked":["Underhanded Strike","Dagger Throw"],"picked":"Infinite Blades","floor":7}],"player_experience":232929,"relics_obtained":[{"floor":7,"key":"Bottled Flame"},{"floor":9,"key":"The Courier"}],"event_choices":[{"damage_healed":0,"gold_gain":0,"player_choice":"Grow","damage_taken":0,"max_hp_gain":0,"max_hp_loss":0,"event_name":"Living Wall","floor":3,"gold_loss":0,"cards_upgraded":["Quick Slash"]},{"damage_healed":0,"gold_gain":0,"player_choice":"Lose Max HP","damage_taken":0,"relics_obtained":["Golden Idol"],"max_hp_gain":0,"max_hp_loss":6,"event_name":"Golden Idol","floor":5,"gold_loss":0}],"is_beta":false,"boss_relics":[],"items_purged_floors":[],"is_endless":false,"potions_floor_spawned":[2],"killed_by":"Gremlin Nob","ascension_level":18}}