{"host":"vydapxfau6612551","time":1609040719,"event":{"mods":["AchievementEnabler","BaseMod","Minty Spire (QoL Compilation)","StSLib","SuperFastMode"],"gold_per_floor":[110,123,223,240,260,291,307,307,307],"floor_reached":8,"playtime":309,"items_purged":[],"score":84,"play_id":"ede53a08-5cf4-4e76-82b4-d2ff584a5c0e","local_time":"20201227124519","is_ascension_mode":true,"campfire_choices":[],"circlet_count":0,"master_deck":["Strike_R","Strike_R","Strike_R","Strike_R","Strike_R","Defend_R","Defend_R","Defend_R","Defend_R","Bash","Deep Breath","Infernal Blade","Inflame","Sword Boomerang","Disarm","Headbutt","Twin Strike"],"relics":["Burning Blood","Anchor"],"acts_visited":["Exordium"],"potions_floor_usage":[6],"damage_taken":[{"damage":9.0,"enemies":"2 Louse","floor":1.0,"turns":3.0},{"damage":6,"enemies":"Cultist","floor":2,"turns":4},{"damage":3,"enemies":"Small Slimes","floor":4,"turns":3},{"damage":1,"enemies":"Exordium Wildlife","floor":5,"turns":3},{"damage":30,"enemies":"Gremlin Nob","floor":6,"turns":4},{"damage":9,"enemies":"Red Slaver","floor":7,"turns":3},{"damage":50,"enemies":"3 Sentries","floor":8,"turns":4}],"seed_played":"4391281327361674904","potions_obtained":[{"floor":2,"key":"SpeedPotion"},{"floor":4,"key":"BlessingOfTheForge"}],"is_trial":false,"path_per_floor":["M","M","?","M","M","E","M","E"],"character_chosen":"IRONCLAD","items_purchased":[],"campfire_rested":0,"item_purchase_floors":[],"current_hp_per_floor":[69,69,69,72,77,53,50,0,0],"gold":307,"neow_bonus":"RANDOM_COLORLESS","is_daily":false,"chose_seed":false,"campfire_upgraded":0,"win_rate":0.0,"timestamp":1609040719,"path_taken":["M","M","?","M","M","E","M","E"],"items_purchased_type":[],"build_version":"2020-12-22","purchased_purges":0,"victory":false,"max_hp_per_floor":[80,80,80,80,80,80,80,80,80],"card_choices":[{"not_picked":["Madness","Dark Shackles"],"picked":"Deep Breath","floor":0.0},{"not_picked":["Thunderclap","Anger"],"picked":"Infernal Blade","floor":1.0},{"not_picked":["Reckless Charge","Disarm"],"picked":"Inflame","floor":2},{"not_picked":["Thunderclap","Cleave"],"picked":"Sword Boomerang","floor":4},{"not_picked":["Heavy Blade","Clash"],"picked":"Disarm","floor":5},{"not_picked":["Clothesline","Perfected Strike"],"picked":"Headbutt","floor":6},{"not_picked":["Body Slam","Searing Blow"],"picked":"Twin Strike","floor":7}],"player_experience":386832,"relics_obtained":[{"floor":6,"key":"Anchor"}],"event_choices":[{"damage_healed":0,"gold_gain":100,"player_choice":"Pray","damage_taken":0,"max_hp_gain":0,"max_hp_loss":0,"event_name":"Golden Shrine","floor":3,"gold_loss":0}],"is_beta":false,"boss_relics":[],"items_purged_floors":[],"is_endless":false,"potions_floor_spawned":[2,4],"killed_by":"3 Sentries","ascension_level":8}}