{"host":"q79spna8ofw6hj3r","time":1609092544,"event":{"mods":["Aspiration","Bard","BaseMod","Beaked The Cultist","Bestiary","Better Altar","Better Match","Better Note","Better Sensory Stone","Better Skull","Better Third Choice","Better Vampires","BetterRewards","Block Reminder","Challenge The Spire","Colored Map","Colored Powertips","Conspire","Custom Start","Energized Spire","Friendly Minions","Halation","Hubris","Infinite Spire","Jedi Mod","Mimic Mod","Minty Spire (QoL Compilation)","Permanent Neow","Quick Restart","Relic Filter","Relic Sorter","Replay The Spire","Shop Mod","StSLib","SuperFastMode","Synergy Search","The Cursed","The Hierophant","The Runesmith","slay the spire mod where everything is the same but ironclad has a cowboy hat","vexMod"],"gold_per_floor":[116,128,128,303,313,313,346,346,346,346,346,358,358,368,368,368,368],"floor_reached":16,"playtime":435,"items_purged":[],"score":110,"play_id":"e43cb35c-6e5b-4ae7-b822-3cc277b75c4f","local_time":"20201227200904","is_ascension_mode":true,"campfire_choices":[{"data":"Neutralize","floor":6,"key":"SMITH"},{"data":"jedi:pocketpoison","floor":8,"key":"SMITH"},{"floor":10,"key":"REST"},{"data":"Crippling Poison","floor":13,"key":"SMITH"},{"floor":15,"key":"REST"}],"circlet_count":0,"master_deck":["Strike_G","Strike_G","Strike_G","Strike_G","Strike_G","Defend_G","Defend_G","Defend_G","Defend_G","Defend_G","Survivor","Neutralize+1","Doubt","jedi:pocketpoison+1","Crippling Poison+1"],"relics":["Ring of the Snake","Byrd Skull","jedi:matchstick","aspiration:HiddenCompartment","halation:PinkSoulGem"],"acts_visited":["Exordium"],"potions_floor_usage":[7,7],"damage_taken":[{"damage":4,"enemies":"Jaw Worm","floor":1,"turns":5},{"damage":0,"enemies":"Small Slimes","floor":2,"turns":3},{"damage":2,"enemies":"2 Louse","floor":5,"turns":3},{"damage":24,"enemies":"Lagavulin","floor":7,"turns":11},{"damage":1,"enemies":"Blue Slaver","floor":12,"turns":5},{"damage":2,"enemies":"3 Louse","floor":14,"turns":3},{"damage":70,"enemies":"Fading Forest","floor":16,"turns":11}],"seed_played":"5191548051295858327","potions_obtained":[{"floor":1,"key":"Fire Potion"},{"floor":2,"key":"Venom Potion"},{"floor":12,"key":"Venom Potion"}],"is_trial":false,"path_per_floor":["M","M","?","?","M","R","E","R","T","R","?","M","R","M","R","B"],"character_chosen":"THE_SILENT","items_purchased":[],"campfire_rested":2,"item_purchase_floors":[],"current_hp_per_floor":[45,45,45,45,43,43,19,19,19,40,40,39,39,37,58,0,0],"gold":368,"neow_bonus":"ONE_RARE_RELIC","is_daily":false,"chose_seed":false,"campfire_upgraded":3,"win_rate":0.0,"timestamp":1609092544,"path_taken":["M","M","?","?","?","R","E","R","T","R","?","M","R","M","R","BOSS"],"items_purchased_type":[],"build_version":"2020-12-22","purchased_purges":0,"victory":false,"max_hp_per_floor":[70,70,70,70,70,70,70,70,70,70,70,70,70,70,70,70,70],"card_choices":[{"not_picked":["Sneak Up","Choke","Acrobatics"],"picked":"SKIP","floor":1},{"not_picked":["hubris:SlightOfHand","Terror","Underhanded Strike"],"picked":"SKIP","floor":2},{"not_picked":["Draining Mist","Acrobatics","Masterful Stab"],"picked":"SKIP","floor":5},{"not_picked":["Dagger Spray","Fluid Movement"],"picked":"jedi:pocketpoison","floor":7},{"not_picked":["Flying Knee","Cloak And Dagger"],"picked":"Crippling Poison","floor":12},{"not_picked":["Sucker Punch","PiercingWail","Underhanded Strike"],"picked":"SKIP","floor":14}],"player_experience":197317,"relics_obtained":[{"floor":7,"key":"jedi:matchstick"},{"floor":9,"key":"aspiration:HiddenCompartment"}],"event_choices":[{"damage_healed":0,"gold_gain":0,"player_choice":"Leave","damage_taken":0,"max_hp_gain":0,"max_hp_loss":0,"event_name":"conspire:Investor","floor":3,"gold_loss":0},{"damage_healed":0,"gold_gain":175,"player_choice":"AGREE","damage_taken":128,"max_hp_gain":0,"max_hp_loss":0,"event_name":"betterThird:BetterSerpent","floor":4,"gold_loss":0}],"is_beta":false,"boss_relics":[],"items_purged_floors":[],"is_endless":false,"potions_floor_spawned":[1,2,12],"killed_by":"Fading Forest","ascension_level":2}}