{"host":"xcuflocadasoaqda","time":1609028917,"event":{"mods":["BaseMod","Bestiary","Filter the Spire","Minty Spire (QoL Compilation)","Relic Stats"],"gold_per_floor":[119,119,30,30,42,42,70,70,95,107,124,124,134,167,167,244,244,262,262,275,275,290,317,341,371,371,406,423,455,468,383,383,459,459,474,499,343,343,343,370,385,421,444,6,25,25,49,68,68,68,68,68,68,48,92,92],"floor_reached":57,"playtime":3327,"items_purged":["Dagger Spray","Terror"],"score":3075,"play_id":"2838e2c3-bf34-46ac-b1cc-a0d0abf1a535","local_time":"20201226182837","is_ascension_mode":true,"campfire_choices":[{"data":"Noxious Fumes","floor":6.0,"key":"SMITH"},{"data":"Catalyst","floor":8.0,"key":"SMITH"},{"floor":12.0,"key":"REST"},{"data":"Malaise","floor":15.0,"key":"SMITH"},{"data":"Wraith Form v2","floor":32.0,"key":"SMITH"},{"floor":46.0,"key":"RECALL"},{"data":"Distraction","floor":49.0,"key":"SMITH"},{"data":"Distraction","floor":53.0,"key":"SMITH"}],"circlet_count":0,"master_deck":["AscendersBane","Survivor","Neutralize","Caltrops","Catalyst+1","Distraction+1","Distraction+1","Malaise+1","Noxious Fumes+1","Crippling Poison+1","Backflip+1","Blur+1","Blur+1","Doppelganger+1","PiercingWail+1","Leg Sweep+1","Deadly Poison+1","Wraith Form v2+1","Adrenaline+1","Leg Sweep+1","Footwork+1","Bouncing Flask+1","Bouncing Flask+1","Acrobatics+1","Calculated Gamble+1","Calculated Gamble+1","Catalyst+1","Parasite","Dodge and Roll+1","Venomology+1"],"relics":["Pandora\u0027s Box","Ancient Tea Set","Toxic Egg 2","Regal Pillow","Dream Catcher","Runic Dome","Tough Bandages","Oddly Smooth Stone","Calipers","Meat on the Bone","White Beast Statue","Lantern","Bronze Scales","Empty Cage","Tingsha","Bottled Lightning","CeramicFish","FossilizedHelix","Nunchaku"],"acts_visited":["Exordium","TheCity","TheBeyond","TheEnding"],"potions_floor_usage":[56],"damage_taken":[{"damage":0.0,"enemies":"Small Slimes","floor":1.0,"turns":2.0},{"damage":6.0,"enemies":"2 Louse","floor":5.0,"turns":2.0},{"damage":29.0,"enemies":"Gremlin Nob","floor":7.0,"turns":4.0},{"damage":0.0,"enemies":"Cultist","floor":10.0,"turns":2.0},{"damage":11.0,"enemies":"Large Slime","floor":11.0,"turns":5.0},{"damage":0.0,"enemies":"2 Fungi Beasts","floor":13.0,"turns":2.0},{"damage":18.0,"enemies":"3 Sentries","floor":14.0,"turns":7.0},{"damage":0.0,"enemies":"The Guardian","floor":16.0,"turns":8.0},{"damage":0.0,"enemies":"Spheric Guardian","floor":18.0,"turns":3.0},{"damage":1.0,"enemies":"3 Byrds","floor":20.0,"turns":4.0},{"damage":1.0,"enemies":"Centurion and Healer","floor":22.0,"turns":7.0},{"damage":14.0,"enemies":"Book of Stabbing","floor":23.0,"turns":6.0},{"damage":8.0,"enemies":"Gremlin Leader","floor":25.0,"turns":8.0},{"damage":15.0,"enemies":"Book of Stabbing","floor":27.0,"turns":6.0},{"damage":0.0,"enemies":"Snake Plant","floor":28.0,"turns":5.0},{"damage":3.0,"enemies":"Slavers","floor":29.0,"turns":4.0},{"damage":15.0,"enemies":"Shelled Parasite and Fungi","floor":30.0,"turns":4.0},{"damage":0.0,"enemies":"Champ","floor":33.0,"turns":11.0},{"damage":0.0,"enemies":"3 Shapes","floor":35.0,"turns":5.0},{"damage":0.0,"enemies":"Mind Bloom Boss Battle","floor":36.0,"turns":6.0},{"damage":6.0,"enemies":"Reptomancer","floor":40.0,"turns":6.0},{"damage":27.0,"enemies":"3 Darklings","floor":41.0,"turns":4.0},{"damage":0.0,"enemies":"Giant Head","floor":42.0,"turns":7.0},{"damage":0.0,"enemies":"4 Shapes","floor":45.0,"turns":4.0},{"damage":0.0,"enemies":"Spire Growth","floor":47.0,"turns":4.0},{"damage":0.0,"enemies":"Writhing Mass","floor":48.0,"turns":3.0},{"damage":9.0,"enemies":"Time Eater","floor":50.0,"turns":6.0},{"damage":12.0,"enemies":"Donu and Deca","floor":51.0,"turns":6.0},{"damage":0.0,"enemies":"Shield and Spear","floor":55.0,"turns":9.0},{"damage":43,"enemies":"The Heart","floor":56,"turns":7}],"seed_played":"-5615892871060974414","potions_obtained":[{"floor":10.0,"key":"SteroidPotion"},{"floor":13.0,"key":"PowerPotion"},{"floor":14.0,"key":"LiquidBronze"},{"floor":22.0,"key":"LiquidBronze"},{"floor":23.0,"key":"Poison Potion"},{"floor":28.0,"key":"GhostInAJar"},{"floor":29.0,"key":"PowerPotion"},{"floor":40.0,"key":"Regen Potion"},{"floor":42.0,"key":"EntropicBrew"},{"floor":47.0,"key":"Dexterity Potion"},{"floor":55.0,"key":"SpeedPotion"}],"is_trial":false,"path_per_floor":["M","?","$","?","M","R","E","R","T","M","M","R","M","E","R","B",null,"M","?","M","?","M","E","T","E","T","E","M","E","M","?","R","B",null,"M","?","$","?","?","E","M","E","T","$","M","R","M","M","R","B","B",null,"R","$","E","B",null],"character_chosen":"THE_SILENT","items_purchased":["Noxious Fumes","Bouncing Flask+1","FossilizedHelix","Dodge and Roll+1"],"campfire_rested":1,"item_purchase_floors":[3,37,44,54],"current_hp_per_floor":[59,59,59,59,53,53,24,24,24,24,13,47,47,29,29,29,57,57,57,56,56,55,41,41,33,33,30,42,39,36,36,36,36,59,59,59,59,59,59,53,38,38,38,38,38,38,52,52,52,43,43,60,60,60,60,29],"gold":92,"neow_bonus":"BOSS_RELIC","is_daily":false,"chose_seed":false,"campfire_upgraded":6,"win_rate":0.0,"timestamp":1609028917,"path_taken":["M","?","$","?","?","R","E","R","T","M","M","R","M","E","R","BOSS","M","?","M","?","M","E","?","E","T","E","M","E","M","?","R","BOSS","M","?","$","?","?","E","M","E","T","$","M","R","M","M","R","BOSS","BOSS","R","$","E","BOSS"],"items_purchased_type":["Card","Card","Relic","Card"],"build_version":"2020-12-22","purchased_purges":2,"victory":true,"max_hp_per_floor":[66,66,66,66,66,66,66,66,66,66,66,66,66,66,66,66,66,66,66,66,66,66,66,66,66,66,66,66,66,66,66,66,66,66,66,66,66,66,66,66,66,66,66,66,66,66,66,66,66,66,66,66,66,66,66,66],"relic_stats":{"Regal Pillow":15,"Dream Catcher":0,"Tough Bandages":[213],"Nunchaku":[0],"counters":[30,157],"Bronze Scales":[351],"CeramicFish":54,"Pandora\u0027s Box":["Caltrops","All Out Attack","Catalyst","Terror","Underhanded Strike","Distraction","Infinite Blades","Distraction","Choke","Malaise"],"Tingsha":[108],"obtain_stats":[{"Regal Pillow":9,"Lantern":29,"Calipers":25,"CeramicFish":42,"Oddly Smooth Stone":24,"Tingsha":36,"Ancient Tea Set":4,"Empty Cage":34,"White Beast Statue":27,"Runic Dome":17,"Dream Catcher":14,"Tough Bandages":23,"Nunchaku":55,"Bronze Scales":31,"Pandora\u0027s Box":0,"Bottled Lightning":40,"Toxic Egg 2":7,"FossilizedHelix":44,"Ring of the Snake":0,"Meat on the Bone":26},{"Regal Pillow":3,"Lantern":16,"Calipers":13,"CeramicFish":23,"Oddly Smooth Stone":12,"Tingsha":20,"Ancient Tea Set":1,"Empty Cage":18,"White Beast Statue":14,"Runic Dome":8,"Dream Catcher":7,"Tough Bandages":12,"Nunchaku":29,"Bronze Scales":17,"Pandora\u0027s Box":0,"Bottled Lightning":21,"Toxic Egg 2":3,"FossilizedHelix":23,"Ring of the Snake":0,"Meat on the Bone":13},{"Regal Pillow":8,"Lantern":75,"Calipers":60,"CeramicFish":118,"Oddly Smooth Stone":52,"Tingsha":101,"Ancient Tea Set":2,"Empty Cage":90,"White Beast Statue":66,"Runic Dome":32,"Dream Catcher":24,"Tough Bandages":52,"Nunchaku":150,"Bronze Scales":79,"Pandora\u0027s Box":0,"Bottled Lightning":107,"Toxic Egg 2":8,"FossilizedHelix":118,"Ring of the Snake":0,"Meat on the Bone":60}],"Meat on the Bone":72},"card_choices":[{"not_picked":["Dagger Throw","Riddle With Holes"],"picked":"Predator","floor":1.0},{"not_picked":["Prepared","Underhanded Strike"],"picked":"Dagger Spray","floor":5.0},{"not_picked":["Dagger Spray","Storm of Steel+1"],"picked":"Crippling Poison+1","floor":7.0},{"not_picked":["Sucker Punch","Reflex+1"],"picked":"Backflip+1","floor":10.0},{"not_picked":["Blade Dance+1","Slice","Dagger Spray"],"picked":"SKIP","floor":11.0},{"not_picked":["Finisher","Acrobatics+1"],"picked":"Blur+1","floor":13.0},{"not_picked":["Bane","Dagger Throw"],"picked":"Blur+1","floor":14.0},{"not_picked":["Glass Knife","Storm of Steel+1"],"picked":"Doppelganger+1","floor":16.0},{"not_picked":["Sucker Punch+1","Concentrate+1"],"picked":"PiercingWail+1","floor":18.0},{"not_picked":["Acrobatics+1","Dagger Spray"],"picked":"Leg Sweep+1","floor":20.0},{"not_picked":["Noxious Fumes","Backstab","Dagger Spray"],"picked":"SKIP","floor":22.0},{"not_picked":["Noxious Fumes","Backstab","Dagger Spray"],"picked":"SKIP","floor":22.0},{"not_picked":["Quick Slash","Slice","Flechettes"],"picked":"SKIP","floor":23.0},{"not_picked":["Flying Knee","Underhanded Strike"],"picked":"Deadly Poison+1","floor":25.0},{"not_picked":["Cloak And Dagger+1","Sucker Punch+1","Accuracy"],"picked":"SKIP","floor":27.0},{"not_picked":["PiercingWail+1","Cloak And Dagger+1"],"picked":"Wraith Form v2","floor":28.0},{"not_picked":["Dagger Spray","Slice","Infinite Blades"],"picked":"SKIP","floor":29.0},{"not_picked":["Flying Knee","Dagger Throw","Bane"],"picked":"SKIP","floor":30.0},{"not_picked":["Storm of Steel+1","Wraith Form v2"],"picked":"Adrenaline+1","floor":33.0},{"not_picked":["Backstab","Underhanded Strike"],"picked":"Leg Sweep+1","floor":35.0},{"not_picked":["Eviscerate","Dagger Spray"],"picked":"Footwork","floor":36.0},{"not_picked":["PiercingWail+1","Flechettes+1"],"picked":"Bouncing Flask+1","floor":40.0},{"not_picked":["Distraction+1","PiercingWail+1"],"picked":"Acrobatics+1","floor":41.0},{"not_picked":["Terror+1","Cloak And Dagger+1"],"picked":"Calculated Gamble+1","floor":42.0},{"not_picked":["Terror+1","Dagger Spray"],"picked":"Calculated Gamble+1","floor":45.0},{"not_picked":["Underhanded Strike","Deadly Poison+1"],"picked":"Catalyst+1","floor":47.0},{"not_picked":["Quick Slash+1","Underhanded Strike","Dagger Spray"],"picked":"SKIP","floor":48.0},{"not_picked":["Dagger Throw","Die Die Die"],"picked":"Venomology+1","floor":55.0}],"player_experience":1780143,"relics_obtained":[{"floor":7.0,"key":"Toxic Egg 2"},{"floor":9.0,"key":"Regal Pillow"},{"floor":14.0,"key":"Dream Catcher"},{"floor":23.0,"key":"Tough Bandages"},{"floor":24.0,"key":"Oddly Smooth Stone"},{"floor":25.0,"key":"Calipers"},{"floor":26.0,"key":"Meat on the Bone"},{"floor":27.0,"key":"White Beast Statue"},{"floor":29.0,"key":"Lantern"},{"floor":36.0,"key":"Tingsha"},{"floor":40.0,"key":"Bottled Lightning"},{"floor":42.0,"key":"CeramicFish"},{"floor":55.0,"key":"Nunchaku"}],"event_choices":[{"cards_removed":["Infinite Blades"],"damage_healed":0.0,"max_hp_gain":0.0,"max_hp_loss":0.0,"gold_gain":0.0,"event_name":"Living Wall","player_choice":"Forget","floor":2.0,"gold_loss":0.0,"damage_taken":0.0},{"cards_removed":["Predator"],"damage_healed":0.0,"max_hp_gain":0.0,"max_hp_loss":0.0,"gold_gain":0.0,"event_name":"WeMeetAgain","player_choice":"Gave Card","floor":4.0,"gold_loss":0.0,"damage_taken":0.0,"relics_obtained":["Ancient Tea Set"]},{"cards_removed":["Underhanded Strike"],"damage_healed":0.0,"max_hp_gain":0.0,"max_hp_loss":0.0,"gold_gain":0.0,"event_name":"Back to Basics","player_choice":"Elegance","floor":19.0,"gold_loss":0.0,"damage_taken":0.0},{"damage_healed":0.0,"max_hp_gain":0.0,"max_hp_loss":0.0,"gold_gain":0.0,"event_name":"Cursed Tome","player_choice":"Ignored","floor":21.0,"gold_loss":0.0,"damage_taken":0.0},{"damage_healed":0.0,"max_hp_gain":0.0,"max_hp_loss":0.0,"gold_gain":0.0,"event_name":"Addict","player_choice":"Obtained Relic","floor":31.0,"gold_loss":85.0,"damage_taken":0.0,"relics_obtained":["Bronze Scales"]},{"damage_healed":0.0,"max_hp_gain":0.0,"max_hp_loss":0.0,"gold_gain":0.0,"event_name":"MindBloom","player_choice":"Fight","floor":36.0,"gold_loss":0.0,"damage_taken":0.0},{"damage_healed":0.0,"max_hp_gain":0.0,"max_hp_loss":0.0,"gold_gain":0.0,"event_name":"SensoryStone","player_choice":"Memory 1","floor":38.0,"gold_loss":0.0,"damage_taken":0.0},{"damage_healed":0.0,"max_hp_gain":0.0,"max_hp_loss":0.0,"gold_gain":0.0,"event_name":"Upgrade Shrine","player_choice":"Upgraded","floor":39.0,"gold_loss":0.0,"damage_taken":0.0,"cards_upgraded":["Footwork"]}],"is_beta":false,"boss_relics":[{"not_picked":["Velvet Choker","Calling Bell"],"picked":"Runic Dome"},{"not_picked":["Busted Crown","Sozu"],"picked":"Empty Cage"}],"items_purged_floors":[37,44],"is_endless":false,"potions_floor_spawned":[10,13,14,22,23,25,28,29,30,33,35,36,40,41,42,45,47,48,55],"ascension_level":20}}