{"host":"0e3sjn8nzeyxegex","time":1609082294,"event":{"mods":["Act Like it!","AlwaysNeverKeys","BaseMod","Better Altar","Better Note","Better Sensory Stone","Better Skull","Better Third Choice","Better Vampires","Colored Map","Friendly Minions","Minty Spire (QoL Compilation)","Permanent Neow","Quick Restart","StSLib","The Alterego"],"gold_per_floor":[116,135,151,163,19,19,49,49,49,78,78,78,78,92,92,163,163,179,164,183,233,233,259,259,291,314,325,325,358,358,374,374,453,453,468,478,171,196,196,196,221,221,221,238,264,0,16,68,68,68],"floor_reached":51,"playtime":3529,"items_purged":["alterego_mod:Bunnysuit"],"score":1523,"play_id":"9fd22e11-f870-47db-8738-c3415480f5b8","local_time":"20201227101814","is_ascension_mode":true,"campfire_choices":[{"data":"alterego_mod:BigMeatyClaws","floor":6,"key":"SMITH"},{"data":"alterego_mod:ChallengeComplete","floor":11,"key":"SMITH"},{"data":"Choke","floor":13,"key":"SMITH"},{"data":"alterego_mod:ChallengeComplete","floor":15,"key":"SMITH"},{"data":"alterego_mod:Belts","floor":24,"key":"SMITH"},{"data":"alterego_mod:Tantrum","floor":28,"key":"SMITH"},{"data":"alterego_mod:Birthday","floor":32,"key":"SMITH"},{"data":"alterego_mod:Weigh","floor":40,"key":"SMITH"},{"data":"alterego_mod:PresenceConcealment","floor":42,"key":"SMITH"},{"floor":49,"key":"REST"}],"circlet_count":0,"master_deck":["AscendersBane","alterego_mod:Strike","alterego_mod:Strike","alterego_mod:Strike","alterego_mod:Defend","alterego_mod:Defend","alterego_mod:Defend","alterego_mod:Defend","alterego_mod:BigMeatyClaws+1","alterego_mod:BrynhildrsRune","alterego_mod:SakuraLabyrinth","alterego_mod:DestructionOfProperty","alterego_mod:ChallengeComplete+1","alterego_mod:Bounce","alterego_mod:GoddessCore+1","Choke+1","alterego_mod:ChallengeComplete+1","alterego_mod:Tantrum+1","alterego_mod:Schoolgirl+1","alterego_mod:Belts+1","Necronomicurse","alterego_mod:Birthday+1","alterego_mod:BiFurious+1","alterego_mod:1TonWallop","alterego_mod:AlterEgo","alterego_mod:BrynhildrRomantia","alterego_mod:PresenceConcealment+1","alterego_mod:Collar","alterego_mod:Weigh+1","alterego_mod:1TonWallop+1","alterego_mod:PerceptionDisorder","alterego_mod:1TonWallop","alterego_mod:Belts","alterego_mod:MagicResistance+1","alterego_mod:Rake+1","alterego_mod:PerceptionDisorder","alterego_mod:Smother+1","alterego_mod:BiFurious+1","alterego_mod:Rake+1"],"relics":["alterego_mod:MasochisticConstitution","Membership Card","Odd Mushroom","Strawberry","Dream Catcher","InkBottle","Runic Dome","Necronomicon","Anchor","Pear","Omamori","MealTicket","Prayer Wheel","Snecko Eye","Orrery","Mercury Hourglass","Shovel","Molten Egg 2","Lizard Tail","Ice Cream","Nunchaku","Mango"],"acts_visited":["Exordium","TheCity","TheBeyond"],"potions_floor_usage":[7,14,23,23,23,33,45,45,50,50],"damage_taken":[{"damage":1.0,"enemies":"2 Louse","floor":1.0,"turns":5.0},{"damage":2.0,"enemies":"Jaw Worm","floor":2.0,"turns":10.0},{"damage":6.0,"enemies":"Cultist","floor":3.0,"turns":9.0},{"damage":18,"enemies":"Large Slime","floor":4,"turns":21},{"damage":14,"enemies":"The Mushroom Lair","floor":7,"turns":7},{"damage":24,"enemies":"Lagavulin","floor":10,"turns":9},{"damage":4,"enemies":"2 Fungi Beasts","floor":14,"turns":4},{"damage":21,"enemies":"Hexaghost","floor":16,"turns":9},{"damage":6,"enemies":"Spheric Guardian","floor":18,"turns":3},{"damage":20,"enemies":"2 Thieves","floor":19,"turns":4},{"damage":18,"enemies":"Snake Plant","floor":20,"turns":6},{"damage":0,"enemies":"Book of Stabbing","floor":23,"turns":3},{"damage":30,"enemies":"Slavers","floor":25,"turns":10},{"damage":0,"enemies":"Shelled Parasite and Fungi","floor":27,"turns":2},{"damage":10,"enemies":"Gremlin Leader","floor":29,"turns":5},{"damage":0,"enemies":"Centurion and Healer","floor":31,"turns":4},{"damage":0,"enemies":"Automaton","floor":33,"turns":6},{"damage":0,"enemies":"Orb Walker","floor":35,"turns":2},{"damage":0,"enemies":"3 Darklings","floor":36,"turns":6},{"damage":0,"enemies":"Mind Bloom Boss Battle","floor":38,"turns":2},{"damage":8,"enemies":"Giant Head","floor":41,"turns":5},{"damage":2,"enemies":"Transient","floor":44,"turns":5},{"damage":0,"enemies":"Reptomancer","floor":45,"turns":2},{"damage":7,"enemies":"Jaw Worm Horde","floor":47,"turns":3},{"damage":17,"enemies":"2 Orb Walkers","floor":48,"turns":3},{"damage":47,"enemies":"Time Eater","floor":50,"turns":4}],"seed_played":"-770446195576653526","potions_obtained":[{"floor":1.0,"key":"LiquidBronze"},{"floor":4,"key":"Swift Potion"},{"floor":7,"key":"Fruit Juice"},{"floor":14,"key":"EntropicBrew"},{"floor":20,"key":"PowerPotion"},{"floor":25,"key":"DuplicationPotion"},{"floor":36,"key":"LiquidMemories"},{"floor":38,"key":"LiquidMemories"}],"is_trial":false,"path_per_floor":["M","M","M","M","$","R","?","?","T","E","R","?","R","M","R","B",null,"M","M","M","?","?","E","R","E","T","M","R","E","T","M","R","B",null,"M","M","$","?","?","R","E","R","T","M","E","$","M","?","R","B",null],"character_chosen":"The_Alterego","items_purchased":["Membership Card","alterego_mod:Weigh","Orrery","Mercury Hourglass","CultistPotion","Ancient Potion","alterego_mod:Rake+1","Nunchaku","alterego_mod:PerceptionDisorder"],"campfire_rested":1,"item_purchase_floors":[5,37,37,37,46,46,46,46,46],"current_hp_per_floor":[58,64,66,63,63,63,64,63,63,47,47,47,47,49,49,36,73,68,49,39,39,18,39,39,41,41,43,43,36,36,38,38,41,85,85,88,100,100,100,100,101,101,101,100,105,105,99,107,124,78],"gold":68,"neow_bonus":"REMOVE_TWO","is_daily":false,"chose_seed":false,"campfire_upgraded":9,"win_rate":0.0,"timestamp":1609082294,"path_taken":["M","M","M","M","$","R","?","?","T","E","R","?","R","?","R","BOSS","M","M","M","?","?","E","R","E","T","M","R","E","?","?","R","BOSS","M","M","$","?","?","R","E","R","T","M","E","$","M","?","R","BOSS"],"items_purchased_type":["Relic","Card","Relic","Relic","Potion","Potion","Card","Relic","Card"],"build_version":"2020-12-22","purchased_purges":1,"victory":true,"max_hp_per_floor":[66,67,68,69,69,69,70,77,77,78,78,78,78,84,84,85,85,86,87,88,88,88,88,88,99,99,99,99,100,100,100,100,100,100,100,100,100,100,100,100,101,101,101,102,105,105,106,124,124,125],"card_choices":[{"not_picked":["alterego_mod:GachaTicket","alterego_mod:Lingerie"],"picked":"alterego_mod:SakuraLabyrinth","floor":1.0},{"not_picked":["alterego_mod:IndependentAction","alterego_mod:Skirt"],"picked":"alterego_mod:DestructionOfProperty","floor":2.0},{"not_picked":["alterego_mod:Punishment","alterego_mod:Table"],"picked":"alterego_mod:ChallengeComplete","floor":3.0},{"not_picked":["alterego_mod:Schoolgirl","alterego_mod:Undulate"],"picked":"alterego_mod:Bounce","floor":4},{"not_picked":["alterego_mod:Rip","alterego_mod:DustData"],"picked":"alterego_mod:GoddessCore","floor":7},{"not_picked":["alterego_mod:Maid","alterego_mod:Complex"],"picked":"alterego_mod:Bunnysuit","floor":10},{"not_picked":["alterego_mod:Swimsuit","alterego_mod:Cycle"],"picked":"alterego_mod:ChallengeComplete","floor":14},{"not_picked":["alterego_mod:RingBreak","alterego_mod:Palingenesis"],"picked":"alterego_mod:Tantrum","floor":16},{"not_picked":["alterego_mod:Rip","alterego_mod:Complex+1","alterego_mod:Punishment"],"picked":"SKIP","floor":18},{"not_picked":["alterego_mod:Belle","alterego_mod:Punishment+1"],"picked":"alterego_mod:Schoolgirl+1","floor":19},{"not_picked":["alterego_mod:Cooking","alterego_mod:BustOut"],"picked":"alterego_mod:Belts","floor":20},{"not_picked":["alterego_mod:Rip","alterego_mod:DestructionOfProperty","alterego_mod:HighServant"],"picked":"SKIP","floor":23},{"not_picked":["alterego_mod:DustData","alterego_mod:IndependentAction+1"],"picked":"alterego_mod:Birthday","floor":25},{"not_picked":["alterego_mod:SakuraFive","alterego_mod:MaintainEyeContact"],"picked":"alterego_mod:BiFurious+1","floor":27},{"not_picked":["alterego_mod:MagicResistance","alterego_mod:Cushion"],"picked":"alterego_mod:1TonWallop","floor":29},{"not_picked":["alterego_mod:Stockings","alterego_mod:Santa"],"picked":"alterego_mod:AlterEgo","floor":31},{"not_picked":["alterego_mod:Rip","alterego_mod:1TonWallop","alterego_mod:DiscoLights"],"picked":"SKIP","floor":31},{"not_picked":["alterego_mod:ClassAdvantage","alterego_mod:Vow"],"picked":"alterego_mod:BrynhildrRomantia","floor":33},{"not_picked":["alterego_mod:Bloomers","alterego_mod:Schoolgirl"],"picked":"alterego_mod:PresenceConcealment","floor":35},{"not_picked":["alterego_mod:Maid","alterego_mod:Cycle","alterego_mod:Support"],"picked":"SKIP","floor":35},{"not_picked":["alterego_mod:Bloomers","alterego_mod:MagicResistance"],"picked":"alterego_mod:Collar","floor":36},{"not_picked":["alterego_mod:Support","alterego_mod:BreastValley","alterego_mod:Complex"],"picked":"SKIP","floor":36},{"not_picked":["alterego_mod:Rip","alterego_mod:Punishment+1"],"picked":"alterego_mod:1TonWallop+1","floor":37},{"not_picked":["alterego_mod:Tantrum","alterego_mod:Undulate"],"picked":"alterego_mod:PerceptionDisorder","floor":37},{"not_picked":["alterego_mod:HighServant","alterego_mod:Complex"],"picked":"alterego_mod:1TonWallop","floor":37},{"not_picked":["alterego_mod:IndependentAction","alterego_mod:TrashNCrash"],"picked":"alterego_mod:Belts","floor":38},{"not_picked":["alterego_mod:PresenceConcealment","alterego_mod:Vow","alterego_mod:Bounce+1"],"picked":"SKIP","floor":41},{"not_picked":["alterego_mod:Support","alterego_mod:BustOut"],"picked":"alterego_mod:MagicResistance+1","floor":44},{"not_picked":["alterego_mod:Smother","alterego_mod:Complex+1","alterego_mod:DiscoLights"],"picked":"SKIP","floor":44},{"not_picked":["alterego_mod:BreastValley","alterego_mod:Santa","alterego_mod:Bloomers+1"],"picked":"SKIP","floor":45},{"not_picked":["alterego_mod:Punishment","alterego_mod:Cooking+1"],"picked":"alterego_mod:Smother+1","floor":47},{"not_picked":["alterego_mod:MagicResistance","alterego_mod:Undulate","alterego_mod:SakuraPetals+1"],"picked":"SKIP","floor":47},{"not_picked":["alterego_mod:Cooking","alterego_mod:BustOut+1"],"picked":"alterego_mod:BiFurious+1","floor":48},{"not_picked":["alterego_mod:BoobPocket","alterego_mod:GoddessCore+1"],"picked":"alterego_mod:Rake+1","floor":49}],"player_experience":1135776,"relics_obtained":[{"floor":7,"key":"Odd Mushroom"},{"floor":9,"key":"Dream Catcher"},{"floor":10,"key":"InkBottle"},{"floor":22,"key":"Necronomicon"},{"floor":23,"key":"Anchor"},{"floor":25,"key":"Pear"},{"floor":26,"key":"Omamori"},{"floor":29,"key":"MealTicket"},{"floor":30,"key":"Prayer Wheel"},{"floor":38,"key":"Shovel"},{"floor":41,"key":"Molten Egg 2"},{"floor":43,"key":"Lizard Tail"},{"floor":45,"key":"Ice Cream"},{"floor":48,"key":"Mango"}],"event_choices":[{"damage_healed":0,"gold_gain":0,"player_choice":"Fought Mushrooms","damage_taken":0,"max_hp_gain":0,"max_hp_loss":0,"event_name":"Mushrooms","floor":7,"gold_loss":0},{"damage_healed":0,"gold_gain":0,"player_choice":"Forge","damage_taken":0,"max_hp_gain":0,"max_hp_loss":0,"event_name":"Accursed Blacksmith","floor":12,"gold_loss":0,"cards_upgraded":["alterego_mod:GoddessCore"]},{"damage_healed":0,"gold_gain":50,"player_choice":"Steal","damage_taken":0,"max_hp_gain":0,"max_hp_loss":0,"event_name":"betterThird:BetterNest","floor":21,"gold_loss":0},{"damage_healed":0,"gold_gain":0,"player_choice":"Obtained Book","damage_taken":21,"max_hp_gain":0,"max_hp_loss":0,"event_name":"Cursed Tome","floor":22,"gold_loss":0},{"damage_healed":0,"gold_gain":0,"player_choice":"Fight","damage_taken":0,"max_hp_gain":0,"max_hp_loss":0,"event_name":"MindBloom","floor":38,"gold_loss":0},{"damage_healed":0,"gold_gain":3,"player_choice":"1","damage_taken":0,"max_hp_gain":0,"max_hp_loss":0,"event_name":"betterStone:BetterStone","floor":39,"gold_loss":0},{"damage_healed":0,"gold_gain":0,"player_choice":"Fight","damage_taken":0,"max_hp_gain":0,"max_hp_loss":0,"event_name":"Mysterious Sphere","floor":48,"gold_loss":0}],"is_beta":false,"boss_relics":[{"not_picked":["Tiny House","Calling Bell"],"picked":"Runic Dome"},{"not_picked":["Busted Crown","Fusion Hammer"],"picked":"Snecko Eye"}],"items_purged_floors":[37],"is_endless":false,"potions_floor_spawned":[1,4,7,14,19,20,25,29,36,38,44],"ascension_level":15}}