{"host":"q79spna8ofw6hj3r","time":1609035892,"event":{"mods":["Aspiration","Bard","BaseMod","Beaked The Cultist","Bestiary","Better Altar","Better Match","Better Note","Better Sensory Stone","Better Skull","Better Third Choice","Better Vampires","BetterRewards","Block Reminder","Challenge The Spire","Colored Map","Colored Powertips","Conspire","Custom Start","Energized Spire","Friendly Minions","Halation","Hubris","Infinite Spire","Jedi Mod","Mimic Mod","Minty Spire (QoL Compilation)","Permanent Neow","Quick Restart","Relic Filter","Relic Sorter","Replay The Spire","Shop Mod","StSLib","SuperFastMode","Synergy Search","The Cursed","The Hierophant","The Runesmith","slay the spire mod where everything is the same but ironclad has a cowboy hat","vexMod"],"gold_per_floor":[130,192,204,130,157,169,201,213,278,315,327,369,394,196,196,196,196],"floor_reached":16,"playtime":546,"items_purged":["Voices"],"score":137,"play_id":"67236c5f-df0f-40cf-8fe5-227b26405ff9","local_time":"20201227042452","is_ascension_mode":true,"campfire_choices":[{"data":"Body Slam","floor":6,"key":"SMITH"},{"data":"ReplayReversal","floor":8,"key":"SMITH"},{"floor":11,"key":"REST"},{"data":"Armaments","floor":15,"key":"SMITH"}],"circlet_count":0,"master_deck":["Strike_R","Strike_R","Strike_R","Strike_R","Strike_R","Defend_R","Defend_R","Defend_R","Defend_R","Bash","Body Slam+1","Shrug It Off","ReplayReversal+1","Decay","Entrench","Armaments+1","Armaments"],"relics":["Burning Blood","Ring of Greed","Blue Doll","Replay:Wax Seal","Ring of Searing","Spirit Poop","hubris:SlimyHat","jedi:ironblood","Replay:Bottled Steam","MerchantsRug"],"acts_visited":["Exordium"],"potions_floor_usage":[12,13,16],"damage_taken":[{"damage":0.0,"enemies":"2 Louse","floor":1.0,"turns":3.0},{"damage":21,"enemies":"conspire:RoseBush","floor":4,"turns":5},{"damage":8,"enemies":"Cultist","floor":5,"turns":4},{"damage":13,"enemies":"Large Slime","floor":7,"turns":7},{"damage":35,"enemies":"Replay:BlueRogue","floor":10,"turns":6},{"damage":31,"enemies":"Lagavulin","floor":12,"turns":4},{"damage":19,"enemies":"Looter","floor":13,"turns":3},{"damage":36,"enemies":"Slime Boss","floor":16,"turns":9}],"seed_played":"3604656248052675830","potions_obtained":[{"floor":1.0,"key":"Death Potion"},{"floor":5,"key":"BloodPotion"},{"floor":13,"key":"Adrenaline Potion"}],"is_trial":false,"path_per_floor":["M","?","?","M","M","R","M","R","T","E","R","E","M","$","R","B"],"character_chosen":"IRONCLAD","items_purchased":["MerchantsRug","Armaments"],"campfire_rested":1,"item_purchase_floors":[14,14],"current_hp_per_floor":[80,80,80,65,63,63,56,56,56,27,51,26,29,29,29,0,0],"gold":196,"neow_bonus":"RANDOM_COMMON_RELIC","is_daily":false,"chose_seed":false,"campfire_upgraded":3,"win_rate":0.0,"timestamp":1609035892,"path_taken":["M","?","?","?","M","R","M","R","T","E","R","E","M","$","R","BOSS"],"items_purchased_type":["Relic","Card"],"build_version":"2020-12-22","purchased_purges":1,"victory":false,"max_hp_per_floor":[80,80,80,80,80,80,80,80,80,80,80,80,80,80,80,80,80],"card_choices":[{"not_picked":["Flame Barrier","Pommel Strike"],"picked":"Body Slam","floor":1.0},{"not_picked":["Pommel Strike","Whirlwind"],"picked":"Shrug It Off","floor":4},{"not_picked":["Offering","Bloodletting"],"picked":"ReplayReversal","floor":5},{"not_picked":["ReplayTheSpireMod:Stacked","Headbutt","Replay:Undeath\u0027s Touch"],"picked":"SKIP","floor":7},{"not_picked":["ReplayTheSpireMod:Muscle Training","Intimidate"],"picked":"Entrench","floor":10},{"not_picked":["Havoc","conspire:ExplosiveBarrier","ReplayTheSpireMod:Strike From Hell"],"picked":"SKIP","floor":12},{"not_picked":["Body Slam","Pummel","Clash"],"picked":"SKIP","floor":13}],"player_experience":177850,"relics_obtained":[{"floor":2.0,"key":"Ring of Greed"},{"floor":2.0,"key":"Blue Doll"},{"floor":2.0,"key":"Replay:Wax Seal"},{"floor":2.0,"key":"Ring of Searing"},{"floor":9,"key":"hubris:SlimyHat"},{"floor":10,"key":"jedi:ironblood"},{"floor":12,"key":"Replay:Bottled Steam"}],"event_choices":[{"cards_removed":["Looming Evil"],"damage_healed":0,"gold_gain":0,"player_choice":"Offered Curse","damage_taken":0,"relics_obtained":["Spirit Poop"],"max_hp_gain":0,"max_hp_loss":0,"event_name":"Bonfire Elementals","floor":3,"gold_loss":0}],"is_beta":false,"boss_relics":[],"items_purged_floors":[14],"is_endless":false,"potions_floor_spawned":[1,5,13],"killed_by":"Slime Boss","ascension_level":5}}