{"host":"dhyczjm99amxd3qx","time":1609045758,"event":{"mods":["BaseMod","Colored Map","Googly Eyes","Highlight Path","Minty Spire (QoL Compilation)","Quick Restart","StSLib"],"gold_per_floor":[116,126,126,126,126,153,166,198,221,254,266,341,361,8,8,108,108,122,137,87,103,117,117,117],"floor_reached":23,"playtime":1129,"items_purged":["Strike_B"],"score":213,"play_id":"65ad8166-e61b-4335-84d0-04e9e33895b4","local_time":"20201227000918","is_ascension_mode":false,"campfire_choices":[{"data":"Electrodynamics","floor":15.0,"key":"SMITH"}],"circlet_count":0,"master_deck":["Strike_B","Strike_B","Defend_B+1","Defend_B+1","Zap+1","Dualcast","Electrodynamics+1","Turbo+1","Beam Cell","Loop","Heatsinks","Self Repair","White Noise","Coolheaded","Fusion","Ball Lightning","Multi-Cast","Glacier","Cold Snap","Ball Lightning","Chill"],"relics":["Cracked Core","Nunchaku","MealTicket","Orichalcum","Mango","War Paint","Empty Cage"],"acts_visited":["Exordium","TheCity"],"potions_floor_usage":[],"damage_taken":[{"damage":10.0,"enemies":"Small Slimes","floor":1.0,"turns":3.0},{"damage":3.0,"enemies":"Jaw Worm","floor":2.0,"turns":4.0},{"damage":5.0,"enemies":"3 Sentries","floor":6.0,"turns":3.0},{"damage":0.0,"enemies":"2 Louse","floor":7.0,"turns":1.0},{"damage":18.0,"enemies":"Lagavulin","floor":8.0,"turns":6.0},{"damage":27.0,"enemies":"Gremlin Nob","floor":10.0,"turns":4.0},{"damage":5.0,"enemies":"2 Fungi Beasts","floor":11.0,"turns":2.0},{"damage":0.0,"enemies":"Blue Slaver","floor":13.0,"turns":4.0},{"damage":37.0,"enemies":"The Guardian","floor":16.0,"turns":10.0},{"damage":12.0,"enemies":"2 Thieves","floor":18.0,"turns":2.0},{"damage":4.0,"enemies":"3 Byrds","floor":19.0,"turns":2.0},{"damage":20.0,"enemies":"Snake Plant","floor":21.0,"turns":4.0},{"damage":0.0,"enemies":"3 Cultists","floor":22.0,"turns":2.0},{"damage":53,"enemies":"Gremlin Leader","floor":23,"turns":4}],"seed_played":"-3979840621875052639","potions_obtained":[{"floor":6.0,"key":"Fire Potion"},{"floor":7.0,"key":"AttackPotion"},{"floor":11.0,"key":"EssenceOfSteel"},{"floor":16.0,"key":"Ancient Potion"}],"is_trial":false,"path_per_floor":["M","M","?","?","?","E","M","E","T","E","M","?","M","$","R","B",null,"M","M","?","M","M","E"],"character_chosen":"DEFECT","items_purchased":["War Paint","Fusion","Ball Lightning"],"campfire_rested":0,"item_purchase_floors":[14,14,14],"current_hp_per_floor":[58,55,41,34,56,51,51,33,33,27,29,18,25,40,40,10,82,70,66,66,53,53,0,0],"gold":117,"neow_bonus":"THREE_RARE_CARDS","is_daily":false,"chose_seed":false,"campfire_upgraded":1,"win_rate":0.0,"timestamp":1609045758,"path_taken":["M","M","?","?","?","E","M","E","T","E","M","?","?","?","R","BOSS","M","M","?","?","M","E"],"items_purchased_type":["Relic","Card","Card"],"build_version":"2020-12-22","purchased_purges":1,"victory":false,"max_hp_per_floor":[68,68,68,68,68,68,68,68,68,82,82,82,82,82,82,82,82,82,82,82,82,82,82,82],"card_choices":[{"not_picked":["Core Surge","Biased Cognition"],"picked":"Electrodynamics","floor":0.0},{"not_picked":["Leap","Sweeping Beam"],"picked":"Turbo","floor":1.0},{"not_picked":["Go for the Eyes","Streamline"],"picked":"Beam Cell","floor":2.0},{"not_picked":["Coolheaded","Rebound"],"picked":"Loop","floor":6.0},{"not_picked":["Rip and Tear","Hello World"],"picked":"Heatsinks","floor":7.0},{"not_picked":["Steam","Chill"],"picked":"Self Repair","floor":8.0},{"not_picked":["Sunder","Consume"],"picked":"White Noise","floor":10.0},{"not_picked":["Sweeping Beam","Recycle"],"picked":"Coolheaded","floor":11.0},{"not_picked":["Redo","Rip and Tear","Steam"],"picked":"SKIP","floor":13.0},{"not_picked":["Core Surge","Meteor Strike"],"picked":"Multi-Cast","floor":16.0},{"not_picked":["Genetic Algorithm","Hologram"],"picked":"Glacier","floor":18.0},{"not_picked":["Scrape","Static Discharge"],"picked":"Cold Snap","floor":19.0},{"not_picked":["Steam","Capacitor"],"picked":"Ball Lightning","floor":21.0},{"not_picked":["Rebound","Melter"],"picked":"Chill","floor":22.0}],"player_experience":87614,"relics_obtained":[{"floor":6.0,"key":"Nunchaku"},{"floor":8.0,"key":"MealTicket"},{"floor":9.0,"key":"Orichalcum"},{"floor":10.0,"key":"Mango"}],"event_choices":[{"damage_healed":0.0,"max_hp_gain":0.0,"max_hp_loss":0.0,"gold_gain":0.0,"event_name":"Shining Light","player_choice":"Entered Light","floor":3.0,"gold_loss":0.0,"damage_taken":14.0,"cards_upgraded":["Turbo","Defend_B"]},{"cards_removed":["Defend_B"],"damage_healed":0.0,"max_hp_gain":0.0,"max_hp_loss":0.0,"gold_gain":0.0,"event_name":"Golden Wing","player_choice":"Card Removal","floor":4.0,"gold_loss":0.0,"damage_taken":7.0},{"damage_healed":22.0,"max_hp_gain":0.0,"max_hp_loss":0.0,"gold_gain":0.0,"event_name":"Big Fish","player_choice":"Banana","floor":5.0,"gold_loss":0.0,"damage_taken":0.0},{"damage_healed":0.0,"max_hp_gain":0.0,"max_hp_loss":0.0,"gold_gain":75.0,"event_name":"World of Goop","player_choice":"Gather Gold","floor":12.0,"gold_loss":0.0,"damage_taken":11.0},{"damage_healed":0.0,"max_hp_gain":0.0,"max_hp_loss":0.0,"gold_gain":0.0,"event_name":"The Joust","player_choice":"Bet on Murderer","floor":20.0,"gold_loss":50.0,"damage_taken":0.0}],"is_beta":false,"boss_relics":[{"not_picked":["Velvet Choker","Philosopher\u0027s Stone"],"picked":"Empty Cage"}],"items_purged_floors":[14],"is_endless":false,"potions_floor_spawned":[6,7,11,16],"killed_by":"Gremlin Leader","ascension_level":0}}