{"host":"873t0y8ybyo38pfq","time":1609029049,"event":{"mods":["BaseMod","Bestiary","Colored Map","Colored Powertips","Highlight Path","Minty Spire (QoL Compilation)","Quick Restart","RNG Fix","Rare Cards Sparkle","Relic Stats","StSLib"],"gold_per_floor":[118,7,26,38,0,0,12,46,119,147,27,27,44,100,100,100,100],"floor_reached":16,"playtime":591,"items_purged":["Strike_G"],"score":220,"play_id":"f6a94c43-40ef-4d95-8079-a9e77aaf344f","local_time":"20201226193049","is_ascension_mode":true,"campfire_choices":[{"data":"Deadly Poison","floor":6,"key":"SMITH"},{"data":"Noxious Fumes","floor":12,"key":"SMITH"},{"floor":15,"key":"REST"}],"circlet_count":0,"master_deck":["AscendersBane","Strike_G","Strike_G","Strike_G","Strike_G","Defend_G","Defend_G","Defend_G","Defend_G","Defend_G","Survivor","Neutralize","After Image","Infinite Blades","Deadly Poison+1","Deflect","Cloak And Dagger","Flechettes","Terror","Noxious Fumes+1","Footwork","Footwork","Acrobatics"],"relics":["Ring of the Snake","Juzu Bracelet","Gremlin Horn","StrikeDummy","Mercury Hourglass"],"acts_visited":["Exordium"],"potions_floor_usage":[8,8,10,14,16],"damage_taken":[{"damage":0,"enemies":"2 Louse","floor":1,"turns":4},{"damage":5,"enemies":"Jaw Worm","floor":3,"turns":4},{"damage":9,"enemies":"Cultist","floor":4,"turns":4},{"damage":0,"enemies":"Looter","floor":5,"turns":4},{"damage":6,"enemies":"Exordium Thugs","floor":7,"turns":5},{"damage":3,"enemies":"3 Sentries","floor":8,"turns":6},{"damage":3,"enemies":"Lagavulin","floor":10,"turns":6},{"damage":6,"enemies":"2 Fungi Beasts","floor":13,"turns":3},{"damage":11,"enemies":"3 Sentries","floor":14,"turns":10},{"damage":38,"enemies":"Slime Boss","floor":16,"turns":3}],"seed_played":"-4530839249874108360","potions_obtained":[{"floor":4,"key":"PowerPotion"},{"floor":8,"key":"Swift Potion"},{"floor":10,"key":"BlessingOfTheForge"},{"floor":13,"key":"SkillPotion"}],"is_trial":false,"path_per_floor":["M","$","M","M","M","R","M","E","T","E","$","R","M","?","R","B"],"character_chosen":"THE_SILENT","items_purchased":["Fire Potion","AttackPotion","Footwork"],"campfire_rested":1,"item_purchase_floors":[2,2,11],"current_hp_per_floor":[59,59,54,45,45,45,39,36,36,33,33,33,27,16,35,0,0],"gold":100,"neow_bonus":"ONE_RANDOM_RARE_CARD","is_daily":false,"chose_seed":false,"campfire_upgraded":2,"win_rate":0.0,"timestamp":1609029049,"path_taken":["M","?","M","M","M","R","M","E","T","E","$","R","M","?","R","BOSS"],"items_purchased_type":["Potion","Potion","Card"],"build_version":"2020-12-22","purchased_purges":1,"victory":false,"max_hp_per_floor":[66,66,66,66,66,66,66,66,66,66,66,66,66,66,66,66,66],"relic_stats":{"Gremlin Horn":[3,3],"counters":[10,49],"Juzu Bracelet":0,"obtain_stats":[{"Gremlin Horn":9,"Juzu Bracelet":8,"StrikeDummy":10,"Ring of the Snake":0,"Mercury Hourglass":14},{"Gremlin Horn":6,"Juzu Bracelet":6,"StrikeDummy":7,"Ring of the Snake":0,"Mercury Hourglass":9},{"Gremlin Horn":27,"Juzu Bracelet":27,"StrikeDummy":33,"Ring of the Snake":0,"Mercury Hourglass":46}],"Ring of the Snake":[20],"Mercury Hourglass":[9]},"card_choices":[{"not_picked":["Backstab","Footwork"],"picked":"Infinite Blades","floor":1},{"not_picked":["Sucker Punch","Deflect"],"picked":"Deadly Poison","floor":3},{"not_picked":["Skewer","Quick Slash"],"picked":"Deflect","floor":4},{"not_picked":["Caltrops","Finisher"],"picked":"Cloak And Dagger","floor":5},{"not_picked":["Finisher","Bane"],"picked":"Flechettes","floor":7},{"not_picked":["Choke","Slice"],"picked":"Terror","floor":8},{"not_picked":["Grand Finale","Bane"],"picked":"Noxious Fumes","floor":10},{"not_picked":["Dagger Spray","Underhanded Strike"],"picked":"Footwork","floor":13},{"not_picked":["Endless Agony","Bane"],"picked":"Acrobatics","floor":14}],"player_experience":1358342,"relics_obtained":[{"floor":8,"key":"Juzu Bracelet"},{"floor":9,"key":"Gremlin Horn"},{"floor":10,"key":"StrikeDummy"},{"floor":14,"key":"Mercury Hourglass"}],"event_choices":[{"damage_healed":0,"gold_gain":30,"player_choice":"Searched \u00272\u0027 times","damage_taken":0,"max_hp_gain":0,"max_hp_loss":0,"event_name":"Dead Adventurer","floor":14,"gold_loss":0}],"is_beta":false,"boss_relics":[],"items_purged_floors":[11],"is_endless":false,"potions_floor_spawned":[4,8,10,13],"killed_by":"Slime Boss","ascension_level":20}}