{"host":"od099uxc49ip1k8b","time":1609111894,"event":{"mods":["AchievementEnabler","Act Like it!","BaseMod","Downfall","Friendly Minions","Gensokyo","Hermit","Highlight Path","Infinite Spire","Koishi","KomeijiMod","Marisa????????","Minty Spire (QoL Compilation)","Quick Restart","Rare Cards Sparkle","Reimu??????","Remilia??????","Replay The Spire","StSLib","Td1madao Mod","The Administrix","The Alterego","The Animator","The Cursed","The Gatherer","The Servant 0.9.4","The Wild Card","Waifu the Spire","WarShipGirlsR/????R mod","Yohane!","Yuyuko"],"gold_per_floor":[119,137,137,153,166,166,178,213,239,269,292,304,316,71,71,169,169,179,190,208,221,233,233,259,259,285,303,303,53,53,72,72,176,176,195,215,215,229,279,308,308,11,85,99,99,116,135,147,147,250,250,263,263,263,278,278,278,289,291,291,304,304,319,319,328,328,400,400,402,412,412,423,425,436,436,452,452,452,506,581,582,585,585,637,637,649,699,754,407,395,395,397,397,397,397,194,244,215,211,211,234,284,297,312,315,365,371,371,376,376,376,399,405,405,395,396,396,463,463,466,466,367,236,365,365,363,363,386,444,444,494,514,514,514,555,555,550,608,581,581,631,630,630,624,624,674,674,675,676,797,674,573,573],"floor_reached":152,"playtime":16026,"items_purged":["Shuttle","Alleviate"],"score":3476,"play_id":"dbbd347c-63a5-4a4a-a389-328b6befac93","local_time":"20201227183134","is_ascension_mode":false,"campfire_choices":[{"data":"BestPractice","floor":6.0,"key":"SMITH"},{"floor":12.0,"key":"REST"},{"data":"Sabotage","floor":15.0,"key":"SMITH"},{"floor":23.0,"key":"REST"},{"data":"FlawlessForm","floor":25.0,"key":"SMITH"},{"data":"KidneyShot","floor":28.0,"key":"SMITH"},{"floor":41,"key":"REST"},{"data":"Deny","floor":45,"key":"SMITH"},{"data":"Spin","floor":45,"key":"SMITH"},{"data":"infinitespire:Punishment","floor":57,"key":"SMITH"},{"data":"Solidify","floor":57,"key":"SMITH"},{"data":"Initiator","floor":62,"key":"SMITH"},{"data":"Potential","floor":62,"key":"SMITH"},{"data":"Defy","floor":64,"key":"SMITH"},{"data":"Ricochet","floor":64,"key":"SMITH"},{"data":"Sabotage","floor":66,"key":"SMITH"},{"data":"Rearm","floor":66,"key":"SMITH"},{"data":"SoulSculpture","floor":75,"key":"SMITH"},{"data":"Solidify","floor":75,"key":"SMITH"},{"data":"MurderousAura","floor":78,"key":"SMITH"},{"data":"FastForward","floor":78,"key":"SMITH"},{"data":"Strike_S","floor":83,"key":"SMITH"},{"data":"Strike_S","floor":83,"key":"SMITH"},{"data":"infinitespire:Punishment","floor":91,"key":"SMITH"},{"data":"PendulumOfEternity","floor":91,"key":"SMITH"},{"data":"Master of Strategy","floor":93,"key":"SMITH"},{"data":"BottledTime","floor":93,"key":"SMITH"},{"data":"ShiftingGears","floor":95,"key":"SMITH"},{"data":"Exchange","floor":95,"key":"SMITH"},{"data":"Defend_S","floor":100,"key":"SMITH"},{"data":"Advance","floor":100,"key":"SMITH"},{"data":"SpecialFormula","floor":108,"key":"SMITH"},{"data":"Dilation","floor":108,"key":"SMITH"},{"data":"Defend_S","floor":110,"key":"SMITH"},{"data":"TimeWarp","floor":110,"key":"SMITH"},{"data":"Deny","floor":114,"key":"SMITH"},{"data":"Strike_S","floor":114,"key":"SMITH"},{"floor":125,"key":"REST"},{"data":"Dilation","floor":127,"key":"SMITH"},{"data":"Defend_S","floor":127,"key":"SMITH"},{"data":"Strike_S","floor":130,"key":"SMITH"},{"floor":134,"key":"REST"},{"floor":143,"key":"RECALL"},{"floor":147,"key":"REST"}],"circlet_count":0,"master_deck":["Strike_S+1","Strike_S+1","Strike_S+1","Strike_S+1","Defend_S+1","Defend_S+1","Defend_S+1","Defend_S+1","KidneyShot+1","Exchange+1","Spin+1","Ricochet+1","InstantArmor+1","Potential+1","Sabotage+1","Defy+1","BestPractice+1","Rearm+1","MurderousAura+1","Replace+1","Advance+1","FlawlessForm+1","TimeWarp+1","FastForward+1","BottledTime+1","ShatteredReality+1","ShiftingGears+1","GremboGang+1","InstantArmor+1","Deny+1","Master of Strategy+1","ShatteredReality+1","Snipe+1","FastForward+1","Solidify+1","Initiator+1","Sabotage+1","Solidify+1","SoulSculpture+1","infinitespire:Punishment+1","PendulumOfEternity+1","MoonPhase+1","Dilation+1","SpecialFormula+1","Deny+1","Dilation+1","Spin+1"],"relics":["SplendidAttire","Replay:Accelerometer","MawBank","MealTicket","ReplayTheSpireMod:DimensionalGlitch","infinitespire:Satchel","Ancient Tea Set","ReplayTheSpireMod:Ninjato","SacredBark","Pondfish Scales","infinitespire:Joker Card","Replay:Arrowhead","Bottled Lightning","HandDrill","Onion Ring","RedLine:ReiMu","SsserpentHead","Potion Belt","Replay:Baseball","infinitespire:BottledMercury","Blood Vial","SlaversCollar","Membership Card","InkBottle","Centennial Puzzle","Question Card","Replay:Bottled Snecko","Snack Pack","Tea:ReiMu","Tiny House","Boot","Letter Opener","Lizard Tail","Ring of Chaos","Lantern","ReplayTheSpireMod:TigerMarble","Pear","Gremlin Food","Blue Doll","Dream Catcher","StoneMask","Bag of Marbles","Mummified Hand","Matryoshka","GoodDreamPillow"],"acts_visited":["Exordium","TheCity","TheBeyond","Exordium","TheCity","TheBeyond","Gensokyo:Gensokyo","Gensokyo:Gensokyoer","Gensokyo:Gensokyoest"],"potions_floor_usage":[50,50,101,126,152,152,152,152,152,152,152,152,152],"damage_taken":[{"damage":1.0,"enemies":"Jaw Worm","floor":1.0,"turns":7.0},{"damage":0.0,"enemies":"2 Louse","floor":2.0,"turns":2.0},{"damage":0.0,"enemies":"Cultist","floor":4.0,"turns":3.0},{"damage":6.0,"enemies":"Exordium Thugs","floor":5.0,"turns":6.0},{"damage":0.0,"enemies":"2 Fungi Beasts","floor":7.0,"turns":3.0},{"damage":23.0,"enemies":"Lagavulin","floor":8.0,"turns":6.0},{"damage":1.0,"enemies":"Looter","floor":10.0,"turns":2.0},{"damage":0.0,"enemies":"Exordium Thugs","floor":11.0,"turns":3.0},{"damage":0.0,"enemies":"Hexaghost","floor":16.0,"turns":11.0},{"damage":7.0,"enemies":"Shell Parasite","floor":18.0,"turns":7.0},{"damage":0.0,"enemies":"Chosen","floor":19.0,"turns":5.0},{"damage":9.0,"enemies":"Snake Plant","floor":20.0,"turns":7.0},{"damage":0.0,"enemies":"Chosen and Byrds","floor":21.0,"turns":5.0},{"damage":2.0,"enemies":"Centurion and Healer","floor":22.0,"turns":7.0},{"damage":16.0,"enemies":"Gremlin Leader","floor":24.0,"turns":5.0},{"damage":0.0,"enemies":"Snake Plant","floor":27.0,"turns":5.0},{"damage":0.0,"enemies":"3 Cultists","floor":31.0,"turns":4.0},{"damage":0.0,"enemies":"Collector","floor":33.0,"turns":9.0},{"damage":0,"enemies":"3 Darklings","floor":35,"turns":3},{"damage":0,"enemies":"Orb Walker","floor":36,"turns":3},{"damage":0,"enemies":"3 Darklings","floor":38,"turns":3},{"damage":0,"enemies":"Mind Bloom Boss Battle","floor":39,"turns":8},{"damage":31,"enemies":"Nightmare","floor":40,"turns":12},{"damage":21,"enemies":"4 Shapes","floor":44,"turns":3},{"damage":0,"enemies":"Jaw Worm Horde","floor":46,"turns":3},{"damage":38,"enemies":"Sphere and 2 Shapes","floor":47,"turns":5},{"damage":0,"enemies":"Writhing Mass","floor":48,"turns":6},{"damage":0,"enemies":"Awakened One","floor":50,"turns":12},{"damage":0,"enemies":"2 Louse","floor":52,"turns":1},{"damage":0,"enemies":"Small Slimes","floor":55,"turns":1},{"damage":0,"enemies":"Cultist","floor":58,"turns":2},{"damage":8,"enemies":"Exordium Thugs","floor":59,"turns":2},{"damage":0,"enemies":"Looter","floor":61,"turns":1},{"damage":0,"enemies":"3 Louse","floor":63,"turns":1},{"damage":0,"enemies":"Blue Slaver","floor":65,"turns":1},{"damage":0,"enemies":"The Guardian","floor":67,"turns":6},{"damage":0,"enemies":"3 Byrds","floor":69,"turns":2},{"damage":0,"enemies":"2 Thieves","floor":70,"turns":1},{"damage":0,"enemies":"Snecko","floor":72,"turns":1},{"damage":0,"enemies":"Sentry and Sphere","floor":73,"turns":2},{"damage":0,"enemies":"Book of Stabbing","floor":74,"turns":2},{"damage":0,"enemies":"Slavers","floor":76,"turns":1},{"damage":0,"enemies":"Centurion and Healer","floor":79,"turns":2},{"damage":0,"enemies":"Cultist and Chosen","floor":81,"turns":2},{"damage":0,"enemies":"3 Cultists","floor":82,"turns":2},{"damage":0,"enemies":"Automaton","floor":84,"turns":5},{"damage":0,"enemies":"3 Shapes","floor":86,"turns":2},{"damage":0,"enemies":"3 Darklings","floor":88,"turns":2},{"damage":0,"enemies":"Maw","floor":90,"turns":4},{"damage":0,"enemies":"Giant Head","floor":92,"turns":2},{"damage":0,"enemies":"Transient","floor":98,"turns":5},{"damage":0,"enemies":"Spire Growth","floor":99,"turns":1},{"damage":0,"enemies":"Awakened One","floor":101,"turns":7},{"damage":0,"enemies":"Gensokyo:Gryphon","floor":103,"turns":1},{"damage":0,"enemies":"Gensokyo:Python","floor":104,"turns":1},{"damage":0,"enemies":"Gensokyo:3_Fairies","floor":105,"turns":2},{"damage":0,"enemies":"Gensokyo:3_Kodama","floor":107,"turns":1},{"damage":0,"enemies":"Gensokyo:Python_and_Kodama","floor":109,"turns":1},{"damage":0,"enemies":"Gensokyo:Aya","floor":112,"turns":1},{"damage":0,"enemies":"Gensokyo:2_Rabbits","floor":113,"turns":1},{"damage":15,"enemies":"Nightmare","floor":115,"turns":5},{"damage":0,"enemies":"Gensokyo:5_Fairies","floor":116,"turns":2},{"damage":0,"enemies":"Gensokyo:Yukari","floor":118,"turns":3},{"damage":0,"enemies":"Gensokyo:3_Dogs","floor":120,"turns":2},{"damage":0,"enemies":"Gensokyo:2_Gloops","floor":121,"turns":1},{"damage":0,"enemies":"Gensokyo:Wraith","floor":126,"turns":1},{"damage":0,"enemies":"Gensokyo:Mirror_and_Dog","floor":129,"turns":1},{"damage":0,"enemies":"Gensokyo:Koishi","floor":132,"turns":1},{"damage":0,"enemies":"Gensokyo:Eiki","floor":135,"turns":6},{"damage":0,"enemies":"Gensokyo:3_Boulders","floor":137,"turns":2},{"damage":0,"enemies":"Gensokyo:AncientGuardian","floor":138,"turns":1},{"damage":0,"enemies":"Gensokyo:Rafflesia","floor":139,"turns":4},{"damage":0,"enemies":"Gensokyo:SeedOfUnknown","floor":140,"turns":1},{"damage":0,"enemies":"Gensokyo:AtlasGolem","floor":142,"turns":2},{"damage":28,"enemies":"Gensokyo:Doremy","floor":144,"turns":3},{"damage":0,"enemies":"Gensokyo:Rafflesia","floor":148,"turns":1},{"damage":0,"enemies":"Gensokyo:4_Bats","floor":149,"turns":1},{"damage":155,"enemies":"infinitespire:LordOfFortification","floor":152,"turns":9}],"seed_played":"9141293259798227349","potions_obtained":[{"floor":2.0,"key":"Dexterity Potion"},{"floor":4.0,"key":"Dexterity Potion"},{"floor":7.0,"key":"champ:CounterPotion"},{"floor":11.0,"key":"Explosive Potion"},{"floor":19.0,"key":"PowerPotion"},{"floor":27.0,"key":"EntropicBrew"},{"floor":31.0,"key":"SteroidPotion"},{"floor":38,"key":"Block Potion"},{"floor":44,"key":"Flashbang"},{"floor":56,"key":"SpeedPotion"},{"floor":56,"key":"GamblersBrew"},{"floor":58,"key":"ColorlessPotion"},{"floor":69,"key":"LifebloodPotion"},{"floor":79,"key":"SteroidPotion"},{"floor":99,"key":"champ:CounterPotion"},{"floor":101,"key":"Swift Potion"},{"floor":102,"key":"Cursed Concoction"},{"floor":109,"key":"Adrenaline Potion"},{"floor":116,"key":"GrandPatriotsElixir:ReiMu"},{"floor":129,"key":"SpeedPotion"}],"is_trial":false,"path_per_floor":["M","M","?","M","M","R","M","E","T","M","M","R","?","$","R","B",null,"M","M","M","M","M","R","E","R","T","M","R","?","?","M","R","B",null,"M","M","?","M","?","NM","R","$","T","M","R","M","M","M","R","B",null,"M","AVR","?","M","?","R","M","M","T","M","R","M","R","M","R","B",null,"M","M","?","M","M","E","R","E","T","R","M","T","M","M","R","B",null,"M","?","M","$","M","R","E","R","T","R","$","?","M","M","R","B",null,"M","M","M","?","M","R","M","R","T","E","M","R","NM","M","R","B",null,"M","M","$","$","?","R","M","R","T","M","R","?","E","COS","R","B",null,"M","M","M","M","?","M","R","E","T","?","R","M","M","T","R","B"],"character_chosen":"THE_SERVANT","items_purchased":["MealTicket","Advance","Replay:Arrowhead","Membership Card","InkBottle","Centennial Puzzle","Snack Pack","Tea:ReiMu","Lantern","ReplayTheSpireMod:TigerMarble","Pear"],"campfire_rested":6,"item_purchase_floors":[14,14,42,89,89,89,96,96,122,122,123],"current_hp_per_floor":[70,70,70,70,64,64,64,41,41,40,40,61,61,61,61,61,71,64,64,55,55,53,71,55,55,55,55,55,55,55,55,71,71,71,71,71,71,71,71,40,61,71,71,50,50,50,12,12,33,33,71,71,71,71,71,71,71,71,63,63,63,63,63,63,63,63,63,71,71,71,71,71,71,71,71,71,71,71,71,71,71,71,71,71,71,71,71,71,71,71,71,71,71,71,71,71,71,71,71,71,71,76,76,76,76,76,76,76,76,76,76,76,76,76,65,67,67,75,76,76,76,76,86,65,86,86,86,86,86,86,86,86,86,86,86,86,89,90,91,92,92,93,93,68,68,68,94,95,99,99,99,0,0],"gold":573,"neow_bonus":"TEN_PERCENT_HP_BONUS","is_daily":false,"chose_seed":false,"campfire_upgraded":37,"win_rate":0.0,"timestamp":1609111894,"path_taken":["M","M","?","M","M","R","M","E","T","M","M","R","?","$","R","BOSS","M","?","M","M","M","R","E","R","T","M","R","?","?","M","R","BOSS","M","M","?","M","?","NM","R","$","T","M","R","M","M","M","R","BOSS","M","AVR","?","M","?","R","M","?","T","M","R","M","R","M","R","BOSS","M","M","?","M","M","E","R","E","T","R","?","?","M","M","R","BOSS","M","?","?","$","M","R","E","R","T","R","?","?","M","M","R","BOSS","M","M","M","?","M","R","M","R","T","E","M","R","NM","M","R","BOSS","M","M","?","$","?","R","M","R","T","?","R","?","E","COS","R","BOSS","M","?","M","M","?","M","R","E","T","?","R","M","M","?","R","BOSS"],"items_purchased_type":["Relic","Card","Relic","Relic","Relic","Relic","Relic","Relic","Relic","Relic","Relic"],"build_version":"2020-12-22","purchased_purges":2,"victory":false,"max_hp_per_floor":[71,71,71,71,71,71,71,71,71,71,71,71,71,71,71,71,71,71,71,71,71,71,71,71,71,71,71,71,71,71,71,71,71,71,71,71,71,71,71,71,71,71,71,71,71,71,71,71,71,71,71,71,71,71,71,71,71,71,71,71,71,71,71,71,71,71,71,71,71,71,71,71,71,71,71,71,71,71,71,71,71,71,71,71,71,71,71,71,71,71,71,71,71,71,71,71,71,71,71,71,71,76,76,76,76,76,76,76,76,76,76,76,76,76,76,76,76,76,76,76,76,76,86,86,86,86,86,86,86,86,86,86,86,86,86,86,89,90,91,92,92,93,93,94,94,94,94,95,99,99,99,99,99],"card_choices":[{"not_picked":["Rearm","Collapse"],"picked":"Spin","floor":1.0},{"not_picked":["FanOfKnives","BottledTime"],"picked":"Ricochet","floor":2.0},{"not_picked":["Spin","ReturningBlade"],"picked":"Defy","floor":4.0},{"not_picked":["Spin","SilverBlades"],"picked":"BestPractice","floor":5.0},{"not_picked":["TimeWarp","Ricochet"],"picked":"Rearm","floor":7.0},{"not_picked":["Potential","Rewind"],"picked":"MurderousAura","floor":8.0},{"not_picked":["WasteNot","Collapse","Unruled"],"picked":"SKIP","floor":10.0},{"not_picked":["Spin","Shuttle"],"picked":"Replace","floor":11.0},{"not_picked":["KillingDoll","ForgedInTime"],"picked":"FlawlessForm","floor":16.0},{"not_picked":["Gouge","Rearm"],"picked":"TimeWarp","floor":18.0},{"not_picked":["Revamp","Rearm+1"],"picked":"FastForward","floor":19.0},{"not_picked":["Spin+1","RealityMarble"],"picked":"BottledTime","floor":20.0},{"not_picked":["Potential","Rearm","Revamp"],"picked":"SKIP","floor":21.0},{"not_picked":["Alleviate","DualDimension"],"picked":"ShatteredReality+1","floor":22.0},{"not_picked":["Potential","Ricochet+1"],"picked":"ShiftingGears","floor":24.0},{"not_picked":["Starlight+1","Revamp","Ricochet"],"picked":"SKIP","floor":27.0},{"not_picked":["MurderousAura","WasteNot"],"picked":"InstantArmor+1","floor":31.0},{"not_picked":["KillingDoll","Dilation"],"picked":"Deny","floor":33.0},{"not_picked":["Collapse","RealityMarble","BottledTime+1"],"picked":"SKIP","floor":35},{"not_picked":["Desolation+1","Foresight+1","Unruled"],"picked":"SKIP","floor":36},{"not_picked":["expansioncontent:ChargeUp","expansioncontent:DecasProtection"],"picked":"Master of Strategy","floor":37},{"not_picked":["BottledTime","Rewind+1","SurpressingFire+1"],"picked":"SKIP","floor":38},{"not_picked":["Replace","Starlight"],"picked":"ShatteredReality+1","floor":40},{"not_picked":["Rearm","TimeWarp+1","Starlight"],"picked":"SKIP","floor":44},{"not_picked":["Starlight+1","FanOfKnives+1"],"picked":"Snipe+1","floor":46},{"not_picked":["SilverBlades+1","Rearm"],"picked":"FastForward+1","floor":47},{"not_picked":["KillingDoll","Starlight+1","Ricochet+1"],"picked":"SKIP","floor":48},{"not_picked":["KillingDoll","Sunlight"],"picked":"Solidify","floor":50},{"not_picked":["Contraction","BestPractice","Defy"],"picked":"SKIP","floor":52},{"not_picked":["ShiftingGears","TimeWarp","Reset"],"picked":"SKIP","floor":55},{"not_picked":["RealityMarble","Rearm","SurpressingFire"],"picked":"SKIP","floor":58},{"not_picked":["Replace","Unruled","BottledTime"],"picked":"SKIP","floor":59},{"not_picked":["Gouge","Defy"],"picked":"Initiator","floor":61},{"not_picked":["DualDimension","WasteNot","Rewind"],"picked":"SKIP","floor":63},{"not_picked":["SilverBlades","Rearm"],"picked":"Sabotage","floor":65},{"not_picked":["KillingDoll","SoulSculpture"],"picked":"Solidify","floor":67},{"not_picked":["Contraction","Alleviate","ReturningBlade"],"picked":"SKIP","floor":69},{"not_picked":["Revamp","BottledTime","Collapse"],"picked":"SKIP","floor":70},{"not_picked":["Barrier","Revamp","StarChef"],"picked":"SKIP","floor":72},{"not_picked":["Misdirection+1","ShatteredReality","Starlight+1"],"picked":"SKIP","floor":73},{"not_picked":["Replace","BottledTime+1"],"picked":"SoulSculpture","floor":74},{"not_picked":["Ricochet","DualDimension","FloweringNight"],"picked":"SKIP","floor":76},{"not_picked":["Spin+1","Starlight+1","Ricochet"],"picked":"SKIP","floor":79},{"not_picked":["Revamp","Contraction","Spin"],"picked":"SKIP","floor":81},{"not_picked":["SilverBlades+1","Advance+1","Alleviate+1"],"picked":"SKIP","floor":82},{"not_picked":["infinitespire:TheBestDefense","infinitespire:Fortify"],"picked":"infinitespire:Punishment","floor":84},{"not_picked":["FloweringNight","MurderousAura"],"picked":"PendulumOfEternity","floor":84},{"not_picked":["BottledTime+1","Rewind+1","TimeWarp+1"],"picked":"SKIP","floor":86},{"not_picked":["Starlight+1","Foresight+1","FlawlessForm"],"picked":"SKIP","floor":88},{"not_picked":["BestPractice","Alleviate"],"picked":"MoonPhase+1","floor":90},{"not_picked":["Snipe","Comet","Replace+1"],"picked":"SKIP","floor":92},{"not_picked":["Revamp","ReturningBlade","Collapse","FastForward"],"picked":"SKIP","floor":98},{"not_picked":["Barrier+1","Rewind","Misdirection+1","PendulumOfEternity"],"picked":"SKIP","floor":99},{"not_picked":["KillingDoll","Sunlight","Duplication"],"picked":"Dilation","floor":101},{"not_picked":["Defy","Contraction","Rewind","Starlight"],"picked":"SKIP","floor":103},{"not_picked":["Starlight","ForgedInTime","Rewind","Unruled"],"picked":"SKIP","floor":104},{"not_picked":["Rearm","Starlight","Hightail"],"picked":"SpecialFormula","floor":105},{"not_picked":["Ricochet","TimeWarp","SurpressingFire","Spin"],"picked":"SKIP","floor":107},{"not_picked":["Ricochet","Snipe","Starlight","Luminosity"],"picked":"SKIP","floor":109},{"not_picked":["BestPractice","TimeWarp","Unruled"],"picked":"Deny","floor":112},{"not_picked":["InstantArmor","Rearm","Collapse","Starlight"],"picked":"SKIP","floor":113},{"not_picked":["Shuttle","TimeWarp","Barrier","Spin"],"picked":"SKIP","floor":115},{"not_picked":["Unruled","Spin","Reset","ShatteredReality"],"picked":"SKIP","floor":116},{"not_picked":["MurderousAura","Deny","KillingDoll"],"picked":"Dilation","floor":118},{"not_picked":["Potential","Barrier","SpecialFormula","ReturningBlade"],"picked":"SKIP","floor":120},{"not_picked":["Rewind","GearUp","Starlight+1","ShiftingGears"],"picked":"SKIP","floor":121},{"not_picked":["Defy","ShatteredReality","Replace"],"picked":"Spin","floor":124},{"not_picked":["Shuttle","Rewind","Comet","Revamp"],"picked":"SKIP","floor":126},{"not_picked":["TimeWarp","Defy","Rearm","Reset"],"picked":"SKIP","floor":129},{"not_picked":["FastForward","Rewind","DualDimension","Defy"],"picked":"SKIP","floor":132},{"not_picked":["Potential","Unruled+1","SilverBlades","FastForward"],"picked":"SKIP","floor":137},{"not_picked":["Ricochet","MoonPhase","FastForward+1","Rearm+1"],"picked":"SKIP","floor":138},{"not_picked":["Unruled+1","Defy+1","TimeWarp","FastForward"],"picked":"SKIP","floor":139},{"not_picked":["ShatteredReality+1","Replace+1","Rearm+1","Defy"],"picked":"SKIP","floor":140},{"not_picked":["Rewind","ShatteredReality+1","Alleviate","Revamp"],"picked":"SKIP","floor":142},{"not_picked":["Defy","Comet","ReturningBlade+1","Duplication"],"picked":"SKIP","floor":144},{"not_picked":["Foresight","Alleviate+1","WasteNot+1","BestPractice"],"picked":"SKIP","floor":148},{"not_picked":["BottledTime+1","SurpressingFire+1","Unruled+1","Replace+1"],"picked":"SKIP","floor":149}],"player_experience":166062,"relics_obtained":[{"floor":8.0,"key":"Replay:Accelerometer"},{"floor":9.0,"key":"MawBank"},{"floor":24.0,"key":"infinitespire:Satchel"},{"floor":26.0,"key":"Ancient Tea Set"},{"floor":39,"key":"Pondfish Scales"},{"floor":40,"key":"infinitespire:Joker Card"},{"floor":43,"key":"Bottled Lightning"},{"floor":60,"key":"Onion Ring"},{"floor":74,"key":"Potion Belt"},{"floor":76,"key":"Replay:Baseball"},{"floor":77,"key":"infinitespire:BottledMercury"},{"floor":80,"key":"Blood Vial"},{"floor":92,"key":"Question Card"},{"floor":94,"key":"Replay:Bottled Snecko"},{"floor":111,"key":"Boot"},{"floor":112,"key":"Letter Opener"},{"floor":115,"key":"Lizard Tail"},{"floor":124,"key":"Gremlin Food"},{"floor":128,"key":"Blue Doll"},{"floor":132,"key":"Dream Catcher"},{"floor":144,"key":"Bag of Marbles"},{"floor":145,"key":"Mummified Hand"},{"floor":150,"key":"Matryoshka"}],"event_choices":[{"damage_healed":0.0,"max_hp_gain":0.0,"max_hp_loss":0.0,"gold_gain":0.0,"event_name":"Upgrade Shrine","player_choice":"Upgraded","floor":13.0,"gold_loss":0.0,"damage_taken":0.0,"cards_upgraded":["Replace"]},{"damage_healed":0.0,"max_hp_gain":0.0,"max_hp_loss":0.0,"gold_gain":0.0,"event_name":"The Mausoleum","player_choice":"Opened","floor":30.0,"gold_loss":0.0,"damage_taken":0.0,"relics_obtained":["ReplayTheSpireMod:Ninjato"]},{"damage_healed":0,"gold_gain":0,"player_choice":"Memory 1","damage_taken":0,"max_hp_gain":0,"max_hp_loss":0,"event_name":"SensoryStone","floor":37,"gold_loss":0},{"damage_healed":0,"gold_gain":0,"player_choice":"Fight","damage_taken":0,"max_hp_gain":0,"max_hp_loss":0,"event_name":"MindBloom","floor":39,"gold_loss":0},{"damage_healed":0,"gold_gain":0,"player_choice":"Leave","damage_taken":0,"max_hp_gain":0,"max_hp_loss":0,"event_name":"The Cleric","floor":54,"gold_loss":0},{"damage_healed":0,"gold_gain":0,"player_choice":"Got Potions","damage_taken":0,"max_hp_gain":0,"max_hp_loss":0,"event_name":"Lab","floor":56,"gold_loss":0},{"damage_healed":0,"gold_gain":0,"player_choice":"Trade","damage_taken":0,"relics_obtained":["SsserpentHead"],"max_hp_gain":0,"max_hp_loss":0,"event_name":"FaceTrader","floor":71,"gold_loss":0},{"damage_healed":0,"gold_gain":0,"player_choice":"Ignored","damage_taken":0,"max_hp_gain":0,"max_hp_loss":0,"event_name":"NoteForYourself","floor":87,"gold_loss":0},{"damage_healed":0,"gold_gain":0,"player_choice":"Ignored","damage_taken":0,"max_hp_gain":0,"max_hp_loss":0,"event_name":"SecretPortal","floor":97,"gold_loss":0}],"is_beta":false,"boss_relics":[{"not_picked":["Astrolabe","ReplayTheSpireMod:Onyx Gauntlets"],"picked":"ReplayTheSpireMod:DimensionalGlitch"},{"not_picked":["Coffee Dripper","Kintsugi"],"picked":"SacredBark"},{"not_picked":["StoneMask","Abe\u0027s Treasure"],"picked":"SplendidAttire"},{"not_picked":["Calling Bell","ChewingGum"],"picked":"RedLine:ReiMu"},{"not_picked":["Philosopher\u0027s Stone","Replay:Ancient Bell"],"picked":"SlaversCollar"},{"not_picked":["Replay:Bronze Core","Coffee Dripper"],"picked":"Tiny House"},{"not_picked":["Black Star","Kintsugi"],"picked":"Ring of Chaos"},{"not_picked":["Replay:Grab Bag","Runic Pyramid"],"picked":"StoneMask"}],"items_purged_floors":[14,53],"is_endless":true,"potions_floor_spawned":[2,4,7,11,19,21,22,27,31,38,39,44,48,58,63,67,69,72,76,79,98,99,101,104,109,115,116,120,129,138,142,149],"killed_by":"infinitespire:LordOfFortification","ascension_level":0}}