{"host":"nwjx7hbomubpmo86","time":1609103097,"event":{"mods":["AchievementEnabler","BaseMod","Better Note","Better Third Choice","Downfall","Hermit","Hubris","Minty Spire (QoL Compilation)","Replay The Spire","StSLib","The Blackbeard","The Necromancer","The Saiyan","slay the spire mod where everything is the same but ironclad has a cowboy hat"],"gold_per_floor":[117,117,134,176,14,45,64,77,155,155,0,0,13,26,226,299,299,317,335,1,1,1,29,29,29,81,81,115,115,145,155,155,232,232,244,260,260,275,275,310,310,2,2,18,43,43,43,76,76,76,76],"floor_reached":52,"playtime":1791,"items_purged":["Pain","Strike_B"],"score":2092,"play_id":"6236d860-64f2-4c6c-a0ca-943bd882ff90","local_time":"20201227220457","is_ascension_mode":true,"campfire_choices":[{"floor":10.0,"key":"REST"},{"data":"ReplayTheSpireMod:Calculation Training","floor":12.0,"key":"SMITH"},{"floor":25.0,"key":"REST"},{"floor":27.0,"key":"REST"},{"data":"Loop","floor":29.0,"key":"SMITH"},{"data":"hubris:PowerSurge","floor":32.0,"key":"SMITH"},{"floor":41,"key":"REST"},{"floor":46,"key":"REST"},{"data":"Storm","floor":49,"key":"SMITH"}],"circlet_count":0,"master_deck":["AscendersBane","Strike_B","Strike_B","Defend_B+1","Defend_B","Defend_B+1","Defend_B","Zap+1","Dualcast","hubris:PowerSurge+1","Blizzard+1","Force Field","Coolheaded","Hologram","ReplayTheSpireMod:Calculation Training+1","hubris:PowerSurge+1","Ball Lightning","Hologram","Turbo","Tempest","Beam Cell","Echo Form","Glacier","Capacitor","Loop+1","Coolheaded","Cold Snap+1","Redo+1","Meteor Strike","Coolheaded","FIFO Queue+1","Echo Form","Barrage","Barrage","Parasite","Consume","Flash of Steel","Poisoned Strike","Good Instincts","Storm+1","Storm+1","Cold Snap","Leap","Chaos","Pot Of Greed","Pot Of Greed","Pot Of Greed","Pot Of Greed","Stack+1","Ball Lightning"],"relics":["Cracked Core","War Paint","Blood Vial","Mirror","Replay:Kaleidoscope","Philosopher\u0027s Stone","hubris:EmptyBottle","CaptainsWheel","hubris:Icosahedron","Garlic","Bag of Marbles","hubris:TinFlute","Smiling Mask","hubris:VirtuousBlindfold","Pocketwatch","DataDisk","Thread and Needle","Grinning Jar","hubris:Towel","Bronze Scales"],"acts_visited":["Exordium","TheCity","TheBeyond"],"potions_floor_usage":[33,33,33,40,45,48,50,50],"damage_taken":[{"damage":6.0,"enemies":"Jaw Worm","floor":1.0,"turns":4.0},{"damage":1.0,"enemies":"2 Louse","floor":3.0,"turns":2.0},{"damage":17.0,"enemies":"Lagavulin","floor":6.0,"turns":8.0},{"damage":0.0,"enemies":"Small Slimes","floor":7.0,"turns":2.0},{"damage":10.0,"enemies":"Gremlin Gang","floor":8.0,"turns":3.0},{"damage":0.0,"enemies":"Looter","floor":13.0,"turns":2.0},{"damage":0.0,"enemies":"Large Slime","floor":14.0,"turns":1.0},{"damage":26.0,"enemies":"The Guardian","floor":16.0,"turns":8.0},{"damage":21.0,"enemies":"Shell Parasite","floor":18.0,"turns":4.0},{"damage":7.0,"enemies":"Spheric Guardian","floor":19.0,"turns":4.0},{"damage":11.0,"enemies":"Gremlin Leader","floor":23.0,"turns":4.0},{"damage":12.0,"enemies":"Replay:Snechameleon","floor":28.0,"turns":4.0},{"damage":0.0,"enemies":"Gremlin Leader","floor":30.0,"turns":4.0},{"damage":0.0,"enemies":"Snake Plant","floor":31.0,"turns":6.0},{"damage":53,"enemies":"hubris:MusketHawk","floor":33,"turns":7},{"damage":2,"enemies":"Orb Walker","floor":35,"turns":3},{"damage":9,"enemies":"3 Darklings","floor":36,"turns":5},{"damage":7,"enemies":"Writhing Mass","floor":38,"turns":4},{"damage":6,"enemies":"R_Hoarder","floor":40,"turns":8},{"damage":0,"enemies":"Maw","floor":44,"turns":6},{"damage":26,"enemies":"Reptomancer","floor":45,"turns":3},{"damage":18,"enemies":"Giant Head","floor":48,"turns":7},{"damage":33,"enemies":"Time Eater","floor":50,"turns":4},{"damage":55,"enemies":"Donu and Deca","floor":51,"turns":5}],"seed_played":"4742074144252108164","potions_obtained":[{"floor":1.0,"key":"Ancient Potion"},{"floor":3.0,"key":"Death Potion"},{"floor":4.0,"key":"SmokeBomb"},{"floor":7.0,"key":"champ:CounterPotion"},{"floor":13.0,"key":"Swift Potion"},{"floor":14.0,"key":"PotionOfCapacity"},{"floor":18.0,"key":"Toxic Potion"},{"floor":30.0,"key":"ColorlessPotion"},{"floor":35,"key":"Block Potion"},{"floor":45,"key":"SpeedPotion"},{"floor":48,"key":"PowerPotion"}],"is_trial":false,"path_per_floor":["M","?","M","?","$","E","M","M","T","R","$","R","M","M","R","B",null,"M","M","$","?","?","E","?","R","T","R","E","R","E","M","R","B",null,"M","M","?","M","?","E","R","$","T","M","E","R","?","E","R","B","B",null],"character_chosen":"DEFECT","items_purchased":["ReplayTheSpireMod:Calculation Training","Turbo","Loop","Coolheaded","Cold Snap+1","hubris:EmptyBottle","DataDisk","Storm","Cold Snap","Leap"],"campfire_rested":5,"item_purchase_floors":[5,11,20,20,20,20,42,42,42,42],"current_hp_per_floor":[58,58,57,57,57,40,42,34,34,55,55,55,57,59,59,35,62,43,38,38,31,31,22,22,43,43,64,54,54,56,58,58,7,55,55,48,48,43,33,29,50,50,50,52,28,71,71,53,53,71,16],"gold":76,"neow_bonus":"UPGRADE_CARD","is_daily":false,"chose_seed":false,"campfire_upgraded":4,"win_rate":0.0,"timestamp":1609103097,"path_taken":["M","?","M","?","$","E","M","M","T","R","$","R","M","M","R","BOSS","M","M","$","?","?","E","?","R","T","R","E","R","E","M","R","BOSS","M","M","?","M","?","E","R","$","T","M","E","R","?","E","R","BOSS","BOSS"],"items_purchased_type":["Card","Card","Card","Card","Card","Relic","Relic","Card","Card","Card"],"build_version":"2020-12-22","purchased_purges":2,"victory":true,"max_hp_per_floor":[71,71,71,71,71,71,71,71,71,71,71,71,71,71,71,71,71,71,71,71,71,71,71,71,71,71,71,71,71,71,71,71,71,71,71,71,71,71,71,71,71,71,71,71,71,71,71,71,71,71,71],"card_choices":[{"not_picked":["Lockon","Time Bomb"],"picked":"hubris:PowerSurge","floor":1.0},{"not_picked":["Streamline","ReplaySolidLightProjector"],"picked":"Force Field","floor":3.0},{"not_picked":["FTL","Conserve Battery"],"picked":"Coolheaded","floor":4.0},{"not_picked":["Double Energy","Panic Button"],"picked":"Hologram","floor":4.0},{"not_picked":["Streamline","BasicCrystalCard"],"picked":"hubris:PowerSurge","floor":6.0},{"not_picked":["Aggregate","Conserve Battery"],"picked":"Ball Lightning","floor":7.0},{"not_picked":["Stack","Melter"],"picked":"Hologram","floor":8.0},{"not_picked":["Panic Button","Barrage"],"picked":"Tempest","floor":13.0},{"not_picked":["Rebound","Skim"],"picked":"Beam Cell","floor":14.0},{"not_picked":["Multi-Cast","Buffer"],"picked":"Echo Form","floor":16.0},{"not_picked":["BasicCrystalCard","Compile Driver"],"picked":"Glacier","floor":18.0},{"not_picked":["Compile Driver","Panic Button"],"picked":"Capacitor","floor":19.0},{"not_picked":["Fusion","hubris:Ukulele"],"picked":"Redo+1","floor":23.0},{"not_picked":["Sweeping Beam","Conserve Battery"],"picked":"Meteor Strike","floor":28.0},{"not_picked":["Turbo","Fusion"],"picked":"Coolheaded","floor":30.0},{"not_picked":["Go for the Eyes","BasicCrystalCard"],"picked":"FIFO Queue+1","floor":31.0},{"not_picked":["Buffer","Machine Learning"],"picked":"Echo Form","floor":33},{"not_picked":["Hologram","Beam Cell"],"picked":"Barrage","floor":35},{"not_picked":["Turbo","Rebound"],"picked":"Barrage","floor":36},{"not_picked":["Gash","hubris:Ukulele"],"picked":"Consume","floor":38},{"not_picked":["Dark Shackles","Thinking Ahead"],"picked":"Flash of Steel","floor":39},{"not_picked":["Replay:Sssssssssshield","expansioncontent:ManipulateTime"],"picked":"Poisoned Strike","floor":39},{"not_picked":["expansioncontent:DashGenerateEvil","Replay:SS_fish_2"],"picked":"Good Instincts","floor":39},{"not_picked":["Self Repair","ReplayTheSpireMod:Calculation Training+1"],"picked":"Storm+1","floor":40},{"not_picked":["Barrage","Go for the Eyes+1"],"picked":"Chaos","floor":44},{"not_picked":["Steam","Hologram"],"picked":"Stack+1","floor":45},{"not_picked":["Leap","Meteor Strike"],"picked":"Ball Lightning","floor":48}],"player_experience":592683,"relics_obtained":[{"floor":4.0,"key":"War Paint"},{"floor":6.0,"key":"Blood Vial"},{"floor":9.0,"key":"Mirror"},{"floor":23.0,"key":"Garlic"},{"floor":26.0,"key":"Bag of Marbles"},{"floor":28.0,"key":"hubris:TinFlute"},{"floor":30.0,"key":"Smiling Mask"},{"floor":40,"key":"Pocketwatch"},{"floor":43,"key":"Thread and Needle"},{"floor":45,"key":"Grinning Jar"},{"floor":48,"key":"Bronze Scales"}],"event_choices":[{"damage_healed":0.0,"max_hp_gain":0.0,"max_hp_loss":0.0,"gold_gain":200.0,"event_name":"blackbeard:Ssssserpent","player_choice":"YARR","floor":15.0,"gold_loss":0.0,"damage_taken":0.0,"relics_obtained":["Replay:Kaleidoscope"]},{"damage_healed":0.0,"max_hp_gain":0.0,"max_hp_loss":0.0,"gold_gain":0.0,"event_name":"blackbeard:ShipwreckEvent","player_choice":"CaptainsWheel","floor":21.0,"gold_loss":0.0,"damage_taken":0.0,"relics_obtained":["CaptainsWheel"]},{"damage_healed":0.0,"max_hp_gain":0.0,"max_hp_loss":0.0,"gold_gain":0.0,"event_name":"Ghosts","player_choice":"Ignored","floor":24.0,"gold_loss":0.0,"damage_taken":0.0},{"damage_healed":0,"gold_gain":0,"player_choice":"Memory 3","damage_taken":10,"max_hp_gain":0,"max_hp_loss":0,"event_name":"SensoryStone","floor":39,"gold_loss":0}],"is_beta":false,"boss_relics":[{"not_picked":["Ectoplasm","Calling Bell"],"picked":"Philosopher\u0027s Stone"},{"not_picked":["expansioncontent:StudyCardRelic","ReplayTheSpireMod:DimensionalGlitch"],"picked":"hubris:VirtuousBlindfold"}],"items_purged_floors":[5,11],"is_endless":false,"potions_floor_spawned":[1,3,7,13,14,18,19,30,31,35,44,45,48],"ascension_level":20}}