{"host":"6t1lyqu4vs0bu9t8","time":1609078305,"event":{"mods":["AchievementEnabler","BaseMod","Colored Map","Keyboard Shortcuts","Minty Spire (QoL Compilation)","Permanent Neow","Quick Restart","Rare Cards Sparkle","StSLib","SuperFastMode","everything is the same but u backflip on backflip"],"gold_per_floor":[111,111,36,61,79,79,114,114,161,199,223,262,277,301,301,397,397,415,415,415,430,17,61,61,61,61],"floor_reached":25,"playtime":632,"items_purged":["Strike_P"],"score":458,"play_id":"7c7f599b-a5dd-480e-89da-48e20c87aa9d","local_time":"20201227231145","is_ascension_mode":true,"campfire_choices":[{"data":"Eruption","floor":6.0,"key":"SMITH"},{"floor":8.0,"key":"REST"},{"floor":15.0,"key":"REST"}],"circlet_count":0,"master_deck":["AscendersBane","Strike_P","Defend_P","Defend_P","Defend_P","Eruption+1","Vigilance","Brilliance","BowlingBash","FlurryOfBlows","Halt","EmptyFist","ConjureBlade","Adaptation","FlurryOfBlows","EmptyBody"],"relics":["PureWater","Golden Idol","Oddly Smooth Stone","Nunchaku","Pantograph","Ancient Tea Set","Sozu","WingedGreaves","Shuriken"],"acts_visited":["Exordium","TheCity"],"potions_floor_usage":[],"damage_taken":[{"damage":2.0,"enemies":"Jaw Worm","floor":1.0,"turns":3.0},{"damage":0.0,"enemies":"Small Slimes","floor":4.0,"turns":2.0},{"damage":0.0,"enemies":"Cultist","floor":5.0,"turns":2.0},{"damage":2.0,"enemies":"3 Sentries","floor":7.0,"turns":5.0},{"damage":4.0,"enemies":"Gremlin Nob","floor":10.0,"turns":3.0},{"damage":0.0,"enemies":"Red Slaver","floor":11.0,"turns":2.0},{"damage":34.0,"enemies":"Lagavulin","floor":12.0,"turns":3.0},{"damage":0.0,"enemies":"Large Slime","floor":13.0,"turns":2.0},{"damage":0.0,"enemies":"Exordium Wildlife","floor":14.0,"turns":2.0},{"damage":21.0,"enemies":"The Guardian","floor":16.0,"turns":12.0},{"damage":0,"enemies":"Spheric Guardian","floor":18,"turns":2},{"damage":0,"enemies":"3 Byrds","floor":21,"turns":5},{"damage":29,"enemies":"Gremlin Leader","floor":23,"turns":5},{"damage":32,"enemies":"3 Cultists","floor":25,"turns":4}],"seed_played":"-3880339607498164495","potions_obtained":[{"floor":4.0,"key":"Block Potion"},{"floor":7.0,"key":"Ancient Potion"},{"floor":12.0,"key":"LiquidBronze"},{"floor":13.0,"key":"Energy Potion"}],"is_trial":false,"path_per_floor":["M","?","?","M","M","R","E","R","T","E","M","E","M","M","R","B",null,"M","?","?","M","$","E","?","M"],"character_chosen":"WATCHER","items_purchased":["WingedGreaves"],"campfire_rested":2,"item_purchase_floors":[22],"current_hp_per_floor":[59,36,36,36,36,36,34,54,54,50,50,16,16,16,36,40,61,61,61,61,61,61,32,32,0,0],"gold":61,"neow_bonus":"TRANSFORM_CARD","is_daily":false,"chose_seed":false,"campfire_upgraded":1,"win_rate":0.0,"timestamp":1609078305,"path_taken":["M","?","?","M","M","R","E","R","T","E","M","E","M","M","R","BOSS","M","?","?","M","$","E","?","?"],"items_purchased_type":["Relic"],"build_version":"2020-12-22","purchased_purges":1,"victory":false,"max_hp_per_floor":[68,68,68,68,68,68,68,68,68,68,68,68,68,68,68,68,68,68,68,68,68,68,68,68,68,68],"card_choices":[{"not_picked":["PathToVictory","Pray"],"picked":"BowlingBash","floor":1.0},{"not_picked":["JustLucky","Evaluate","CrushJoints"],"picked":"SKIP","floor":4.0},{"not_picked":["BowlingBash","Prostrate","ThirdEye"],"picked":"SKIP","floor":5.0},{"not_picked":["LikeWater","ReachHeaven"],"picked":"FlurryOfBlows","floor":7.0},{"not_picked":["PathToVictory","Consecrate","BowlingBash"],"picked":"SKIP","floor":10.0},{"not_picked":["SpiritShield","SashWhip","LikeWater"],"picked":"SKIP","floor":11.0},{"not_picked":["Swivel","Omniscience"],"picked":"Halt","floor":12.0},{"not_picked":["Evaluate","Weave","SashWhip"],"picked":"SKIP","floor":13.0},{"not_picked":["FlurryOfBlows","Protect"],"picked":"EmptyFist","floor":14.0},{"not_picked":["Alpha","Devotion"],"picked":"ConjureBlade","floor":16.0},{"not_picked":["Protect","SignatureMove+1"],"picked":"Adaptation","floor":18},{"not_picked":["Perseverance","Prostrate","FlurryOfBlows"],"picked":"SKIP","floor":21},{"not_picked":["Perseverance","Prostrate"],"picked":"FlurryOfBlows","floor":21},{"not_picked":["BowlingBash","Judgement"],"picked":"EmptyBody","floor":23}],"player_experience":426168,"relics_obtained":[{"floor":7.0,"key":"Oddly Smooth Stone"},{"floor":9.0,"key":"Nunchaku"},{"floor":10.0,"key":"Pantograph"},{"floor":12.0,"key":"Ancient Tea Set"},{"floor":23,"key":"Shuriken"}],"event_choices":[{"damage_healed":0.0,"max_hp_gain":0.0,"max_hp_loss":0.0,"gold_gain":0.0,"event_name":"Golden Idol","player_choice":"Take Damage","floor":2.0,"gold_loss":0.0,"damage_taken":23.0,"relics_obtained":["Golden Idol"]},{"cards_removed":["Defend_P"],"damage_healed":0.0,"max_hp_gain":0.0,"max_hp_loss":0.0,"gold_gain":0.0,"event_name":"The Cleric","player_choice":"Card Removal","floor":3.0,"gold_loss":75.0,"damage_taken":0.0},{"cards_removed":["Strike_P"],"damage_healed":0,"gold_gain":0,"player_choice":"Elegance","damage_taken":0,"max_hp_gain":0,"max_hp_loss":0,"event_name":"Back to Basics","floor":19,"gold_loss":0},{"damage_healed":0,"gold_gain":0,"player_choice":"Ignored","damage_taken":0,"max_hp_gain":0,"max_hp_loss":0,"event_name":"Ghosts","floor":20,"gold_loss":0},{"damage_healed":0,"gold_gain":0,"player_choice":"Ignored","damage_taken":0,"max_hp_gain":0,"max_hp_loss":0,"event_name":"N\u0027loth","floor":24,"gold_loss":0}],"is_beta":false,"boss_relics":[{"not_picked":["Runic Pyramid","SlaversCollar"],"picked":"Sozu"}],"items_purged_floors":[22],"is_endless":false,"potions_floor_spawned":[4,7,12,13,23],"killed_by":"3 Cultists","ascension_level":18}}