{"host":"sh8ot41fo7a0kahq","time":1609080645,"event":{"mods":["ATMod(°¢èªMod)","BaseMod","Better Third Choice","Colored Powertips","Displayed Cursed Tome","Minty Spire (QoL Compilation)","Quick Restart","Spicy Shops","StSLib","UnlockEverythingMod","¡¾ÒÅÎï¿¨ÅÆ¡¿REMEMod"],"gold_per_floor":[363,363,406,406,356,356,386,146,146,146,195,109,126,137,137,240,240,257,276,304,304,55,88,88,119,119,148,148,171,22,34,34,141,141,160,1159,1180,1180,1197,1210,597,629,656,700,700,700,721,748,748,748,748,748,73,116,116],"floor_reached":56,"playtime":1857,"items_purged":["Strike_R","Strike_R","Strike_R"],"score":1929,"play_id":"4975d903-2f81-4c3a-9b48-c6bb95c9e082","local_time":"20201227225045","is_ascension_mode":true,"campfire_choices":[{"data":"AT_FamilyPortrait","floor":6.0,"key":"SMITH"},{"data":"Blasphemy","floor":10.0,"key":"SMITH"},{"data":"Evolve","floor":15.0,"key":"SMITH"},{"data":"Seeing Red","floor":24.0,"key":"SMITH"},{"data":"REME_FirmDetermination","floor":28.0,"key":"SMITH"},{"floor":32.0,"key":"RECALL"},{"data":"REME_Cut","floor":45.0,"key":"SMITH"},{"data":"REME_ACTH","floor":49.0,"key":"SMITH"},{"data":"AT_IchimonjiDouble","floor":52.0,"key":"SMITH"}],"circlet_count":0,"master_deck":["Strike_R","Defend_R","Defend_R","Defend_R","Defend_R","Bash","AT_FamilyPortrait+1","Blasphemy+1","AT_IchimonjiDouble+1","REME_TheLastStrike","Feel No Pain","Seeing Red+1","Immolate+1","AT_ManFootWork+1","REME_FirmDetermination+1","Insight","AT_ShrugMaster","Panacea","REME_ACTH+1","Pommel Strike+1","REME_Cut+1","AT_PowerWithin","True Grit+1","REME_SingleHolding","Second Wind","REME_Cut+1","Double Tap","Bandage Up+1","Fiend Fire+1","Exhume"],"relics":["Burning Blood","AT_ATBox","REME_ComplimentaryCards","Omamori","Molten Egg 2","TungstenRod","CaptainsWheel","AT_LudenTempest","REME_LowDesire","Smiling Mask","MealTicket","Red Mask","OrangePellets","CeramicFish","REME_PuzzleBoxRelic","Dream Catcher","AT_EbonyIvory","REME_ChargedStone","Brimstone","AT_ImmortalShieldbow","AT_ArchangelStaff","REME_HandOfSuture","Lantern","Ornamental Fan","Orrery","Calipers","AT_TimeSand"],"acts_visited":["Exordium","TheCity","TheBeyond","TheEnding"],"potions_floor_usage":[55,55,55],"damage_taken":[{"damage":7.0,"enemies":"2 Louse","floor":1.0,"turns":3.0},{"damage":2.0,"enemies":"Jaw Worm","floor":3.0,"turns":2.0},{"damage":0.0,"enemies":"3 Sentries","floor":7.0,"turns":1.0},{"damage":0.0,"enemies":"Gremlin Nob","floor":11.0,"turns":2.0},{"damage":9.0,"enemies":"Small Slimes","floor":13.0,"turns":2.0},{"damage":0.0,"enemies":"2 Fungi Beasts","floor":14.0,"turns":2.0},{"damage":44.0,"enemies":"Hexaghost","floor":16.0,"turns":7.0},{"damage":10.0,"enemies":"Chosen","floor":18.0,"turns":3.0},{"damage":18.0,"enemies":"Shell Parasite","floor":19.0,"turns":4.0},{"damage":0.0,"enemies":"Masked Bandits","floor":20.0,"turns":1.0},{"damage":44.0,"enemies":"Slavers","floor":23.0,"turns":3.0},{"damage":4.0,"enemies":"Gremlin Leader","floor":25.0,"turns":6.0},{"damage":20.0,"enemies":"REME_1_Revenger","floor":27.0,"turns":3.0},{"damage":0.0,"enemies":"Centurion and Healer","floor":29.0,"turns":1.0},{"damage":15.0,"enemies":"Snake Plant","floor":31.0,"turns":2.0},{"damage":0.0,"enemies":"Automaton","floor":33.0,"turns":4.0},{"damage":7.0,"enemies":"3 Shapes","floor":35.0,"turns":2.0},{"damage":7.0,"enemies":"Orb Walker","floor":37.0,"turns":2.0},{"damage":0.0,"enemies":"4 Shapes","floor":39.0,"turns":3.0},{"damage":0.0,"enemies":"Maw","floor":40.0,"turns":5.0},{"damage":0.0,"enemies":"Reptomancer","floor":42.0,"turns":2.0},{"damage":0.0,"enemies":"Giant Head","floor":44.0,"turns":5.0},{"damage":0.0,"enemies":"Sphere and 2 Shapes","floor":47.0,"turns":2.0},{"damage":0.0,"enemies":"Reptomancer","floor":48.0,"turns":2.0},{"damage":57.0,"enemies":"Awakened One","floor":50.0,"turns":6.0},{"damage":27.0,"enemies":"Shield and Spear","floor":54.0,"turns":3.0},{"damage":94,"enemies":"The Heart","floor":55,"turns":6}],"seed_played":"-7842797002519920460","potions_obtained":[{"floor":3.0,"key":"Energy Potion"},{"floor":11.0,"key":"Ancient Potion"},{"floor":14.0,"key":"Swift Potion"}],"is_trial":false,"path_per_floor":["M","?","M","?","?","R","E","$","T","R","E","$","M","M","R","B",null,"M","M","?","?","$","E","R","E","T","E","R","M","$","M","R","B",null,"M","?","M","?","M","M","$","E","T","E","R","?","M","E","R","B",null,"R","$","E","B",null],"character_chosen":"IRONCLAD","items_purchased":["Molten Egg 2","AT_LudenTempest","OrangePellets","AT_ShrugMaster","AT_EbonyIvory","REME_Cut","Brimstone","AT_ImmortalShieldbow","AT_PowerWithin","Orrery","Fiend Fire+1","Calipers","Regen Potion"],"campfire_rested":0,"item_purchase_floors":[8,12,22,22,30,41,41,41,41,53,53,53,53],"current_hp_per_floor":[71,76,80,80,80,80,85,85,85,85,85,85,82,85,85,47,76,72,60,66,66,81,43,43,45,45,31,31,37,52,43,43,49,76,75,75,74,74,80,81,81,81,81,81,81,81,81,81,81,81,81,81,81,66,81],"gold":116,"neow_bonus":"TWO_FIFTY_GOLD","is_daily":false,"chose_seed":false,"campfire_upgraded":8,"win_rate":0.0,"timestamp":1609080645,"path_taken":["M","?","M","?","?","R","E","$","T","R","E","?","M","M","R","BOSS","M","M","?","?","$","E","R","E","T","E","R","M","$","M","R","BOSS","M","?","M","?","M","M","$","E","T","E","R","?","M","E","R","BOSS","R","$","E","BOSS"],"items_purchased_type":["Relic","Relic","Relic","Card","Relic","Card","Relic","Relic","Card","Relic","Card","Relic","Potion"],"build_version":"2020-12-22","purchased_purges":3,"victory":true,"max_hp_per_floor":[80,85,85,85,85,85,85,85,85,85,85,85,85,85,85,85,85,85,85,85,85,85,85,85,85,85,85,85,85,85,85,85,85,85,85,85,85,81,81,81,81,81,81,81,81,81,81,81,81,81,81,81,81,81,81],"card_choices":[{"not_picked":["Armaments","Body Slam","True Grit"],"picked":"SKIP","floor":1.0},{"not_picked":["Sword Boomerang","Iron Wave"],"picked":"Evolve","floor":3.0},{"not_picked":["REME_FearOfPain","Rupture"],"picked":"REME_TheLastStrike","floor":7.0},{"not_picked":["True Grit","Rupture"],"picked":"Feel No Pain","floor":11.0},{"not_picked":["Wild Strike+1","AT_IchimonjiDouble+1","Rupture"],"picked":"SKIP","floor":13.0},{"not_picked":["AT_BodySlamDance","Perfected Strike+1"],"picked":"Seeing Red","floor":14.0},{"not_picked":["Juggernaut","Corruption"],"picked":"Immolate+1","floor":16.0},{"not_picked":["Anger+1","Body Slam+1","Disarm","REME_PuzzleBox"],"picked":"SKIP","floor":18.0},{"not_picked":["Iron Wave+1","AT_DiedThrough","Blind"],"picked":"AT_ManFootWork+1","floor":19.0},{"not_picked":["Twin Strike+1","Blood for Blood+1","Pommel Strike+1"],"picked":"REME_FirmDetermination","floor":20.0},{"not_picked":["REME_Fury","Hemokinesis+1","Carnage+1","Sadistic Nature"],"picked":"SKIP","floor":23.0},{"not_picked":["Shrug It Off","Power Through","REME_TheLastStrike+1","Jack Of All Trades"],"picked":"SKIP","floor":25.0},{"not_picked":["Pummel+1","Clash+1","Dropkick+1","Dark Shackles"],"picked":"SKIP","floor":27.0},{"not_picked":["Iron Wave+1","Heavy Blade+1","True Grit"],"picked":"Panacea","floor":29.0},{"not_picked":["Cleave+1","Wild Strike+1","AT_IchimonjiDouble+1","REME_WheelOfFate"],"picked":"SKIP","floor":31.0},{"not_picked":["Immolate+1","Impervious","Secret Weapon"],"picked":"REME_ACTH","floor":33.0},{"not_picked":["AT_ShrugMaster+1","Wild Strike+1","Heavy Blade+1","Panache"],"picked":"SKIP","floor":35.0},{"not_picked":["Havoc","Pommel Strike+1","AT_ShrugMaster+1","REME_BuildACard"],"picked":"SKIP","floor":37.0},{"not_picked":["Havoc","AT_ShrugMaster+1","REME_BuildACard"],"picked":"Pommel Strike+1","floor":37.0},{"not_picked":["Body Slam+1","Feel No Pain+1","Entrench","The Bomb"],"picked":"SKIP","floor":39.0},{"not_picked":["Body Slam+1","Feel No Pain+1","Entrench","The Bomb"],"picked":"SKIP","floor":39.0},{"not_picked":["Body Slam+1","Cleave+1","Clothesline+1","Forethought"],"picked":"SKIP","floor":40.0},{"not_picked":["Hemokinesis+1","Power Through","Warcry+1","REME_WheelOfFate"],"picked":"SKIP","floor":42.0},{"not_picked":["Twin Strike+1","Entrench+1","REME_WheelOfFate"],"picked":"True Grit+1","floor":44.0},{"not_picked":["Thunderclap+1","Whirlwind+1","AT_Homeward"],"picked":"REME_SingleHolding","floor":47.0},{"not_picked":["Blood for Blood+1","Spot Weakness","Pommel Strike+1","Chrysalis"],"picked":"SKIP","floor":48.0},{"not_picked":["Blood for Blood+1","Spot Weakness","Pommel Strike+1","Chrysalis"],"picked":"SKIP","floor":48.0},{"not_picked":["Limit Break","Fire Breathing+1","AT_LightSaberMaster+1"],"picked":"Second Wind","floor":53.0},{"not_picked":["Sever Soul+1","Bludgeon+1","Master of Strategy"],"picked":"REME_Cut+1","floor":53.0},{"not_picked":["Anger+1","Ghostly Armor+1","REME_AllRoundStrike+1"],"picked":"Double Tap","floor":53.0},{"not_picked":["Clash+1","Perfected Strike+1","Clothesline+1"],"picked":"Bandage Up+1","floor":53.0},{"not_picked":["Body Slam+1","Iron Wave+1","AT_PowerWithin+1"],"picked":"Exhume","floor":54.0}],"player_experience":297050,"relics_obtained":[{"floor":7.0,"key":"Omamori"},{"floor":9.0,"key":"TungstenRod"},{"floor":11.0,"key":"CaptainsWheel"},{"floor":17.0,"key":"Smiling Mask"},{"floor":17.0,"key":"MealTicket"},{"floor":20.0,"key":"Red Mask"},{"floor":23.0,"key":"CeramicFish"},{"floor":25.0,"key":"REME_PuzzleBoxRelic"},{"floor":27.0,"key":"Dream Catcher"},{"floor":42.0,"key":"AT_ArchangelStaff"},{"floor":43.0,"key":"REME_HandOfSuture"},{"floor":44.0,"key":"Lantern"},{"floor":48.0,"key":"Ornamental Fan"},{"floor":54.0,"key":"AT_TimeSand"}],"event_choices":[{"damage_healed":0.0,"max_hp_gain":5.0,"max_hp_loss":0.0,"gold_gain":0.0,"event_name":"Big Fish","player_choice":"Donut","floor":2.0,"gold_loss":0.0,"damage_taken":0.0},{"damage_healed":0.0,"max_hp_gain":0.0,"max_hp_loss":0.0,"gold_gain":0.0,"cards_transformed":["Strike_R"],"event_name":"Living Wall","player_choice":"Change","floor":4.0,"gold_loss":0.0,"damage_taken":0.0,"cards_obtained":["AT_IchimonjiDouble"]},{"cards_removed":["Writhe"],"damage_healed":0.0,"max_hp_gain":0.0,"max_hp_loss":0.0,"gold_gain":0.0,"event_name":"The Cleric","player_choice":"Card Removal","floor":5.0,"gold_loss":50.0,"damage_taken":0.0},{"damage_healed":0.0,"max_hp_gain":0.0,"max_hp_loss":0.0,"gold_gain":0.0,"event_name":"Masked Bandits","player_choice":"Fought Bandits","floor":20.0,"gold_loss":0.0,"damage_taken":0.0},{"damage_healed":0.0,"max_hp_gain":0.0,"max_hp_loss":0.0,"gold_gain":0.0,"event_name":"betterThird:BetterWriting","player_choice":"Insight","floor":21.0,"gold_loss":0.0,"damage_taken":0.0,"cards_obtained":["Insight"]},{"damage_healed":0.0,"max_hp_gain":0.0,"max_hp_loss":0.0,"gold_gain":999.0,"event_name":"MindBloom","player_choice":"Gold","floor":36.0,"gold_loss":0.0,"damage_taken":0.0,"cards_obtained":["Normality","Normality"]},{"damage_healed":0.0,"max_hp_gain":0.0,"max_hp_loss":4.0,"gold_gain":0.0,"event_name":"Winding Halls","player_choice":"Max HP","floor":38.0,"gold_loss":0.0,"damage_taken":0.0},{"cards_removed":["Evolve"],"damage_healed":0.0,"max_hp_gain":0.0,"max_hp_loss":0.0,"gold_gain":0.0,"event_name":"Falling","player_choice":"Removed Power","floor":46.0,"gold_loss":0.0,"damage_taken":0.0}],"is_beta":false,"boss_relics":[{"not_picked":["Coffee Dripper","Fusion Hammer"],"picked":"REME_LowDesire"},{"not_picked":["REME_DemonsWealth","Runic Cube"],"picked":"REME_ChargedStone"}],"items_purged_floors":[22,41,53],"is_endless":false,"potions_floor_spawned":[3,11,14,16,19,25,27,29,40,42,47],"ascension_level":6}}