{"host":"Zion","time":1609085645,"event":{"mods":["AchievementEnabler","BaseMod","Colored Map","DeckTracker","Minty Spire (QoL Compilation)","Quick Restart","Rare Cards Sparkle"],"gold_per_floor":[112,37,50,125,125,125,160,174,174,184,184,213,224,236,236,335,335,351,351,361,376,276,276,287,287,287],"floor_reached":25,"playtime":1048,"items_purged":["Strike_B","Strike_B"],"score":288,"play_id":"f501b54c-8104-4c8e-86a0-e12a702f3fae","local_time":"20201228011405","is_ascension_mode":true,"campfire_choices":[{"data":"Zap","floor":6.0,"key":"SMITH"},{"data":"Dualcast","floor":11.0,"key":"SMITH"},{"data":"Hologram","floor":15.0,"key":"SMITH"},{"data":"Fusion","floor":23.0,"key":"SMITH"}],"circlet_count":0,"master_deck":["Strike_B","Strike_B","Defend_B","Defend_B","Defend_B","Defend_B","Zap+1","Dualcast+1","Hologram+1","Ball Lightning+1","Core Surge","Beam Cell+1","Fusion+1","Cold Snap"],"relics":["Cracked Core","NeowsBlessing","Kunai","Akabeko","Darkstone Periapt","Runic Pyramid"],"acts_visited":["Exordium","TheCity"],"potions_floor_usage":[],"damage_taken":[{"damage":0.0,"enemies":"Cultist","floor":1.0,"turns":1.0},{"damage":0.0,"enemies":"Jaw Worm","floor":3.0,"turns":1.0},{"damage":0.0,"enemies":"3 Sentries","floor":7.0,"turns":1.0},{"damage":6.0,"enemies":"Small Slimes","floor":8.0,"turns":5.0},{"damage":7.0,"enemies":"Exordium Thugs","floor":10.0,"turns":4.0},{"damage":15.0,"enemies":"Lagavulin","floor":12.0,"turns":7.0},{"damage":4.0,"enemies":"Red Slaver","floor":13.0,"turns":3.0},{"damage":0.0,"enemies":"Looter","floor":14.0,"turns":2.0},{"damage":26.0,"enemies":"The Guardian","floor":16.0,"turns":9.0},{"damage":1.0,"enemies":"Spheric Guardian","floor":18.0,"turns":3.0},{"damage":13.0,"enemies":"2 Thieves","floor":20.0,"turns":3.0},{"damage":4.0,"enemies":"3 Cultists","floor":21.0,"turns":5.0},{"damage":16,"enemies":"Chosen and Byrds","floor":24,"turns":5},{"damage":3,"enemies":"Cultist and Chosen","floor":25,"turns":4}],"seed_played":"-4845129406188820889","potions_obtained":[{"floor":1.0,"key":"LiquidBronze"},{"floor":10.0,"key":"SteroidPotion"},{"floor":12.0,"key":"EssenceOfSteel"},{"floor":20.0,"key":"FocusPotion"}],"is_trial":false,"path_per_floor":["M","$","M","?","?","R","E","M","T","M","R","E","M","M","R","B",null,"M","?","M","M","$","R","M","M"],"character_chosen":"DEFECT","items_purchased":[],"campfire_rested":0,"item_purchase_floors":[],"current_hp_per_floor":[75,75,75,64,64,64,64,58,58,51,51,36,32,32,32,6,75,74,74,61,57,57,57,41,38,38],"gold":287,"neow_bonus":"THREE_ENEMY_KILL","is_daily":false,"chose_seed":false,"campfire_upgraded":4,"win_rate":0.0,"timestamp":1609085645,"path_taken":["M","?","M","?","?","R","E","M","T","M","R","E","M","M","R","BOSS","M","?","?","M","$","R","M","M"],"items_purchased_type":[],"build_version":"2020-12-18","purchased_purges":2,"victory":false,"max_hp_per_floor":[75,75,75,75,75,75,75,75,75,75,75,75,75,75,75,75,75,75,75,75,75,75,75,75,75,75],"card_choices":[{"not_picked":["Reprogram","Hologram","Lockon"],"picked":"SKIP","floor":1.0},{"not_picked":["Steam","Rebound","Double Energy"],"picked":"SKIP","floor":3.0},{"not_picked":["Compile Driver","Beam Cell","Go for the Eyes"],"picked":"SKIP","floor":7.0},{"not_picked":["Reprogram","Rebound","Auto Shields"],"picked":"SKIP","floor":8.0},{"not_picked":["Turbo","Compile Driver","Streamline"],"picked":"SKIP","floor":10.0},{"not_picked":["Steam Power","Fusion"],"picked":"Hologram","floor":12.0},{"not_picked":["Barrage","Tempest"],"picked":"Ball Lightning","floor":13.0},{"not_picked":["Multi-Cast","Turbo","Compile Driver"],"picked":"SKIP","floor":14.0},{"not_picked":["Meteor Strike","Creative AI"],"picked":"Core Surge","floor":16.0},{"not_picked":["Steam Power","Ball Lightning","Gash"],"picked":"SKIP","floor":18.0},{"not_picked":["Stack","Sweeping Beam"],"picked":"Beam Cell+1","floor":20.0},{"not_picked":["Sweeping Beam","Genetic Algorithm+1"],"picked":"Fusion","floor":21.0},{"not_picked":["Beam Cell","Streamline"],"picked":"Cold Snap","floor":24}],"player_experience":169944,"relics_obtained":[{"floor":7.0,"key":"Kunai"},{"floor":9.0,"key":"Akabeko"},{"floor":12.0,"key":"Darkstone Periapt"}],"event_choices":[{"damage_healed":0.0,"max_hp_gain":0.0,"max_hp_loss":0.0,"gold_gain":75.0,"event_name":"World of Goop","player_choice":"Gather Gold","floor":4.0,"gold_loss":0.0,"damage_taken":11.0},{"damage_healed":0.0,"max_hp_gain":0.0,"max_hp_loss":0.0,"gold_gain":0.0,"event_name":"Scrap Ooze","player_choice":"Fled","floor":5.0,"gold_loss":0.0,"damage_taken":0.0},{"damage_healed":0.0,"max_hp_gain":0.0,"max_hp_loss":0.0,"gold_gain":0.0,"event_name":"Accursed Blacksmith","player_choice":"Forge","floor":19.0,"gold_loss":0.0,"damage_taken":0.0,"cards_upgraded":["Ball Lightning"]}],"is_beta":true,"boss_relics":[{"not_picked":["Cursed Key","Astrolabe"],"picked":"Runic Pyramid"}],"items_purged_floors":[2,22],"is_endless":false,"potions_floor_spawned":[1,10,12,13,20],"killed_by":"Cultist and Chosen","ascension_level":4}}