{"host":"5bdt6s51dmpd4l3v","time":1609080518,"event":{"mods":["AchievementEnabler","BaseMod","Colored Map","Colored Powertips","Highlight Path","Minty Spire (QoL Compilation)","Quick Restart","Rare Cards Sparkle","StSLib"],"gold_per_floor":[109,384,396,73,86,86,111,111,134,134,49,49,62,62,62,62,62],"floor_reached":16,"playtime":311,"items_purged":["Regret"],"score":181,"play_id":"24e8b81f-ffa9-452f-9563-826c2c3aa057","local_time":"20201227224838","is_ascension_mode":true,"campfire_choices":[{"data":"Body Slam","floor":6.0,"key":"SMITH"},{"data":"Whirlwind","floor":8.0,"key":"SMITH"},{"data":"Burning Pact","floor":10.0,"key":"SMITH"},{"data":"Infernal Blade","floor":12.0,"key":"SMITH"},{"data":"Flex","floor":15.0,"key":"SMITH"}],"circlet_count":0,"master_deck":["AscendersBane","Strike_R","Strike_R","Strike_R","Strike_R","Strike_R","Defend_R","Defend_R","Defend_R","Defend_R","Bash","Whirlwind+1","Twin Strike","Burning Pact+1","Body Slam+1","Pummel","Infernal Blade+1","Flex+1"],"relics":["Burning Blood","NeowsBlessing","Toolbox","Regal Pillow","Vajra"],"acts_visited":["Exordium"],"potions_floor_usage":[16],"damage_taken":[{"damage":0.0,"enemies":"Jaw Worm","floor":1.0,"turns":1.0},{"damage":0.0,"enemies":"Cultist","floor":3.0,"turns":1.0},{"damage":0.0,"enemies":"Small Slimes","floor":5.0,"turns":1.0},{"damage":20.0,"enemies":"Gremlin Nob","floor":7.0,"turns":4.0},{"damage":11.0,"enemies":"Looter","floor":13.0,"turns":2.0},{"damage":56,"enemies":"Hexaghost","floor":16,"turns":8}],"seed_played":"4854446912906737224","potions_obtained":[{"floor":1.0,"key":"Weak Potion"},{"floor":5.0,"key":"Fire Potion"},{"floor":13.0,"key":"SpeedPotion"}],"is_trial":false,"path_per_floor":["M","?","M","$","M","R","E","R","T","R","$","R","M","$","R","B"],"character_chosen":"IRONCLAD","items_purchased":["Toolbox","Burning Pact","Infernal Blade"],"campfire_rested":0,"item_purchase_floors":[4,4,11],"current_hp_per_floor":[74,74,75,75,75,75,61,61,61,61,61,61,56,56,56,0,0],"gold":62,"neow_bonus":"THREE_ENEMY_KILL","is_daily":false,"chose_seed":false,"campfire_upgraded":5,"win_rate":0.0,"timestamp":1609080518,"path_taken":["M","?","?","$","M","R","E","R","T","R","$","R","M","$","R","BOSS"],"items_purchased_type":["Relic","Card","Card"],"build_version":"2020-12-22","purchased_purges":1,"victory":false,"max_hp_per_floor":[75,75,75,75,75,75,75,75,75,75,75,75,75,75,75,75,75],"card_choices":[{"not_picked":["Clothesline","Cleave"],"picked":"Whirlwind","floor":1.0},{"not_picked":["Wild Strike","Havoc"],"picked":"Twin Strike","floor":3.0},{"not_picked":["Anger","Power Through"],"picked":"Body Slam","floor":5.0},{"not_picked":["Immolate","Iron Wave"],"picked":"Pummel","floor":7.0},{"not_picked":["Dropkick","Twin Strike"],"picked":"Flex","floor":13.0}],"player_experience":256490,"relics_obtained":[{"floor":7.0,"key":"Regal Pillow"},{"floor":9.0,"key":"Vajra"}],"event_choices":[{"damage_healed":0.0,"max_hp_gain":0.0,"max_hp_loss":0.0,"gold_gain":275.0,"event_name":"Golden Shrine","player_choice":"Desecrate","floor":2.0,"gold_loss":0.0,"damage_taken":0.0,"cards_obtained":["Regret"]}],"is_beta":false,"boss_relics":[],"items_purged_floors":[4],"is_endless":false,"potions_floor_spawned":[1,5,13],"killed_by":"Hexaghost","ascension_level":17}}