{"host":"ged1bqtamtf4sn4x","time":1609057255,"event":{"mods":["BaseMod","Colored Map","DeckTracker","Highlight Path","Keyboard Shortcuts","Minty Spire (QoL Compilation)","Permanent Neow","Quick Restart","SuperFastMode","everything is the same but u backflip on backflip"],"gold_per_floor":[117,133,15,27,44,44,77,107,107,142,142,153,153,166,166,243,243,263,275,275,307,317,317,317,317],"floor_reached":24,"playtime":929,"items_purged":["Parasite"],"score":516,"play_id":"883a9199-8791-410a-a524-caae878b1c4c","local_time":"20201227172055","is_ascension_mode":true,"campfire_choices":[{"data":"Inflame","floor":6.0,"key":"SMITH"},{"data":"Offering","floor":11.0,"key":"SMITH"},{"data":"Demon Form","floor":15.0,"key":"SMITH"},{"floor":23,"key":"REST"}],"circlet_count":0,"master_deck":["AscendersBane","Strike_R","Strike_R","Strike_R","Strike_R","Defend_R","Defend_R","Defend_R","Defend_R","Bash","Offering+1","Sword Boomerang","Shrug It Off","Inflame+1","Battle Trance","Flame Barrier","Heavy Blade","Demon Form+1","Impervious","Offering","Flex"],"relics":["Burning Blood","The Courier","Singing Bowl","Self Forming Clay","Letter Opener","Runic Cube","Red Mask"],"acts_visited":["Exordium","TheCity"],"potions_floor_usage":[],"damage_taken":[{"damage":18.0,"enemies":"Small Slimes","floor":1.0,"turns":5.0},{"damage":12.0,"enemies":"Cultist","floor":2.0,"turns":3.0},{"damage":0.0,"enemies":"2 Louse","floor":4.0,"turns":2.0},{"damage":12.0,"enemies":"2 Fungi Beasts","floor":5.0,"turns":4.0},{"damage":25.0,"enemies":"3 Sentries","floor":7.0,"turns":8.0},{"damage":21.0,"enemies":"Gremlin Nob","floor":10.0,"turns":4.0},{"damage":9.0,"enemies":"Lots of Slimes","floor":12.0,"turns":5.0},{"damage":7.0,"enemies":"Looter","floor":14.0,"turns":3.0},{"damage":6.0,"enemies":"Slime Boss","floor":16.0,"turns":6.0},{"damage":7.0,"enemies":"Chosen","floor":18.0,"turns":6.0},{"damage":23.0,"enemies":"3 Byrds","floor":19.0,"turns":5.0},{"damage":25.0,"enemies":"Masked Bandits","floor":21.0,"turns":5.0},{"damage":23,"enemies":"Shelled Parasite and Fungi","floor":22,"turns":6},{"damage":42,"enemies":"Gremlin Leader","floor":24,"turns":3}],"seed_played":"4305650614700954213","potions_obtained":[{"floor":1.0,"key":"BloodPotion"},{"floor":10.0,"key":"GamblersBrew"},{"floor":12.0,"key":"CultistPotion"},{"floor":14.0,"key":"SneckoOil"},{"floor":18.0,"key":"ElixirPotion"}],"is_trial":false,"path_per_floor":["M","M","$","M","M","R","E","?","T","E","R","M","?","M","R","B",null,"M","M","?","?","M","R","E"],"character_chosen":"IRONCLAD","items_purchased":["Inflame"],"campfire_rested":1,"item_purchase_floors":[3],"current_hp_per_floor":[56,50,50,56,50,50,45,45,45,32,32,29,29,28,28,28,63,64,47,47,30,15,39,0,0],"gold":317,"neow_bonus":"THREE_RARE_CARDS","is_daily":false,"chose_seed":false,"campfire_upgraded":3,"win_rate":0.0,"timestamp":1609057255,"path_taken":["M","M","$","M","M","R","E","?","T","E","R","M","?","?","R","BOSS","M","M","?","?","M","R","E"],"items_purchased_type":["Card"],"build_version":"2020-12-22","purchased_purges":1,"victory":false,"max_hp_per_floor":[75,75,72,72,72,72,72,72,72,74,74,74,74,74,74,74,74,76,76,76,78,80,80,80,80],"card_choices":[{"not_picked":["Barricade","Bludgeon"],"picked":"Offering","floor":0.0},{"not_picked":["Perfected Strike","Thunderclap"],"picked":"Sword Boomerang","floor":1.0},{"not_picked":["Twin Strike","Perfected Strike"],"picked":"Shrug It Off","floor":2.0},{"not_picked":["Wild Strike","Havoc"],"picked":"Battle Trance","floor":4.0},{"not_picked":["Entrench","Spot Weakness","Iron Wave"],"picked":"SKIP","floor":5.0},{"not_picked":["Entrench","Spot Weakness","Iron Wave"],"picked":"SKIP","floor":5.0},{"not_picked":["Rage","Warcry"],"picked":"Flame Barrier","floor":7.0},{"not_picked":["Intimidate","Thunderclap","Armaments"],"picked":"Singing Bowl","floor":10.0},{"not_picked":["Spot Weakness","Combust"],"picked":"Heavy Blade","floor":12.0},{"not_picked":["Feel No Pain","Warcry"],"picked":"Impervious","floor":14.0},{"not_picked":["Double Tap","Exhume"],"picked":"Offering","floor":16.0},{"not_picked":["Armaments","Blood for Blood+1","Perfected Strike"],"picked":"Singing Bowl","floor":18.0},{"not_picked":["Thunderclap","Twin Strike"],"picked":"Flex","floor":19.0},{"not_picked":["Pommel Strike","Metallicize+1","Second Wind"],"picked":"Singing Bowl","floor":21.0},{"not_picked":["Battle Trance","Dropkick","Twin Strike+1"],"picked":"Singing Bowl","floor":22}],"player_experience":98645,"relics_obtained":[{"floor":7.0,"key":"The Courier"},{"floor":9.0,"key":"Self Forming Clay"},{"floor":10.0,"key":"Letter Opener"},{"floor":21.0,"key":"Red Mask"}],"event_choices":[{"damage_healed":0.0,"max_hp_gain":0.0,"max_hp_loss":0.0,"gold_gain":30.0,"event_name":"Dead Adventurer","player_choice":"Searched \u00273\u0027 times","floor":8.0,"gold_loss":0.0,"damage_taken":0.0,"relics_obtained":["Singing Bowl"]},{"damage_healed":0.0,"max_hp_gain":0.0,"max_hp_loss":0.0,"gold_gain":0.0,"cards_transformed":["Strike_R"],"event_name":"Transmorgrifier","player_choice":"Transformed","floor":13.0,"gold_loss":0.0,"damage_taken":0.0,"cards_obtained":["Demon Form"]},{"damage_healed":0.0,"max_hp_gain":0.0,"max_hp_loss":0.0,"gold_gain":0.0,"event_name":"Ghosts","player_choice":"Ignored","floor":20.0,"gold_loss":0.0,"damage_taken":0.0},{"damage_healed":0.0,"max_hp_gain":0.0,"max_hp_loss":0.0,"gold_gain":0.0,"event_name":"Masked Bandits","player_choice":"Fought Bandits","floor":21.0,"gold_loss":0.0,"damage_taken":0.0}],"is_beta":false,"boss_relics":[{"not_picked":["Cursed Key","Runic Dome"],"picked":"Runic Cube"}],"items_purged_floors":[3],"is_endless":false,"potions_floor_spawned":[1,10,12,14,18],"killed_by":"Gremlin Leader","ascension_level":20}}