{"host":"wshh0nphwn6jv7vj","time":1609097696,"event":{"mods":["BaseMod","Bestiary","Minty Spire (QoL Compilation)"],"gold_per_floor":[13,13,63,77,95,121,150,150,174,174,28,47,67,92,92,175,202,102,111,36,64,79,79,79,79],"floor_reached":24,"playtime":3219,"items_purged":["Strike_R"],"score":459,"play_id":"c4432ea1-18af-4090-b853-f2f5976f6086","local_time":"20201227143456","is_ascension_mode":true,"campfire_choices":[{"floor":8,"key":"REST"},{"data":"Dual Wield","floor":10,"key":"SMITH"},{"data":"True Grit","floor":15,"key":"SMITH"},{"data":"Metallicize","floor":23,"key":"SMITH"}],"circlet_count":0,"master_deck":["AscendersBane","Defend_R","Defend_R","Defend_R","Bash","Cleave","Metallicize+1","Dual Wield+1","Flame Barrier","Iron Wave","Metallicize","Barricade","Headbutt","True Grit+1","Reaper","True Grit+1","Sword Boomerang+1","Iron Wave+1","Necronomicurse","Body Slam"],"relics":["Burning Blood","Pocketwatch","CeramicFish","Bronze Scales","Astrolabe","Necronomicon"],"acts_visited":["Exordium","TheCity"],"potions_floor_usage":[13,16,22],"damage_taken":[{"damage":11,"enemies":"2 Louse","floor":1,"turns":3},{"damage":16,"enemies":"Cultist","floor":4,"turns":6},{"damage":7,"enemies":"Jaw Worm","floor":5,"turns":3},{"damage":50,"enemies":"Gremlin Nob","floor":6,"turns":7},{"damage":5,"enemies":"Blue Slaver","floor":7,"turns":6},{"damage":4,"enemies":"Looter","floor":12,"turns":5},{"damage":18,"enemies":"Exordium Wildlife","floor":13,"turns":9},{"damage":3,"enemies":"Blue Slaver","floor":14,"turns":6},{"damage":0,"enemies":"Slime Boss","floor":16,"turns":44},{"damage":23,"enemies":"2 Thieves","floor":18,"turns":5},{"damage":9,"enemies":"Spheric Guardian","floor":21,"turns":12},{"damage":9,"enemies":"Shelled Parasite and Fungi","floor":22,"turns":10},{"damage":53,"enemies":"Sentry and Sphere","floor":24,"turns":7}],"seed_played":"-3847112488727904400","potions_obtained":[{"floor":5,"key":"LiquidBronze"},{"floor":6,"key":"PowerPotion"},{"floor":12,"key":"Regen Potion"},{"floor":13,"key":"PowerPotion"},{"floor":16,"key":"SpeedPotion"}],"is_trial":false,"path_per_floor":["M","?","?","M","M","E","M","R","T","R","$","M","M","M","R","B",null,"M","?","?","M","M","R","M"],"character_chosen":"IRONCLAD","items_purchased":["Metallicize"],"campfire_rested":1,"item_purchase_floors":[11],"current_hp_per_floor":[63,63,63,53,52,8,9,31,31,31,31,33,36,39,39,45,68,59,38,38,35,36,36,0,0],"gold":79,"neow_bonus":"ONE_RARE_RELIC","is_daily":false,"chose_seed":false,"campfire_upgraded":3,"win_rate":0.0,"timestamp":1609097696,"path_taken":["M","?","?","M","M","E","M","R","T","R","$","M","?","M","R","BOSS","M","?","?","M","M","R","M"],"items_purchased_type":["Card"],"build_version":"2020-12-22","purchased_purges":1,"victory":false,"max_hp_per_floor":[75,75,75,75,75,75,75,75,75,75,75,75,75,75,75,75,75,75,75,75,75,75,75,75,75],"card_choices":[{"not_picked":["Perfected Strike","Shrug It Off"],"picked":"Cleave","floor":1},{"not_picked":["Clash","Thunderclap"],"picked":"Dual Wield","floor":4},{"not_picked":["Wild Strike","Dual Wield"],"picked":"Flame Barrier","floor":5},{"not_picked":["Feel No Pain","Evolve","Flex"],"picked":"SKIP","floor":6},{"not_picked":["Clash","Body Slam"],"picked":"Iron Wave","floor":7},{"not_picked":["Seeing Red","Pommel Strike"],"picked":"Barricade","floor":12},{"not_picked":["Pommel Strike","Shockwave"],"picked":"Headbutt","floor":13},{"not_picked":["Power Through","Wild Strike"],"picked":"True Grit","floor":14},{"not_picked":["Demon Form","Corruption"],"picked":"Reaper","floor":16},{"not_picked":["Searing Blow","Thunderclap","Carnage"],"picked":"SKIP","floor":18},{"not_picked":["Cleave","Infernal Blade"],"picked":"Body Slam","floor":21},{"not_picked":["Sword Boomerang","Iron Wave","Warcry"],"picked":"SKIP","floor":22}],"player_experience":1510776,"relics_obtained":[{"floor":6,"key":"CeramicFish"},{"floor":9,"key":"Bronze Scales"},{"floor":19,"key":"Necronomicon"}],"event_choices":[{"damage_healed":0,"gold_gain":0,"cards_transformed":["Strike_R"],"player_choice":"Change","damage_taken":0,"max_hp_gain":0,"max_hp_loss":0,"event_name":"Living Wall","floor":2,"gold_loss":0,"cards_obtained":["Metallicize"]},{"damage_healed":0,"gold_gain":50,"player_choice":"Pray","damage_taken":0,"max_hp_gain":0,"max_hp_loss":0,"event_name":"Golden Shrine","floor":3,"gold_loss":0},{"damage_healed":0,"gold_gain":0,"player_choice":"Obtained Book","damage_taken":21,"max_hp_gain":0,"max_hp_loss":0,"event_name":"Cursed Tome","floor":19,"gold_loss":0},{"cards_removed":["Strike_R"],"damage_healed":0,"gold_gain":0,"player_choice":"Gave Gold","damage_taken":0,"max_hp_gain":0,"max_hp_loss":0,"event_name":"Beggar","floor":20,"gold_loss":75}],"is_beta":false,"boss_relics":[{"not_picked":["SacredBark","Empty Cage"],"picked":"Astrolabe"}],"items_purged_floors":[11],"is_endless":false,"potions_floor_spawned":[5,6,7,12,13,16],"killed_by":"Sentry and Sphere","ascension_level":17}}