{"host":"x6tlfgqpy55vgxdn","time":1609070293,"event":{"mods":["AchievementEnabler","BaseMod","DeckTracker","Minty Spire (QoL Compilation)","Permanent Neow","StSLib","SuperFastMode"],"gold_per_floor":[111,36,51,51,64,64,78,78,101,130,130,149,174,189,189,285,285,301,301,401,418,429,429,457,457,457,457,126,142,170,187,187,286,286,297,371,386,404,404,431,444,472,472,525,557,557,269,269,269,269,269,269,52,87,87],"floor_reached":56,"playtime":3699,"items_purged":["Hello World","Tempest","Cold Snap","Compile Driver+1"],"score":1971,"play_id":"0c260624-5585-49e6-a5b9-04147e26b522","local_time":"20201227205813","is_ascension_mode":true,"campfire_choices":[{"data":"Turbo","floor":6.0,"key":"SMITH"},{"data":"Genetic Algorithm","floor":8.0,"key":"SMITH"},{"data":"Dualcast","floor":11.0,"key":"SMITH"},{"data":"Defragment","floor":15.0,"key":"SMITH"},{"data":"Loop","floor":23.0,"key":"SMITH"},{"data":"Biased Cognition","floor":25.0,"key":"SMITH"},{"data":"Echo Form","floor":27.0,"key":"SMITH"},{"data":"Coolheaded","floor":32.0,"key":"SMITH"},{"data":"Panacea","floor":46.0,"key":"SMITH"},{"floor":49.0,"key":"RECALL"},{"data":"Purity","floor":52.0,"key":"SMITH"}],"circlet_count":0,"master_deck":["Dualcast+1","Meteor Strike","Hologram","Buffer","Turbo+1","Seek+1","Genetic Algorithm+1","Defragment+1","Genetic Algorithm+1","Loop+1","Core Surge","Echo Form+1","Biased Cognition+1","Panacea+1","Coolheaded+1","Purity+1","Skim"],"relics":["Pandora\u0027s Box","War Paint","Regal Pillow","Odd Mushroom","Runic Pyramid","CaptainsWheel","Shuriken","Happy Flower","TungstenRod","Philosopher\u0027s Stone","The Courier","Pen Nib","InkBottle","Thread and Needle","Dream Catcher","HandDrill","Bottled Lightning"],"acts_visited":["Exordium","TheCity","TheBeyond","TheEnding"],"potions_floor_usage":[55,55],"damage_taken":[{"damage":0.0,"enemies":"Cultist","floor":1.0,"turns":3.0},{"damage":8.0,"enemies":"Jaw Worm","floor":3.0,"turns":3.0},{"damage":12.0,"enemies":"2 Louse","floor":5.0,"turns":3.0},{"damage":0.0,"enemies":"2 Fungi Beasts","floor":7.0,"turns":2.0},{"damage":10.0,"enemies":"Lagavulin","floor":10.0,"turns":5.0},{"damage":14.0,"enemies":"Red Slaver","floor":12.0,"turns":2.0},{"damage":0.0,"enemies":"The Mushroom Lair","floor":13.0,"turns":3.0},{"damage":2.0,"enemies":"Lots of Slimes","floor":14.0,"turns":3.0},{"damage":17.0,"enemies":"The Guardian","floor":16.0,"turns":9.0},{"damage":4.0,"enemies":"3 Byrds","floor":18.0,"turns":4.0},{"damage":0.0,"enemies":"Chosen","floor":21.0,"turns":5.0},{"damage":0.0,"enemies":"3 Cultists","floor":22.0,"turns":5.0},{"damage":12.0,"enemies":"Slavers","floor":24.0,"turns":5.0},{"damage":0.0,"enemies":"Centurion and Healer","floor":29.0,"turns":4.0},{"damage":0.0,"enemies":"Book of Stabbing","floor":30.0,"turns":4.0},{"damage":0.0,"enemies":"Chosen and Byrds","floor":31.0,"turns":4.0},{"damage":0.0,"enemies":"Automaton","floor":33.0,"turns":8.0},{"damage":0.0,"enemies":"Orb Walker","floor":35.0,"turns":4.0},{"damage":0.0,"enemies":"3 Darklings","floor":37.0,"turns":5.0},{"damage":0.0,"enemies":"Writhing Mass","floor":38.0,"turns":3.0},{"damage":0.0,"enemies":"Giant Head","floor":40.0,"turns":4.0},{"damage":0.0,"enemies":"Sphere and 2 Shapes","floor":41.0,"turns":4.0},{"damage":9.0,"enemies":"Reptomancer","floor":42.0,"turns":5.0},{"damage":57.0,"enemies":"2 Orb Walkers","floor":44.0,"turns":8.0},{"damage":0.0,"enemies":"Nemesis","floor":45.0,"turns":9.0},{"damage":0.0,"enemies":"Donu and Deca","floor":50.0,"turns":4.0},{"damage":0,"enemies":"Shield and Spear","floor":54,"turns":4},{"damage":0,"enemies":"The Heart","floor":55,"turns":5}],"seed_played":"-2725665247952054782","potions_obtained":[{"floor":1.0,"key":"GamblersBrew"},{"floor":7.0,"key":"Ancient Potion"},{"floor":10.0,"key":"SteroidPotion"},{"floor":38.0,"key":"Regen Potion"},{"floor":44.0,"key":"SmokeBomb"}],"is_trial":false,"path_per_floor":["M","$","M","?","M","R","M","R","T","E","R","M","?","M","R","B",null,"M","?","?","M","M","R","E","R","T","R","$","M","E","M","R","B",null,"M","T","M","M","?","E","M","E","T","?","E","R","$","?","R","B",null,"R","$","E","B",null],"character_chosen":"DEFECT","items_purchased":["Panacea","Happy Flower","HandDrill","Purity","Skim","FearPotion"],"campfire_rested":0,"item_purchase_floors":[28,28,47,47,53,53],"current_hp_per_floor":[68,68,60,60,48,48,48,48,48,38,38,24,24,22,22,5,58,54,54,54,54,54,54,42,42,42,42,42,42,42,42,42,42,67,67,67,67,67,67,67,67,58,58,1,16,16,16,16,16,16,60,60,60,60,60],"gold":87,"neow_bonus":"BOSS_RELIC","is_daily":false,"chose_seed":false,"campfire_upgraded":10,"win_rate":0.0,"timestamp":1609070293,"path_taken":["M","$","?","?","M","R","M","R","T","E","R","M","?","M","R","BOSS","M","?","?","M","M","R","E","R","T","R","$","M","E","M","R","BOSS","M","?","?","?","?","E","?","E","T","?","E","R","$","?","R","BOSS","R","$","E","BOSS"],"items_purchased_type":["Card","Relic","Relic","Card","Card","Potion"],"build_version":"2020-12-22","purchased_purges":4,"victory":true,"max_hp_per_floor":[75,75,75,75,75,75,75,75,75,75,75,75,75,75,75,75,75,75,75,75,75,75,75,75,75,75,75,75,75,75,75,75,75,75,75,75,75,75,75,75,75,75,75,75,75,75,75,75,75,75,75,75,75,75,75],"card_choices":[{"not_picked":["Capacitor","Leap"],"picked":"Genetic Algorithm","floor":1.0},{"not_picked":["Sweeping Beam","Chaos"],"picked":"Defragment","floor":3.0},{"not_picked":["Turbo","Rebound"],"picked":"Cold Snap","floor":5.0},{"not_picked":["Genetic Algorithm","Turbo","Hologram"],"picked":"SKIP","floor":7.0},{"not_picked":["Turbo","Hologram"],"picked":"Genetic Algorithm","floor":7.0},{"not_picked":["Heatsinks","Conserve Battery","Steam"],"picked":"SKIP","floor":10.0},{"not_picked":["Hologram","Chaos"],"picked":"Loop","floor":12.0},{"not_picked":["Coolheaded","Hologram"],"picked":"Core Surge","floor":13.0},{"not_picked":["Compile Driver","Steam","Barrage"],"picked":"SKIP","floor":14.0},{"not_picked":["Core Surge","Amplify"],"picked":"Echo Form","floor":16.0},{"not_picked":["Turbo","Gash","Cold Snap"],"picked":"SKIP","floor":18.0},{"not_picked":["Gash+1","Sweeping Beam+1"],"picked":"Compile Driver+1","floor":21.0},{"not_picked":["Cold Snap+1","Go for the Eyes","Hologram"],"picked":"SKIP","floor":22.0},{"not_picked":["FTL+1","Static Discharge"],"picked":"Biased Cognition","floor":24.0},{"not_picked":["Doom and Gloom","Genetic Algorithm","Go for the Eyes"],"picked":"SKIP","floor":29.0},{"not_picked":["Defragment","Fusion","Undo+1"],"picked":"SKIP","floor":30.0},{"not_picked":["Beam Cell","Rebound"],"picked":"Coolheaded","floor":31.0},{"not_picked":["Hello World","Streamline+1","Barrage+1"],"picked":"SKIP","floor":35.0},{"not_picked":["FTL","Streamline","Force Field"],"picked":"SKIP","floor":37.0},{"not_picked":["Redo+1","Self Repair","Stack"],"picked":"SKIP","floor":38.0},{"not_picked":["Conserve Battery+1","Streamline","Hyperbeam"],"picked":"SKIP","floor":40.0},{"not_picked":["Steam Power","Melter+1","Compile Driver+1"],"picked":"SKIP","floor":41.0},{"not_picked":["Rebound","Static Discharge","Steam Power+1"],"picked":"SKIP","floor":42.0},{"not_picked":["Steam+1","Glacier+1","Chill"],"picked":"SKIP","floor":45.0},{"not_picked":["Genetic Algorithm+1","Hologram","Cold Snap+1"],"picked":"SKIP","floor":54}],"player_experience":202191,"relics_obtained":[{"floor":9.0,"key":"War Paint"},{"floor":10.0,"key":"Regal Pillow"},{"floor":13.0,"key":"Odd Mushroom"},{"floor":24.0,"key":"CaptainsWheel"},{"floor":26.0,"key":"Shuriken"},{"floor":30.0,"key":"TungstenRod"},{"floor":36.0,"key":"The Courier"},{"floor":40.0,"key":"Pen Nib"},{"floor":42.0,"key":"InkBottle"},{"floor":44.0,"key":"Thread and Needle"},{"floor":45.0,"key":"Dream Catcher"},{"floor":54,"key":"Bottled Lightning"}],"event_choices":[{"cards_removed":["Zap"],"damage_healed":0.0,"max_hp_gain":0.0,"max_hp_loss":0.0,"gold_gain":0.0,"event_name":"Living Wall","player_choice":"Forget","floor":4.0,"gold_loss":0.0,"damage_taken":0.0},{"damage_healed":0.0,"max_hp_gain":0.0,"max_hp_loss":0.0,"gold_gain":0.0,"event_name":"Mushrooms","player_choice":"Fought Mushrooms","floor":13.0,"gold_loss":0.0,"damage_taken":0.0},{"cards_removed":["Sweeping Beam"],"damage_healed":0.0,"max_hp_gain":0.0,"max_hp_loss":0.0,"gold_gain":0.0,"event_name":"Back to Basics","player_choice":"Elegance","floor":19.0,"gold_loss":0.0,"damage_taken":0.0},{"damage_healed":0.0,"max_hp_gain":0.0,"max_hp_loss":0.0,"gold_gain":100.0,"event_name":"Golden Shrine","player_choice":"Pray","floor":20.0,"gold_loss":0.0,"damage_taken":0.0},{"damage_healed":0.0,"max_hp_gain":0.0,"max_hp_loss":0.0,"gold_gain":0.0,"event_name":"Lab","player_choice":"Got Potions","floor":39.0,"gold_loss":0.0,"damage_taken":0.0},{"damage_healed":0.0,"max_hp_gain":0.0,"max_hp_loss":0.0,"gold_gain":0.0,"event_name":"Mysterious Sphere","player_choice":"Fight","floor":44.0,"gold_loss":0.0,"damage_taken":0.0},{"damage_healed":0.0,"max_hp_gain":0.0,"max_hp_loss":0.0,"gold_gain":0.0,"event_name":"Tomb of Lord Red Mask","player_choice":"Ignored","floor":48.0,"gold_loss":0.0,"damage_taken":0.0}],"is_beta":false,"boss_relics":[{"not_picked":["SacredBark","Astrolabe"],"picked":"Runic Pyramid"},{"not_picked":["Tiny House","Sozu"],"picked":"Philosopher\u0027s Stone"}],"items_purged_floors":[2,28,47,53],"is_endless":false,"potions_floor_spawned":[1,7,10,13,18,21,38,41,44],"ascension_level":7}}