{"host":"rvgqag7mtxu5qaaz","time":1609098233,"event":{"mods":["AchievementEnabler","BaseMod","Downfall","Hermit","Hubris","Minty Spire (QoL Compilation)","Replay The Spire","StSLib","SuperFastMode","The Animator","The Construct","The Cursed","The Disciple","The Necromancer"],"gold_per_floor":[109,154,167,167,181,210,220,220,220,234,234,246,1,1,1,1,1],"floor_reached":16,"playtime":1138,"items_purged":[],"score":127,"play_id":"b2c96b74-d07b-4ca0-96c9-8bfe4386b294","local_time":"20201227144353","is_ascension_mode":false,"campfire_choices":[{"floor":11,"key":"DIG"},{"floor":15,"key":"RECALL"}],"circlet_count":0,"master_deck":["hermit:Strike_Hermit","hermit:Strike_Hermit","hermit:Strike_Hermit","hermit:Strike_Hermit","hermit:Defend_Hermit","hermit:Defend_Hermit","hermit:Defend_Hermit","hermit:Defend_Hermit","hermit:Snapshot","hermit:Covet","SwitchConfidence","hermit:Cheat","hermit:LuckOfTheDraw","hermit:FullyLoaded","hermit:CursedWeapon","hermit:Gestalt","hermit:Grudge","Apotheosis"],"relics":["hermit:Momento","Replay:Multitool","hubris:ToyBattleship","Strawberry","GremlinMask","Mango","Replay:Arrowhead","Membership Card"],"acts_visited":["Exordium"],"potions_floor_usage":[6,12,16],"damage_taken":[{"damage":5,"enemies":"2 Louse","floor":1,"turns":4},{"damage":1,"enemies":"Jaw Worm","floor":3,"turns":4},{"damage":1,"enemies":"Cultist","floor":5,"turns":3},{"damage":23,"enemies":"Replay:BlueRogue","floor":6,"turns":9},{"damage":5,"enemies":"Large Slime","floor":7,"turns":5},{"damage":24,"enemies":"Exordium Thugs","floor":10,"turns":10},{"damage":9,"enemies":"2 Fungi Beasts","floor":12,"turns":3},{"damage":16,"enemies":"The Guardian","floor":16,"turns":10}],"seed_played":"-3466337389362376848","potions_obtained":[{"floor":2,"key":"Fruit Juice"},{"floor":2,"key":"Elixir"},{"floor":5,"key":"Flashbang"},{"floor":7,"key":"SpeedPotion"},{"floor":10,"key":"Swift Potion"}],"is_trial":false,"path_per_floor":["M","?","M","?","M","E","M","R","T","M","R","M","$","?","R","B"],"character_chosen":"HERMIT","items_purchased":["Membership Card","Apotheosis"],"campfire_rested":0,"item_purchase_floors":[13,13],"current_hp_per_floor":[70,52,51,51,50,39,34,34,48,24,24,15,15,15,15,0,0],"gold":1,"neow_bonus":"ONE_RARE_RELIC","is_daily":false,"chose_seed":false,"campfire_upgraded":0,"win_rate":0.0,"timestamp":1609098233,"path_taken":["M","?","M","?","M","E","M","R","T","M","R","?","$","?","R","BOSS"],"items_purchased_type":["Relic","Card"],"build_version":"2020-12-22","purchased_purges":0,"victory":false,"max_hp_per_floor":[75,75,75,75,75,87,87,87,101,101,101,101,101,101,101,101,101],"card_choices":[{"not_picked":["hermit:Desperado","hermit:Ricochet","hermit:Vantage"],"picked":"SKIP","floor":1},{"not_picked":["hermit:Manifest","hermit:Quickdraw"],"picked":"hermit:Cheat","floor":2},{"not_picked":["hermit:Headshot","hermit:LowProfile"],"picked":"hermit:LuckOfTheDraw","floor":3},{"not_picked":["hermit:Glare","hermit:Ricochet","hermit:HighCaliber"],"picked":"SKIP","floor":5},{"not_picked":["hermit:Glare","hermit:Desperado"],"picked":"hermit:FullyLoaded","floor":6},{"not_picked":["hermit:Misfire","hermit:LuckOfTheDraw"],"picked":"hermit:CursedWeapon","floor":7},{"not_picked":["hermit:Vantage","hermit:GhostlyPresence"],"picked":"hermit:Gestalt","floor":10},{"not_picked":["hermit:LowProfile","hermit:SprayPray"],"picked":"hermit:Grudge","floor":12}],"player_experience":308706,"relics_obtained":[{"floor":2,"key":"hubris:ToyBattleship"},{"floor":6,"key":"Strawberry"},{"floor":9,"key":"Mango"},{"floor":11,"key":"Replay:Arrowhead"}],"event_choices":[{"damage_healed":0,"gold_gain":0,"player_choice":"Ignored","damage_taken":0,"max_hp_gain":0,"max_hp_loss":0,"event_name":"Fountain of Cleansing","floor":4,"gold_loss":0},{"damage_healed":0,"gold_gain":0,"player_choice":"Trade","damage_taken":0,"relics_obtained":["GremlinMask"],"max_hp_gain":0,"max_hp_loss":0,"event_name":"FaceTrader","floor":8,"gold_loss":0},{"damage_healed":0,"gold_gain":0,"player_choice":"Ignored","damage_taken":0,"max_hp_gain":0,"max_hp_loss":0,"event_name":"Shining Light","floor":14,"gold_loss":0}],"is_beta":false,"boss_relics":[],"items_purged_floors":[],"is_endless":false,"potions_floor_spawned":[5,7,10],"killed_by":"The Guardian","ascension_level":0}}