{"host":"lhth1efayex2023z","time":1609112296,"event":{"mods":["BaseMod","Colored Map","Googly Eyes","Minty Spire (QoL Compilation)","StSLib"],"gold_per_floor":[15,15,190,210,108,148,148,171,250,265,265,308,308,332,332,458,458,477,498,498,423,423,457,457,490,490,533,533,547,547,565,565,693,693,706,727,727,745,57,100,124,124,177,452,352,392,392,407,407,407,407,407,16,50,50],"floor_reached":56,"playtime":2583,"items_purged":["Doubt","Strike_R","Regret"],"score":2066,"play_id":"922fd55e-81b9-47e4-837b-53a9892d6d04","local_time":"20201227163816","is_ascension_mode":true,"campfire_choices":[{"floor":11.0,"key":"REST"},{"data":"Armaments","floor":13.0,"key":"SMITH"},{"data":"Body Slam","floor":15.0,"key":"SMITH"},{"data":"True Grit","floor":24.0,"key":"SMITH"},{"data":"Brutality","floor":28.0,"key":"SMITH"},{"data":"Offering","floor":30.0,"key":"SMITH"},{"data":"Flame Barrier","floor":32.0,"key":"SMITH"},{"floor":49.0,"key":"RECALL"},{"data":"Entrench","floor":52.0,"key":"SMITH"}],"circlet_count":0,"master_deck":["AscendersBane","Defend_R","Defend_R","Defend_R+1","Bash","Body Slam+1","Armaments+1","Shrug It Off","Flame Barrier+1","Ghostly Armor+1","Offering+1","True Grit+1","Feel No Pain+1","Juggernaut","Body Slam","Brutality+1","Ghostly Armor","Sentinel","Entrench+1","Entrench","Impatience"],"relics":["Burning Blood","Golden Idol","Potion Belt","The Courier","Anchor","Coffee Dripper","Paper Frog","Ice Cream","Calipers","Boot","Runic Cube","Juzu Bracelet","Toy Ornithopter","Bronze Scales","MealTicket","Happy Flower","Molten Egg 2","Dream Catcher","Letter Opener","War Paint","InkBottle"],"acts_visited":["Exordium","TheCity","TheBeyond","TheEnding"],"potions_floor_usage":[55,55,55],"damage_taken":[{"damage":6.0,"enemies":"Cultist","floor":1.0,"turns":4.0},{"damage":9.0,"enemies":"Small Slimes","floor":4.0,"turns":6.0},{"damage":60.0,"enemies":"Lagavulin","floor":6.0,"turns":8.0},{"damage":0.0,"enemies":"2 Louse","floor":8.0,"turns":3.0},{"damage":14.0,"enemies":"Lots of Slimes","floor":10.0,"turns":7.0},{"damage":13.0,"enemies":"3 Sentries","floor":12.0,"turns":10.0},{"damage":7.0,"enemies":"Exordium Thugs","floor":14.0,"turns":4.0},{"damage":13.0,"enemies":"The Guardian","floor":16.0,"turns":19.0},{"damage":11.0,"enemies":"Spheric Guardian","floor":18.0,"turns":8.0},{"damage":6.0,"enemies":"2 Thieves","floor":19.0,"turns":5.0},{"damage":6.0,"enemies":"Gremlin Leader","floor":23.0,"turns":6.0},{"damage":6.0,"enemies":"Book of Stabbing","floor":25.0,"turns":4.0},{"damage":22.0,"enemies":"Slavers","floor":27.0,"turns":8.0},{"damage":10.0,"enemies":"Shelled Parasite and Fungi","floor":29.0,"turns":4.0},{"damage":8.0,"enemies":"Cultist and Chosen","floor":31.0,"turns":3.0},{"damage":44.0,"enemies":"Champ","floor":33.0,"turns":10.0},{"damage":23.0,"enemies":"3 Darklings","floor":35.0,"turns":4.0},{"damage":8.0,"enemies":"3 Shapes","floor":36.0,"turns":3.0},{"damage":7.0,"enemies":"Spire Growth","floor":38.0,"turns":2.0},{"damage":15.0,"enemies":"Nemesis","floor":40.0,"turns":5.0},{"damage":8.0,"enemies":"Maw","floor":41.0,"turns":3.0},{"damage":8.0,"enemies":"Giant Head","floor":46.0,"turns":3.0},{"damage":9.0,"enemies":"Sphere and 2 Shapes","floor":48.0,"turns":4.0},{"damage":11.0,"enemies":"Awakened One","floor":50.0,"turns":6.0},{"damage":8,"enemies":"Shield and Spear","floor":54,"turns":3},{"damage":45,"enemies":"The Heart","floor":55,"turns":9}],"seed_played":"7644355793262111746","potions_obtained":[{"floor":10.0,"key":"AttackPotion"},{"floor":12.0,"key":"Fire Potion"},{"floor":14.0,"key":"DistilledChaos"},{"floor":16.0,"key":"PowerPotion"},{"floor":18.0,"key":"DistilledChaos"},{"floor":22.0,"key":"BloodPotion"},{"floor":22.0,"key":"Regen Potion"},{"floor":23.0,"key":"Weak Potion"},{"floor":27.0,"key":"SteroidPotion"},{"floor":29.0,"key":"SpeedPotion"},{"floor":40.0,"key":"Block Potion"}],"is_trial":false,"path_per_floor":["M","?","?","M","$","E","?","M","T","M","R","E","R","M","R","B",null,"M","M","?","?","?","E","R","E","T","E","R","M","R","M","R","B",null,"M","M","?","M","$","E","M","?","T","?","$","E","?","M","R","B",null,"R","$","E","B",null],"character_chosen":"IRONCLAD","items_purchased":["Shrug It Off","Juzu Bracelet","Toy Ornithopter","Bronze Scales","MealTicket","Happy Flower","Letter Opener","War Paint","Impatience"],"campfire_rested":1,"item_purchase_floors":[5,39,39,39,39,39,53,53,53],"current_hp_per_floor":[72,72,72,69,69,15,15,21,21,13,35,28,28,27,27,20,61,56,56,56,56,70,70,70,70,70,54,54,50,50,48,48,10,58,53,51,51,50,50,41,39,39,39,39,54,52,52,49,49,44,64,64,70,68,44],"gold":50,"neow_bonus":"REMOVE_TWO","is_daily":false,"chose_seed":false,"campfire_upgraded":7,"win_rate":0.0,"timestamp":1609112296,"path_taken":["M","?","?","M","$","E","?","M","T","M","R","E","R","?","R","BOSS","M","M","?","?","?","E","R","E","T","E","R","M","R","M","R","BOSS","M","?","?","M","$","E","M","?","T","?","$","E","?","M","R","BOSS","R","$","E","BOSS"],"items_purchased_type":["Card","Relic","Relic","Relic","Relic","Relic","Relic","Relic","Card"],"build_version":"2020-12-22","purchased_purges":3,"victory":true,"max_hp_per_floor":[80,74,74,74,74,74,74,74,74,74,74,74,74,74,74,74,74,74,74,74,74,74,74,74,74,74,74,74,74,74,74,74,74,74,74,74,74,74,74,74,74,74,74,74,74,74,70,70,70,70,70,70,70,70,70],"card_choices":[{"not_picked":["Warcry","Heavy Blade"],"picked":"Body Slam","floor":1.0},{"not_picked":["Heavy Blade","Warcry"],"picked":"Armaments","floor":4.0},{"not_picked":["Pommel Strike","Iron Wave"],"picked":"Flame Barrier","floor":6.0},{"not_picked":["Intimidate","Flex"],"picked":"Ghostly Armor","floor":8.0},{"not_picked":["Warcry","Clothesline"],"picked":"Offering","floor":10.0},{"not_picked":["Blood for Blood","Pommel Strike","True Grit"],"picked":"SKIP","floor":12.0},{"not_picked":["Blood for Blood","Pommel Strike"],"picked":"True Grit","floor":12.0},{"not_picked":["Flex","Clash","Shockwave"],"picked":"SKIP","floor":14.0},{"not_picked":["Havoc","Sword Boomerang","Infernal Blade"],"picked":"SKIP","floor":18.0},{"not_picked":["Battle Trance","True Grit+1"],"picked":"Feel No Pain+1","floor":19.0},{"not_picked":["Pommel Strike+1","Reckless Charge","Uppercut"],"picked":"SKIP","floor":23.0},{"not_picked":["Ghostly Armor","Combust"],"picked":"Body Slam","floor":25.0},{"not_picked":["Second Wind","Carnage+1"],"picked":"Brutality","floor":27.0},{"not_picked":["Hemokinesis","Sword Boomerang","Body Slam"],"picked":"SKIP","floor":29.0},{"not_picked":["Second Wind","Thunderclap"],"picked":"Ghostly Armor","floor":31.0},{"not_picked":["Cleave","Evolve+1","Pummel"],"picked":"SKIP","floor":35.0},{"not_picked":["Infernal Blade+1","Spot Weakness+1"],"picked":"Sentinel","floor":36.0},{"not_picked":["Rage+1","Perfected Strike"],"picked":"Entrench","floor":38.0},{"not_picked":["Rupture+1","Pummel+1","Carnage+1"],"picked":"SKIP","floor":40.0},{"not_picked":["Pommel Strike+1","Twin Strike+1","Whirlwind+1"],"picked":"SKIP","floor":41.0},{"not_picked":["Iron Wave+1","Carnage+1"],"picked":"Entrench","floor":46.0},{"not_picked":["Uppercut+1","Rampage+1","Heavy Blade+1"],"picked":"SKIP","floor":48.0},{"not_picked":["Demon Form","Pummel+1","Perfected Strike+1"],"picked":"SKIP","floor":54}],"player_experience":419514,"relics_obtained":[{"floor":6.0,"key":"Potion Belt"},{"floor":9.0,"key":"The Courier"},{"floor":12.0,"key":"Anchor"},{"floor":23.0,"key":"Paper Frog"},{"floor":25.0,"key":"Ice Cream"},{"floor":26.0,"key":"Calipers"},{"floor":27.0,"key":"Boot"},{"floor":40.0,"key":"Molten Egg 2"},{"floor":46.0,"key":"Dream Catcher"},{"floor":54,"key":"InkBottle"}],"event_choices":[{"damage_healed":0.0,"max_hp_gain":0.0,"max_hp_loss":6.0,"gold_gain":0.0,"event_name":"Golden Idol","player_choice":"Lose Max HP","floor":2.0,"gold_loss":0.0,"damage_taken":0.0,"relics_obtained":["Golden Idol"]},{"damage_healed":0.0,"max_hp_gain":0.0,"max_hp_loss":0.0,"gold_gain":175.0,"event_name":"Liars Game","player_choice":"AGREE","floor":3.0,"gold_loss":0.0,"damage_taken":0.0,"cards_obtained":["Doubt"]},{"cards_removed":["Strike_R"],"damage_healed":0.0,"max_hp_gain":0.0,"max_hp_loss":0.0,"gold_gain":0.0,"event_name":"Bonfire Elementals","player_choice":"Offered Basic","floor":7.0,"gold_loss":0.0,"damage_taken":0.0},{"damage_healed":0.0,"max_hp_gain":0.0,"max_hp_loss":0.0,"gold_gain":0.0,"event_name":"The Library","player_choice":"Read","floor":20.0,"gold_loss":0.0,"damage_taken":0.0,"cards_obtained":["Juggernaut"]},{"cards_removed":["Strike_R"],"damage_healed":0.0,"max_hp_gain":0.0,"max_hp_loss":0.0,"gold_gain":0.0,"event_name":"Beggar","player_choice":"Gave Gold","floor":21.0,"gold_loss":75.0,"damage_taken":0.0},{"damage_healed":0.0,"max_hp_gain":0.0,"max_hp_loss":0.0,"gold_gain":0.0,"event_name":"Lab","player_choice":"Got Potions","floor":22.0,"gold_loss":0.0,"damage_taken":0.0},{"cards_removed":["Strike_R"],"damage_healed":0.0,"max_hp_gain":0.0,"max_hp_loss":0.0,"gold_gain":0.0,"event_name":"Purifier","player_choice":"Purged","floor":37.0,"gold_loss":0.0,"damage_taken":0.0},{"damage_healed":0.0,"max_hp_gain":0.0,"max_hp_loss":0.0,"gold_gain":0.0,"event_name":"Tomb of Lord Red Mask","player_choice":"Ignored","floor":42.0,"gold_loss":0.0,"damage_taken":0.0},{"damage_healed":0.0,"max_hp_gain":0.0,"max_hp_loss":0.0,"gold_gain":275.0,"event_name":"Golden Shrine","player_choice":"Desecrate","floor":44.0,"gold_loss":0.0,"damage_taken":0.0,"cards_obtained":["Regret"]},{"damage_healed":0.0,"max_hp_gain":0.0,"max_hp_loss":4.0,"gold_gain":0.0,"event_name":"Winding Halls","player_choice":"Max HP","floor":47.0,"gold_loss":0.0,"damage_taken":0.0}],"is_beta":false,"boss_relics":[{"not_picked":["Black Blood","Snecko Eye"],"picked":"Coffee Dripper"},{"not_picked":["Fusion Hammer","SlaversCollar"],"picked":"Runic Cube"}],"items_purged_floors":[5,39,45],"is_endless":false,"potions_floor_spawned":[10,12,14,16,18,23,27,29,40],"ascension_level":11}}