{"host":"vydapxfau6612551","time":1609080228,"event":{"mods":["AchievementEnabler","BaseMod","Minty Spire (QoL Compilation)","StSLib","SuperFastMode"],"gold_per_floor":[116,135,149,164,181,211,231,250,250,12,32,42,67,77,77,174,174,193,211,211,246,246,246,246],"floor_reached":23,"playtime":2493,"items_purged":["Strike_R"],"score":293,"play_id":"e646ae43-5e6a-451e-aee5-cbe0baf00dc9","local_time":"20201227234348","is_ascension_mode":true,"campfire_choices":[{"floor":15.0,"key":"REST"}],"circlet_count":0,"master_deck":["Strike_R","Strike_R","Strike_R","Strike_R","Defend_R","Defend_R","Defend_R","Defend_R","Bash","Bludgeon","Pommel Strike","Evolve","Second Wind","Armaments","Power Through","Combust","Intimidate","Feel No Pain","Dark Shackles","Battle Trance","Exhume","Immolate","Battle Trance+1","Wild Strike","Writhe"],"relics":["Black Blood","Peace Pipe","HornCleat","Eternal Feather","Regal Pillow","Red Mask"],"acts_visited":["Exordium","TheCity"],"potions_floor_usage":[],"damage_taken":[{"damage":0.0,"enemies":"Cultist","floor":1.0,"turns":2.0},{"damage":0.0,"enemies":"Small Slimes","floor":2.0,"turns":2.0},{"damage":12.0,"enemies":"Jaw Worm","floor":3.0,"turns":2.0},{"damage":12.0,"enemies":"3 Louse","floor":4.0,"turns":5.0},{"damage":12.0,"enemies":"Looter","floor":5.0,"turns":3.0},{"damage":25.0,"enemies":"Lagavulin","floor":6.0,"turns":6.0},{"damage":13.0,"enemies":"Blue Slaver","floor":7.0,"turns":2.0},{"damage":13.0,"enemies":"Lots of Slimes","floor":8.0,"turns":4.0},{"damage":0.0,"enemies":"2 Fungi Beasts","floor":11.0,"turns":3.0},{"damage":14.0,"enemies":"Red Slaver","floor":12.0,"turns":3.0},{"damage":6.0,"enemies":"3 Sentries","floor":13.0,"turns":4.0},{"damage":1.0,"enemies":"3 Louse","floor":14.0,"turns":6.0},{"damage":29.0,"enemies":"The Guardian","floor":16.0,"turns":15.0},{"damage":20.0,"enemies":"3 Byrds","floor":18.0,"turns":4.0},{"damage":19.0,"enemies":"Chosen","floor":19.0,"turns":5.0},{"damage":13.0,"enemies":"Masked Bandits","floor":21.0,"turns":5.0},{"damage":5,"enemies":"Slavers","floor":23,"turns":3}],"seed_played":"4155479130195651632","potions_obtained":[{"floor":1.0,"key":"ColorlessPotion"},{"floor":2.0,"key":"BloodPotion"},{"floor":5.0,"key":"Swift Potion"},{"floor":7.0,"key":"HeartOfIron"},{"floor":8.0,"key":"AttackPotion"},{"floor":13.0,"key":"Weak Potion"},{"floor":16.0,"key":"Fire Potion"},{"floor":18.0,"key":"ColorlessPotion"}],"is_trial":false,"path_per_floor":["M","M","M","M","M","E","M","M","T","$","M","M","E","M","R","B",null,"M","M","?","?","?","E"],"character_chosen":"IRONCLAD","items_purchased":["Feel No Pain","Dark Shackles"],"campfire_rested":1,"item_purchase_floors":[10,10],"current_hp_per_floor":[57,63,57,51,45,42,35,28,28,28,34,26,26,31,67,44,71,63,56,56,55,40,35,35],"gold":246,"neow_bonus":"THREE_RARE_CARDS","is_daily":false,"chose_seed":false,"campfire_upgraded":0,"win_rate":0.0,"timestamp":1609080228,"path_taken":["M","M","M","M","M","E","M","M","T","$","M","M","E","M","R","BOSS","M","?","?","?","?","E"],"items_purchased_type":["Card","Card"],"build_version":"2020-12-22","purchased_purges":1,"victory":false,"max_hp_per_floor":[80,80,80,80,80,80,80,80,80,80,80,80,80,80,80,80,80,80,80,80,80,85,85,85],"card_choices":[{"not_picked":["Fiend Fire","Barricade"],"picked":"Bludgeon","floor":0.0},{"not_picked":["Disarm","Sever Soul"],"picked":"Pommel Strike","floor":1.0},{"not_picked":["Heavy Blade","Warcry"],"picked":"Evolve","floor":2.0},{"not_picked":["Dropkick","Disarm"],"picked":"Second Wind","floor":3.0},{"not_picked":["Warcry","Body Slam"],"picked":"Armaments","floor":4.0},{"not_picked":["Burning Pact","Heavy Blade"],"picked":"Power Through","floor":5.0},{"not_picked":["Dropkick","Metallicize"],"picked":"Combust","floor":6.0},{"not_picked":["Headbutt","Iron Wave"],"picked":"Intimidate","floor":7.0},{"not_picked":["Metallicize","Dual Wield","Combust"],"picked":"SKIP","floor":8.0},{"not_picked":["Metallicize","Ghostly Armor"],"picked":"Battle Trance","floor":11.0},{"not_picked":["Combust","Clothesline","Twin Strike"],"picked":"SKIP","floor":12.0},{"not_picked":["Hemokinesis","Headbutt","Infernal Blade"],"picked":"SKIP","floor":13.0},{"not_picked":["Entrench","Perfected Strike"],"picked":"Exhume","floor":14.0},{"not_picked":["Double Tap","Reaper"],"picked":"Immolate","floor":16.0},{"not_picked":["Shockwave","Havoc"],"picked":"Battle Trance+1","floor":18.0},{"not_picked":["Headbutt+1","Armaments"],"picked":"Wild Strike","floor":19.0}],"player_experience":402529,"relics_obtained":[{"floor":6.0,"key":"Peace Pipe"},{"floor":9.0,"key":"HornCleat"},{"floor":13.0,"key":"Eternal Feather"},{"floor":21.0,"key":"Red Mask"}],"event_choices":[{"damage_healed":0.0,"max_hp_gain":0.0,"max_hp_loss":0.0,"gold_gain":0.0,"event_name":"The Mausoleum","player_choice":"Opened","floor":20.0,"gold_loss":0.0,"damage_taken":0.0,"relics_obtained":["Regal Pillow"],"cards_obtained":["Writhe"]},{"damage_healed":0.0,"max_hp_gain":0.0,"max_hp_loss":0.0,"gold_gain":0.0,"event_name":"Masked Bandits","player_choice":"Fought Bandits","floor":21.0,"gold_loss":0.0,"damage_taken":0.0},{"damage_healed":0.0,"max_hp_gain":5.0,"max_hp_loss":0.0,"gold_gain":0.0,"event_name":"Forgotten Altar","player_choice":"Shed Blood","floor":22.0,"gold_loss":0.0,"damage_taken":20.0}],"is_beta":false,"boss_relics":[{"not_picked":["Ectoplasm","Calling Bell"],"picked":"Black Blood"}],"items_purged_floors":[10],"is_endless":false,"potions_floor_spawned":[1,2,5,7,8,13,16,18],"killed_by":"Slavers","ascension_level":8}}