{"host":"60d5wzi2cpvs73ka","time":1609070626,"event":{"mods":["AchievementEnabler","Act Like it!","BaseMod","Friendly Minions","Infinite Spire","Minty Spire (QoL Compilation)","Shop Mod","StSLib","The Wild Card"],"gold_per_floor":[109,125,125,50,68,94,110,141,141,141,141,316,316,335,335,335,335],"floor_reached":16,"playtime":2034,"items_purged":["theWildCard:BasicDefend"],"score":137,"play_id":"a743a4cb-6151-4ff4-8a4d-23ec7ed85751","local_time":"20201227210346","is_ascension_mode":false,"campfire_choices":[{"data":"theWildCard:MagicalMight","floor":13,"key":"SMITH"},{"floor":15,"key":"REST"}],"circlet_count":0,"master_deck":["theWildCard:BasicStrike","theWildCard:BasicStrike","theWildCard:BasicStrike","theWildCard:BasicStrike","theWildCard:BasicDefend","theWildCard:BasicDefend","theWildCard:BasicDefend","theWildCard:CallToAdventure","theWildCard:Arsene","theWildCard:Odin","theWildCard:MaskChange","theWildCard:MagicMettle","theWildCard:ChangingDestiny","theWildCard:Thanatos","theWildCard:MagicalMight+1","Doubt"],"relics":["theWildCard:VelvetContract","NeowsBlessing","infinitespire:Beetle Shell","infinitespire:Lucky Rock","infinitespire:FocusingShard"],"acts_visited":["Exordium"],"potions_floor_usage":[6,10],"damage_taken":[{"damage":0,"enemies":"Cultist","floor":1,"turns":1},{"damage":0,"enemies":"infinitespire:Voidling","floor":2,"turns":1},{"damage":0,"enemies":"Jaw Worm","floor":5,"turns":1},{"damage":14,"enemies":"Gremlin Nob","floor":6,"turns":4},{"damage":5,"enemies":"Large Slime","floor":7,"turns":6},{"damage":38,"enemies":"3 Sentries","floor":8,"turns":11},{"damage":0,"enemies":"Looter","floor":10,"turns":1},{"damage":8,"enemies":"Exordium Thugs","floor":14,"turns":5},{"damage":41,"enemies":"Hexaghost","floor":16,"turns":14}],"seed_played":"-356905011122624192","potions_obtained":[{"floor":2,"key":"Explosive Potion"},{"floor":5,"key":"Swift Potion"},{"floor":7,"key":"SmokeBomb"}],"is_trial":false,"path_per_floor":["M","M","?","$","M","E","M","E","T","M","?","?","R","M","R","B"],"character_chosen":"THE_WILD_CARD","items_purchased":[],"campfire_rested":1,"item_purchase_floors":[],"current_hp_per_floor":[60,60,60,60,60,46,41,3,3,3,23,23,23,15,33,0,0],"gold":335,"neow_bonus":"THREE_ENEMY_KILL","is_daily":false,"chose_seed":false,"campfire_upgraded":1,"win_rate":0.0,"timestamp":1609070626,"path_taken":["M","M","?","$","?","E","M","E","T","M","?","?","R","M","R","BOSS"],"items_purchased_type":[],"build_version":"2020-12-22","purchased_purges":1,"victory":false,"max_hp_per_floor":[60,60,60,60,60,60,60,60,60,60,60,60,60,60,60,60,60],"card_choices":[{"not_picked":["theWildCard:SeveringSlash","theWildCard:Safeguard"],"picked":"theWildCard:Odin","floor":1},{"not_picked":["theWildCard:Alice","theWildCard:LadyLuck"],"picked":"theWildCard:MaskChange","floor":2},{"not_picked":["theWildCard:IdentityTheft","theWildCard:Proficiency","theWildCard:Impatience"],"picked":"SKIP","floor":5},{"not_picked":["theWildCard:UnendingRitual","theWildCard:ShieldOfMany"],"picked":"theWildCard:Thanatos","floor":6},{"not_picked":["theWildCard:SeveringSlash","theWildCard:StalwartBlade","theWildCard:BladeOfGenerations"],"picked":"SKIP","floor":7},{"not_picked":["theWildCard:SeveringSlash","theWildCard:StalwartBlade","theWildCard:BladeOfGenerations"],"picked":"SKIP","floor":7},{"not_picked":["theWildCard:SeveringSlash","theWildCard:EnergyTheft"],"picked":"theWildCard:MagicalMight","floor":8},{"not_picked":["theWildCard:EnergyTheft","theWildCard:Patience","theWildCard:IdentityTheft"],"picked":"SKIP","floor":14}],"player_experience":207348,"relics_obtained":[{"floor":6,"key":"infinitespire:Beetle Shell"},{"floor":8,"key":"infinitespire:Lucky Rock"},{"floor":9,"key":"infinitespire:FocusingShard"}],"event_choices":[{"damage_healed":0,"gold_gain":0,"player_choice":"2 cards matched","damage_taken":0,"max_hp_gain":0,"max_hp_loss":0,"event_name":"Match and Keep!","floor":3,"gold_loss":0,"cards_obtained":["theWildCard:MagicMettle","theWildCard:ChangingDestiny"]},{"damage_healed":20,"gold_gain":0,"player_choice":"Banana","damage_taken":0,"max_hp_gain":0,"max_hp_loss":0,"event_name":"Big Fish","floor":11,"gold_loss":0},{"damage_healed":0,"gold_gain":175,"player_choice":"AGREE","damage_taken":0,"max_hp_gain":0,"max_hp_loss":0,"event_name":"Liars Game","floor":12,"gold_loss":0,"cards_obtained":["Doubt"]}],"is_beta":false,"boss_relics":[],"items_purged_floors":[4],"is_endless":false,"potions_floor_spawned":[2,5,7],"killed_by":"Hexaghost","ascension_level":0}}