{"host":"lvhfn8l5bvc4nolx","time":1609056280,"event":{"mods":["AchievementEnabler","BaseMod","Colored Map","Keyboard Shortcuts","Minty Spire (QoL Compilation)","Permanent Neow","Quick Restart","SuperFastMode"],"gold_per_floor":[13,29,45,45,63,63,94,104,104,115,290,72,72,86,86,186,186,196,196,209,63,162,162,162,162],"floor_reached":24,"playtime":602,"items_purged":["Doubt","Defend_B"],"score":208,"play_id":"5a0b88f6-c7c0-4510-a14e-4891cc21c265","local_time":"20201227170440","is_ascension_mode":true,"campfire_choices":[{"floor":6.0,"key":"REST"},{"floor":13.0,"key":"REST"},{"data":"Dualcast","floor":15.0,"key":"SMITH"},{"data":"Chaos","floor":23,"key":"SMITH"}],"circlet_count":0,"master_deck":["Strike_B","Strike_B","Defend_B","Defend_B","Defend_B","Zap","Dualcast+1","Core Surge","Defragment+1","Capacitor","Skim","Conserve Battery","Hologram","Compile Driver","Self Repair","Stack","Leap","Reboot","CurseOfTheBell","Chaos+1","Buffer","Amplify","Ball Lightning","Leap"],"relics":["Cracked Core","StrikeDummy","Kunai","Membership Card","Calling Bell","DataDisk","Singing Bowl","Bird Faced Urn","ClockworkSouvenir"],"acts_visited":["Exordium","TheCity"],"potions_floor_usage":[],"damage_taken":[{"damage":1.0,"enemies":"Cultist","floor":1.0,"turns":3.0},{"damage":11.0,"enemies":"Jaw Worm","floor":2.0,"turns":2.0},{"damage":0.0,"enemies":"2 Louse","floor":3.0,"turns":2.0},{"damage":23.0,"enemies":"Large Slime","floor":5.0,"turns":5.0},{"damage":28.0,"enemies":"Gremlin Nob","floor":7.0,"turns":5.0},{"damage":15.0,"enemies":"2 Fungi Beasts","floor":8.0,"turns":3.0},{"damage":10.0,"enemies":"Looter","floor":10.0,"turns":2.0},{"damage":0.0,"enemies":"Large Slime","floor":14.0,"turns":6.0},{"damage":28.0,"enemies":"Slime Boss","floor":16.0,"turns":12.0},{"damage":35.0,"enemies":"3 Byrds","floor":18.0,"turns":5.0},{"damage":28.0,"enemies":"Spheric Guardian","floor":20.0,"turns":6.0},{"damage":48,"enemies":"3 Cultists","floor":24,"turns":4}],"seed_played":"214273755435302099","potions_obtained":[{"floor":1.0,"key":"SpeedPotion"},{"floor":7.0,"key":"PotionOfCapacity"},{"floor":10.0,"key":"FocusPotion"},{"floor":16.0,"key":"BlessingOfTheForge"}],"is_trial":false,"path_per_floor":["M","M","M","?","M","R","E","M","T","M","?","$","R","M","R","B",null,"M","?","M","$","?","R","M"],"character_chosen":"DEFECT","items_purchased":["Membership Card","Stack","Leap","ClockworkSouvenir"],"campfire_rested":2,"item_purchase_floors":[12,12,21,21],"current_hp_per_floor":[74,63,63,63,40,62,34,19,19,9,9,9,31,38,38,17,75,49,49,36,36,36,36,0,0],"gold":162,"neow_bonus":"THREE_RARE_CARDS","is_daily":false,"chose_seed":false,"campfire_upgraded":2,"win_rate":0.0,"timestamp":1609056280,"path_taken":["M","M","M","?","?","R","E","M","T","M","?","$","R","M","R","BOSS","M","?","M","$","?","R","M"],"items_purchased_type":["Relic","Card","Card","Relic"],"build_version":"2020-12-22","purchased_purges":2,"victory":false,"max_hp_per_floor":[75,75,75,75,75,75,75,75,75,75,75,75,75,75,75,75,75,75,75,75,75,75,75,75,75],"card_choices":[{"not_picked":["Multi-Cast","Rainbow"],"picked":"Core Surge","floor":0.0},{"not_picked":["Redo","Turbo"],"picked":"Defragment","floor":1.0},{"not_picked":["Stack","Go for the Eyes"],"picked":"Capacitor","floor":2.0},{"not_picked":["Stack","Double Energy"],"picked":"Skim","floor":3.0},{"not_picked":["Go for the Eyes","Coolheaded"],"picked":"Conserve Battery","floor":5.0},{"not_picked":["Leap","Rebound"],"picked":"Hologram","floor":7.0},{"not_picked":["Cold Snap","Force Field"],"picked":"Compile Driver","floor":8.0},{"not_picked":["Thunder Strike","Compile Driver"],"picked":"Self Repair","floor":10.0},{"not_picked":["Ball Lightning","Redo"],"picked":"Leap","floor":14.0},{"not_picked":["Thunder Strike","All For One"],"picked":"Reboot","floor":16.0},{"not_picked":["Ball Lightning+1","Compile Driver+1"],"picked":"Chaos","floor":18.0},{"not_picked":["Tempest","Barrage"],"picked":"Ball Lightning","floor":20.0}],"player_experience":344532,"relics_obtained":[{"floor":7.0,"key":"StrikeDummy"},{"floor":9.0,"key":"Kunai"},{"floor":17.0,"key":"DataDisk"},{"floor":17.0,"key":"Singing Bowl"},{"floor":17.0,"key":"Bird Faced Urn"}],"event_choices":[{"damage_healed":0.0,"max_hp_gain":0.0,"max_hp_loss":0.0,"gold_gain":0.0,"event_name":"Accursed Blacksmith","player_choice":"Forge","floor":4.0,"gold_loss":0.0,"damage_taken":0.0,"cards_upgraded":["Defragment"]},{"damage_healed":0.0,"max_hp_gain":0.0,"max_hp_loss":0.0,"gold_gain":175.0,"event_name":"Liars Game","player_choice":"AGREE","floor":11.0,"gold_loss":0.0,"damage_taken":0.0,"cards_obtained":["Doubt"]},{"damage_healed":0.0,"max_hp_gain":0.0,"max_hp_loss":0.0,"gold_gain":0.0,"cards_transformed":["Strike_B","Strike_B"],"event_name":"Drug Dealer","player_choice":"Became Test Subject","floor":19.0,"gold_loss":0.0,"damage_taken":0.0,"cards_obtained":["Buffer","Amplify"]},{"damage_healed":0,"gold_gain":99,"player_choice":"Stole From Cult","damage_taken":0,"max_hp_gain":0,"max_hp_loss":0,"event_name":"Nest","floor":22,"gold_loss":0}],"is_beta":false,"boss_relics":[{"not_picked":["Inserter","Velvet Choker"],"picked":"Calling Bell"}],"items_purged_floors":[12,21],"is_endless":false,"potions_floor_spawned":[1,7,10,16],"killed_by":"3 Cultists","ascension_level":1}}