{"host":"52zmxm0oht7x0uft","time":1609101698,"event":{"mods":["AchievementEnabler","BaseMod","Minty Spire (QoL Compilation)","Quick Restart"],"gold_per_floor":[115,138,15,15,26,26,56,56,56,91,105,122,52,66,66,171,171,181,258,268,268,188,188,517,332,358,374,299,299,299,299,299,299,299],"floor_reached":33,"playtime":1265,"items_purged":["Bash","Defend_R","Defend_R"],"score":325,"play_id":"4d8c8d53-5476-4baf-a187-e0180d77dd91","local_time":"20201227214138","is_ascension_mode":true,"campfire_choices":[{"data":"Perfected Strike","floor":6,"key":"SMITH"},{"data":"Perfected Strike","floor":8,"key":"SMITH"},{"data":"Flame Barrier","floor":15,"key":"SMITH"},{"data":"Flame Barrier","floor":23,"key":"SMITH"},{"data":"Combust","floor":30,"key":"SMITH"},{"floor":32,"key":"REST"}],"circlet_count":0,"master_deck":["Strike_R","Strike_R","Strike_R","Strike_R","Defend_R","Perfected Strike+1","Perfected Strike+1","Thunderclap","Cleave","Perfected Strike","Flame Barrier+1","Flame Barrier+1","Double Tap","Pommel Strike","Bloodletting+1","Battle Trance","Armaments","Combust+1","Ghostly Armor","Clash"],"relics":["Black Blood","Blood Vial","Red Skull","Champion Belt","Bottled Flame","Dream Catcher","The Courier","Old Coin","Happy Flower","Nilry\u0027s Codex"],"acts_visited":["Exordium","TheCity"],"potions_floor_usage":[33,33],"damage_taken":[{"damage":6,"enemies":"Cultist","floor":1,"turns":4},{"damage":7,"enemies":"Jaw Worm","floor":5,"turns":2},{"damage":35,"enemies":"Lagavulin","floor":7,"turns":6},{"damage":6,"enemies":"Gremlin Nob","floor":10,"turns":3},{"damage":3,"enemies":"Small Slimes","floor":11,"turns":2},{"damage":0,"enemies":"2 Fungi Beasts","floor":12,"turns":2},{"damage":1,"enemies":"3 Louse","floor":14,"turns":3},{"damage":30,"enemies":"Slime Boss","floor":16,"turns":8},{"damage":23,"enemies":"Shell Parasite","floor":18,"turns":4},{"damage":0,"enemies":"Spheric Guardian","floor":20,"turns":1},{"damage":50,"enemies":"Slavers","floor":24,"turns":5},{"damage":3,"enemies":"Centurion and Healer","floor":27,"turns":4},{"damage":100,"enemies":"Champ","floor":33,"turns":9}],"seed_played":"3951158671061480714","potions_obtained":[{"floor":10,"key":"EssenceOfSteel"},{"floor":14,"key":"SpeedPotion"},{"floor":16,"key":"SpeedPotion"},{"floor":18,"key":"BloodPotion"}],"is_trial":false,"path_per_floor":["M","T","$","?","M","R","E","R","T","E","M","M","$","M","R","B",null,"M","T","M","?","$","R","E","$","T","M","?","?","R","?","R","B"],"character_chosen":"IRONCLAD","items_purchased":["Perfected Strike","Flame Barrier","Combust","Ghostly Armor"],"campfire_rested":1,"item_purchase_floors":[3,13,25,25],"current_hp_per_floor":[80,80,80,80,79,79,51,51,51,53,58,66,66,73,73,51,80,69,69,80,80,80,80,42,42,42,53,53,53,53,37,61,0,0],"gold":299,"neow_bonus":"RANDOM_COMMON_RELIC","is_daily":false,"chose_seed":false,"campfire_upgraded":5,"win_rate":0.0,"timestamp":1609101698,"path_taken":["M","?","$","?","M","R","E","R","T","E","M","M","$","M","R","BOSS","M","?","?","?","$","R","E","$","T","M","?","?","R","?","R","BOSS"],"items_purchased_type":["Card","Card","Card","Card"],"build_version":"2020-12-22","purchased_purges":3,"victory":false,"max_hp_per_floor":[80,80,80,80,80,80,80,80,80,80,80,80,80,80,80,80,80,80,80,80,80,80,80,80,80,80,80,80,80,80,80,80,80,80],"card_choices":[{"not_picked":["Wild Strike","Shockwave"],"picked":"Perfected Strike","floor":1},{"not_picked":["Flex","Searing Blow","Blood for Blood"],"picked":"SKIP","floor":5},{"not_picked":["Thunderclap","Blood for Blood","Seeing Red"],"picked":"SKIP","floor":7},{"not_picked":["Shockwave","Flex"],"picked":"Cleave","floor":10},{"not_picked":["Clothesline","Juggernaut","Infernal Blade"],"picked":"SKIP","floor":11},{"not_picked":["Sword Boomerang","Flex"],"picked":"Perfected Strike","floor":12},{"not_picked":["Armaments","Warcry"],"picked":"Flame Barrier","floor":14},{"not_picked":["Impervious","Reaper"],"picked":"Double Tap","floor":16},{"not_picked":["Heavy Blade","Searing Blow"],"picked":"Pommel Strike","floor":18},{"not_picked":["Iron Wave","Wild Strike"],"picked":"Bloodletting+1","floor":20},{"not_picked":["Evolve","Metallicize"],"picked":"Armaments","floor":24},{"not_picked":["Cleave+1","Burning Pact","Inflame"],"picked":"SKIP","floor":27},{"not_picked":["Clothesline+1","Carnage"],"picked":"Clash","floor":32}],"player_experience":322748,"relics_obtained":[{"floor":2,"key":"Red Skull"},{"floor":7,"key":"Champion Belt"},{"floor":9,"key":"Bottled Flame"},{"floor":10,"key":"Dream Catcher"},{"floor":19,"key":"The Courier"},{"floor":24,"key":"Old Coin"},{"floor":26,"key":"Happy Flower"},{"floor":31,"key":"Nilry\u0027s Codex"}],"event_choices":[{"damage_healed":0,"gold_gain":0,"cards_transformed":["Defend_R"],"player_choice":"Transformed","damage_taken":0,"max_hp_gain":0,"max_hp_loss":0,"event_name":"Transmorgrifier","floor":4,"gold_loss":0,"cards_obtained":["Thunderclap"]},{"damage_healed":0,"gold_gain":0,"player_choice":"Read","damage_taken":0,"max_hp_gain":0,"max_hp_loss":0,"event_name":"The Library","floor":21,"gold_loss":0,"cards_obtained":["Battle Trance"]},{"cards_removed":["Strike_R"],"damage_healed":0,"gold_gain":0,"player_choice":"Gave Gold","damage_taken":0,"max_hp_gain":0,"max_hp_loss":0,"event_name":"Beggar","floor":28,"gold_loss":75},{"damage_healed":0,"gold_gain":0,"player_choice":"Ignored","damage_taken":0,"max_hp_gain":0,"max_hp_loss":0,"event_name":"Vampires","floor":29,"gold_loss":0},{"damage_healed":0,"gold_gain":0,"player_choice":"Obtained Book","damage_taken":16,"max_hp_gain":0,"max_hp_loss":0,"event_name":"Cursed Tome","floor":31,"gold_loss":0}],"is_beta":false,"boss_relics":[{"not_picked":["Tiny House","Black Star"],"picked":"Black Blood"}],"items_purged_floors":[3,22,25],"is_endless":false,"potions_floor_spawned":[10,14,16,18,20,27],"killed_by":"Champ","ascension_level":4}}