{"host":"54s219tvmzwy4mlc","time":1609047195,"event":{"mods":["AchievementEnabler","Bartender","BaseMod","Better Skull","Colored Map","DeckTracker","Downfall","FruityMod","Googly Eyes","GungeonMod","Highlight Path","Minty Spire (QoL Compilation)","Rare Cards Sparkle","Spicy Shops","StSLib","The Death Knight","The Marked","Trackpad","[IsaacMod]????"],"gold_per_floor":[113,113,113,133,151,186,203,223,293,293,313,325,325,339,339,439,439,455,466,482,81,99,132,132,132,202,202,231,248,248,262,262,366,366,386,233,251,102,102,102,72,72,150,163,163,180,194,206,206,206,206],"floor_reached":50,"playtime":3346,"items_purged":[],"score":490,"play_id":"138b0535-cd6e-4725-ae01-7c81c1ff90dc","local_time":"20201226233315","is_ascension_mode":false,"campfire_choices":[{"floor":10,"key":"REST"},{"floor":13,"key":"REST"},{"floor":15,"key":"REST"},{"floor":25,"key":"REST"},{"floor":32,"key":"REST"},{"data":"theMarked:EternalStudent","floor":40,"key":"SMITH"},{"data":"theMarked:Seal","floor":45,"key":"SMITH"},{"floor":49,"key":"REST"}],"circlet_count":0,"master_deck":["theMarked:Strike+1","theMarked:Strike","theMarked:Strike","theMarked:Defend+1","theMarked:Defend","theMarked:Defend+1","theMarked:Defend","theMarked:SoldierOfQuellstein","DoctorFetus","theMarked:TwofoldDefense+1","theMarked:BanishingStrike","theMarked:Overcharge+1","theMarked:ChainLightning","theMarked:SwordAndMagic","theMarked:KeepCalmAndFightOn","theMarked:WardOff","theMarked:Panic","theMarked:StartUp+1","theMarked:ChannelForce","theMarked:Indomitable+1","theMarked:BanishingStrike","theMarked:Reabsorb","theMarked:Frustration","theMarked:ElectricStrings+1","theMarked:EternalStudent+1","theMarked:Parkour+1","theMarked:TakeOffHeels","expansioncontent:HyperBeam","theMarked:Seal+1","theMarked:ChainLightning+1","theMarked:ShockingTouch+1","theMarked:WardOff+1"],"relics":["theMarked:ArtifactOfAir","HushsDoor","GuppysTail","NeowsBlessing","War Paint","Mummified Hand","MagicMushroom","Shuriken","Bronze Scales","trackpad:WritersBlock","Pantograph","Whetstone","theMarked:Eyepatch","DemoMod:Metronome","DemoMod:ClearGuonStone","DemoMod:MeltedRock"],"acts_visited":["Exordium","TheCity","TheBeyond"],"potions_floor_usage":[6,11,23,23,33,33,33,35,44,44,47,48],"damage_taken":[{"damage":0,"enemies":"2 Louse","floor":1,"turns":1},{"damage":0,"enemies":"Cultist","floor":4,"turns":1},{"damage":0,"enemies":"Jaw Worm","floor":5,"turns":1},{"damage":27,"enemies":"Lagavulin","floor":6,"turns":4},{"damage":1,"enemies":"Large Slime","floor":7,"turns":7},{"damage":26,"enemies":"Lots of Slimes","floor":8,"turns":3},{"damage":2,"enemies":"Blue Slaver","floor":11,"turns":3},{"damage":0,"enemies":"Looter","floor":12,"turns":3},{"damage":0,"enemies":"Exordium Wildlife","floor":14,"turns":3},{"damage":48,"enemies":"Hexaghost","floor":16,"turns":9},{"damage":0,"enemies":"Spheric Guardian","floor":18,"turns":2},{"damage":15,"enemies":"2 Thieves","floor":19,"turns":3},{"damage":22,"enemies":"Centurion and Healer","floor":20,"turns":5},{"damage":2,"enemies":"3 Cultists","floor":22,"turns":4},{"damage":8,"enemies":"Book of Stabbing","floor":23,"turns":4},{"damage":33,"enemies":"Gremlin Leader","floor":28,"turns":6},{"damage":2,"enemies":"Cultist and Chosen","floor":29,"turns":3},{"damage":9,"enemies":"Centurion and Healer","floor":31,"turns":5},{"damage":31,"enemies":"Collector","floor":33,"turns":7},{"damage":0,"enemies":"3 Shapes","floor":35,"turns":5},{"damage":4,"enemies":"Orb Walker","floor":37,"turns":3},{"damage":29,"enemies":"Transient","floor":44,"turns":5},{"damage":18,"enemies":"3 Darklings","floor":46,"turns":4},{"damage":16,"enemies":"Jaw Worm Horde","floor":47,"turns":3},{"damage":0,"enemies":"Maw","floor":48,"turns":4},{"damage":100,"enemies":"Awakened One","floor":50,"turns":8}],"seed_played":"6232377128840689527","potions_obtained":[{"floor":4,"key":"SkillPotion"},{"floor":7,"key":"DuplicationPotion"},{"floor":12,"key":"SteroidPotion"},{"floor":19,"key":"champ:CounterPotion"},{"floor":23,"key":"Explosive Potion"},{"floor":28,"key":"theMarked:ChargePotion"},{"floor":31,"key":"DeathKnight:RimePotion"},{"floor":33,"key":"PowerPotion"},{"floor":35,"key":"Fire Potion"},{"floor":41,"key":"FairyPotion"},{"floor":41,"key":"theMarked:SummonPotion"},{"floor":46,"key":"EssenceOfSteel"},{"floor":47,"key":"Swift Potion"}],"is_trial":false,"path_per_floor":["M","?","?","M","M","E","M","M","T","R","M","M","R","M","R","B",null,"M","M","M","$","M","E","?","R","T","?","E","M","?","M","R","B",null,"M","$","M","$","?","R","?","?","T","M","R","M","M","M","R","B"],"character_chosen":"THE_DEFAULT","items_purchased":["Shuriken","Bronze Scales","DemoMod:Metronome","DemoMod:ClearGuonStone"],"campfire_rested":6,"item_purchase_floors":[21,21,36,38],"current_hp_per_floor":[70,70,56,56,56,29,28,2,2,23,21,21,42,42,63,15,77,77,62,41,41,40,33,33,56,56,56,24,23,23,15,38,33,77,77,77,73,73,63,63,63,63,63,35,35,18,3,4,27,0,0],"gold":206,"neow_bonus":"THREE_ENEMY_KILL","is_daily":false,"chose_seed":false,"campfire_upgraded":2,"win_rate":0.0,"timestamp":1609047195,"path_taken":["M","?","?","?","M","E","M","M","T","R","M","M","R","M","R","BOSS","M","M","M","$","M","E","?","R","T","?","E","M","?","?","R","BOSS","M","$","M","$","?","R","?","?","T","M","R","M","M","M","R","BOSS"],"items_purchased_type":["Relic","Relic","Relic","Relic"],"build_version":"2020-12-22","purchased_purges":0,"victory":false,"max_hp_per_floor":[70,70,70,70,70,70,70,70,70,70,70,70,70,70,70,70,77,77,77,77,77,77,77,77,77,77,77,77,77,77,77,77,77,77,77,77,77,77,77,77,77,77,77,77,77,77,77,77,77,77,77],"card_choices":[{"not_picked":[],"picked":"DoctorFetus","floor":0},{"not_picked":["theMarked:Panic","theMarked:Improvise"],"picked":"theMarked:TwofoldDefense","floor":1},{"not_picked":["theMarked:EnhanceMovement","theMarked:Frustration"],"picked":"theMarked:BanishingStrike","floor":4},{"not_picked":["theMarked:ResourceFulStrike","theMarked:TwofoldDefense"],"picked":"theMarked:Overcharge","floor":5},{"not_picked":["theMarked:EternalStudent","theMarked:ResourceFulStrike"],"picked":"theMarked:ChainLightning","floor":6},{"not_picked":["theMarked:ChainLightning","theMarked:TwofoldDefense"],"picked":"theMarked:SwordAndMagic","floor":7},{"not_picked":["theMarked:Aftermath","theMarked:Overthink"],"picked":"theMarked:KeepCalmAndFightOn","floor":8},{"not_picked":["theMarked:Electrocute","theMarked:Polarize"],"picked":"theMarked:WardOff","floor":11},{"not_picked":["theMarked:HeightenedSenses","theMarked:Indomitable"],"picked":"theMarked:Panic","floor":12},{"not_picked":["Bomb","theMarked:EnhancedHearing"],"picked":"theMarked:StartUp","floor":14},{"not_picked":["theMarked:Defy","theMarked:TurnInvisible"],"picked":"theMarked:ChannelForce","floor":16},{"not_picked":["theMarked:Parkour","theMarked:ResourceFulStrike","theMarked:ElectricStrings"],"picked":"SKIP","floor":18},{"not_picked":["theMarked:Aftermath+1","theMarked:Frustration"],"picked":"theMarked:Indomitable+1","floor":19},{"not_picked":["theMarked:EmpowerWeapon","theMarked:Static","theMarked:ResourceFulStrike"],"picked":"SKIP","floor":20},{"not_picked":["theMarked:Static","theMarked:ShockingTouch+1","theMarked:Parkour"],"picked":"SKIP","floor":22},{"not_picked":["theMarked:Overcharge+1","theMarked:TakeCover","theMarked:EmpowerWeapon"],"picked":"SKIP","floor":23},{"not_picked":["theMarked:WastefulAttack","theMarked:ElectricStrings"],"picked":"theMarked:Frustration","floor":28},{"not_picked":["theMarked:WastefulAttack+1","theMarked:CreepingChasm+1"],"picked":"theMarked:ElectricStrings+1","floor":29},{"not_picked":["theMarked:Improvise","theMarked:ReduceFriction"],"picked":"theMarked:Electrocute","floor":31},{"not_picked":["theMarked:BindingBlade","theMarked:UnarmedFury"],"picked":"theMarked:EternalStudent","floor":33},{"not_picked":["theMarked:Static+1","theMarked:WastefulAttack+1"],"picked":"theMarked:Parkour+1","floor":35},{"not_picked":["theMarked:RepellingDischarge+1","theMarked:HeightenedSenses+1"],"picked":"theMarked:TakeOffHeels","floor":37},{"not_picked":["Forethought","Discovery"],"picked":"expansioncontent:HyperBeam","floor":39},{"not_picked":["Purity","Blind"],"picked":"ChaosCard","floor":39},{"not_picked":["theMarked:RepellingDischarge+1","theMarked:ChainLightning+1"],"picked":"theMarked:Seal","floor":44},{"not_picked":["theMarked:Electrocute","theMarked:DeterminationOfTheMarked"],"picked":"theMarked:ChainLightning+1","floor":46},{"not_picked":["theMarked:Frustration+1","theMarked:Aftermath+1"],"picked":"theMarked:ShockingTouch+1","floor":47},{"not_picked":["theMarked:Improvise","theMarked:WastefulDefense"],"picked":"theMarked:WardOff+1","floor":48}],"player_experience":77947,"relics_obtained":[{"floor":6,"key":"War Paint"},{"floor":9,"key":"Mummified Hand"},{"floor":23,"key":"trackpad:WritersBlock"},{"floor":26,"key":"Pantograph"},{"floor":28,"key":"Whetstone"},{"floor":43,"key":"DemoMod:MeltedRock"}],"event_choices":[{"damage_healed":0,"gold_gain":0,"player_choice":"Entered Light","damage_taken":14,"max_hp_gain":0,"max_hp_loss":0,"event_name":"Shining Light","floor":3,"gold_loss":0,"cards_upgraded":["theMarked:Defend","theMarked:Defend"]},{"damage_healed":0,"gold_gain":0,"cards_transformed":["theMarked:Strike","theMarked:Strike"],"player_choice":"Became Test Subject","damage_taken":0,"max_hp_gain":0,"max_hp_loss":0,"event_name":"Drug Dealer","floor":24,"gold_loss":0,"cards_obtained":["theMarked:BanishingStrike","theMarked:Reabsorb"]},{"damage_healed":0,"gold_gain":0,"player_choice":"Ignored","damage_taken":0,"max_hp_gain":0,"max_hp_loss":0,"event_name":"Beggar","floor":30,"gold_loss":0},{"damage_healed":0,"gold_gain":0,"player_choice":"Memory 3","damage_taken":10,"max_hp_gain":0,"max_hp_loss":0,"event_name":"SensoryStone","floor":39,"gold_loss":0},{"damage_healed":0,"gold_gain":0,"player_choice":"Bought 2 Potions","damage_taken":0,"max_hp_gain":0,"max_hp_loss":0,"event_name":"The Woman in Blue","floor":41,"gold_loss":0},{"cards_removed":["theMarked:Electrocute"],"damage_healed":0,"gold_gain":0,"player_choice":"Removed Attack","damage_taken":0,"max_hp_gain":0,"max_hp_loss":0,"event_name":"Falling","floor":42,"gold_loss":0}],"is_beta":false,"boss_relics":[{"not_picked":["Runic Dome","theMarked:SpiritSword"],"picked":"MagicMushroom"},{"not_picked":[]},{"not_picked":["Empty Cage","SacredBark"],"picked":"theMarked:Eyepatch"},{"not_picked":[]}],"items_purged_floors":[],"is_endless":false,"potions_floor_spawned":[4,7,12,19,23,28,31,33,35,46,47],"killed_by":"Awakened One","ascension_level":0}}