{"host":"ovxa65d68iy9l57e","time":1609031258,"event":{"mods":["AchievementEnabler","BaseMod","Better Altar","Better Skull","Better Vampires","Colored Map","Curses Come First","Minty Spire (QoL Compilation)","Relic Stats","StSLib"],"gold_per_floor":[111,127,144,24,24,54,54,54,54,65,94,94,111,122,122,225,225,254,169,178,78,99,138,138,138,138],"floor_reached":25,"playtime":1778,"items_purged":["Strike_P","Strike_P"],"score":254,"play_id":"8a514f5f-5773-4a4a-a724-c20d35538afd","local_time":"20201227020738","is_ascension_mode":true,"campfire_choices":[{"data":"Crescendo","floor":7,"key":"SMITH"},{"floor":15,"key":"REST"},{"floor":24,"key":"DIG"}],"circlet_count":0,"master_deck":["Strike_P+1","Strike_P+1","Defend_P","Defend_P","Defend_P","Eruption","Vigilance","Crescendo+1","InnerPeace","WheelKick","ClearTheMind","CutThroughFate","EmptyFist","WindmillStrike","ThirdEye","Alpha","CurseOfTheBell","FearNoEvil","EmptyMind+1","Conclude","Omniscience+1"],"relics":["PureWater","NeowsBlessing","Nunchaku","Shuriken","Vajra","Calling Bell","CeramicFish","Blue Candle","Shovel","Toxic Egg 2","Mummified Hand","Strawberry"],"acts_visited":["Exordium","TheCity"],"potions_floor_usage":[6,10,14,16,23,25],"damage_taken":[{"damage":0,"enemies":"2 Louse","floor":1,"turns":1},{"damage":0,"enemies":"Small Slimes","floor":2,"turns":1},{"damage":0,"enemies":"Cultist","floor":3,"turns":1},{"damage":34,"enemies":"Lagavulin","floor":6,"turns":6},{"damage":0,"enemies":"2 Fungi Beasts","floor":10,"turns":2},{"damage":17,"enemies":"3 Sentries","floor":11,"turns":6},{"damage":1,"enemies":"Red Slaver","floor":13,"turns":2},{"damage":0,"enemies":"3 Louse","floor":14,"turns":2},{"damage":18,"enemies":"Slime Boss","floor":16,"turns":7},{"damage":0,"enemies":"Chosen","floor":18,"turns":4},{"damage":14,"enemies":"Spheric Guardian","floor":22,"turns":4},{"damage":30,"enemies":"Slavers","floor":23,"turns":6},{"damage":38,"enemies":"Cultist and Chosen","floor":25,"turns":4}],"seed_played":"169427049853447829","potions_obtained":[{"floor":1,"key":"Ambrosia"},{"floor":2,"key":"AttackPotion"},{"floor":8,"key":"DistilledChaos"},{"floor":8,"key":"Swift Potion"},{"floor":11,"key":"Ancient Potion"},{"floor":13,"key":"BottledMiracle"},{"floor":22,"key":"LiquidMemories"}],"is_trial":false,"path_per_floor":["M","M","M","$","?","E","R","?","T","M","E","?","M","M","R","B",null,"M","?","?","$","M","E","R","M"],"character_chosen":"WATCHER","items_purchased":["ClearTheMind"],"campfire_rested":1,"item_purchase_floors":[4],"current_hp_per_floor":[72,72,72,72,58,24,24,24,24,24,7,7,6,6,27,9,72,72,72,72,72,58,28,35,0,0],"gold":138,"neow_bonus":"THREE_ENEMY_KILL","is_daily":false,"chose_seed":false,"campfire_upgraded":1,"win_rate":0.0,"timestamp":1609031258,"path_taken":["M","M","M","$","?","E","R","?","T","?","E","?","?","M","R","BOSS","M","?","?","$","?","E","R","M"],"items_purchased_type":["Card"],"build_version":"2020-12-22","purchased_purges":2,"victory":false,"max_hp_per_floor":[72,72,72,72,72,72,72,72,72,72,72,72,72,72,72,72,72,72,72,72,72,72,72,79,79,79],"relic_stats":{"Nunchaku":[6],"Shovel":1,"counters":[13,46],"Shuriken":[7],"Mummified Hand":[0],"CeramicFish":36,"Blue Candle":[0],"obtain_stats":[{"Calling Bell":17,"Nunchaku":6,"Shovel":17,"NeowsBlessing":0,"Shuriken":9,"Mummified Hand":23,"CeramicFish":17,"Blue Candle":17,"Strawberry":24,"Vajra":11,"PureWater":0,"Toxic Egg 2":19},{"Calling Bell":9,"Nunchaku":4,"Shovel":9,"NeowsBlessing":0,"Shuriken":4,"Mummified Hand":12,"CeramicFish":9,"Blue Candle":9,"Strawberry":12,"Vajra":6,"PureWater":0,"Toxic Egg 2":10},{"Calling Bell":28,"Nunchaku":9,"Shovel":28,"NeowsBlessing":0,"Shuriken":9,"Mummified Hand":42,"CeramicFish":28,"Blue Candle":28,"Strawberry":42,"Vajra":17,"PureWater":0,"Toxic Egg 2":32}]},"card_choices":[{"not_picked":["ForeignInfluence","FlurryOfBlows"],"picked":"Crescendo","floor":1},{"not_picked":["CutThroughFate","Worship"],"picked":"InnerPeace","floor":2},{"not_picked":["SandsOfTime","Collect"],"picked":"WheelKick","floor":3},{"not_picked":["Meditate","ConjureBlade"],"picked":"CutThroughFate","floor":6},{"not_picked":["PathToVictory","Crescendo"],"picked":"EmptyFist","floor":10},{"not_picked":["LikeWater","FlurryOfBlows"],"picked":"WindmillStrike","floor":11},{"not_picked":["ForeignInfluence","ClearTheMind","Adaptation"],"picked":"SKIP","floor":13},{"not_picked":["FlurryOfBlows","Swivel"],"picked":"ThirdEye","floor":14},{"not_picked":["MasterReality","Devotion"],"picked":"Alpha","floor":16},{"not_picked":["Halt","Prostrate"],"picked":"FearNoEvil","floor":18},{"not_picked":["Evaluate+1","Prostrate+1"],"picked":"Conclude","floor":22},{"not_picked":["Wireheading","Protect+1"],"picked":"Omniscience+1","floor":23}],"player_experience":239548,"relics_obtained":[{"floor":6,"key":"Nunchaku"},{"floor":9,"key":"Shuriken"},{"floor":11,"key":"Vajra"},{"floor":17,"key":"CeramicFish"},{"floor":17,"key":"Blue Candle"},{"floor":17,"key":"Shovel"},{"floor":23,"key":"Mummified Hand"},{"floor":24,"key":"Strawberry"}],"event_choices":[{"damage_healed":0,"gold_gain":0,"player_choice":"Entered Light","damage_taken":14,"max_hp_gain":0,"max_hp_loss":0,"event_name":"Shining Light","floor":5,"gold_loss":0,"cards_upgraded":["Strike_P","Strike_P"]},{"damage_healed":0,"gold_gain":0,"player_choice":"Got Potions","damage_taken":0,"max_hp_gain":0,"max_hp_loss":0,"event_name":"Lab","floor":8,"gold_loss":0},{"damage_healed":0,"gold_gain":0,"player_choice":"Bought 0 Potions","damage_taken":0,"max_hp_gain":0,"max_hp_loss":0,"event_name":"The Woman in Blue","floor":12,"gold_loss":0},{"damage_healed":0,"gold_gain":0,"player_choice":"Obtained Relic","damage_taken":0,"relics_obtained":["Toxic Egg 2"],"max_hp_gain":0,"max_hp_loss":0,"event_name":"Addict","floor":19,"gold_loss":85},{"damage_healed":0,"gold_gain":0,"cards_transformed":["Defend_P"],"player_choice":"Transformed","damage_taken":0,"max_hp_gain":0,"max_hp_loss":0,"event_name":"Transmorgrifier","floor":20,"gold_loss":0,"cards_obtained":["EmptyMind"]}],"is_beta":false,"boss_relics":[{"not_picked":["Empty Cage","Busted Crown"],"picked":"Calling Bell"}],"items_purged_floors":[4,21],"is_endless":false,"potions_floor_spawned":[1,2,11,13,22],"killed_by":"Cultist and Chosen","ascension_level":2}}