{"host":"gs54vsfgw7iatksr","time":1609047377,"event":{"mods":["AchievementEnabler","BaseMod","Colored Map","Downfall","Friendly Minions","Hermit","Infinite Spire","Minty Spire (QoL Compilation)","Permanent Neow","Replay The Spire","StSLib","SuperFastMode","The Cursed","The Disciple","The Necromancer","The Servant 0.9.4"],"gold_per_floor":[17,27,44,44,61,73,98,98,98,115,115,146,146,146,146,246,246,263,283,297,297,312,312,312],"floor_reached":23,"playtime":1456,"items_purged":[],"score":195,"play_id":"274e339b-5078-43fb-8929-840b31bacdc8","local_time":"20201226233617","is_ascension_mode":false,"campfire_choices":[{"data":"Uncharnel","floor":8,"key":"SMITH"},{"floor":11,"key":"REST"},{"floor":13,"key":"REST"},{"floor":15,"key":"DIG"}],"circlet_count":0,"master_deck":["Strike_W","Strike_W","Defend_W","Defend_W","Defend_W","Negative_Energy_Arrows","Bone_Wall","Bone_Bullets","Uncharnel+1","Negative_Energy_Shield","Negative_Energy_Sphere","Plague_Bolt","Death_Coil+1","Bone_Spikes+1","Life_Tap+1","Bone_Armory+1","Negative_Energy_Javelin"],"relics":["Vampire_Amulet","Bird Faced Urn","Odd Mushroom","Chameleon Ring","Dream Catcher","Astrolabe"],"acts_visited":["Exordium","TheCity"],"potions_floor_usage":[16,16,23],"damage_taken":[{"damage":0,"enemies":"Cultist","floor":1,"turns":3},{"damage":5,"enemies":"Jaw Worm","floor":2,"turns":4},{"damage":0,"enemies":"2 Louse","floor":3,"turns":3},{"damage":20,"enemies":"Large Slime","floor":5,"turns":9},{"damage":25,"enemies":"Gremlin Gang","floor":6,"turns":5},{"damage":19,"enemies":"The Mushroom Lair","floor":7,"turns":5},{"damage":3,"enemies":"2 Fungi Beasts","floor":10,"turns":4},{"damage":37,"enemies":"3 Sentries","floor":12,"turns":8},{"damage":11,"enemies":"Hexaghost","floor":16,"turns":12},{"damage":19,"enemies":"Shell Parasite","floor":18,"turns":7},{"damage":19,"enemies":"Spheric Guardian","floor":19,"turns":6},{"damage":38,"enemies":"Shelled Parasite and Fungi","floor":20,"turns":8},{"damage":50,"enemies":"Cultist and Chosen","floor":22,"turns":9},{"damage":36,"enemies":"Nightmare","floor":23,"turns":5}],"seed_played":"2474348189980212036","potions_obtained":[{"floor":1,"key":"ColorlessPotion"},{"floor":3,"key":"LifebloodPotion"},{"floor":12,"key":"champ:CounterPotion"},{"floor":14,"key":"FairyPotion"},{"floor":22,"key":"Slimebound:ThreeZeroPotion"}],"is_trial":false,"path_per_floor":["M","M","M","?","M","M","?","R","T","M","R","E","R","?","R_BF","B",null,"M","M","M","?","M","NM"],"character_chosen":"NECROMANCER","items_purchased":[],"campfire_rested":2,"item_purchase_floors":[],"current_hp_per_floor":[75,72,75,75,59,42,29,29,29,30,52,21,43,43,43,34,75,58,43,11,11,21,0,0],"gold":312,"neow_bonus":"ONE_RARE_RELIC","is_daily":false,"chose_seed":false,"campfire_upgraded":1,"win_rate":0.0,"timestamp":1609047377,"path_taken":["M","M","?","?","M","M","?","R","T","M","R","E","R","?","R_BF","BOSS","M","M","?","?","M","NM"],"items_purchased_type":[],"build_version":"2020-12-22","purchased_purges":0,"victory":false,"max_hp_per_floor":[75,75,75,75,75,75,75,75,75,75,75,75,75,75,75,75,75,75,75,75,75,75,75,75],"card_choices":[{"not_picked":["Deaths_Shadow","Shackles_Of_Pain"],"picked":"Pandemic","floor":1},{"not_picked":["Blood_Whip","Slay_Living"],"picked":"Bone_Bullets","floor":2},{"not_picked":["Whirlwind_of_Bones","Scare"],"picked":"Uncharnel","floor":3},{"not_picked":["Finger_Of_Death","Death_March_Dance"],"picked":"Negative_Energy_Sphere","floor":5},{"not_picked":["Strike_from_Beyond","Exploit","Bone_Armor"],"picked":"SKIP","floor":6},{"not_picked":["Finger_Of_Death","Bone_Bullets"],"picked":"Plague_Bolt","floor":7},{"not_picked":["Violent_Necrosis","Scare","Shackles_Of_Pain"],"picked":"SKIP","floor":10},{"not_picked":["Blood_Magic","Bone_Armor","Violent_Necrosis"],"picked":"SKIP","floor":12},{"not_picked":["Necrotic_Claws","Bone_Armor"],"picked":"Bone_Armory","floor":18},{"not_picked":["Death_Coil+1","Finger_Of_Death","Thousand_Bone_Knives"],"picked":"SKIP","floor":19},{"not_picked":["Shackles_Of_Pain+1","Deaths_Shadow","Slay_Living"],"picked":"SKIP","floor":20},{"not_picked":["Scare","Blood_Curse"],"picked":"Negative_Energy_Javelin","floor":22}],"player_experience":118185,"relics_obtained":[{"floor":7,"key":"Odd Mushroom"},{"floor":12,"key":"Chameleon Ring"},{"floor":15,"key":"Dream Catcher"}],"event_choices":[{"damage_healed":0,"gold_gain":0,"cards_transformed":["Pandemic"],"player_choice":"Change","damage_taken":0,"max_hp_gain":0,"max_hp_loss":0,"event_name":"Living Wall","floor":4,"gold_loss":0,"cards_obtained":["Negative_Energy_Shield"]},{"damage_healed":0,"gold_gain":0,"player_choice":"Fought Mushrooms","damage_taken":0,"max_hp_gain":0,"max_hp_loss":0,"event_name":"Mushrooms","floor":7,"gold_loss":0},{"damage_healed":0,"gold_gain":0,"player_choice":"Got Potions","damage_taken":0,"max_hp_gain":0,"max_hp_loss":0,"event_name":"Lab","floor":14,"gold_loss":0},{"damage_healed":0,"gold_gain":0,"player_choice":"Forge","damage_taken":0,"max_hp_gain":0,"max_hp_loss":0,"event_name":"Accursed Blacksmith","floor":21,"gold_loss":0,"cards_upgraded":["Bone_Armory"]}],"is_beta":false,"boss_relics":[{"not_picked":["Fusion Hammer","Coffee Dripper"],"picked":"Astrolabe"}],"items_purged_floors":[],"is_endless":false,"potions_floor_spawned":[1,3,12,22],"killed_by":"Nightmare","ascension_level":0}}