{"host":"s6mlqkqtr3ey2mm2","time":1609084511,"event":{"mods":["2.2 Compatiblity","AchievementEnabler","Aspiration","BaseMod","Beaked The Cultist","Better Note","BetterRewards","Challenge The Spire","Colored Map","Colored Powertips","Conspire","Curses Come First","Downfall","Emptier Cage","Energized Spire","GifTheSpireLib","Halation","Hermit","Hubris","Infinite Spire","Ironclad Rager","Marked Mod","Minty Spire (QoL Compilation)","Quick Restart","RatMod","Replay The Spire","Retaliation","Shade Mod","Somnambulant","Spicy Shops","StSLib","Stuff the Spire","The Blue Laboratory","The Construct","The Druid","The IronCluck","The Marked","The Mystic","The Necromancer","The Poker Player","The Runesmith","The Valiant","vexMod"],"gold_per_floor":[111,121,135,235,251,0,18,18,95,14,24,37,37,70,70,70,70],"floor_reached":16,"playtime":1139,"items_purged":[],"score":104,"play_id":"7b78f32d-e675-403d-a778-d13b10c172d1","local_time":"20201227105511","is_ascension_mode":false,"campfire_choices":[{"floor":8,"key":"REST"},{"floor":13,"key":"REST"},{"floor":15,"key":"REST"}],"circlet_count":0,"master_deck":["theDruid:Strike_O","theDruid:Strike_O","theDruid:Strike_O","theDruid:Strike_O","theDruid:Defend_O","theDruid:Defend_O","theDruid:Defend_O","theDruid:Defend_O","theDruid:BriarArmor","theDruid:WildSlash","theDruid:ThornStrike","theDruid:Scavenge","theDruid:Resupply","theDruid:InsectSwarm","theDruid:PlagueClaw","theDruid:Stampede","theDruid:NaturalAgility","theDruid:Adaptation"],"relics":["theDruid:CrownOfTheWilds","Shuriken","halation:Toothbrush","Replay:Wax Seal","Orichalcum"],"acts_visited":["Exordium"],"potions_floor_usage":[14,16,16],"damage_taken":[{"damage":18,"enemies":"infinitespire:Voidling","floor":1,"turns":4},{"damage":11,"enemies":"Jaw Worm","floor":2,"turns":3},{"damage":1,"enemies":"Cultist","floor":3,"turns":3},{"damage":11,"enemies":"conspire:2 RoseBushes","floor":5,"turns":4},{"damage":12,"enemies":"Looter","floor":7,"turns":2},{"damage":11,"enemies":"Gremlin Gang","floor":11,"turns":3},{"damage":14,"enemies":"Red Slaver","floor":12,"turns":3},{"damage":24,"enemies":"Gremlin Nob","floor":14,"turns":4},{"damage":78,"enemies":"Fading Forest","floor":16,"turns":9}],"seed_played":"1006435613449991725","potions_obtained":[{"floor":3,"key":"SneckoOil"},{"floor":12,"key":"Swift Potion"},{"floor":14,"key":"blueLaboratory:PyrophylliteBrew"}],"is_trial":false,"path_per_floor":["M","M","M","?","M","$","M","R","T","$","M","M","R","E","R","B"],"character_chosen":"DRUID","items_purchased":["Shuriken","Replay:Wax Seal"],"campfire_rested":3,"item_purchase_floors":[6,10],"current_hp_per_floor":[64,53,52,52,41,41,29,53,53,53,42,28,52,28,52,0,0],"gold":70,"neow_bonus":"TEN_PERCENT_HP_BONUS","is_daily":false,"chose_seed":false,"campfire_upgraded":0,"win_rate":0.0,"timestamp":1609084511,"path_taken":["M","M","?","?","?","$","M","R","T","$","M","M","R","E","R","BOSS"],"items_purchased_type":["Relic","Relic"],"build_version":"2020-12-22","purchased_purges":0,"victory":false,"max_hp_per_floor":[82,82,82,82,82,82,82,82,82,82,82,82,82,82,82,82,82],"card_choices":[{"not_picked":["theDruid:ExposingSlash","theDruid:WallofRoots"],"picked":"theDruid:ThornStrike","floor":1},{"not_picked":["theDruid:Moonbeam","theDruid:Starburst"],"picked":"theDruid:Scavenge","floor":2},{"not_picked":["theDruid:FelineGrace","theDruid:AstralShield"],"picked":"theDruid:Resupply","floor":3},{"not_picked":["theDruid:PlagueClaw","theDruid:Starfall"],"picked":"theDruid:InsectSwarm","floor":5},{"not_picked":["theDruid:TakeShelter","theDruid:Resupply"],"picked":"theDruid:PlagueClaw","floor":7},{"not_picked":["theDruid:BlessedStrike","theDruid:BloodiedFur"],"picked":"theDruid:Stampede","floor":11},{"not_picked":["theDruid:BrambleLash","theDruid:Entangle"],"picked":"theDruid:NaturalAgility","floor":12},{"not_picked":["theDruid:BlessedStrike","theDruid:ExposingSlash"],"picked":"theDruid:Adaptation","floor":14}],"player_experience":34729,"relics_obtained":[{"floor":9,"key":"halation:Toothbrush"},{"floor":14,"key":"Orichalcum"}],"event_choices":[{"damage_healed":0,"gold_gain":100,"player_choice":"Gold","damage_taken":0,"max_hp_gain":0,"max_hp_loss":0,"event_name":"Wheel of Change","floor":4,"gold_loss":0}],"is_beta":false,"boss_relics":[],"items_purged_floors":[],"is_endless":false,"potions_floor_spawned":[3,12,14],"killed_by":"Fading Forest","ascension_level":0}}