{"host":"yd9r7zy2pq4z3cad","time":1609092740,"event":{"mods":["AchievementEnabler","Act Like it!","Astrologer","BaseMod","Beaked The Cultist","Better Third Choice","BetterRewards","Colored Map","Colored Powertips","Conspire","Curses Come First","Displayed Cursed Tome","Downfall","Elementarium","GifTheSpireLib","Halation","Hallownest","Hermit","Highlight Path","Hubris","Infinite Spire","Jorbs\u0027s Wanderer Trilogy","Menagerie","Minty Spire (QoL Compilation)","Pale of the Ancients","Permanent Neow","Rare Cards Sparkle","Relic Sorter","Relic Stats","Replay The Spire","Shade Mod","StSLib","Stuff the Spire","The Alterego","The Blackbeard","The Bladedancer","The Bug Knight","The Cursed","The Dragon Tamer","The Exalted","The Factory","The Forsaken","The Gatherer","The Hierophant","The Jungle","The Mystic","The Necromancer","The Problem Sleuth","The Runesmith","The Servant 0.9.4","The Spell Scribe","vexMod"],"gold_per_floor":[99,114,114,114,339,373,396,423,348,348,378,378,395,395,408,511,511,511,530,530,540,552,552,601,196,50,50,78,97,97,154,209,308,308,233,253,271,271,146,146,146,160,171,245,257,303,365,377,406,516,528,540,567,130,130,145,156,203,224,261,261,292,306,368,426,444,547,547,547,547],"floor_reached":68,"playtime":2769,"items_purged":["champ:Strike","champ:Defend","Voices","champ:Strike","champ:Defend","champ:Strike","champ:Execute"],"score":1934,"play_id":"60ab0b8e-ac49-42ba-92fb-04a2b48b1c34","local_time":"20201227231220","is_ascension_mode":true,"campfire_choices":[{"floor":1,"key":"RECALL"},{"floor":9,"key":"REST"},{"data":"champ:Circumvent","floor":12,"key":"SMITH"},{"data":"champ:Strike","floor":18,"key":"PURGE"},{"data":"Bromod:Stormbringer","floor":23,"key":"SMITH"},{"data":"hubris:InfiniteBlow+1350","floor":27,"key":"SMITH"},{"data":"Bromod:ThermiteRounds","floor":35,"key":"SMITH"},{"floor":40,"key":"REST"},{"data":"infinitespire:Starlight","floor":45,"key":"SMITH"},{"data":"StuffTheSpire:CuriosityCurse","floor":52,"key":"PURGE"}],"circlet_count":0,"master_deck":["champ:Defend","champ:Taunt","champ:FanOfKnives","hubris:InfiniteBlow+1351","champ:Circumvent+1","Bromod:Stormbringer+1","Bromod:ThermiteRounds+1","Bromod:NoReturn","Bromod:Stormbringer","infinitespire:Starlight+1"],"relics":["champ:ChampionCrown","hubris:Towel","Runesmith:AutoHammer","Happy Flower","vexMod:PlasmaPancake","downfall:HeartBlessingRed","hubris:DisguiseKit","Durian","SacredBark","downfall:KnowingSkull","ClockworkSouvenir","Nunchaku","Blood Vial","infinitespire:PuzzleCube","halation:EternalFortune","Black Star","downfall:HeartBlessingBlue","Bromod:ArcaneTempo","Bromod:ArcaneGuardian","Vajra","MawBank","Bronze Scales","Bromod:ArcaneUltimatum","Bromod:ArcaneVictory","Sozu","Lee\u0027s Waffle","vexMod:MemoryStick","Replay:Bandana","halation:HeavySnake"],"acts_visited":["Exordium","TheCity","TheBeyond","Exordium","theJungle:Jungle"],"potions_floor_usage":[29,31,49,64],"damage_taken":[{"damage":5,"enemies":"Cultist","floor":2,"turns":4},{"damage":0,"enemies":"downfall:FleeingMerchant","floor":5,"turns":1},{"damage":0,"enemies":"HollowMod:MossKnight","floor":6,"turns":3},{"damage":5,"enemies":"Gremlin Nob","floor":8,"turns":3},{"damage":0,"enemies":"Lagavulin","floor":11,"turns":1},{"damage":0,"enemies":"Small Slimes","floor":13,"turns":2},{"damage":16,"enemies":"Jaw Worm","floor":15,"turns":2},{"damage":0,"enemies":"downfall:Watcher","floor":16,"turns":1},{"damage":3,"enemies":"Spheric Guardian","floor":19,"turns":2},{"damage":1,"enemies":"Chosen","floor":21,"turns":2},{"damage":0,"enemies":"Snake Plant","floor":22,"turns":1},{"damage":0,"enemies":"conspire:SneckoGhost","floor":28,"turns":1},{"damage":9,"enemies":"3 Cultists","floor":29,"turns":3},{"damage":3,"enemies":"conspire:HollyBat","floor":31,"turns":3},{"damage":3,"enemies":"Sentry and Sphere","floor":32,"turns":2},{"damage":5,"enemies":"downfall:Ironclad","floor":33,"turns":1},{"damage":39,"enemies":"3 Darklings","floor":36,"turns":5},{"damage":0,"enemies":"Orb Walker","floor":37,"turns":1},{"damage":0,"enemies":"Maw","floor":42,"turns":1},{"damage":0,"enemies":"Writhing Mass","floor":43,"turns":1},{"damage":3,"enemies":"Nightmare","floor":44,"turns":2},{"damage":0,"enemies":"R_Hoarder","floor":46,"turns":1},{"damage":6,"enemies":"Spire Growth","floor":47,"turns":2},{"damage":5,"enemies":"3 Darklings","floor":49,"turns":3},{"damage":1,"enemies":"downfall:Defect","floor":50,"turns":2},{"damage":3,"enemies":"Cultist","floor":53,"turns":2},{"damage":1,"enemies":"Small Slimes","floor":56,"turns":2},{"damage":1,"enemies":"2 Louse","floor":57,"turns":2},{"damage":9,"enemies":"2 Fungi Beasts","floor":59,"turns":2},{"damage":1,"enemies":"Nightmare","floor":60,"turns":2},{"damage":1,"enemies":"Gremlin Nob","floor":62,"turns":2},{"damage":0,"enemies":"Blue Slaver","floor":63,"turns":1},{"damage":23,"enemies":"3 Sentries","floor":64,"turns":3},{"damage":23,"enemies":"Red Slaver","floor":65,"turns":2},{"damage":0,"enemies":"Exordium Wildlife","floor":66,"turns":2},{"damage":0,"enemies":"Slime Boss","floor":67,"turns":2}],"seed_played":"-4669709563296163817","potions_obtained":[{"floor":0,"key":"Elixir"},{"floor":0,"key":"SneckoOil"},{"floor":0,"key":"Venom Potion"},{"floor":2,"key":"Block Potion"},{"floor":8,"key":"FearPotion"},{"floor":19,"key":"Ancient Potion"},{"floor":22,"key":"champ:UltimateStancePotion"},{"floor":28,"key":"Energy Potion"},{"floor":31,"key":"Strength Potion"},{"floor":32,"key":"EssenceOfSteel"},{"floor":49,"key":"champ:TechniquePotion"}],"is_trial":false,"path_per_floor":["R","M","?","?","$","E","T","E","R","?","E","R","M","$","M","B",null,"R_BF","M","?","M","M","R","T","$","$","R","E","M","?","M","M","B",null,"R","M","M","?","$","R","T","M","M","NM","R","E","M","?","M","B",null,"R_BF","M","$","?","M","M","T","M","NM","?","E","M","E","M","M","B",null],"character_chosen":"THE_CHAMP","items_purchased":["ClockworkSouvenir","Nunchaku","Blood Vial","Lee\u0027s Waffle","vexMod:MemoryStick"],"campfire_rested":2,"item_purchase_floors":[25,25,26,54,54],"current_hp_per_floor":[90,90,90,67,67,67,67,73,96,96,101,101,101,80,69,69,101,101,101,92,91,91,91,91,91,91,91,93,94,97,96,95,97,104,114,83,85,85,85,114,114,114,114,111,111,113,114,114,114,114,114,114,114,121,121,121,121,121,115,121,121,121,121,121,102,106,109,121,121,121],"gold":547,"neow_bonus":"THREE_SMALL_POTIONS","is_daily":false,"chose_seed":false,"campfire_upgraded":5,"win_rate":0.0,"timestamp":1609092740,"path_taken":["R","M","?","?","$","E","T","E","R","?","E","R","M","?","M","BOSS","R_BF","M","?","?","M","R","T","?","$","R","E","?","?","M","M","BOSS","R","M","M","?","$","R","T","?","M","NM","R","E","M","?","M","BOSS","R_BF","M","$","?","?","M","T","M","NM","?","E","M","E","?","M","BOSS"],"items_purchased_type":["Relic","Relic","Relic","Relic","Relic"],"build_version":"2020-12-22","purchased_purges":7,"victory":false,"max_hp_per_floor":[90,90,90,90,90,90,90,96,96,96,101,101,101,101,101,101,101,101,101,101,101,101,101,101,101,101,101,101,101,104,104,104,104,104,114,114,114,114,114,114,114,114,114,114,114,114,114,114,114,114,114,114,114,121,121,121,121,121,121,121,121,121,121,121,121,121,121,121,121,121],"relic_stats":{"Blood Vial":21,"Sozu":5,"Nunchaku":[7],"Lee\u0027s Waffle":7,"Happy Flower":[21],"counters":[36,72],"Bronze Scales":[30],"Black Star":5,"MawBank":120,"obtain_stats":[{"Bromod:ArcaneUltimatum":46,"vexMod:PlasmaPancake":8,"vexMod:MemoryStick":54,"SacredBark":17,"Bromod:ArcaneVictory":48,"Vajra":44,"champ:ChampionCrown":0,"ClockworkSouvenir":25,"halation:HeavySnake":68,"Blood Vial":26,"Sozu":51,"Nunchaku":25,"Replay:Bandana":58,"downfall:HeartBlessingBlue":35,"Bromod:ArcaneTempo":38,"downfall:KnowingSkull":20,"Bromod:ArcaneGuardian":41,"hubris:DisguiseKit":10,"Lee\u0027s Waffle":54,"Happy Flower":7,"downfall:HeartBlessingRed":9,"hubris:Towel":3,"MawBank":44,"Bronze Scales":46,"halation:EternalFortune":30,"Durian":11,"Black Star":34,"Runesmith:AutoHammer":6,"infinitespire:PuzzleCube":28},{"Bromod:ArcaneUltimatum":22,"vexMod:PlasmaPancake":4,"vexMod:MemoryStick":26,"SacredBark":8,"Bromod:ArcaneVictory":23,"Vajra":21,"champ:ChampionCrown":0,"ClockworkSouvenir":11,"halation:HeavySnake":36,"Blood Vial":11,"Sozu":25,"Nunchaku":11,"Replay:Bandana":28,"downfall:HeartBlessingBlue":16,"Bromod:ArcaneTempo":18,"downfall:KnowingSkull":9,"Bromod:ArcaneGuardian":18,"hubris:DisguiseKit":4,"Lee\u0027s Waffle":26,"Happy Flower":3,"downfall:HeartBlessingRed":4,"hubris:Towel":1,"MawBank":21,"Bronze Scales":22,"halation:EternalFortune":13,"Durian":5,"Black Star":16,"Runesmith:AutoHammer":3,"infinitespire:PuzzleCube":12},{"Bromod:ArcaneUltimatum":43,"vexMod:PlasmaPancake":11,"vexMod:MemoryStick":52,"SacredBark":17,"Bromod:ArcaneVictory":45,"Vajra":42,"champ:ChampionCrown":0,"ClockworkSouvenir":22,"halation:HeavySnake":72,"Blood Vial":22,"Sozu":50,"Nunchaku":22,"Replay:Bandana":56,"downfall:HeartBlessingBlue":32,"Bromod:ArcaneTempo":38,"downfall:KnowingSkull":19,"Bromod:ArcaneGuardian":38,"hubris:DisguiseKit":11,"Lee\u0027s Waffle":52,"Happy Flower":8,"downfall:HeartBlessingRed":11,"hubris:Towel":4,"MawBank":42,"Bronze Scales":43,"halation:EternalFortune":26,"Durian":12,"Black Star":32,"Runesmith:AutoHammer":8,"infinitespire:PuzzleCube":23}]},"card_choices":[{"not_picked":["champ:EndlessRage","champ:FocusedBerserking"],"picked":"champ:FanOfKnives","floor":2},{"not_picked":["infinitespire:UltimateForm","Replay:Fractal Strike"],"picked":"hubris:InfiniteBlow+1350","floor":4},{"not_picked":["champ:Duel","champ:BringItOn"],"picked":"champ:Circumvent","floor":5},{"not_picked":["champ:Backstep","champ:CrookedStrike","champ:RecklessLeap"],"picked":"SKIP","floor":6},{"not_picked":["champ:Riposte","champ:StanceDance","champ:FlashCut"],"picked":"SKIP","floor":8},{"not_picked":["champ:AdrenalArmor","champ:Devastate","champ:FlashCut","Bromod:Reflection"],"picked":"SKIP","floor":11},{"not_picked":["champ:Haymaker","champ:BladeFlurry","champ:DefensiveShout"],"picked":"Bromod:Stormbringer","floor":13},{"not_picked":["champ:LastStand","champ:FlashCut","champ:GutPunch","Bromod:BulletJump"],"picked":"SKIP","floor":15},{"not_picked":["champ:AdrenalArmor","champ:FocusedGladiator+1","champ:FocusedBerserking+1","Bromod:Foundry"],"picked":"SKIP","floor":19},{"not_picked":["champ:Aggression","champ:AdrenalArmor","champ:DefensiveShout","Bromod:BodyCount"],"picked":"SKIP","floor":21},{"not_picked":["champ:PerfectedStrike+1","champ:GutPunch+1","champ:Haymaker","Bromod:OrganShatter"],"picked":"SKIP","floor":22},{"not_picked":["champ:BringItOn","champ:EnGarde","champ:Haymaker+1","Bromod:Vitality"],"picked":"SKIP","floor":28},{"not_picked":["champ:PerfectedStrike+1","champ:Backstep","champ:Improvising","Bromod:BriefRespite"],"picked":"SKIP","floor":29},{"not_picked":["champ:Aggression","champ:Haymaker","champ:PerfectForm","Bromod:QuickDraw"],"picked":"SKIP","floor":31},{"not_picked":["champ:Circumvent+1","champ:Riposte","champ:TornadoPunch","Bromod:HornetStrike"],"picked":"SKIP","floor":32},{"not_picked":["champ:SwordThrow","champ:LastStand","champ:Improvising"],"picked":"Bromod:ThermiteRounds","floor":33},{"not_picked":["champ:FlashCut+1","champ:FightOn","champ:PerfectedStrike+1"],"picked":"Bromod:NoReturn","floor":36},{"not_picked":["champ:Encircle","champ:Backstep","champ:GladiatorsShout+1"],"picked":"Bromod:Stormbringer","floor":37},{"not_picked":["champ:CrookedStrike","champ:ShieldWall+1","champ:DefensiveShout+1","Bromod:PointBlank"],"picked":"SKIP","floor":42},{"not_picked":["champ:Encircle","champ:DefensiveShout","champ:FaceSlap+1","Bromod:BulletJump"],"picked":"SKIP","floor":43},{"not_picked":["infinitespire:DeathsTouch","ReplayTheSpireMod:Haul"],"picked":"infinitespire:Starlight","floor":44},{"not_picked":["champ:ShieldSlam","champ:FanOfKnives+1","champ:TornadoPunch+1","Bromod:QuickDraw"],"picked":"SKIP","floor":44},{"not_picked":["champ:GladiatorsShout","champ:FanOfKnives","champ:SwordThrow","Bromod:Fury"],"picked":"SKIP","floor":46},{"not_picked":["champ:Control","champ:BringItOn","champ:FightOn","Bromod:ArchwingLauncher"],"picked":"SKIP","floor":47},{"not_picked":["champ:PerfectedStrike","champ:TornadoPunch+1","champ:Lariat+1","Bromod:Redirection"],"picked":"SKIP","floor":49},{"not_picked":["champ:FocusedGladiator","champ:IronFortress","champ:Riposte","Bromod:Reflection"],"picked":"SKIP","floor":53},{"not_picked":["champ:BringItOn","champ:Backstep","champ:Aggression","Bromod:BodyCount"],"picked":"SKIP","floor":56},{"not_picked":["champ:EnragedBash","champ:TornadoPunch","champ:FanOfKnives","Bromod:RelentlessCombination"],"picked":"SKIP","floor":57},{"not_picked":["champ:GladiatorsShout","champ:PerfectedStrike","champ:PreciseThrust","Bromod:ShatteringImpact"],"picked":"SKIP","floor":59},{"not_picked":["champ:EnGarde","champ:Haymaker","champ:Shatter","Bromod:Provoked"],"picked":"SKIP","floor":60},{"not_picked":["champ:Improvising","champ:BerserkersShout","champ:DefensiveShout","Bromod:PointStrike"],"picked":"SKIP","floor":62},{"not_picked":["champ:PerfectedStrike","champ:StanceDance","champ:MurderStrike","Bromod:BulletJump"],"picked":"SKIP","floor":63},{"not_picked":["champ:DefensiveStyle","champ:Aggression","champ:FlashCut","Bromod:HornetStrike"],"picked":"SKIP","floor":64},{"not_picked":["champ:Encircle","champ:StanceDance","champ:Circumvent","Bromod:SteelCharge"],"picked":"SKIP","floor":65},{"not_picked":["champ:FalseCounter","champ:CrookedStrike","champ:Haymaker","Bromod:ShatteringImpact"],"picked":"SKIP","floor":66}],"player_experience":190320,"relics_obtained":[{"floor":6,"key":"Runesmith:AutoHammer"},{"floor":7,"key":"Happy Flower"},{"floor":8,"key":"vexMod:PlasmaPancake"},{"floor":11,"key":"Durian"},{"floor":28,"key":"infinitespire:PuzzleCube"},{"floor":38,"key":"Bromod:ArcaneTempo"},{"floor":41,"key":"Bromod:ArcaneGuardian"},{"floor":44,"key":"Vajra"},{"floor":44,"key":"MawBank"},{"floor":46,"key":"Bronze Scales"},{"floor":46,"key":"Bromod:ArcaneUltimatum"},{"floor":58,"key":"Replay:Bandana"}],"event_choices":[{"damage_healed":0,"gold_gain":0,"player_choice":"Relic","damage_taken":0,"max_hp_gain":0,"max_hp_loss":0,"event_name":"Wheel of Change","floor":38,"gold_loss":0},{"cards_removed":["champ:Defend"],"damage_healed":0,"gold_gain":0,"player_choice":"Purged","damage_taken":0,"max_hp_gain":0,"max_hp_loss":0,"event_name":"Purifier","floor":55,"gold_loss":0},{"damage_healed":0,"gold_gain":0,"player_choice":"Ignored","damage_taken":0,"max_hp_gain":0,"max_hp_loss":0,"event_name":"Transmorgrifier","floor":61,"gold_loss":0}],"is_beta":false,"boss_relics":[{"not_picked":["vexMod:TanglingVine","hubris:GrandSneckoEye"],"picked":"SacredBark"},{"not_picked":["StuffTheSpire:Kangaroo","Runesmith:UraniumAnvil"],"picked":"Black Star"},{"not_picked":["hubris:CrackedHourglass","hubris:BlackHole"],"picked":"Sozu"},{"not_picked":["StuffTheSpire:ModemDavis","ReplayTheSpireMod:DimensionalGlitch"],"picked":"halation:HeavySnake"}],"items_purged_floors":[5,14,14,14,25,39,54],"is_endless":true,"potions_floor_spawned":[2,8,13,19,22,28,31,32,36,42,49,50,53,63,64,66,67],"ascension_level":1}}