{"host":"19tvufa8xx4wr4o1","time":1609035955,"event":{"mods":["AchievementEnabler","BaseMod","Better Sensory Stone","Better Third Choice","Highlight Path","Minty Spire (QoL Compilation)","Relic Stats","StSLib"],"gold_per_floor":[113,30,30,30,30,74,93,93,93,128,128,164,164,182,182,275,275,295,295,345,370,172,213,228,228,310,310,350,350,375,399,399,495,495,509,523,542,108,128,128,164,164,164,184,184,184,197,216,216,216],"floor_reached":51,"playtime":1772,"items_purged":[],"score":1410,"play_id":"f667f3b7-1f1c-488b-9191-cd41820cb0ac","local_time":"20201226202555","is_ascension_mode":true,"campfire_choices":[{"floor":11.0,"key":"REST"},{"data":"Noxious Fumes","floor":15.0,"key":"SMITH"},{"data":"Accuracy","floor":25.0,"key":"SMITH"},{"floor":27.0,"key":"REST"},{"data":"Wraith Form v2","floor":32.0,"key":"SMITH"},{"floor":40,"key":"REST"},{"data":"Wraith Form v2","floor":42,"key":"SMITH"},{"data":"After Image","floor":45,"key":"SMITH"},{"data":"Catalyst","floor":49,"key":"SMITH"}],"circlet_count":0,"master_deck":["AscendersBane","Strike_G","Strike_G","Strike_G","Strike_G","Strike_G","Defend_G","Defend_G","Defend_G","Defend_G","Defend_G","Survivor","Neutralize+1","Blade Dance+1","Dash","Dagger Spray+1","Slice","Accuracy+1","Noxious Fumes+1","Bullet Time","Blade Dance","Crippling Poison","Leg Sweep","Caltrops","Catalyst+1","Wraith Form v2+1","Wraith Form v2+1","Flechettes+1","After Image+1","Backflip+1","Terror","Flechettes+1"],"relics":["Ring of the Snake","NeowsBlessing","Golden Idol","Blood Vial","Ornamental Fan","Vajra","Mummified Hand","Runic Pyramid","OrangePellets","Orichalcum","Gremlin Horn","Snake Skull","Sozu","Shuriken","Eternal Feather","Paper Crane"],"acts_visited":["Exordium","TheCity","TheBeyond"],"potions_floor_usage":[37],"damage_taken":[{"damage":0.0,"enemies":"2 Louse","floor":1.0,"turns":1.0},{"damage":0.0,"enemies":"3 Sentries","floor":6.0,"turns":1.0},{"damage":0.0,"enemies":"Small Slimes","floor":7.0,"turns":1.0},{"damage":14.0,"enemies":"Gremlin Nob","floor":10.0,"turns":4.0},{"damage":14.0,"enemies":"3 Sentries","floor":12.0,"turns":6.0},{"damage":0.0,"enemies":"Jaw Worm","floor":14.0,"turns":3.0},{"damage":9.0,"enemies":"Hexaghost","floor":16.0,"turns":8.0},{"damage":9.0,"enemies":"2 Thieves","floor":18.0,"turns":3.0},{"damage":0.0,"enemies":"3 Byrds","floor":21.0,"turns":4.0},{"damage":13.0,"enemies":"Book of Stabbing","floor":23.0,"turns":5.0},{"damage":0.0,"enemies":"3 Cultists","floor":24.0,"turns":5.0},{"damage":8.0,"enemies":"Gremlin Leader","floor":28.0,"turns":6.0},{"damage":1.0,"enemies":"Cultist and Chosen","floor":30.0,"turns":4.0},{"damage":0.0,"enemies":"Snecko","floor":31.0,"turns":5.0},{"damage":40.0,"enemies":"Collector","floor":33.0,"turns":8.0},{"damage":16,"enemies":"3 Darklings","floor":35,"turns":4},{"damage":0,"enemies":"3 Shapes","floor":36,"turns":5},{"damage":0,"enemies":"Transient","floor":37,"turns":6},{"damage":0,"enemies":"Spire Growth","floor":39,"turns":5},{"damage":0,"enemies":"Nemesis","floor":41,"turns":7},{"damage":0,"enemies":"Maw","floor":44,"turns":6},{"damage":0,"enemies":"Sphere and 2 Shapes","floor":47,"turns":3},{"damage":0,"enemies":"4 Shapes","floor":48,"turns":3},{"damage":1,"enemies":"Time Eater","floor":50,"turns":10}],"seed_played":"1072577356002569500","potions_obtained":[{"floor":6.0,"key":"Fire Potion"},{"floor":10.0,"key":"AttackPotion"}],"is_trial":false,"path_per_floor":["M","$","?","?","?","E","M","?","T","E","R","E","?","M","R","B",null,"M","?","?","M","$","E","M","R","T","R","E","?","M","M","R","B",null,"M","M","M","$","M","R","E","R","T","M","R","?","M","M","R","B",null],"character_chosen":"THE_SILENT","items_purchased":["Dash","Leg Sweep","OrangePellets","Shuriken","After Image"],"campfire_rested":3,"item_purchase_floors":[2,22,22,38,38],"current_hp_per_floor":[59,59,59,64,64,64,64,45,45,33,52,40,35,37,37,30,56,49,49,49,51,51,40,42,42,42,61,55,49,50,52,52,14,52,38,40,42,42,44,63,64,64,64,64,64,64,64,64,64,63],"gold":216,"neow_bonus":"THREE_ENEMY_KILL","is_daily":false,"chose_seed":false,"campfire_upgraded":6,"win_rate":0.0,"timestamp":1609035955,"path_taken":["M","$","?","?","?","E","M","?","T","E","R","E","?","?","R","BOSS","M","?","?","M","$","E","M","R","T","R","E","?","?","M","R","BOSS","M","M","?","$","?","R","E","R","T","M","R","?","M","M","R","BOSS"],"items_purchased_type":["Card","Card","Relic","Relic","Card"],"build_version":"2020-12-22","purchased_purges":0,"victory":true,"max_hp_per_floor":[66,66,66,71,64,64,64,64,64,64,64,64,64,64,64,64,64,64,64,64,64,64,64,64,64,64,64,64,64,64,64,64,64,64,64,64,64,64,64,64,64,64,64,64,64,64,64,64,64,64],"relic_stats":{"Gremlin Horn":[18,18],"counters":[24,113],"Golden Idol":158,"Eternal Feather":0,"Snake Skull":[71],"Orichalcum":[30],"Blood Vial":33,"Sozu":4,"OrangePellets":[42],"Ornamental Fan":[304],"Mummified Hand":[51],"Shuriken":[22],"obtain_stats":[{"NeowsBlessing":0,"Gremlin Horn":26,"Golden Idol":5,"Vajra":10,"Eternal Feather":41,"Snake Skull":28,"Orichalcum":23,"Paper Crane":43,"Blood Vial":6,"Sozu":34,"OrangePellets":22,"Ornamental Fan":9,"Mummified Hand":12,"Shuriken":38,"Ring of the Snake":0,"Runic Pyramid":17},{"NeowsBlessing":0,"Gremlin Horn":11,"Golden Idol":1,"Vajra":4,"Eternal Feather":20,"Snake Skull":12,"Orichalcum":10,"Paper Crane":20,"Blood Vial":2,"Sozu":15,"OrangePellets":9,"Ornamental Fan":3,"Mummified Hand":5,"Shuriken":18,"Ring of the Snake":0,"Runic Pyramid":7},{"NeowsBlessing":0,"Gremlin Horn":41,"Golden Idol":1,"Vajra":7,"Eternal Feather":91,"Snake Skull":47,"Orichalcum":36,"Paper Crane":91,"Blood Vial":2,"Sozu":64,"OrangePellets":31,"Ornamental Fan":3,"Mummified Hand":13,"Shuriken":79,"Ring of the Snake":0,"Runic Pyramid":24}],"Ring of the Snake":[48]},"card_choices":[{"not_picked":["Dagger Throw","Outmaneuver"],"picked":"Blade Dance","floor":1.0},{"not_picked":["Grand Finale","Quick Slash"],"picked":"Dagger Spray","floor":6.0},{"not_picked":["Prepared","Setup","Masterful Stab"],"picked":"SKIP","floor":7.0},{"not_picked":["Tools of the Trade","PiercingWail"],"picked":"Slice","floor":10.0},{"not_picked":["Deadly Poison","Masterful Stab"],"picked":"Accuracy","floor":12.0},{"not_picked":["Dodge and Roll","Dash"],"picked":"Noxious Fumes","floor":14.0},{"not_picked":["Night Terror","Grand Finale"],"picked":"Bullet Time","floor":16.0},{"not_picked":["PiercingWail","Choke"],"picked":"Blade Dance","floor":18.0},{"not_picked":["Poisoned Stab","Flying Knee"],"picked":"Crippling Poison","floor":21.0},{"not_picked":["Bouncing Flask","Outmaneuver"],"picked":"Caltrops","floor":23.0},{"not_picked":["Flying Knee","Poisoned Stab","Concentrate"],"picked":"SKIP","floor":24.0},{"not_picked":["Concentrate","Dodge and Roll"],"picked":"Catalyst","floor":28.0},{"not_picked":["Dodge and Roll","Calculated Gamble","Poisoned Stab"],"picked":"SKIP","floor":30.0},{"not_picked":["Bane","All Out Attack"],"picked":"Wraith Form v2","floor":31.0},{"not_picked":["Venomology","Phantasmal Killer"],"picked":"Wraith Form v2","floor":33.0},{"not_picked":["Well Laid Plans","Blade Dance","Sucker Punch+1"],"picked":"SKIP","floor":35},{"not_picked":["Acrobatics","Flying Knee","Bullet Time"],"picked":"SKIP","floor":36},{"not_picked":["Expertise+1","Heel Hook"],"picked":"Flechettes+1","floor":37},{"not_picked":["Flying Knee+1","Riddle With Holes"],"picked":"Backflip+1","floor":39},{"not_picked":["Eviscerate","PiercingWail"],"picked":"Terror","floor":41},{"not_picked":["Acrobatics","Eviscerate+1","Prepared"],"picked":"SKIP","floor":44},{"not_picked":["Blade Dance","Dagger Throw"],"picked":"Flechettes+1","floor":47},{"not_picked":["Quick Slash","Skewer","Infinite Blades"],"picked":"SKIP","floor":48}],"player_experience":535511,"relics_obtained":[{"floor":6.0,"key":"Blood Vial"},{"floor":9.0,"key":"Ornamental Fan"},{"floor":10.0,"key":"Vajra"},{"floor":12.0,"key":"Mummified Hand"},{"floor":23.0,"key":"Orichalcum"},{"floor":26.0,"key":"Gremlin Horn"},{"floor":28.0,"key":"Snake Skull"},{"floor":41,"key":"Eternal Feather"},{"floor":43,"key":"Paper Crane"}],"event_choices":[{"damage_healed":0.0,"max_hp_gain":0.0,"max_hp_loss":0.0,"gold_gain":0.0,"event_name":"Living Wall","player_choice":"Grow","floor":3.0,"gold_loss":0.0,"damage_taken":0.0,"cards_upgraded":["Neutralize"]},{"damage_healed":0.0,"max_hp_gain":5.0,"max_hp_loss":0.0,"gold_gain":0.0,"event_name":"Big Fish","player_choice":"Donut","floor":4.0,"gold_loss":0.0,"damage_taken":0.0},{"damage_healed":0.0,"max_hp_gain":0.0,"max_hp_loss":7.0,"gold_gain":0.0,"event_name":"Golden Idol","player_choice":"Lose Max HP","floor":5.0,"gold_loss":0.0,"damage_taken":0.0,"relics_obtained":["Golden Idol"]},{"damage_healed":64.0,"max_hp_gain":0.0,"max_hp_loss":64.0,"gold_gain":0.0,"event_name":"betterThird:BetterShining","player_choice":"Upgrade","floor":8.0,"gold_loss":0.0,"damage_taken":19.0,"cards_upgraded":["Blade Dance","Dagger Spray"]},{"damage_healed":0.0,"max_hp_gain":0.0,"max_hp_loss":0.0,"gold_gain":1.0,"event_name":"betterThird:BetterScrap","player_choice":"LEAVE","floor":13.0,"gold_loss":0.0,"damage_taken":5.0,"cards_obtained":["Juggernaut"]},{"damage_healed":0.0,"max_hp_gain":0.0,"max_hp_loss":0.0,"gold_gain":0.0,"event_name":"Ghosts","player_choice":"Ignored","floor":19.0,"gold_loss":0.0,"damage_taken":0.0},{"damage_healed":0.0,"max_hp_gain":0.0,"max_hp_loss":0.0,"gold_gain":50.0,"event_name":"betterThird:BetterNest","player_choice":"Steal","floor":20.0,"gold_loss":0.0,"damage_taken":0.0},{"damage_healed":0.0,"max_hp_gain":0.0,"max_hp_loss":0.0,"gold_gain":0.0,"event_name":"Knowing Skull","player_choice":"","floor":29.0,"potions_obtained":[],"gold_loss":0.0,"damage_taken":6.0,"cards_obtained":[]},{"damage_healed":0,"gold_gain":3,"player_choice":"1","damage_taken":0,"max_hp_gain":0,"max_hp_loss":0,"event_name":"betterStone:BetterStone","floor":46,"gold_loss":0}],"is_beta":false,"boss_relics":[{"not_picked":["Ring of the Serpent","Busted Crown"],"picked":"Runic Pyramid"},{"not_picked":["SlaversCollar","Black Star"],"picked":"Sozu"}],"items_purged_floors":[],"is_endless":false,"potions_floor_spawned":[6,10,12,14,23,24,28,33,36,44,47,48],"ascension_level":17}}