{"host":"yd6hhqps9de4qmof","time":1609088145,"event":{"mods":["BaseMod","Downfall","Hermit","Highlight Path","Jorbs\u0027s Wanderer Trilogy","Minty Spire (QoL Compilation)","Relic Stats","Shade Mod","StSLib","The Construct","The Cursed","The Runesmith","The Servant 0.9.4"],"gold_per_floor":[99,109,109,121,27,27,53,112,112,144,162,3,29,29,46,46,46,46],"floor_reached":16,"playtime":928,"items_purged":[],"score":113,"play_id":"a3fefa9c-db7f-4b9e-a077-8b86de3bd8ea","local_time":"20201227175545","is_ascension_mode":true,"campfire_choices":[{"data":"expansioncontent:StudyTheSpire","floor":1,"key":"SMITH"},{"data":"hexamod:HexaLevel","floor":6,"key":"SMITH"},{"data":"hexamod:BurningTouch","floor":9,"key":"SMITH"}],"circlet_count":0,"master_deck":["hexamod:Strike","hexamod:Strike","hexamod:Strike","hexamod:Strike","hexamod:Defend","hexamod:Defend","hexamod:Defend","hexamod:Defend","hexamod:Sear","hexamod:Float","expansioncontent:StudyTheSpire+1","hexamod:SpectersWail","hexamod:BurningTouch+1","hexamod:HexaLevel+1","hexamod:AdvancingGuard","hexamod:PhantomFireball","hexamod:VolcanoVisage","hexamod:FourthSeal","hexamod:Incineration"],"relics":["hexamod:SpiritBrand","downfall:ShatteredFragment","Strawberry","Vajra","Lantern","ClockworkSouvenir","Smiling Mask"],"acts_visited":["Exordium"],"potions_floor_usage":[8,16,16],"damage_taken":[{"damage":0,"enemies":"2 Louse","floor":2,"turns":2},{"damage":0,"enemies":"Jaw Worm","floor":4,"turns":3},{"damage":0,"enemies":"downfall:FleeingMerchant","floor":5,"turns":4},{"damage":6,"enemies":"Gremlin Nob","floor":8,"turns":3},{"damage":14,"enemies":"Lagavulin","floor":10,"turns":5},{"damage":0,"enemies":"Small Slimes","floor":11,"turns":3},{"damage":1,"enemies":"downfall:FleeingMerchant","floor":12,"turns":4},{"damage":4,"enemies":"Gremlin Nob","floor":13,"turns":3},{"damage":0,"enemies":"Large Slime","floor":15,"turns":3},{"damage":39,"enemies":"downfall:Defect","floor":16,"turns":5}],"seed_played":"5882814216450010136","potions_obtained":[{"floor":2,"key":"Guardian:BlockOnCardUsePotion"},{"floor":10,"key":"BlessingOfTheForge"},{"floor":15,"key":"Slimebound:ThreeZeroPotion"},{"floor":15,"key":"Regen Potion"}],"is_trial":false,"path_per_floor":["R","M","?","M","$","R","T","?","R","E","M","$","E","?","M","B"],"character_chosen":"THE_SPIRIT","items_purchased":["hexamod:HexaLevel","ClockworkSouvenir"],"campfire_rested":0,"item_purchase_floors":[5,12],"current_hp_per_floor":[63,63,42,42,42,42,49,43,43,29,29,28,24,24,24,0,0,0],"gold":46,"neow_bonus":"RANDOM_COLORLESS_2","is_daily":false,"chose_seed":false,"campfire_upgraded":3,"win_rate":0.0,"timestamp":1609088145,"path_taken":["R","M","?","M","$","R","T","?","R","E","M","$","E","?","M","BOSS"],"items_purchased_type":["Card","Relic"],"build_version":"2020-12-22","purchased_purges":0,"victory":false,"max_hp_per_floor":[63,63,63,63,63,63,70,70,70,70,70,70,70,70,70,70,70,70],"relic_stats":{"counters":[10,35],"Smiling Mask":0,"obtain_stats":[{"Lantern":10,"downfall:ShatteredFragment":3,"Strawberry":7,"Vajra":8,"Smiling Mask":13,"hexamod:SpiritBrand":0,"ClockworkSouvenir":12},{"Lantern":5,"downfall:ShatteredFragment":1,"Strawberry":3,"Vajra":4,"Smiling Mask":8,"hexamod:SpiritBrand":0,"ClockworkSouvenir":7},{"Lantern":17,"downfall:ShatteredFragment":2,"Strawberry":9,"Vajra":12,"Smiling Mask":27,"hexamod:SpiritBrand":0,"ClockworkSouvenir":24}]},"card_choices":[{"not_picked":["expansioncontent:QuickStudy","Mayhem"],"picked":"expansioncontent:StudyTheSpire","floor":0},{"not_picked":["hexamod:SwordOfDarkness","hexamod:GhostOfSpirePresent","hexamod:FourthSeal"],"picked":"SKIP","floor":2},{"not_picked":["hexamod:CatchUp","hexamod:PowerFromBeyond"],"picked":"hexamod:SpectersWail","floor":4},{"not_picked":["hexamod:ExtraCrispy","hexamod:HeatCrush"],"picked":"hexamod:BurningTouch","floor":5},{"not_picked":["hexamod:Firestarter","hexamod:FastForward"],"picked":"hexamod:AdvancingGuard","floor":8},{"not_picked":["hexamod:Rewind","hexamod:SwordOfDarkness","hexamod:ShieldOfDarkness"],"picked":"SKIP","floor":10},{"not_picked":["hexamod:ShieldOfDarkness","hexamod:RecurringNightmare","hexamod:RainOfEmbers"],"picked":"SKIP","floor":11},{"not_picked":["hexamod:ChargedBarrage","hexamod:CatchUp"],"picked":"hexamod:PhantomFireball","floor":12},{"not_picked":["hexamod:PhantomFireball","hexamod:GhostLash"],"picked":"hexamod:VolcanoVisage","floor":13},{"not_picked":["hexamod:HauntingEcho","hexamod:BacktrackSmack"],"picked":"hexamod:Incineration","floor":15}],"player_experience":1021669,"relics_obtained":[{"floor":7,"key":"Strawberry"},{"floor":8,"key":"Vajra"},{"floor":10,"key":"Lantern"},{"floor":13,"key":"Smiling Mask"}],"event_choices":[],"is_beta":false,"boss_relics":[],"items_purged_floors":[],"is_endless":false,"potions_floor_spawned":[2,10,15],"killed_by":"downfall:Defect","ascension_level":1}}