{"host":"po0gzr6h085cygwo","time":1609037477,"event":{"mods":["AchievementEnabler","BaseMod","Colored Map","DeckTracker","KOR Keyword Fix","Minty Spire (QoL Compilation)","Rare Cards Sparkle","Replay The Spire","StSLib","SuperFastMode","The Cursed"],"gold_per_floor":[419,128,142,82,82,111,111,145,170,200,212,212,227,227,227,327,327,347,347,361,338,356,382,394,404,404,404,423,423,423,434,434,530,530,540,540,318,335,349,384,396,396,419,419,63,63,76,76,76,76,76,76,42,77,77],"floor_reached":56,"playtime":4159,"items_purged":["TheCursedMod:Defend_TheCursed","TheCursedMod:Strike_TheCursed","TheCursedMod:CleanUpWorkshop","Decay"],"score":1767,"play_id":"ee20a419-768e-4544-b96d-2cf336fc1791","local_time":"20201227115117","is_ascension_mode":false,"campfire_choices":[{"floor":7.0,"key":"RECALL"},{"data":"TheCursedMod:LuckyCharm","floor":12.0,"key":"SMITH"},{"data":"TheCursedMod:VoidForm","floor":29.0,"key":"SMITH"},{"floor":32.0,"key":"REST"},{"data":"TheCursedMod:SpitefulPlan","floor":42.0,"key":"SMITH"},{"data":"TheCursedMod:ForbiddenAlchemy","floor":46,"key":"SMITH"},{"data":"TheCursedMod:CircleOfBlood","floor":49,"key":"SMITH"},{"data":"TheCursedMod:ShockAndAwe","floor":52,"key":"SMITH"}],"circlet_count":0,"master_deck":["TheCursedMod:Strike_TheCursed","TheCursedMod:Strike_TheCursed","TheCursedMod:Strike_TheCursed","TheCursedMod:Defend_TheCursed+1","TheCursedMod:Defend_TheCursed","TheCursedMod:CursedWand","CurseOfTheBell","Necronomicurse","TheCursedMod:PrepareRite","TheCursedMod:LuckyCharm+1","TheCursedMod:AshesToAshes+1","TheCursedMod:VoidForm+1","TheCursedMod:AntiAging","TheCursedMod:CircleOfBlood+1","TheCursedMod:Wield","TheCursedMod:ShockAndAwe+1","CommonCold","TheCursedMod:SpitefulPlan+1","ReplayTheSpireMod:Splinters","Hallucinations","TheCursedMod:ForbiddenAlchemy+1","CurseOfTheBell","TheCursedMod:AbyssShockwave"],"relics":["TheCursedMod:BlackMagic101","Blue Candle","Darkstone Periapt","Ginger","Du-Vu Doll","Calling Bell","ReplayTheSpireMod:TigerMarble","TheCursedMod:DemonicMark","Old Coin","Cursed Key","Necronomicon","Lantern","Centennial Puzzle","Sundial","Pet Ghost","Bottled Tornado","TheCursedMod:FourLeafCloverCharm","ReplayTheSpireMod:CursedCoin","The Courier","Replay:Kaleidoscope","ReplayTheSpireMod:Ring of Addiction","Potion Belt","Toy Ornithopter","Gremlin Food","Calling Bell","Blue Doll","Singing Bowl","Dead Branch","ClockworkSouvenir","Counterbalance","Bag of Marbles","Bronze Scales","Vajra","ReplayFunnel","TheCursedMod:CrystalBall","Calipers"],"acts_visited":["Exordium","TheCity","TheBeyond","TheEnding"],"potions_floor_usage":[47,50,50,50,50,50,54,54,55,55,55,55,55,55,55,55],"damage_taken":[{"damage":0.0,"enemies":"2 Louse","floor":1.0,"turns":2.0},{"damage":0.0,"enemies":"Cultist","floor":3.0,"turns":3.0},{"damage":21.0,"enemies":"Gremlin Nob","floor":6.0,"turns":5.0},{"damage":0.0,"enemies":"Lagavulin","floor":8.0,"turns":6.0},{"damage":12.0,"enemies":"Gremlin Nob","floor":10.0,"turns":3.0},{"damage":1.0,"enemies":"Jaw Worm","floor":11.0,"turns":2.0},{"damage":6.0,"enemies":"3 Louse","floor":13.0,"turns":4.0},{"damage":6.0,"enemies":"Hexaghost","floor":16.0,"turns":5.0},{"damage":5.0,"enemies":"Chosen","floor":18.0,"turns":3.0},{"damage":0.0,"enemies":"Spheric Guardian","floor":20.0,"turns":2.0},{"damage":16.0,"enemies":"Centurion and Healer","floor":22.0,"turns":4.0},{"damage":25.0,"enemies":"Book of Stabbing","floor":23.0,"turns":5.0},{"damage":17.0,"enemies":"Snake Plant","floor":24.0,"turns":3.0},{"damage":0.0,"enemies":"Snecko","floor":25.0,"turns":2.0},{"damage":8.0,"enemies":"Centurion and Healer","floor":28.0,"turns":4.0},{"damage":3.0,"enemies":"Cultist and Chosen","floor":31.0,"turns":3.0},{"damage":18.0,"enemies":"Pondfish","floor":33.0,"turns":5.0},{"damage":9.0,"enemies":"3 Darklings","floor":35.0,"turns":3.0},{"damage":7.0,"enemies":"Orb Walker","floor":38.0,"turns":3.0},{"damage":2.0,"enemies":"Transient","floor":39.0,"turns":5.0},{"damage":0.0,"enemies":"Giant Head","floor":40.0,"turns":6.0},{"damage":10.0,"enemies":"Writhing Mass","floor":41.0,"turns":2.0},{"damage":4,"enemies":"3 Darklings","floor":47,"turns":5},{"damage":0,"enemies":"Replay:Hell Engine","floor":50,"turns":3},{"damage":0,"enemies":"Shield and Spear","floor":54,"turns":4},{"damage":21,"enemies":"The Heart","floor":55,"turns":5}],"seed_played":"-6592121409318244280","potions_obtained":[{"floor":3.0,"key":"Cursed Concoction"},{"floor":5.0,"key":"Doom Potion"},{"floor":5.0,"key":"Adrenaline Potion"},{"floor":22.0,"key":"Adrenaline Potion"},{"floor":24.0,"key":"Toxic Potion"},{"floor":27.0,"key":"DuplicationPotion"},{"floor":27.0,"key":"EssenceOfSteel"},{"floor":31.0,"key":"FearPotion"},{"floor":40.0,"key":"Regen Potion"},{"floor":41.0,"key":"Dexterity Potion"}],"is_trial":false,"path_per_floor":["M","$","M","$","?","E","R","E","T","E","M","R","M","M","R_BF","B",null,"M","?","M","$","M","E","M","M","T","?","M","R","?","M","R","B",null,"M","?","$","M","M","E","M","R","T","?","$","R","M","?","R","B",null,"R","$","E","B",null],"character_chosen":"THE_CURSED","items_purchased":["TheCursedMod:LuckyCharm","Lantern","TheCursedMod:VoidForm","ReplayTheSpireMod:CursedCoin","TheCursedMod:SpitefulPlan","ClockworkSouvenir","Vajra","ReplayFunnel","TheCursedMod:CrystalBall"],"campfire_rested":1,"item_purchase_floors":[2,2,4,21,21,37,45,45,53],"current_hp_per_floor":[87,87,87,87,87,66,66,66,72,62,74,74,72,65,94,95,101,96,96,98,104,92,69,56,68,74,80,93,93,93,96,131,123,141,136,136,136,135,142,148,144,144,150,150,150,150,158,158,158,158,158,158,158,156,148],"gold":77,"neow_bonus":"","is_daily":false,"chose_seed":false,"campfire_upgraded":6,"win_rate":0.0,"timestamp":1609037477,"path_taken":["M","$","M","$","?","E","R","E","T","E","M","R","M","M","R_BF","BOSS","M","?","?","$","M","E","M","?","T","?","M","R","?","M","R","BOSS","M","?","$","M","M","E","M","R","T","?","$","R","?","?","R","BOSS","R","$","E","BOSS"],"items_purchased_type":["Card","Relic","Card","Relic","Card","Relic","Relic","Relic","Relic"],"build_version":"2020-12-22","purchased_purges":4,"victory":true,"max_hp_per_floor":[87,87,87,87,87,87,87,87,93,95,97,97,99,99,99,101,101,101,101,103,109,111,111,113,115,121,127,129,129,129,133,131,135,141,145,138,138,142,144,148,150,150,156,156,156,154,158,158,158,158,158,158,158,156,156],"card_choices":[{"not_picked":["TheCursedMod:EmpowerCircles","TheCursedMod:SmokeScreen"],"picked":"TheCursedMod:PrepareRite","floor":1.0},{"not_picked":["TheCursedMod:RavingStaff","TheCursedMod:EmpowerCircles"],"picked":"TheCursedMod:AshesToAshes","floor":3.0},{"not_picked":["TheCursedMod:SmokeScreen","TheCursedMod:ReleasedKnowledge","TheCursedMod:BloodBarrier"],"picked":"SKIP","floor":6.0},{"not_picked":["TheCursedMod:ReleasedStrength","TheCursedMod:CursedMace"],"picked":"TheCursedMod:AntiAging","floor":8.0},{"not_picked":["TheCursedMod:VitalStrike","TheCursedMod:PrepareRite"],"picked":"TheCursedMod:CircleOfBlood","floor":10.0},{"not_picked":["TheCursedMod:SpitefulStrike","TheCursedMod:CursedShiv","TheCursedMod:VitalStrike"],"picked":"SKIP","floor":11.0},{"not_picked":["TheCursedMod:FleshFromBone","TheCursedMod:CircleOfFlame"],"picked":"TheCursedMod:Wield","floor":13.0},{"not_picked":["TheCursedMod:CircleOfAbyss","TheCursedMod:NeowsMight"],"picked":"TheCursedMod:ShockAndAwe","floor":16.0},{"not_picked":["TheCursedMod:VitalStrike+1","TheCursedMod:CircleOfBlood","TheCursedMod:RavingStaff"],"picked":"SKIP","floor":18.0},{"not_picked":["TheCursedMod:CursedShiv","TheCursedMod:RapidMovement","TheCursedMod:CursedMace"],"picked":"SKIP","floor":20.0},{"not_picked":["TheCursedMod:CursedShiv","TheCursedMod:SmokeScreen","TheCursedMod:SpitefulStrike"],"picked":"SKIP","floor":22.0},{"not_picked":["TheCursedMod:VitalStrike","TheCursedMod:Stretching","TheCursedMod:Torture"],"picked":"SKIP","floor":23.0},{"not_picked":["TheCursedMod:SmokeScreen+1","TheCursedMod:SpitefulPray","TheCursedMod:CircleOfCorruption"],"picked":"SKIP","floor":24.0},{"not_picked":["TheCursedMod:Mangle","TheCursedMod:TroublousMinions+1","TheCursedMod:CircleOfFlame+1"],"picked":"SKIP","floor":25.0},{"not_picked":["TheCursedMod:AshesToAshes","TheCursedMod:CircleOfCorruption","TheCursedMod:FleshFromBone+1"],"picked":"SKIP","floor":28.0},{"not_picked":["TheCursedMod:SmokeScreen","TheCursedMod:Obscuration+1","TheCursedMod:RavingStaff"],"picked":"SKIP","floor":31.0},{"not_picked":["TheCursedMod:UltimatePain","TheCursedMod:VoidForm"],"picked":"TheCursedMod:ForbiddenAlchemy","floor":33.0},{"not_picked":["TheCursedMod:CursedShiv+1","TheCursedMod:TacticalStrike","TheCursedMod:PrepareRite"],"picked":"Singing Bowl","floor":35.0},{"not_picked":["TheCursedMod:Obscuration","TheCursedMod:TacticalStrike+1","TheCursedMod:CursedMace"],"picked":"Singing Bowl","floor":38.0},{"not_picked":["TheCursedMod:CircleOfWindfury","TheCursedMod:SpitefulStrike","TheCursedMod:TacticalStrike+1"],"picked":"Singing Bowl","floor":39.0},{"not_picked":["TheCursedMod:CircleOfFocus","TheCursedMod:PrepareRite+1","TheCursedMod:CursedSpellbook"],"picked":"Singing Bowl","floor":40.0},{"not_picked":["TheCursedMod:WearCloak+1","TheCursedMod:Stigma","TheCursedMod:PrepareRite+1"],"picked":"Singing Bowl","floor":41.0},{"not_picked":["TheCursedMod:Hemoplague","TheCursedMod:Torture+1","TheCursedMod:VoidForm"],"picked":"Singing Bowl","floor":47},{"not_picked":["TheCursedMod:FuryStrike+1","TheCursedMod:Evocation"],"picked":"TheCursedMod:AbyssShockwave","floor":54}],"player_experience":53252,"relics_obtained":[{"floor":0.0,"key":"ReplayTheSpireMod:TigerMarble"},{"floor":0.0,"key":"TheCursedMod:DemonicMark"},{"floor":0.0,"key":"Old Coin"},{"floor":6.0,"key":"Centennial Puzzle"},{"floor":8.0,"key":"Sundial"},{"floor":10.0,"key":"Pet Ghost"},{"floor":23.0,"key":"The Courier"},{"floor":26.0,"key":"Replay:Kaleidoscope"},{"floor":27.0,"key":"ReplayTheSpireMod:Ring of Addiction"},{"floor":27.0,"key":"Potion Belt"},{"floor":27.0,"key":"Toy Ornithopter"},{"floor":34.0,"key":"Blue Doll"},{"floor":34.0,"key":"Singing Bowl"},{"floor":34.0,"key":"Dead Branch"},{"floor":40.0,"key":"Counterbalance"},{"floor":43.0,"key":"Bag of Marbles"},{"floor":54,"key":"Calipers"}],"event_choices":[{"damage_healed":0.0,"max_hp_gain":0.0,"max_hp_loss":0.0,"gold_gain":0.0,"event_name":"Lab","player_choice":"Got Potions","floor":5.0,"gold_loss":0.0,"damage_taken":0.0},{"cards_removed":["Overencumbered","TheCursedMod:Dregs"],"damage_healed":0.0,"max_hp_gain":0.0,"max_hp_loss":0.0,"gold_gain":0.0,"event_name":"Fountain of Cleansing","player_choice":"Removed Curses","floor":19.0,"gold_loss":0.0,"damage_taken":0.0},{"damage_healed":0.0,"max_hp_gain":0.0,"max_hp_loss":0.0,"gold_gain":0.0,"event_name":"The Mausoleum","player_choice":"Opened","floor":30.0,"gold_loss":0.0,"damage_taken":0.0,"relics_obtained":["Gremlin Food"]},{"damage_healed":0.0,"max_hp_gain":0.0,"max_hp_loss":7.0,"gold_gain":0.0,"event_name":"Winding Halls","player_choice":"Max HP","floor":36.0,"gold_loss":0.0,"damage_taken":0.0},{"damage_healed":0.0,"max_hp_gain":0.0,"max_hp_loss":0.0,"gold_gain":0.0,"event_name":"WeMeetAgain","player_choice":"Gave Potion","floor":44.0,"gold_loss":0.0,"damage_taken":0.0,"relics_obtained":["Bronze Scales"]},{"cards_removed":["TheCursedMod:Defend_TheCursed"],"damage_healed":0,"gold_gain":0,"player_choice":"Removed Skill","damage_taken":0,"max_hp_gain":0,"max_hp_loss":0,"event_name":"Falling","floor":48,"gold_loss":0}],"is_beta":false,"boss_relics":[{"not_picked":["Runic Dome","Busted Crown"],"picked":"TheCursedMod:FourLeafCloverCharm"},{"not_picked":["Pandora\u0027s Box","Runic Pyramid"],"picked":"Calling Bell"}],"items_purged_floors":[2,21,37,45],"is_endless":false,"potions_floor_spawned":[3,10,11,13,22,24,31,40,41,54],"ascension_level":0}}