{"host":"qiiukau3lypbs18g","time":1609083086,"event":{"mods":["2.2 Compatiblity","Abigail Mod","Arknights The Spire","BaseMod","CapriCore","Friendly Minions","HololiveMod","KOR Keyword Fix","Minty Spire (QoL Compilation)","Shop Mod","StSLib","The Immortal","WarShipGirlsR/??á´Ò³R mod"],"gold_per_floor":[114,39,39,39,58,85,85,85,108,134,157,173,173,206,206,206,206],"floor_reached":16,"playtime":565,"items_purged":["ats:Strike S"],"score":141,"play_id":"7c37673b-9300-4e42-ba7c-98fb56f30a72","local_time":"20201228003126","is_ascension_mode":false,"campfire_choices":[{"data":"ats:Emotion Absorption","floor":7,"key":"SMITH"},{"data":"ats:Demon Strength","floor":15,"key":"SMITH"}],"circlet_count":0,"master_deck":["ats:Strike C","ats:Strike G+1","ats:Armor Crushing Shot","ats:Defend","ats:Defend","ats:Defend+1","ats:Defend","ats:Emotion Absorption+1","ats:Ignite","ats:Ignite","ats:Powerful Strike","ats:Blood Oath","ats:Burning Ground","ats:Demon Strength+1","ats:Consecutive Shot Auto"],"relics":["ats:Sanity","NeowsBlessing","ats:Originium","Vajra","Bag of Preparation","ats:Originium","WingedGreaves","ats:MaxSp3","ats:Originium","Juzu Bracelet"],"acts_visited":["Exordium"],"potions_floor_usage":[10,14],"damage_taken":[{"damage":0,"enemies":"2 Louse","floor":1,"turns":1},{"damage":0,"enemies":"Small Slimes","floor":5,"turns":1},{"damage":0,"enemies":"Gremlin Nob","floor":6,"turns":1},{"damage":16,"enemies":"3 Sentries","floor":10,"turns":7},{"damage":1,"enemies":"Jaw Worm","floor":12,"turns":3},{"damage":18,"enemies":"Lagavulin","floor":14,"turns":4},{"damage":47,"enemies":"The Guardian","floor":16,"turns":9}],"seed_played":"-7224466682199385536","potions_obtained":[{"floor":1,"key":"ColorlessPotion"},{"floor":10,"key":"ColorlessPotion"},{"floor":12,"key":"ats:Emergency Sanity Potion"}],"is_trial":false,"path_per_floor":["M","$","?","$","M","E","R","?","T","E","T","M","?","E","R","B"],"character_chosen":"DOCTOR_CLASS","items_purchased":[],"campfire_rested":0,"item_purchase_floors":[],"current_hp_per_floor":[72,72,77,77,77,77,77,62,62,46,46,48,48,33,33,0,0],"gold":206,"neow_bonus":"THREE_ENEMY_KILL","is_daily":false,"chose_seed":false,"campfire_upgraded":2,"win_rate":0.0,"timestamp":1609083086,"path_taken":["M","$","?","$","M","E","R","?","T","E","?","?","?","E","R","BOSS"],"items_purchased_type":[],"build_version":"2020-12-22","purchased_purges":1,"victory":false,"max_hp_per_floor":[72,72,77,77,77,77,77,77,77,77,77,77,77,77,77,77,77],"card_choices":[{"not_picked":["ats:Childhood Dance","ats:Directed Diagnosis"],"picked":"ats:Ignite","floor":1},{"not_picked":["ats:Revitalization","ats:Flexible Camouflage"],"picked":"ats:Ignite","floor":5},{"not_picked":["ats:Collapsing Strike","ats:Poison Spread"],"picked":"ats:Powerful Strike","floor":6},{"not_picked":["ats:Automatic Cover","ats:Curse Doll"],"picked":"ats:Blood Oath","floor":10},{"not_picked":["ats:Revitalization","ats:Assault Order"],"picked":"ats:Burning Ground","floor":12},{"not_picked":["ats:Soul Rend","ats:Encircling Forest"],"picked":"ats:Consecutive Shot Auto","floor":14}],"player_experience":179445,"relics_obtained":[{"floor":6,"key":"ats:Originium"},{"floor":6,"key":"Vajra"},{"floor":9,"key":"Bag of Preparation"},{"floor":10,"key":"ats:Originium"},{"floor":10,"key":"WingedGreaves"},{"floor":11,"key":"ats:MaxSp3"},{"floor":14,"key":"ats:Originium"},{"floor":14,"key":"Juzu Bracelet"}],"event_choices":[{"damage_healed":0,"gold_gain":0,"player_choice":"Donut","damage_taken":0,"max_hp_gain":5,"max_hp_loss":0,"event_name":"Big Fish","floor":3,"gold_loss":0},{"damage_healed":0,"gold_gain":0,"player_choice":"Entered Light","damage_taken":15,"max_hp_gain":0,"max_hp_loss":0,"event_name":"Shining Light","floor":8,"gold_loss":0,"cards_upgraded":["ats:Strike G","ats:Defend"]},{"damage_healed":0,"gold_gain":0,"cards_transformed":["ats:Strike V"],"player_choice":"Transformed","damage_taken":0,"max_hp_gain":0,"max_hp_loss":0,"event_name":"Transmorgrifier","floor":13,"gold_loss":0,"cards_obtained":["ats:Demon Strength"]}],"is_beta":false,"boss_relics":[],"items_purged_floors":[2],"is_endless":false,"potions_floor_spawned":[1,10,12],"killed_by":"The Guardian","ascension_level":0}}