{"host":"c812qoujjugqqx2v","time":1609091893,"event":{"mods":["BaseMod","Better Altar","Better Match","Better Note","Better Skull","Better Third Choice","Curses Come First","Custom Start","Highlight Path","Minty Spire (QoL Compilation)","Permanent Neow","StSLib"],"gold_per_floor":[109,122,139,149,149,174,193,204,231,1,1,1,19,29,29,124,124,142,142,142,162,10,45,45,55,55,70,70,3,23,39,39,141,141,161,171,171,4,16,16,16],"floor_reached":40,"playtime":3423,"items_purged":["Shame"],"score":464,"play_id":"b16c667c-4324-48c0-b4f4-4a07652711f9","local_time":"20201227125813","is_ascension_mode":false,"campfire_choices":[{"floor":12.0,"key":"REST"},{"floor":15.0,"key":"REST"},{"floor":24.0,"key":"REST"},{"floor":28.0,"key":"REST"},{"floor":32,"key":"REST"}],"circlet_count":0,"master_deck":["Strike_P+1","Strike_P+1","Strike_P+1","Defend_P+1","Defend_P+1","Eruption+1","Vigilance","Swivel","Wireheading","WindmillStrike","BowlingBash","Protect","Weave","Judgement","EmptyBody","Nirvana","SpiritShield","WreathOfFlame+1","DeusExMachina+1","FlyingSleeves+1","FollowUp","FlurryOfBlows","Prostrate","Establishment","FollowUp+1","Consecrate","FlurryOfBlows","FlurryOfBlows+1","Worship+1","Alpha","CurseOfTheBell","BattleHymn","Evaluate+1","Madness","Madness","FlyingSleeves","ClearTheMind","Parasite","ThirdEye+1"],"relics":["PureWater","Pocketwatch","Boot","Damaru","Astrolabe","Happy Flower","Question Card","Art of War","Calling Bell","Pen Nib","HornCleat","Thread and Needle"],"acts_visited":["TheBeyond"],"potions_floor_usage":[33,33,33,36,39],"damage_taken":[{"damage":2.0,"enemies":"Small Slimes","floor":1.0,"turns":2.0},{"damage":0.0,"enemies":"Cultist","floor":2.0,"turns":3.0},{"damage":3.0,"enemies":"2 Louse","floor":3.0,"turns":3.0},{"damage":12.0,"enemies":"Blue Slaver","floor":4.0,"turns":4.0},{"damage":0.0,"enemies":"Gremlin Nob","floor":6.0,"turns":2.0},{"damage":33.0,"enemies":"Exordium Wildlife","floor":7.0,"turns":4.0},{"damage":11.0,"enemies":"Lots of Slimes","floor":8.0,"turns":4.0},{"damage":0.0,"enemies":"3 Louse","floor":13.0,"turns":3.0},{"damage":3.0,"enemies":"Large Slime","floor":14.0,"turns":3.0},{"damage":8.0,"enemies":"Slime Boss","floor":16.0,"turns":7.0},{"damage":10.0,"enemies":"3 Byrds","floor":18.0,"turns":4.0},{"damage":4.0,"enemies":"Shell Parasite","floor":21.0,"turns":4.0},{"damage":53.0,"enemies":"Slavers","floor":23.0,"turns":5.0},{"damage":11.0,"enemies":"Snecko","floor":25.0,"turns":6.0},{"damage":4.0,"enemies":"Cultist and Chosen","floor":27.0,"turns":4.0},{"damage":27.0,"enemies":"Centurion and Healer","floor":30.0,"turns":5.0},{"damage":30,"enemies":"Snake Plant","floor":31,"turns":3},{"damage":22,"enemies":"Automaton","floor":33,"turns":8},{"damage":12,"enemies":"3 Shapes","floor":35,"turns":5},{"damage":10,"enemies":"3 Darklings","floor":36,"turns":5},{"damage":12,"enemies":"Writhing Mass","floor":39,"turns":6},{"damage":34,"enemies":"Sphere and 2 Shapes","floor":40,"turns":3}],"seed_played":"1790220695181301638","potions_obtained":[{"floor":1.0,"key":"EntropicBrew"},{"floor":4.0,"key":"Ancient Potion"},{"floor":7.0,"key":"ColorlessPotion"},{"floor":14.0,"key":"FairyPotion"},{"floor":16.0,"key":"Fire Potion"},{"floor":23.0,"key":"LiquidMemories"},{"floor":25.0,"key":"Strength Potion"},{"floor":30.0,"key":"SpeedPotion"},{"floor":31,"key":"Strength Potion"},{"floor":35,"key":"DistilledChaos"}],"is_trial":false,"path_per_floor":["M","M","M","M","?","E","M","M","T","$","?","R","M","M","R","B",null,"M","?","?","M","$","E","R","M","T","M","R","?","M","M","R","B",null,"M","M","?","$","M","M"],"character_chosen":"WATCHER","items_purchased":["Damaru","Establishment","Strength Potion","Block Potion","FlyingSleeves","ClearTheMind"],"campfire_rested":5,"item_purchase_floors":[10,22,38,38,38,38],"current_hp_per_floor":[70,70,67,55,55,55,22,11,11,11,11,32,32,29,50,42,72,62,62,62,58,58,5,26,15,15,11,32,32,5,7,28,6,72,60,50,41,41,29,0,0],"gold":16,"neow_bonus":"ONE_RARE_RELIC","is_daily":false,"chose_seed":false,"campfire_upgraded":0,"win_rate":0.0,"timestamp":1609091893,"path_taken":["M","M","M","M","?","E","M","?","T","$","?","R","M","M","R","BOSS","M","?","?","M","$","E","R","M","T","?","R","?","M","M","R","BOSS","M","?","?","$","M","M"],"items_purchased_type":["Relic","Card","Potion","Potion","Card","Card"],"build_version":"2020-12-22","purchased_purges":1,"victory":false,"max_hp_per_floor":[72,72,72,72,72,72,72,72,72,72,72,72,72,72,72,72,72,72,72,72,72,72,72,72,72,72,72,72,72,72,72,72,72,72,72,72,72,72,72,72,72],"card_choices":[{"not_picked":["PathToVictory","WreathOfFlame"],"picked":"Swivel","floor":1.0},{"not_picked":["CrushJoints","WindmillStrike"],"picked":"Wireheading","floor":2.0},{"not_picked":["SignatureMove","FlyingSleeves"],"picked":"WindmillStrike","floor":3.0},{"not_picked":["Halt","FlyingSleeves"],"picked":"BowlingBash","floor":4.0},{"not_picked":["ThirdEye","Collect"],"picked":"Weave","floor":6.0},{"not_picked":["FlyingSleeves","WaveOfTheHand"],"picked":"Judgement","floor":7.0},{"not_picked":["Worship","CutThroughFate"],"picked":"EmptyBody","floor":8.0},{"not_picked":["PathToVictory","Halt"],"picked":"Protect","floor":13.0},{"not_picked":["FearNoEvil","WheelKick"],"picked":"Nirvana","floor":14.0},{"not_picked":["Judgement","Omniscience"],"picked":"SpiritShield","floor":16.0},{"not_picked":["CutThroughFate","Evaluate+1"],"picked":"FollowUp","floor":18.0},{"not_picked":["Conclude+1","Protect"],"picked":"Prostrate","floor":21.0},{"not_picked":["EmptyMind","Crescendo+1"],"picked":"FollowUp+1","floor":23.0},{"not_picked":["WreathOfFlame","MasterReality"],"picked":"Consecrate","floor":25.0},{"not_picked":["ClearTheMind","JustLucky","BowlingBash+1"],"picked":"FlurryOfBlows","floor":27.0},{"not_picked":["EmptyBody","Crescendo","CutThroughFate"],"picked":"FlurryOfBlows+1","floor":30.0},{"not_picked":["ClearTheMind","JustLucky","Establishment"],"picked":"Worship+1","floor":31},{"not_picked":["Scrawl","Blasphemy","Vault"],"picked":"Alpha","floor":33},{"not_picked":["Evaluate","Judgement","WheelKick+1"],"picked":"BattleHymn","floor":35},{"not_picked":["ClearTheMind+1","EmptyBody","CutThroughFate"],"picked":"Evaluate+1","floor":36},{"not_picked":["Nirvana","Halt+1","CutThroughFate+1"],"picked":"ThirdEye+1","floor":39}],"player_experience":199760,"relics_obtained":[{"floor":6.0,"key":"Boot"},{"floor":23.0,"key":"Happy Flower"},{"floor":26.0,"key":"Question Card"},{"floor":34,"key":"Pen Nib"},{"floor":34,"key":"HornCleat"},{"floor":34,"key":"Thread and Needle"}],"event_choices":[{"damage_healed":0.0,"max_hp_gain":0.0,"max_hp_loss":0.0,"gold_gain":0.0,"cards_transformed":["Defend_P"],"event_name":"Transmorgrifier","player_choice":"Transformed","floor":5.0,"gold_loss":0.0,"damage_taken":0.0,"cards_obtained":["Protect"]},{"damage_healed":0.0,"max_hp_gain":0.0,"max_hp_loss":0.0,"gold_gain":0.0,"event_name":"Living Wall","player_choice":"Grow","floor":11.0,"gold_loss":0.0,"damage_taken":0.0,"cards_upgraded":["Eruption"]},{"damage_healed":0.0,"max_hp_gain":0.0,"max_hp_loss":0.0,"gold_gain":0.0,"event_name":"The Library","player_choice":"Read","floor":19.0,"gold_loss":0.0,"damage_taken":0.0,"cards_obtained":["FlurryOfBlows"]},{"damage_healed":0.0,"max_hp_gain":0.0,"max_hp_loss":0.0,"gold_gain":0.0,"event_name":"Back to Basics","player_choice":"Simplicity","floor":20.0,"gold_loss":0.0,"damage_taken":0.0,"cards_upgraded":["Strike_P","Strike_P","Strike_P","Defend_P","Defend_P"]},{"damage_healed":0.0,"max_hp_gain":0.0,"max_hp_loss":0.0,"gold_gain":0.0,"event_name":"WeMeetAgain","player_choice":"Paid Gold","floor":29.0,"gold_loss":67.0,"damage_taken":0.0,"relics_obtained":["Art of War"]},{"damage_healed":0,"gold_gain":0,"player_choice":"Embrace Madness","damage_taken":9,"max_hp_gain":0,"max_hp_loss":0,"event_name":"Winding Halls","floor":37,"gold_loss":0,"cards_obtained":["Madness","Madness"]}],"is_beta":false,"boss_relics":[{"not_picked":["Sozu","SacredBark"],"picked":"Astrolabe"},{"not_picked":["Velvet Choker","VioletLotus"],"picked":"Calling Bell"}],"items_purged_floors":[10],"is_endless":false,"potions_floor_spawned":[1,4,7,14,16,23,25,30,31,35],"killed_by":"Sphere and 2 Shapes","ascension_level":0}}