{"host":"hhqi7w94rsi31r70","time":1609044552,"event":{"mods":["Act Like it!","BaseMod","Colored Map","GifTheSpireLib","Hallownest","Highlight Path","Minty Spire (QoL Compilation)","Robot Space Explorer","Shade Mod","StSLib","The Hierophant","The Saiyan","The Servant 0.9.4","[地精首领爬塔]The Maniac"],"gold_per_floor":[114,114,39,39,57,57,76,93,93,168,168,181,196,214,214,214,214],"floor_reached":16,"playtime":887,"items_purged":["Defend_S"],"score":113,"play_id":"698e548f-f134-4cf0-841f-264e3b915fa2","local_time":"20201227124912","is_ascension_mode":true,"campfire_choices":[{"data":"KidneyShot","floor":6,"key":"SMITH"},{"data":"Desolation","floor":15,"key":"SMITH"}],"circlet_count":0,"master_deck":["Strike_S","Strike_S","Strike_S","Defend_S","Defend_S","Defend_S","KidneyShot+1","Exchange","BottledTime","SpecialFormula","ShiftingGears","Desolation+1","Rearm"],"relics":["Uniform","Tiny Chest","The Courier","Singing Bowl","Molten Egg 2"],"acts_visited":["Exordium"],"potions_floor_usage":[12,16],"damage_taken":[{"damage":5,"enemies":"Small Slimes","floor":1,"turns":5},{"damage":16,"enemies":"Jaw Worm","floor":5,"turns":4},{"damage":0,"enemies":"2 Louse","floor":7,"turns":3},{"damage":7,"enemies":"Exordium Wildlife","floor":8,"turns":4},{"damage":0,"enemies":"Looter","floor":12,"turns":4},{"damage":14,"enemies":"2 Fungi Beasts","floor":13,"turns":4},{"damage":19,"enemies":"Large Slime","floor":14,"turns":9},{"damage":11,"enemies":"The Guardian","floor":16,"turns":12}],"seed_played":"6136840163010518422","potions_obtained":[{"floor":5,"key":"Block Potion"},{"floor":13,"key":"SteroidPotion"}],"is_trial":false,"path_per_floor":["M","?","$","?","M","R","M","M","T","?","T","M","M","M","R","B"],"character_chosen":"THE_SERVANT","items_purchased":[],"campfire_rested":0,"item_purchase_floors":[],"current_hp_per_floor":[60,60,60,57,41,41,46,44,44,33,33,40,33,21,21,15,15],"gold":214,"neow_bonus":"RANDOM_COMMON_RELIC","is_daily":false,"chose_seed":false,"campfire_upgraded":2,"win_rate":0.0,"timestamp":1609044552,"path_taken":["M","?","$","?","M","R","M","M","T","?","?","M","M","M","R","BOSS"],"items_purchased_type":[],"build_version":"2020-12-22","purchased_purges":1,"victory":false,"max_hp_per_floor":[65,65,65,65,65,65,65,65,65,65,65,67,69,71,71,71,71],"card_choices":[{"not_picked":["Spin","MoonPhase"],"picked":"BottledTime","floor":1},{"not_picked":["Ricochet","ReturningBlade"],"picked":"ShiftingGears","floor":5},{"not_picked":["DualDimension","Replace"],"picked":"Desolation","floor":7},{"not_picked":["Unruled","Ricochet"],"picked":"Rearm","floor":8},{"not_picked":["Shuttle","TimeWarp+1","ForgedInTime"],"picked":"Singing Bowl","floor":12},{"not_picked":["Alleviate","Spin+1","StarChef"],"picked":"Singing Bowl","floor":13},{"not_picked":["Spin+1","Replace","DualDimension"],"picked":"Singing Bowl","floor":14}],"player_experience":493381,"relics_obtained":[{"floor":9,"key":"Singing Bowl"},{"floor":11,"key":"Molten Egg 2"}],"event_choices":[{"damage_healed":0,"gold_gain":0,"cards_transformed":["Strike_S"],"player_choice":"Change","damage_taken":0,"max_hp_gain":0,"max_hp_loss":0,"event_name":"Living Wall","floor":2,"gold_loss":0,"cards_obtained":["SpecialFormula"]},{"damage_healed":0,"gold_gain":0,"player_choice":"Success","damage_taken":3,"relics_obtained":["The Courier"],"max_hp_gain":0,"max_hp_loss":0,"event_name":"Scrap Ooze","floor":4,"gold_loss":0},{"damage_healed":0,"gold_gain":75,"player_choice":"Gather Gold","damage_taken":11,"max_hp_gain":0,"max_hp_loss":0,"event_name":"World of Goop","floor":10,"gold_loss":0}],"is_beta":false,"boss_relics":[],"items_purged_floors":[3],"is_endless":false,"potions_floor_spawned":[5,13],"killed_by":"The Guardian","ascension_level":4}}