{"host":"s0rqbuvjzggdtc2s","time":1609060317,"event":{"mods":["ATMod(°¢èªMod)","BaseMod","Minty Spire (QoL Compilation)","StSLib","The Bug Knight","¡¾ÒÅÎï¿¨ÅÆ¡¿REMEMod"],"gold_per_floor":[109,184,37,37,52,85,85,197,251,251,303,339,339,364,364,496,496,496,251,206,206,206,206,206,206,206,206,206,206,206,206,206,206,206,206,206,206,0,0,0,0,0,0,0,0,0,0,0,0,0],"floor_reached":51,"playtime":1658,"items_purged":[],"score":778,"play_id":"82ed7625-b872-4c19-9315-8700b60d1f03","local_time":"20201227171157","is_ascension_mode":false,"campfire_choices":[{"data":"AT_KneejerkReflex","floor":7.0,"key":"SMITH"},{"data":"Spot Weakness","floor":15.0,"key":"SMITH"},{"floor":24.0,"key":"REST"},{"data":"HollowMod:Weaversong","floor":28.0,"key":"SMITH"},{"data":"HollowMod:SoulSplash","floor":32.0,"key":"SMITH"},{"floor":40,"key":"REST"},{"data":"HollowMod:HornetsHelp","floor":49,"key":"SMITH"}],"circlet_count":0,"master_deck":["HollowMod:NailStrikeStart+1","HollowMod:NailStrikeStart+1","HollowMod:NailStrikeStart+1","HollowMod:NailStrikeStart+1","HollowMod:QuickDashStart+1","HollowMod:QuickDashStart+1","HollowMod:QuickDashStart+1","HollowMod:FocusHealStart","HollowMod:PogoStrike","AT_KneejerkReflex+1","Spot Weakness+1","HollowMod:ChannelNail","HollowMod:PerfectDash","HollowMod:Grubsong","HollowMod:Weaversong+1","HollowMod:SoulSplash+1","HollowMod:SoulStrike+1","HollowMod:HornetsHelp+1","HollowMod:VengefulSpirit","HollowMod:MantisMark","HollowMod:CycloneSlash+1","HollowMod:SoulSplash","HollowMod:SoulSplash+1","HollowMod:CloakDash+1"],"relics":["HollowMod:VesselMask","AT_ATBox","REME_ComplimentaryCards","NeowsBlessing","Tiny Chest","REME_HandOfSuture","REME_ArchaeologicalTools","AT_BellDemon","Strawberry","Lantern","Ectoplasm","Frozen Egg 2","Omamori","Mercury Hourglass","Anchor","REME_DuelDisc","Old Coin","Red Mask","AT_BellowingDragoncrestRing","AT_ImmortalShieldbow","AT_TimeSand"],"acts_visited":["Exordium","TheCity","TheBeyond"],"potions_floor_usage":[],"damage_taken":[{"damage":0.0,"enemies":"Small Slimes","floor":1.0,"turns":1.0},{"damage":0.0,"enemies":"Jaw Worm","floor":5.0,"turns":1.0},{"damage":0.0,"enemies":"Gremlin Nob","floor":6.0,"turns":1.0},{"damage":4.0,"enemies":"3 Sentries","floor":8.0,"turns":3.0},{"damage":26.0,"enemies":"Lagavulin","floor":12.0,"turns":4.0},{"damage":1.0,"enemies":"Cultist","floor":14.0,"turns":3.0},{"damage":52.0,"enemies":"Slime Boss","floor":16.0,"turns":14.0},{"damage":0.0,"enemies":"Shell Parasite","floor":18.0,"turns":2.0},{"damage":2.0,"enemies":"2 Thieves","floor":20.0,"turns":4.0},{"damage":33.0,"enemies":"Book of Stabbing","floor":23.0,"turns":3.0},{"damage":1.0,"enemies":"Snecko","floor":25.0,"turns":4.0},{"damage":0.0,"enemies":"3 Cultists","floor":27.0,"turns":3.0},{"damage":2.0,"enemies":"Sentry and Sphere","floor":29.0,"turns":4.0},{"damage":0.0,"enemies":"Cultist and Chosen","floor":31.0,"turns":3.0},{"damage":6.0,"enemies":"Collector","floor":33.0,"turns":5.0},{"damage":32.0,"enemies":"3 Darklings","floor":35.0,"turns":4.0},{"damage":0,"enemies":"2 Orb Walkers","floor":36,"turns":1},{"damage":0,"enemies":"Orb Walker","floor":37,"turns":3},{"damage":5,"enemies":"Giant Head","floor":42,"turns":4},{"damage":0,"enemies":"Sphere and 2 Shapes","floor":44,"turns":3},{"damage":0,"enemies":"4 Shapes","floor":47,"turns":4},{"damage":0,"enemies":"Spire Growth","floor":48,"turns":4},{"damage":0,"enemies":"Awakened One","floor":50,"turns":7}],"seed_played":"5892393747681327123","potions_obtained":[{"floor":1.0,"key":"Block Potion"},{"floor":6.0,"key":"Regen Potion"},{"floor":8.0,"key":"Block Potion"},{"floor":23.0,"key":"REME_GoldPotion"},{"floor":27.0,"key":"SteroidPotion"},{"floor":31.0,"key":"ColorlessPotion"},{"floor":33.0,"key":"BlessingOfTheForge"}],"is_trial":false,"path_per_floor":["M","?","$","?","M","E","R","?","T","?","T","E","?","M","R","B",null,"M","$","M","?","?","E","R","M","T","M","R","M","T","M","R","B",null,"M","?","M","?","$","R","T","E","T","M","$","?","M","M","R","B",null],"character_chosen":"THE_BUGKNIGHT","items_purchased":["Tiny Chest","Frozen Egg 2"],"campfire_rested":2,"item_purchase_floors":[3,19],"current_hp_per_floor":[75,64,64,64,64,64,64,66,66,75,82,62,62,61,61,9,82,82,82,82,82,82,49,73,72,72,72,72,70,70,70,70,64,82,50,50,50,50,50,74,74,75,75,75,75,75,81,82,82,82],"gold":0,"neow_bonus":"THREE_ENEMY_KILL","is_daily":false,"chose_seed":false,"campfire_upgraded":5,"win_rate":0.0,"timestamp":1609060317,"path_taken":["M","?","$","?","M","E","R","?","T","?","?","E","?","M","R","BOSS","M","$","M","?","?","E","R","M","T","M","R","M","?","?","R","BOSS","M","?","M","?","$","R","?","E","T","M","$","?","M","M","R","BOSS"],"items_purchased_type":["Relic","Relic"],"build_version":"2020-12-22","purchased_purges":0,"victory":true,"max_hp_per_floor":[75,75,75,75,75,75,75,75,75,75,82,82,82,82,82,82,82,82,82,82,82,82,82,82,82,82,82,82,82,82,82,82,82,82,82,82,82,82,82,82,82,82,82,82,82,82,82,82,82,82],"card_choices":[{"not_picked":["HollowMod:NewLittleFool","HollowMod:GreatSlash"],"picked":"HollowMod:CycloneSlash","floor":1.0},{"not_picked":["HollowMod:CycloneSlash","HollowMod:Grubsong"],"picked":"HollowMod:ChannelNail","floor":5.0},{"not_picked":["HollowMod:GreatSlash","HollowMod:BaldurShell","HollowMod:ShadowDash"],"picked":"SKIP","floor":6.0},{"not_picked":["HollowMod:CycloneSlash","HollowMod:PureNailStrike"],"picked":"HollowMod:MonomonsArchive","floor":8.0},{"not_picked":["HollowMod:SoulMaster","HollowMod:SharpenedNail"],"picked":"HollowMod:PerfectDash","floor":12.0},{"not_picked":["HollowMod:CycloneSlash","HollowMod:SharpenedShadows"],"picked":"HollowMod:Grubsong","floor":14.0},{"not_picked":["HollowMod:HornetsHelp","HollowMod:HerrahsAnger"],"picked":"HollowMod:Weaversong","floor":16.0},{"not_picked":["HollowMod:BaldurShell+1","HollowMod:LifebloodCocoon","HollowMod:NewLittleFool"],"picked":"SKIP","floor":18.0},{"not_picked":["HollowMod:WraithStrike+1","HollowMod:SiblingsShadow","HollowMod:SharpenedShadows+1"],"picked":"SKIP","floor":20.0},{"not_picked":["HollowMod:ZotesMagnificence","HollowMod:DreamGate"],"picked":"HollowMod:SoulSplash","floor":23.0},{"not_picked":["HollowMod:InfectedCysts+1","HollowMod:WraithStrike","HollowMod:NewJinnsSoul"],"picked":"SKIP","floor":25.0},{"not_picked":["HollowMod:InfectedCysts","HollowMod:LifebloodCocoon","HollowMod:CoiledNail"],"picked":"SKIP","floor":27.0},{"not_picked":["HollowMod:HornetsHelp","HollowMod:DescendingDark"],"picked":"HollowMod:SoulStrike+1","floor":29.0},{"not_picked":["HollowMod:GoodIntentions+1","HollowMod:SiblingsSouls","HollowMod:BlackTendrils+1"],"picked":"SKIP","floor":31.0},{"not_picked":["HollowMod:LordofShades+1","HollowMod:Hiveblood"],"picked":"HollowMod:HornetsHelp","floor":33.0},{"not_picked":["HollowMod:ShadowDash+1","HollowMod:CornifersMapStart+1"],"picked":"HollowMod:VengefulSpirit","floor":35.0},{"not_picked":["HollowMod:DoubleDash+1","HollowMod:LifebloodCocoon+1"],"picked":"HollowMod:MantisMark","floor":36},{"not_picked":["HollowMod:DungDefenderAura","HollowMod:InfectionAssault"],"picked":"HollowMod:CycloneSlash+1","floor":37},{"not_picked":["HollowMod:GoodIntentions+1","HollowMod:SiblingsSouls+1"],"picked":"HollowMod:SoulSplash","floor":42},{"not_picked":["HollowMod:InfectedCysts+1","HollowMod:NewJinnsSoul","HollowMod:SiblingsSouls"],"picked":"SKIP","floor":44},{"not_picked":["HollowMod:CycloneSlash+1","HollowMod:MonomonsArchive"],"picked":"HollowMod:SoulSplash+1","floor":47},{"not_picked":["HollowMod:MonarchWings","HollowMod:ZotesMagnificence"],"picked":"HollowMod:CloakDash+1","floor":48}],"player_experience":198211,"relics_obtained":[{"floor":6.0,"key":"REME_HandOfSuture"},{"floor":9.0,"key":"AT_BellDemon"},{"floor":11.0,"key":"Strawberry"},{"floor":12.0,"key":"Lantern"},{"floor":23.0,"key":"Omamori"},{"floor":26.0,"key":"Mercury Hourglass"},{"floor":30.0,"key":"Anchor"},{"floor":36,"key":"Old Coin"},{"floor":41,"key":"AT_BellowingDragoncrestRing"},{"floor":42,"key":"AT_ImmortalShieldbow"},{"floor":43,"key":"AT_TimeSand"}],"event_choices":[{"damage_healed":0.0,"max_hp_gain":0.0,"max_hp_loss":0.0,"gold_gain":75.0,"event_name":"World of Goop","player_choice":"Gather Gold","floor":2.0,"gold_loss":0.0,"damage_taken":11.0},{"damage_healed":0.0,"max_hp_gain":0.0,"max_hp_loss":0.0,"gold_gain":0.0,"event_name":"The Cleric","player_choice":"Leave","floor":4.0,"gold_loss":0.0,"damage_taken":0.0},{"damage_healed":0.0,"max_hp_gain":0.0,"max_hp_loss":0.0,"gold_gain":0.0,"event_name":"Dead Adventurer","player_choice":"Searched \u00273\u0027 times","floor":8.0,"gold_loss":0.0,"damage_taken":0.0,"relics_obtained":["REME_ArchaeologicalTools"]},{"cards_removed":["HollowMod:MonomonsArchive"],"damage_healed":9.0,"max_hp_gain":0.0,"max_hp_loss":0.0,"gold_gain":0.0,"event_name":"Bonfire Elementals","player_choice":"Offered Uncommon","floor":10.0,"gold_loss":0.0,"damage_taken":0.0},{"damage_healed":0.0,"max_hp_gain":0.0,"max_hp_loss":0.0,"gold_gain":0.0,"event_name":"Liars Game","player_choice":"Ignored","floor":13.0,"gold_loss":0.0,"damage_taken":0.0},{"damage_healed":0.0,"max_hp_gain":0.0,"max_hp_loss":0.0,"gold_gain":0.0,"event_name":"Back to Basics","player_choice":"Simplicity","floor":21.0,"gold_loss":0.0,"damage_taken":0.0,"cards_upgraded":["HollowMod:NailStrikeStart","HollowMod:NailStrikeStart","HollowMod:NailStrikeStart","HollowMod:NailStrikeStart","HollowMod:QuickDashStart","HollowMod:QuickDashStart","HollowMod:QuickDashStart","HollowMod:QuickDashStart"]},{"damage_healed":0,"gold_gain":0,"player_choice":"Fight","damage_taken":0,"max_hp_gain":0,"max_hp_loss":0,"event_name":"Mysterious Sphere","floor":36,"gold_loss":0},{"damage_healed":0,"gold_gain":0,"player_choice":"Paid","damage_taken":0,"relics_obtained":["Red Mask"],"max_hp_gain":0,"max_hp_loss":0,"event_name":"Tomb of Lord Red Mask","floor":38,"gold_loss":206},{"cards_removed":["HollowMod:CycloneSlash"],"damage_healed":0,"gold_gain":0,"player_choice":"Removed Attack","damage_taken":0,"max_hp_gain":0,"max_hp_loss":0,"event_name":"Falling","floor":46,"gold_loss":0}],"is_beta":false,"boss_relics":[{"not_picked":["REME_DemonsWealth","SacredBark"],"picked":"Ectoplasm"},{"not_picked":["SlaversCollar","Snecko Eye"],"picked":"REME_DuelDisc"}],"items_purged_floors":[],"is_endless":false,"potions_floor_spawned":[1,6,8,14,23,27,31,33,47,48],"ascension_level":0}}