{"host":"dbo0lztt1pyfwysk","time":1609052634,"event":{"mods":["Act Like it!","BaseMod","Conspire","Downfall","Gensokyo","GifTheSpireLib","Hubris","Infinite Spire","KinomotoSakuraMod(????)","Koishi","Luminous","Marisa????????","Minty Spire (QoL Compilation)","Prisma Mod","Remilia??????","Replay The Spire","Shade Mod","Shop Mod","StSLib","The Gatherer"],"gold_per_floor":[111,163,163,163,180,180,180],"floor_reached":6,"playtime":243,"items_purged":[],"score":54,"play_id":"0b545a1a-20f1-4ad2-9fd3-6b2173990cc1","local_time":"20201227080354","is_ascension_mode":true,"campfire_choices":[],"circlet_count":0,"master_deck":["AscendersBane","Strike_G","Strike_G","Strike_G","Strike_G","Strike_G","Defend_G","Defend_G","Defend_G","Defend_G","Defend_G","Survivor","Neutralize","Underhanded Strike","Dagger Spray","hubris:SlightOfHand","Endless Agony","Replay:Parry","Adrenaline"],"relics":["Ring of the Snake","Sundial","hubris:Icosahedron"],"acts_visited":["Exordium"],"potions_floor_usage":[6],"damage_taken":[{"damage":2,"enemies":"2 Louse","floor":1,"turns":6},{"damage":0,"enemies":"Small Slimes","floor":5,"turns":3},{"damage":14,"enemies":"Replay:BlueRogue","floor":6,"turns":4}],"seed_played":"5324654182382313040","potions_obtained":[{"floor":2,"key":"LiquidBronze"},{"floor":5,"key":"AttackPotion"}],"is_trial":false,"path_per_floor":["M","?","?","?","M","E"],"character_chosen":"THE_SILENT","items_purchased":[],"campfire_rested":0,"item_purchase_floors":[],"current_hp_per_floor":[61,44,44,44,44,30,30],"gold":180,"neow_bonus":"THREE_CARDS","is_daily":false,"chose_seed":false,"campfire_upgraded":0,"win_rate":0.0,"timestamp":1609052634,"path_taken":["M","?","?","?","?","E"],"items_purchased_type":[],"build_version":"2020-12-22","purchased_purges":0,"victory":false,"max_hp_per_floor":[70,70,70,70,70,70,70],"card_choices":[{"not_picked":["Blade Dance","hubris:Counter"],"picked":"Underhanded Strike","floor":0},{"not_picked":["Concentrate","Hidden Blade"],"picked":"Dagger Spray","floor":1},{"not_picked":["Backflip","Blade Dance"],"picked":"hubris:SlightOfHand","floor":2},{"not_picked":["Slice","Prepared"],"picked":"Adrenaline","floor":5}],"player_experience":614410,"relics_obtained":[{"floor":2,"key":"Sundial"}],"event_choices":[{"damage_healed":0,"gold_gain":0,"player_choice":"2 cards matched","damage_taken":0,"max_hp_gain":0,"max_hp_loss":0,"event_name":"Match and Keep!","floor":4,"gold_loss":0,"cards_obtained":["Endless Agony","Replay:Parry"]}],"is_beta":false,"boss_relics":[],"items_purged_floors":[],"is_endless":false,"potions_floor_spawned":[5],"killed_by":"Replay:BlueRogue","ascension_level":12}}