{"host":"0t7ytk9pge2ncgeb","time":1609101719,"event":{"mods":["2.2 Compatiblity","Act Like it!","Aspiration","BaseMod","Beaked The Cultist","BetterRewards","Conspire","Downfall","Googly Eyes","Hubris","Minty Spire (QoL Compilation)","Relic Stats","Replay The Spire","Shop Mod","Spicy Shops","StSLib","slay the spire mod where everything is the same but ironclad has a cowboy hat"],"gold_per_floor":[117,77,87,87,87,87,100,134,134,134,182,211,211,230,254,332,332,447,447,472,472,472,499,518,547,547,575,600,634,634,284,319,368,368,471,471,485,507,8,27,46,83,83,112,112,62,85,130,169,169,169,177],"floor_reached":53,"playtime":6290,"items_purged":["hubris:Lust","sneckomod:Bewildered"],"score":1179,"play_id":"7c45ae24-7e6d-4551-b742-2600874982ba","local_time":"20201227154159","is_ascension_mode":false,"campfire_choices":[{"data":"beaked:DigDeep","floor":9.0,"key":"SMITH"},{"data":"beaked:Ceremony","floor":13.0,"key":"SMITH"},{"floor":17.0,"key":"DIG"},{"data":"beaked:AwakenedForm","floor":26.0,"key":"SMITH"},{"data":"beaked:BraceForImpact","floor":30.0,"key":"SMITH"},{"data":"expansioncontent:QuickStudy","floor":34.0,"key":"SMITH"},{"data":"beaked:Ceremony","floor":51,"key":"SMITH"}],"circlet_count":0,"master_deck":["beaked:Strike_Y","beaked:Strike_Y","beaked:Strike_Y","beaked:Strike_Y","beaked:Strike_Y","beaked:Strike_Y","beaked:Defend_Y","beaked:Defend_Y","beaked:Defend_Y","beaked:Defend_Y+1","beaked:Ceremony","beaked:Ceremony+1","beaked:Ceremony+1","beaked:DigDeep+1","beaked:WarriorSpirit","beaked:Overpower","beaked:VigorBurst","beaked:BraceForImpact+1","beaked:MimicMachine","beaked:Overexert","beaked:Insight","beaked:AwakenedForm+1","beaked:CrazyRituals+1","beaked:Overexert","ReplayTheSpireMod:Prepare the Ceremony","beaked:HuntressSpirit","beaked:BraceForImpact+1","Guardian:Gem_Green","beaked:Windmill","expansioncontent:QuickStudy+1","expansioncontent:Collect","beaked:Resilience","beaked:Hexing+1","beaked:ScreechingChant","Writhe","beaked:MaddeningMurmurs","beaked:DigDeep+1","ReplayTheSpireMod:Brewmster","beaked:CrazyRituals+1","Parasite","beaked:ScreechingChant","beaked:WarriorEssence","beaked:MachineSpirit+1","beaked:BraceForImpact+1","Delirium","beaked:Tweet+1","beaked:VigorBurst+1"],"relics":["beaked:MendingPlumage","Replay:Rubber Ducky","Smiling Mask","Replay:Bandana","Membership Card","Enchiridion","PreservedInsect","MerchantsRug","ReplayTheSpireMod:TigerMarble","Sling","Ancient Tea Set","Anchor","Replay:Ancient Bell","beaked:ThroatLozenge","Replay:Ringing Soul","Mango","Prayer Wheel","Bag of Marbles","ClockworkSouvenir","aspiration:FrozenJewel","DollysMirror","ReplayFunnel","ReplayTheSpireMod:Ring of Exchange","hubris:Potato","Bottled Flame","Dead Branch"],"acts_visited":["Exordium","TheCity","TheBeyond"],"potions_floor_usage":[52,52,52,52,52],"damage_taken":[{"damage":5.0,"enemies":"Cultist","floor":1.0,"turns":4.0},{"damage":15.0,"enemies":"Jaw Worm","floor":3.0,"turns":5.0},{"damage":0.0,"enemies":"conspire:RoseBush","floor":7.0,"turns":4.0},{"damage":52.0,"enemies":"3 Sentries","floor":8.0,"turns":9.0},{"damage":6.0,"enemies":"Lagavulin","floor":12.0,"turns":7.0},{"damage":12.0,"enemies":"3 Louse","floor":14.0,"turns":5.0},{"damage":4.0,"enemies":"Large Slime","floor":15.0,"turns":6.0},{"damage":47.0,"enemies":"The Guardian","floor":18.0,"turns":13.0},{"damage":23.0,"enemies":"Shell Parasite","floor":20.0,"turns":7.0},{"damage":15.0,"enemies":"conspire:FuzzyDice","floor":23.0,"turns":7.0},{"damage":9.0,"enemies":"conspire:HollyBat","floor":24.0,"turns":7.0},{"damage":40.0,"enemies":"Sentry and Sphere","floor":25.0,"turns":6.0},{"damage":20.0,"enemies":"Snecko","floor":27.0,"turns":6.0},{"damage":29.0,"enemies":"conspire:SneckoGhost","floor":29.0,"turns":9.0},{"damage":42.0,"enemies":"Cultist and Chosen","floor":32.0,"turns":7.0},{"damage":19.0,"enemies":"conspire:MimicChest","floor":33.0,"turns":10.0},{"damage":25.0,"enemies":"Pondfish","floor":35.0,"turns":9.0},{"damage":54.0,"enemies":"Orb Walker","floor":37.0,"turns":7.0},{"damage":50.0,"enemies":"3 Darklings","floor":38.0,"turns":8.0},{"damage":23.0,"enemies":"Writhing Mass","floor":40.0,"turns":9.0},{"damage":44.0,"enemies":"Sphere and 2 Shapes","floor":41.0,"turns":7.0},{"damage":11.0,"enemies":"Nemesis","floor":42.0,"turns":7.0},{"damage":58.0,"enemies":"beaked:SuperParasite","floor":44.0,"turns":10.0},{"damage":12.0,"enemies":"Maw","floor":47.0,"turns":7.0},{"damage":31.0,"enemies":"Giant Head","floor":48.0,"turns":9.0},{"damage":3.0,"enemies":"4 Shapes","floor":49.0,"turns":7.0},{"damage":74,"enemies":"Time Eater","floor":52,"turns":12}],"seed_played":"3625448172132889807","potions_obtained":[{"floor":1.0,"key":"FearPotion"},{"floor":12.0,"key":"sneckomod:MuddlingPotion"},{"floor":16.0,"key":"Strength Potion"},{"floor":16.0,"key":"SkillPotion"},{"floor":18.0,"key":"Block Potion"},{"floor":23.0,"key":"AttackPotion"},{"floor":25.0,"key":"FearPotion"},{"floor":32.0,"key":"champ:CounterPotion"},{"floor":44.0,"key":"AttackPotion"},{"floor":47.0,"key":"ColorlessPotion"}],"is_trial":false,"path_per_floor":["M","$","M","?","PTL","PTL","M","E","R","$","T","E","R","M","M","?","R","B",null,"M","?","?","M","M","M","R","M","T","E","R","$","M","?","R","B",null,"M","M","$","M","M","E","?","E","T","$","M","E","M","?","R","B",null],"character_chosen":"BEAKED_THE_CULTIST","items_purchased":["beaked:WarriorSpirit","MerchantsRug","ReplayTheSpireMod:TigerMarble","expansioncontent:QuickStudy","expansioncontent:Collect","Fruit Juice","Sling","Ancient Tea Set","ReplayTheSpireMod:Brewmster","Bag of Marbles","ClockworkSouvenir","aspiration:FrozenJewel","DollysMirror"],"campfire_rested":0,"item_purchase_floors":[2,31,31,31,31,31,31,31,39,39,39,39,39],"current_hp_per_floor":[54,54,52,52,52,52,60,39,39,39,39,60,60,60,60,45,45,60,60,60,44,60,59,60,52,52,52,52,60,60,65,55,65,65,65,82,52,67,70,89,72,97,100,103,103,103,111,112,112,106,106,70],"gold":177,"neow_bonus":"TEN_PERCENT_HP_BONUS","is_daily":false,"chose_seed":false,"campfire_upgraded":6,"win_rate":0.0,"timestamp":1609101719,"path_taken":["M","$","M","?","PTL","PTL","M","E","R","?","T","E","R","M","M","?","R","BOSS","M","?","?","M","M","?","R","M","T","E","R","$","M","?","R","BOSS","M","M","$","M","M","E","?","E","T","$","M","E","M","?","R","BOSS"],"items_purchased_type":["Card","Relic","Relic","Card","Card","Potion","Relic","Relic","Card","Relic","Relic","Relic","Relic"],"build_version":"2020-12-22","purchased_purges":2,"victory":true,"max_hp_per_floor":[55,55,55,55,55,55,60,60,60,60,60,60,60,60,60,60,60,60,60,60,60,60,60,60,60,60,60,60,60,60,65,65,65,65,65,82,82,85,88,91,94,97,100,103,103,103,111,112,112,106,106,106],"relic_stats":{"counters":[27,204],"Dead Branch":[14],"Prayer Wheel":6,"PreservedInsect":235,"Smiling Mask":-12,"obtain_stats":[{"ReplayFunnel":42,"ReplayTheSpireMod:Ring of Exchange":43,"Enchiridion":21,"Mango":36,"Smiling Mask":11,"Sling":31,"Ancient Tea Set":31,"Replay:Rubber Ducky":8,"ClockworkSouvenir":39,"Replay:Ringing Soul":36,"Replay:Bandana":12,"hubris:Backtick":19,"DollysMirror":39,"Prayer Wheel":38,"MerchantsRug":31,"beaked:ThroatLozenge":36,"Dead Branch":48,"PreservedInsect":29,"Replay:Ancient Bell":36,"War Paint":17,"aspiration:FrozenJewel":39,"Anchor":33,"Bottled Flame":45,"ReplayTheSpireMod:TigerMarble":31,"Bag of Marbles":39,"Membership Card":19,"beaked:MendingPlumage":0,"hubris:Potato":44},{"ReplayFunnel":22,"ReplayTheSpireMod:Ring of Exchange":22,"Enchiridion":9,"Mango":17,"Smiling Mask":4,"Sling":14,"Ancient Tea Set":14,"Replay:Rubber Ducky":4,"ClockworkSouvenir":19,"Replay:Ringing Soul":17,"Replay:Bandana":5,"hubris:Backtick":8,"DollysMirror":19,"Prayer Wheel":19,"MerchantsRug":14,"beaked:ThroatLozenge":17,"Dead Branch":25,"PreservedInsect":14,"Replay:Ancient Bell":17,"War Paint":7,"aspiration:FrozenJewel":19,"Anchor":16,"Bottled Flame":23,"ReplayTheSpireMod:TigerMarble":14,"Bag of Marbles":19,"Membership Card":8,"beaked:MendingPlumage":0,"hubris:Potato":23},{"ReplayFunnel":159,"ReplayTheSpireMod:Ring of Exchange":159,"Enchiridion":60,"Mango":121,"Smiling Mask":22,"Sling":95,"Ancient Tea Set":95,"Replay:Rubber Ducky":22,"ClockworkSouvenir":136,"Replay:Ringing Soul":121,"Replay:Bandana":29,"hubris:Backtick":53,"DollysMirror":136,"Prayer Wheel":131,"MerchantsRug":95,"beaked:ThroatLozenge":121,"Dead Branch":185,"PreservedInsect":95,"Replay:Ancient Bell":121,"War Paint":40,"aspiration:FrozenJewel":136,"Anchor":112,"Bottled Flame":169,"ReplayTheSpireMod:TigerMarble":95,"Bag of Marbles":136,"Membership Card":53,"beaked:MendingPlumage":0,"hubris:Potato":169}]},"card_choices":[{"not_picked":["beaked:MimicWarrior","beaked:Flinch"],"picked":"beaked:DigDeep","floor":1.0},{"not_picked":["beaked:Flinch","beaked:Poke"],"picked":"beaked:Overpower","floor":3.0},{"not_picked":["beaked:Tweet","beaked:WarriorEssence"],"picked":"beaked:VigorBurst","floor":7.0},{"not_picked":["beaked:WarriorSpirit","beaked:Mantra"],"picked":"beaked:BraceForImpact","floor":8.0},{"not_picked":["beaked:CursingBlood","beaked:SacrificialAttack"],"picked":"beaked:MimicMachine","floor":12.0},{"not_picked":["beaked:FullHouse","beaked:Negation"],"picked":"beaked:MimicMachine","floor":14.0},{"not_picked":["beaked:HuntressSpirit","beaked:TuckingFeathers"],"picked":"beaked:Overexert","floor":15.0},{"not_picked":["beaked:Foresight","beaked:DigDeeper"],"picked":"beaked:Insight","floor":16.0},{"not_picked":["beaked:DarkTribute","beaked:Caw"],"picked":"beaked:AwakenedForm","floor":18.0},{"not_picked":["beaked:Roost+1","beaked:Evade"],"picked":"beaked:CrazyRituals+1","floor":20.0},{"not_picked":["beaked:Cower","beaked:DigDeep"],"picked":"beaked:Overexert","floor":23.0},{"not_picked":["beaked:CursingBlood","beaked:DigDeep"],"picked":"ReplayTheSpireMod:Prepare the Ceremony","floor":24.0},{"not_picked":["beaked:FeelMyPain","beaked:Pecker"],"picked":"beaked:HuntressSpirit","floor":25.0},{"not_picked":["beaked:MimicMachine","beaked:HuntressSpirit"],"picked":"beaked:BraceForImpact","floor":27.0},{"not_picked":["Guardian:Gem_Red","Guardian:Gem_Lightblue"],"picked":"Guardian:Gem_Green","floor":29.0},{"not_picked":["beaked:LiftOff","beaked:DigDeep"],"picked":"beaked:Windmill","floor":29.0},{"not_picked":["beaked:DigDeeper","beaked:Windmill"],"picked":"beaked:Resilience","floor":32.0},{"not_picked":["beaked:MimicHuntress","beaked:Cower"],"picked":"beaked:Hexing+1","floor":33.0},{"not_picked":["beaked:DarkTribute","beaked:KnowThyFoe"],"picked":"beaked:ScreechingChant","floor":35.0},{"not_picked":["Replay:Hysterical Blindness","hubris:Gluttony"],"picked":"sneckomod:Bewildered","floor":36.0},{"not_picked":["Hallucinations","hubris:Disease"],"picked":"hubris:Lust","floor":36.0},{"not_picked":["sneckomod:Bewildered","ReplayTheSpireMod:Faulty Equipment"],"picked":"Writhe","floor":36.0},{"not_picked":["beaked:TuckingFeathers","beaked:Pecker+1","beaked:SurvivalInstinct"],"picked":"SKIP","floor":37.0},{"not_picked":["beaked:TuckingFeathers","beaked:Brace"],"picked":"beaked:MaddeningMurmurs","floor":38.0},{"not_picked":["beaked:Redirect","beaked:SacrificialAttack"],"picked":"beaked:DigDeep+1","floor":38.0},{"not_picked":["beaked:Tradeoff","beaked:SurvivalInstinct"],"picked":"beaked:ScreechingChant","floor":40.0},{"not_picked":["beaked:TuckingFeathers+1","ReplayTheSpireMod:Prepare the Ceremony"],"picked":"beaked:WarriorEssence","floor":40.0},{"not_picked":["beaked:Hexing+1","beaked:WarriorEssence+1"],"picked":"beaked:MachineSpirit+1","floor":41.0},{"not_picked":["beaked:Struggle","beaked:Redirect","beaked:TuckingFeathers+1"],"picked":"SKIP","floor":41.0},{"not_picked":["beaked:Insight","beaked:CursingBlood"],"picked":"beaked:BraceForImpact+1","floor":42.0},{"not_picked":["beaked:HuntressSpirit+1","beaked:CheekyTricks"],"picked":"beaked:Tweet+1","floor":44.0},{"not_picked":["beaked:BraceForImpact+1","beaked:WarriorSpirit+1"],"picked":"beaked:VigorBurst+1","floor":47.0},{"not_picked":["beaked:BraceForImpact","beaked:HuntressEssence+1","beaked:Resilience"],"picked":"SKIP","floor":47.0},{"not_picked":["beaked:Devastation+1","beaked:DesperateSwing","beaked:DigDeeper+1"],"picked":"SKIP","floor":48.0},{"not_picked":["beaked:Overpower","beaked:WarriorEssence+1","beaked:MachineEssence"],"picked":"SKIP","floor":49},{"not_picked":["beaked:Devastation","beaked:Windmill","beaked:Redirect+1"],"picked":"SKIP","floor":49}],"player_experience":305607,"relics_obtained":[{"floor":8.0,"key":"Replay:Rubber Ducky"},{"floor":11.0,"key":"Smiling Mask"},{"floor":12.0,"key":"Replay:Bandana"},{"floor":17.0,"key":"War Paint"},{"floor":21.0,"key":"Enchiridion"},{"floor":29.0,"key":"PreservedInsect"},{"floor":33.0,"key":"Anchor"},{"floor":42.0,"key":"ReplayFunnel"},{"floor":43.0,"key":"ReplayTheSpireMod:Ring of Exchange"},{"floor":44.0,"key":"hubris:Potato"},{"floor":45.0,"key":"Bottled Flame"},{"floor":48.0,"key":"Dead Branch"}],"event_choices":[{"damage_healed":0.0,"max_hp_gain":0.0,"max_hp_loss":0.0,"gold_gain":0.0,"event_name":"The Cleric","player_choice":"Leave","floor":4.0,"gold_loss":0.0,"damage_taken":0.0},{"damage_healed":0.0,"max_hp_gain":0.0,"max_hp_loss":0.0,"gold_gain":0.0,"event_name":"Cursed Tome","player_choice":"Obtained Book","floor":21.0,"gold_loss":0.0,"damage_taken":16.0},{"cards_removed":["beaked:MimicMachine"],"damage_healed":16.0,"max_hp_gain":0.0,"max_hp_loss":0.0,"gold_gain":0.0,"event_name":"Bonfire Elementals","player_choice":"Offered Uncommon","floor":22.0,"gold_loss":0.0,"damage_taken":0.0},{"damage_healed":0,"gold_gain":0,"player_choice":"Max HP","damage_taken":0,"max_hp_gain":0,"max_hp_loss":6,"event_name":"Winding Halls","floor":50,"gold_loss":0}],"is_beta":false,"boss_relics":[{"not_picked":["hubris:HollowSoul","Ring of Chaos"],"picked":"hubris:Backtick"},{"not_picked":["Philosopher\u0027s Stone","Busted Crown"],"picked":"Replay:Ancient Bell"},{"not_picked":["conspire:TopHat","Juzu Bracelet"],"picked":"beaked:ThroatLozenge"},{"not_picked":["aspiration:SeaSaltIceCream","hubris:Reverence"],"picked":"Replay:Ringing Soul"},{"not_picked":["Du-Vu Doll","hubris:MedicalManual"],"picked":"Mango"}],"items_purged_floors":[39,46],"is_endless":false,"potions_floor_spawned":[1,12,18,23,25,29,32,33,40,41,44,47],"ascension_level":0}}