{"host":"12piqfhmdln9x2la","time":1609097108,"event":{"mods":["2.2 Compatiblity","AchievementEnabler","BaseMod","BetterRewards","Colored Powertips","Minty Spire (QoL Compilation)","Quick Restart","SuperFastMode"],"gold_per_floor":[119,137,189,209,220,249,249,279,279,279,292,350,198,231,231,331,331,342,9,9,28,28,58,32,32,56,56,82,101,126,141,141,241,241,251,251,251,265,52,84,84,84,84],"floor_reached":42,"playtime":970,"items_purged":["Strike_R","Defend_R","Strike_R"],"score":682,"play_id":"59283472-6b66-44b2-9f52-67c81f1e93be","local_time":"20201228042508","is_ascension_mode":true,"campfire_choices":[{"data":"Bludgeon","floor":7,"key":"SMITH"},{"floor":10,"key":"RECALL"},{"data":"Cleave","floor":15,"key":"SMITH"},{"data":"Inflame","floor":25,"key":"SMITH"},{"data":"Inflame","floor":27,"key":"SMITH"},{"data":"Heavy Blade","floor":32,"key":"SMITH"},{"data":"Inflame","floor":41,"key":"PURGE"}],"circlet_count":0,"master_deck":["Strike_R","Strike_R","Strike_R","Defend_R","Defend_R","Defend_R","Bash","Flex+1","Inflame+1","Inflame+1","Seeing Red+1","Bludgeon+1","Bloodletting+1","Cleave+1","Spot Weakness+1","Thunderclap","Inflame","Rupture+1","Inflame+1","Demon Form+1","Heavy Blade","Apotheosis+1","Infernal Blade+1","Shame","Infernal Blade+1","Heavy Blade+1","Immolate","Flex+1","Spot Weakness+1","Pommel Strike","Feed","Twin Strike","Madness+1","Madness+1"],"relics":["Black Blood","Toxic Egg 2","Membership Card","Mango","Anchor","MealTicket","Bottled Lightning","Frozen Egg 2","Meat on the Bone","Toy Ornithopter","Bottled Flame","HandDrill","Paper Frog","Bag of Preparation","Gremlin Horn","Vajra","Omamori","Coffee Dripper","Peace Pipe","Smiling Mask"],"acts_visited":["Exordium","TheCity","TheBeyond"],"potions_floor_usage":[14,14,14,21,33,33,33,33,40,42,42],"damage_taken":[{"damage":0,"enemies":"Jaw Worm","floor":1,"turns":2},{"damage":2,"enemies":"Small Slimes","floor":2,"turns":3},{"damage":0,"enemies":"2 Louse","floor":4,"turns":2},{"damage":8,"enemies":"Large Slime","floor":5,"turns":2},{"damage":30,"enemies":"Lagavulin","floor":6,"turns":6},{"damage":23,"enemies":"3 Sentries","floor":8,"turns":5},{"damage":0,"enemies":"Exordium Thugs","floor":11,"turns":2},{"damage":16,"enemies":"Gremlin Nob","floor":12,"turns":3},{"damage":7,"enemies":"Gremlin Nob","floor":14,"turns":3},{"damage":41,"enemies":"Slime Boss","floor":16,"turns":8},{"damage":76,"enemies":"Shell Parasite","floor":18,"turns":7},{"damage":33,"enemies":"Spheric Guardian","floor":21,"turns":4},{"damage":13,"enemies":"Gremlin Leader","floor":23,"turns":4},{"damage":41,"enemies":"Book of Stabbing","floor":28,"turns":4},{"damage":0,"enemies":"Chosen and Byrds","floor":29,"turns":4},{"damage":30,"enemies":"Slavers","floor":30,"turns":3},{"damage":32,"enemies":"Snecko","floor":31,"turns":4},{"damage":38,"enemies":"Automaton","floor":33,"turns":6},{"damage":13,"enemies":"3 Darklings","floor":35,"turns":3},{"damage":17,"enemies":"3 Shapes","floor":38,"turns":2},{"damage":85,"enemies":"Nemesis","floor":40,"turns":5},{"damage":66,"enemies":"Giant Head","floor":42,"turns":5}],"seed_played":"-855130662784953795","potions_obtained":[{"floor":1,"key":"HeartOfIron"},{"floor":5,"key":"Regen Potion"},{"floor":6,"key":"DistilledChaos"},{"floor":8,"key":"BlessingOfTheForge"},{"floor":18,"key":"DistilledChaos"},{"floor":21,"key":"SpeedPotion"},{"floor":31,"key":"EntropicBrew"},{"floor":33,"key":"Regen Potion"},{"floor":35,"key":"Fire Potion"}],"is_trial":false,"path_per_floor":["M","M","?","M","M","E","R","E","T","R","M","?","$","E","R","B",null,"M","$","?","M","?","E","$","R","T","R","E","M","E","M","R","B",null,"M","?","?","M","$","E","R","E"],"character_chosen":"IRONCLAD","items_purchased":["Toxic Egg 2","Flex+1","Inflame","Membership Card","Inflame","Seeing Red+1","Bludgeon","Anchor","Inflame+1","Toy Ornithopter","Apotheosis+1","HandDrill","Paper Frog","Heavy Blade","Peace Pipe"],"campfire_rested":0,"item_purchase_floors":[0,0,0,0,0,0,0,0,13,13,19,19,19,24,39],"current_hp_per_floor":[64,68,68,74,72,48,48,31,31,31,37,27,42,65,65,42,94,42,57,38,34,34,45,60,60,60,60,43,67,61,53,53,59,99,98,98,86,84,99,52,52,0,0],"gold":84,"neow_bonus":"","is_daily":false,"chose_seed":false,"campfire_upgraded":5,"win_rate":0.0,"timestamp":1609097108,"path_taken":["M","M","?","M","M","E","R","E","T","R","M","?","$","E","R","BOSS","M","$","?","M","?","E","$","R","T","R","E","M","E","M","R","BOSS","M","?","?","M","$","E","R","E"],"items_purchased_type":["Relic","Card","Card","Relic","Card","Card","Card","Relic","Card","Relic","Card","Relic","Relic","Card","Relic"],"build_version":"2020-12-22","purchased_purges":3,"victory":false,"max_hp_per_floor":[94,94,94,94,94,94,94,94,94,94,94,94,94,94,94,94,94,94,94,99,99,99,99,99,99,99,99,99,99,99,99,99,99,99,99,99,99,102,102,102,102,102,102],"card_choices":[{"not_picked":["Flex+1","Clash"],"picked":"Bloodletting+1","floor":1},{"not_picked":["Dark Embrace","Sentinel+1"],"picked":"Inflame","floor":2},{"not_picked":["Fire Breathing","Body Slam"],"picked":"Cleave","floor":4},{"not_picked":["Havoc+1","Heavy Blade"],"picked":"Spot Weakness+1","floor":5},{"not_picked":["Havoc+1","Evolve"],"picked":"Thunderclap","floor":6},{"not_picked":["Dual Wield+1","Headbutt"],"picked":"Inflame","floor":8},{"not_picked":["Seeing Red+1","Clothesline"],"picked":"Rupture+1","floor":11},{"not_picked":["Cleave","Thunderclap","Disarm+1"],"picked":"SKIP","floor":14},{"not_picked":["Impervious+1","Offering+1"],"picked":"Demon Form+1","floor":16},{"not_picked":["Sever Soul","Blood for Blood"],"picked":"Heavy Blade","floor":18},{"not_picked":["Intimidate+1","Iron Wave"],"picked":"Infernal Blade+1","floor":21},{"not_picked":["Wild Strike+1","Iron Wave"],"picked":"Infernal Blade+1","floor":23},{"not_picked":["Evolve+1","Warcry+1"],"picked":"Immolate","floor":28},{"not_picked":["Wild Strike+1","Perfected Strike"],"picked":"Flex+1","floor":29},{"not_picked":["Intimidate+1","Flame Barrier+1"],"picked":"Spot Weakness+1","floor":30},{"not_picked":["Havoc+1","Clash"],"picked":"Pommel Strike","floor":31},{"not_picked":["Double Tap+1","Barricade+1"],"picked":"Feed","floor":33},{"not_picked":["Carnage+1","Second Wind+1"],"picked":"Twin Strike","floor":35},{"not_picked":["Clothesline+1","Dark Embrace+1","Blood for Blood+1"],"picked":"SKIP","floor":38},{"not_picked":["Metallicize+1","Feel No Pain+1","Body Slam"],"picked":"SKIP","floor":40}],"player_experience":128919,"relics_obtained":[{"floor":6,"key":"MealTicket"},{"floor":8,"key":"Bottled Lightning"},{"floor":9,"key":"Frozen Egg 2"},{"floor":12,"key":"Meat on the Bone"},{"floor":14,"key":"Bottled Flame"},{"floor":23,"key":"Gremlin Horn"},{"floor":28,"key":"Vajra"},{"floor":30,"key":"Omamori"},{"floor":40,"key":"Smiling Mask"}],"event_choices":[{"damage_healed":0,"gold_gain":52,"player_choice":"Gained Gold","damage_taken":0,"max_hp_gain":0,"max_hp_loss":0,"event_name":"Golden Wing","floor":3,"gold_loss":0},{"damage_healed":0,"gold_gain":30,"player_choice":"Searched \u00272\u0027 times","damage_taken":0,"max_hp_gain":0,"max_hp_loss":0,"event_name":"Dead Adventurer","floor":12,"gold_loss":0},{"damage_healed":0,"gold_gain":0,"player_choice":"Shed Blood","damage_taken":24,"max_hp_gain":5,"max_hp_loss":0,"event_name":"Forgotten Altar","floor":20,"gold_loss":0},{"damage_healed":0,"gold_gain":0,"player_choice":"Stole Relic","damage_taken":0,"relics_obtained":["Bag of Preparation"],"max_hp_gain":0,"max_hp_loss":0,"event_name":"Addict","floor":22,"gold_loss":0,"cards_obtained":["Shame"]},{"damage_healed":0,"gold_gain":0,"player_choice":"Ignored","damage_taken":0,"max_hp_gain":0,"max_hp_loss":0,"event_name":"Tomb of Lord Red Mask","floor":36,"gold_loss":0},{"damage_healed":0,"gold_gain":0,"player_choice":"Embrace Madness","damage_taken":12,"max_hp_gain":0,"max_hp_loss":0,"event_name":"Winding Halls","floor":37,"gold_loss":0,"cards_obtained":["Madness","Madness"]}],"is_beta":false,"boss_relics":[{"not_picked":["SacredBark","Cursed Key"],"picked":"Black Blood"},{"not_picked":["Pandora\u0027s Box","Calling Bell"],"picked":"Coffee Dripper"}],"items_purged_floors":[13,19,39],"is_endless":false,"potions_floor_spawned":[1,5,6,8,12,18,21,31,33,35],"killed_by":"Giant Head","ascension_level":4}}