{"host":"3dz0gicyzigf6cpm","time":1609104534,"event":{"mods":["AchievementEnabler","BaseMod","Minty Spire (QoL Compilation)"],"gold_per_floor":[114,125,141,141,141,141,155,155,179,179,195,215,215,248,248,248,248],"floor_reached":16,"playtime":1520,"items_purged":[],"score":102,"play_id":"0d30dcdf-53ea-4f05-a3eb-6285c8db58f7","local_time":"20201227172854","is_ascension_mode":false,"campfire_choices":[{"floor":6,"key":"REST"},{"floor":8,"key":"REST"},{"data":"Survivor","floor":10,"key":"SMITH"},{"floor":13,"key":"REST"},{"floor":15,"key":"REST"}],"circlet_count":0,"master_deck":["Strike_G","Strike_G","Strike_G","Strike_G","Strike_G","Defend_G","Defend_G","Defend_G","Defend_G","Survivor+1","Neutralize","Impatience","Caltrops","Finisher","Acrobatics","Poisoned Stab","Infinite Blades","Leg Sweep","PiercingWail"],"relics":["Ring of the Snake","Strawberry","Bag of Preparation"],"acts_visited":["Exordium"],"potions_floor_usage":[14,14],"damage_taken":[{"damage":0,"enemies":"2 Louse","floor":1,"turns":3},{"damage":4,"enemies":"Small Slimes","floor":2,"turns":4},{"damage":12,"enemies":"Cultist","floor":3,"turns":5},{"damage":30,"enemies":"2 Fungi Beasts","floor":7,"turns":5},{"damage":10,"enemies":"Lots of Slimes","floor":11,"turns":4},{"damage":3,"enemies":"Blue Slaver","floor":12,"turns":4},{"damage":13,"enemies":"3 Sentries","floor":14,"turns":8},{"damage":91,"enemies":"Slime Boss","floor":16,"turns":13}],"seed_played":"9197885936143151947","potions_obtained":[{"floor":1,"key":"SpeedPotion"},{"floor":3,"key":"Energy Potion"},{"floor":14,"key":"Weak Potion"}],"is_trial":false,"path_per_floor":["M","M","M","?","?","R","M","R","T","R","M","M","R","E","R","B"],"character_chosen":"THE_SILENT","items_purchased":[],"campfire_rested":4,"item_purchase_floors":[],"current_hp_per_floor":[70,66,54,54,47,68,38,59,66,66,56,53,76,63,77,0,0],"gold":248,"neow_bonus":"RANDOM_COLORLESS","is_daily":false,"chose_seed":false,"campfire_upgraded":1,"win_rate":0.0,"timestamp":1609104534,"path_taken":["M","M","M","?","?","R","M","R","T","R","M","M","R","E","R","BOSS"],"items_purchased_type":[],"build_version":"2020-12-22","purchased_purges":0,"victory":false,"max_hp_per_floor":[70,70,70,70,70,70,70,70,77,77,77,77,77,77,77,77,77],"card_choices":[{"not_picked":["Trip","Dark Shackles"],"picked":"Impatience","floor":0},{"not_picked":["Deflect","Underhanded Strike"],"picked":"Caltrops","floor":1},{"not_picked":["Dodge and Roll","Endless Agony"],"picked":"Finisher","floor":2},{"not_picked":["Quick Slash","Crippling Poison"],"picked":"Acrobatics","floor":3},{"not_picked":["Underhanded Strike","Outmaneuver"],"picked":"Poisoned Stab","floor":7},{"not_picked":["Riddle With Holes","Dagger Throw"],"picked":"Infinite Blades","floor":11},{"not_picked":["Dodge and Roll","Riddle With Holes"],"picked":"Leg Sweep","floor":12},{"not_picked":["Underhanded Strike","Footwork"],"picked":"PiercingWail","floor":14}],"player_experience":66448,"relics_obtained":[{"floor":9,"key":"Strawberry"},{"floor":14,"key":"Bag of Preparation"}],"event_choices":[{"damage_healed":0,"gold_gain":0,"player_choice":"Ignored","damage_taken":0,"max_hp_gain":0,"max_hp_loss":0,"event_name":"Liars Game","floor":4,"gold_loss":0},{"cards_removed":["Defend_G"],"damage_healed":0,"gold_gain":0,"player_choice":"Card Removal","damage_taken":7,"max_hp_gain":0,"max_hp_loss":0,"event_name":"Golden Wing","floor":5,"gold_loss":0}],"is_beta":false,"boss_relics":[],"items_purged_floors":[],"is_endless":false,"potions_floor_spawned":[1,3,14],"killed_by":"Slime Boss","ascension_level":0}}