{"host":"hhqi7w94rsi31r70","time":1609031380,"event":{"mods":["Act Like it!","BaseMod","Colored Map","GifTheSpireLib","Hallownest","Highlight Path","Minty Spire (QoL Compilation)","Robot Space Explorer","Shade Mod","StSLib","The Hierophant","The Saiyan","The Servant 0.9.4","[地精首领爬塔]The Maniac"],"gold_per_floor":[110,123,135,135,135,135,170,170,197,197,197,208,233,253,253,253,253],"floor_reached":16,"playtime":670,"items_purged":[],"score":115,"play_id":"efcdb3d7-d1d1-4d75-b1c0-56f2a0e3c604","local_time":"20201227090940","is_ascension_mode":true,"campfire_choices":[{"data":"KidneyShot","floor":6,"key":"SMITH"},{"data":"Moonlight","floor":8,"key":"SMITH"},{"data":"Exchange","floor":11,"key":"SMITH"},{"data":"InstantArmor","floor":15,"key":"SMITH"}],"circlet_count":0,"master_deck":["Strike_S+1","Strike_S+1","Strike_S","Strike_S","Defend_S","Defend_S","Defend_S+1","Defend_S","KidneyShot+1","Exchange+1","ShatteredReality+1","Moonlight+1","Starlight","InstantArmor+1"],"relics":["Uniform","Broom","Dream Catcher","Whetstone","Lantern"],"acts_visited":["Exordium"],"potions_floor_usage":[7,7,7],"damage_taken":[{"damage":4,"enemies":"2 Louse","floor":1,"turns":4},{"damage":5,"enemies":"Cultist","floor":2,"turns":5},{"damage":5,"enemies":"Small Slimes","floor":3,"turns":4},{"damage":7,"enemies":"Lagavulin","floor":7,"turns":6},{"damage":0,"enemies":"3 Louse","floor":12,"turns":3},{"damage":0,"enemies":"Exordium Thugs","floor":14,"turns":3},{"damage":41,"enemies":"The Guardian","floor":16,"turns":13}],"seed_played":"-7663958393767269588","potions_obtained":[{"floor":1,"key":"BlessingOfTheForge"},{"floor":2,"key":"PowerPotion"},{"floor":3,"key":"Regen Potion"}],"is_trial":false,"path_per_floor":["M","M","M","?","?","R","E","R","T","?","R","M","T","M","R","B"],"character_chosen":"THE_SERVANT","items_purchased":[],"campfire_rested":0,"item_purchase_floors":[],"current_hp_per_floor":[61,56,51,38,43,43,50,50,50,43,43,43,43,43,43,2,2],"gold":253,"neow_bonus":"RANDOM_COMMON_RELIC","is_daily":false,"chose_seed":false,"campfire_upgraded":4,"win_rate":0.0,"timestamp":1609031380,"path_taken":["M","M","M","?","?","R","E","R","T","?","R","M","?","?","R","BOSS"],"items_purchased_type":[],"build_version":"2020-12-22","purchased_purges":0,"victory":false,"max_hp_per_floor":[65,65,65,65,70,70,70,70,70,70,70,70,70,70,70,70,70],"card_choices":[{"not_picked":["DoubleEdge","Potential","Moondial"],"picked":"SKIP","floor":1},{"not_picked":["WasteNot","Deadline"],"picked":"ShatteredReality","floor":2},{"not_picked":["MoonPhase","Ricochet"],"picked":"Rearm","floor":3},{"not_picked":["ShatteredReality","MoonPhase"],"picked":"Moonlight","floor":7},{"not_picked":["Foresight","Rewind"],"picked":"Starlight","floor":12},{"not_picked":["RealityMarble","Starlight"],"picked":"InstantArmor","floor":14}],"player_experience":490349,"relics_obtained":[{"floor":7,"key":"Dream Catcher"},{"floor":9,"key":"Whetstone"},{"floor":13,"key":"Lantern"}],"event_choices":[{"damage_healed":0,"gold_gain":0,"player_choice":"Entered Light","damage_taken":13,"max_hp_gain":0,"max_hp_loss":0,"event_name":"Shining Light","floor":4,"gold_loss":0,"cards_upgraded":["Strike_S","Defend_S"]},{"damage_healed":0,"gold_gain":0,"player_choice":"Donut","damage_taken":0,"max_hp_gain":5,"max_hp_loss":0,"event_name":"Big Fish","floor":5,"gold_loss":0},{"cards_removed":["Rearm"],"damage_healed":0,"gold_gain":0,"player_choice":"Card Removal","damage_taken":7,"max_hp_gain":0,"max_hp_loss":0,"event_name":"Golden Wing","floor":10,"gold_loss":0}],"is_beta":false,"boss_relics":[],"items_purged_floors":[],"is_endless":false,"potions_floor_spawned":[1,2,3],"killed_by":"The Guardian","ascension_level":3}}