{"host":"851hhqouejqwzba1","time":1609071588,"event":{"mods":["BaseMod","Minty Spire (QoL Compilation)","Permanent Neow","Shop Mod","StSLib","óô»ðÖ¸ÄÏ"],"gold_per_floor":[113,113,68,86,86,86,105,105,177,193,212,243,93,61,61,138,138,119,133,143,160,41,41,41],"floor_reached":23,"playtime":5260,"items_purged":["Strike_B"],"score":413,"play_id":"56a4f868-8d5c-4442-bb5e-87e899379dfb","local_time":"20201227201948","is_ascension_mode":true,"campfire_choices":[{"data":"Zap","floor":6.0,"key":"SMITH"},{"data":"Dualcast","floor":8.0,"key":"SMITH"},{"data":"Double Energy","floor":15.0,"key":"SMITH"}],"circlet_count":0,"master_deck":["AscendersBane","Strike_B","Strike_B","Defend_B","Defend_B","Defend_B","Defend_B","Zap+1","Dualcast+1","Cold Snap","Chill","Melter","Storm","Leap","Double Energy+1","Blizzard","Glacier","Seek","Sunder","Recycle"],"relics":["Cracked Core","DataDisk","Pear","The Courier","Nuclear Battery","Art of War"],"acts_visited":["Exordium","TheCity"],"potions_floor_usage":[],"damage_taken":[{"damage":4.0,"enemies":"Small Slimes","floor":1.0,"turns":3.0},{"damage":0.0,"enemies":"Cultist","floor":4.0,"turns":3.0},{"damage":0.0,"enemies":"2 Louse","floor":7.0,"turns":1.0},{"damage":9.0,"enemies":"Exordium Thugs","floor":10.0,"turns":5.0},{"damage":6.0,"enemies":"Looter","floor":11.0,"turns":3.0},{"damage":11.0,"enemies":"Lagavulin","floor":12.0,"turns":7.0},{"damage":0.0,"enemies":"Slime Boss","floor":16.0,"turns":10.0},{"damage":0.0,"enemies":"2 Thieves","floor":18.0,"turns":4.0},{"damage":0.0,"enemies":"Spheric Guardian","floor":19.0,"turns":1.0},{"damage":23.0,"enemies":"Centurion and Healer","floor":20.0,"turns":7.0},{"damage":24.0,"enemies":"Shelled Parasite and Fungi","floor":21.0,"turns":9.0},{"damage":20,"enemies":"Book of Stabbing","floor":23,"turns":5}],"seed_played":"-8990519554016414616","potions_obtained":[{"floor":4.0,"key":"Ancient Potion"},{"floor":10.0,"key":"PowerPotion"},{"floor":11.0,"key":"LiquidMemories"},{"floor":12.0,"key":"PowerPotion"},{"floor":16.0,"key":"SpeedPotion"},{"floor":18.0,"key":"FearPotion"},{"floor":21.0,"key":"Fire Potion"}],"is_trial":false,"path_per_floor":["M","?","$","M","?","R","M","R","T","M","M","E","R","$","R","B",null,"M","M","M","M","$","E"],"character_chosen":"DEFECT","items_purchased":["Cold Snap","Double Energy","Blizzard","Glacier","Art of War"],"campfire_rested":0,"item_purchase_floors":[3,13,13,14,22],"current_hp_per_floor":[60,71,71,71,71,71,71,71,81,72,66,55,55,55,55,55,75,75,75,52,28,28,8,8],"gold":41,"neow_bonus":"RANDOM_COMMON_RELIC","is_daily":false,"chose_seed":false,"campfire_upgraded":3,"win_rate":0.0,"timestamp":1609071588,"path_taken":["M","?","$","?","?","R","M","R","T","?","M","E","R","$","R","BOSS","M","M","M","M","$","E"],"items_purchased_type":["Card","Card","Card","Card","Relic"],"build_version":"2020-12-22","purchased_purges":1,"victory":false,"max_hp_per_floor":[71,71,71,71,71,71,71,71,81,81,81,81,81,81,81,81,81,81,81,81,81,81,81,81],"card_choices":[{"not_picked":["Barrage","Sweeping Beam","Aggregate"],"picked":"SKIP","floor":1.0},{"not_picked":["Reinforced Body","Cold Snap"],"picked":"Chill","floor":4.0},{"not_picked":["FTL","Hologram"],"picked":"Storm","floor":7.0},{"not_picked":["Barrage","Rip and Tear","Genetic Algorithm"],"picked":"SKIP","floor":10.0},{"not_picked":["Beam Cell","Cold Snap"],"picked":"Leap","floor":11.0},{"not_picked":["Barrage","Rip and Tear","Scrape"],"picked":"SKIP","floor":12.0},{"not_picked":["Rainbow","Core Surge"],"picked":"Seek","floor":16.0},{"not_picked":["Streamline","Cold Snap+1"],"picked":"Sunder","floor":18.0},{"not_picked":["Glacier","Stack","Barrage+1"],"picked":"SKIP","floor":19.0},{"not_picked":["FTL","Redo"],"picked":"Recycle","floor":20.0},{"not_picked":["Cold Snap","Turbo","Gash"],"picked":"SKIP","floor":21.0}],"player_experience":366295,"relics_obtained":[{"floor":9.0,"key":"Pear"},{"floor":12.0,"key":"The Courier"}],"event_choices":[{"damage_healed":11.0,"max_hp_gain":0.0,"max_hp_loss":0.0,"gold_gain":0.0,"event_name":"Wheel of Change","player_choice":"Full Heal","floor":2.0,"gold_loss":0.0,"damage_taken":0.0},{"damage_healed":0.0,"max_hp_gain":0.0,"max_hp_loss":0.0,"gold_gain":0.0,"cards_transformed":["Strike_B"],"event_name":"Transmorgrifier","player_choice":"Transformed","floor":5.0,"gold_loss":0.0,"damage_taken":0.0,"cards_obtained":["Melter"]}],"is_beta":false,"boss_relics":[{"not_picked":["Philosopher\u0027s Stone","Snecko Eye"],"picked":"Nuclear Battery"}],"items_purged_floors":[13],"is_endless":false,"potions_floor_spawned":[4,10,11,12,16,18,21],"killed_by":"Book of Stabbing","ascension_level":14}}