{"host":"l9fn0pydaze8nubc","time":1609046598,"event":{"mods":["AchievementEnabler","AlwaysNeverKeys","BaseMod","Better Note","Block Reminder","Colored Powertips","DeckTracker","Defuse TimeMaze Blight","Highlight Path","Minty Spire (QoL Compilation)","Permanent Neow","Quick Restart","Relic Sorter","Relic Stats","Slay-I","StSLib","everything is the same but u backflip on backflip"],"gold_per_floor":[114,129,129,144,144,144,15,15,15,30,49,79,79,94,94,194,194,209,209,224,21,21,21,36,66,66,81,6,21,21,36,36,136,136,151,151,151,1,16,16,16,16,41,71,71,121,136,136,136,136,136],"floor_reached":50,"playtime":1090,"items_purged":["Pain"],"score":488,"play_id":"e0a3279b-185f-4359-916a-bfd7a6eb998b","local_time":"20201227182318","daily_mods":["Chimera","Red Cards","Lethality"],"is_ascension_mode":false,"campfire_choices":[{"data":"Whirlwind","floor":6.0,"key":"SMITH"},{"data":"Pummel","floor":8.0,"key":"SMITH"},{"floor":13.0,"key":"REST"},{"floor":15.0,"key":"REST"},{"data":"Heavy Blade","floor":23.0,"key":"SMITH"},{"floor":30,"key":"REST"},{"floor":32,"key":"REST"},{"data":"1","floor":40,"key":"LIFT"},{"data":"2","floor":42,"key":"LIFT"},{"floor":45,"key":"REST"},{"floor":49,"key":"REST"}],"circlet_count":0,"master_deck":["Bash+1","Survivor","Zap","Eruption","Power Through+1","ReachHeaven","Whirlwind+1","Pummel+1","EmptyFist","Cleave","Heavy Blade+1","Pommel Strike","Double Tap","WheelKick","SignatureMove","SandsOfTime","Fiend Fire","Battle Trance+1","Heavy Blade","Thunderclap","Pummel+1","Cleave","Shockwave+1","Study+1","Rage+1","Evaluate+1","Sword Boomerang+1","Worship+1","Reckless Charge","Flex+1","Flex"],"relics":["PureWater","Question Card","Odd Mushroom","Regal Pillow","Pandora\u0027s Box","Lee\u0027s Waffle","WarpedTongs","Dead Branch","Girya","Astrolabe","Damaru","Nunchaku","Pantograph","CaptainsWheel"],"acts_visited":["Exordium","TheCity","TheBeyond"],"potions_floor_usage":[25,29,50,50,50],"damage_taken":[{"damage":0.0,"enemies":"2 Louse","floor":1.0,"turns":1.0},{"damage":0.0,"enemies":"Small Slimes","floor":2.0,"turns":2.0},{"damage":0.0,"enemies":"Cultist","floor":4.0,"turns":2.0},{"damage":0.0,"enemies":"Blue Slaver","floor":10.0,"turns":2.0},{"damage":18.0,"enemies":"The Mushroom Lair","floor":11.0,"turns":3.0},{"damage":21.0,"enemies":"Lagavulin","floor":12.0,"turns":3.0},{"damage":16.0,"enemies":"Red Slaver","floor":14.0,"turns":2.0},{"damage":67.0,"enemies":"Hexaghost","floor":16.0,"turns":7.0},{"damage":26.0,"enemies":"Shell Parasite","floor":18.0,"turns":3.0},{"damage":13.0,"enemies":"2 Thieves","floor":20.0,"turns":2.0},{"damage":33.0,"enemies":"Shelled Parasite and Fungi","floor":24.0,"turns":4.0},{"damage":27,"enemies":"Book of Stabbing","floor":25,"turns":3},{"damage":0,"enemies":"3 Cultists","floor":27,"turns":2},{"damage":0,"enemies":"Snake Plant","floor":29,"turns":2},{"damage":16,"enemies":"Cultist and Chosen","floor":31,"turns":3},{"damage":37,"enemies":"Collector","floor":33,"turns":5},{"damage":15,"enemies":"3 Shapes","floor":35,"turns":1},{"damage":3,"enemies":"Orb Walker","floor":39,"turns":3},{"damage":24,"enemies":"Giant Head","floor":44,"turns":5},{"damage":60,"enemies":"Mind Bloom Boss Battle","floor":46,"turns":3},{"damage":0,"enemies":"Transient","floor":47,"turns":5},{"damage":81,"enemies":"Awakened One","floor":50,"turns":4}],"seed_played":"4726349093531193793","potions_obtained":[{"floor":4.0,"key":"CultistPotion"},{"floor":11.0,"key":"Swift Potion"},{"floor":16.0,"key":"Dexterity Potion"},{"floor":25,"key":"Fire Potion"},{"floor":31,"key":"Strength Potion"}],"is_trial":false,"path_per_floor":["M","M","?","M","?","R","$","R","T","M","?","E","R","M","R","B",null,"M","?","M","$","?","R","M","E","T","M","$","M","R","M","R","B",null,"M","?","?","$","M","R","$","R","T","E","R","?","M","?","R","B"],"character_chosen":"WATCHER","items_purchased":["Pummel","EmptyFist","Lee\u0027s Waffle","Heavy Blade","Damaru"],"campfire_rested":6,"item_purchase_floors":[7,7,21,21,38],"current_hp_per_floor":[72,72,58,58,58,58,58,58,58,58,40,19,55,39,72,5,72,46,46,33,79,79,79,46,19,19,19,19,19,57,41,79,42,79,64,64,64,64,61,61,61,61,61,37,75,19,19,19,57,0,0],"gold":136,"neow_bonus":"","is_daily":true,"chose_seed":false,"campfire_upgraded":3,"win_rate":0.0,"timestamp":1609046598,"path_taken":["M","M","?","M","?","R","$","R","T","?","?","E","R","M","R","BOSS","M","?","?","$","?","R","M","E","T","?","?","M","R","M","R","BOSS","M","?","?","?","M","R","$","R","T","E","R","?","M","?","R","BOSS"],"items_purchased_type":["Card","Card","Relic","Card","Relic"],"build_version":"2020-12-22","purchased_purges":1,"victory":false,"max_hp_per_floor":[72,72,72,72,72,72,72,72,72,72,72,72,72,72,72,72,72,72,72,72,79,79,79,79,79,79,79,79,79,79,79,79,79,79,79,79,79,79,79,79,79,79,79,79,79,79,79,79,79,79,79],"relic_stats":{"Regal Pillow":87,"Lee\u0027s Waffle":46,"Nunchaku":[4],"counters":[22,67],"Dead Branch":[47],"Astrolabe":["Study","Rage","Evaluate"],"Pantograph":26,"Pandora\u0027s Box":["Dark Embrace","Double Tap","WheelKick","SignatureMove","SandsOfTime","Fiend Fire"],"Question Card":18,"obtain_stats":[{"Girya":26,"Regal Pillow":12,"Lee\u0027s Waffle":21,"Dead Branch":25,"Astrolabe":34,"Damaru":38,"Odd Mushroom":11,"Question Card":9,"WarpedTongs":22,"Nunchaku":43,"CaptainsWheel":46,"Pantograph":44,"Pandora\u0027s Box":17,"PureWater":0},{"Girya":12,"Regal Pillow":6,"Lee\u0027s Waffle":10,"Dead Branch":12,"Astrolabe":16,"Damaru":17,"Odd Mushroom":5,"Question Card":3,"WarpedTongs":10,"Nunchaku":18,"CaptainsWheel":20,"Pantograph":19,"Pandora\u0027s Box":8,"PureWater":0},{"Girya":34,"Regal Pillow":13,"Lee\u0027s Waffle":27,"Dead Branch":34,"Astrolabe":46,"Damaru":47,"Odd Mushroom":10,"Question Card":5,"WarpedTongs":27,"Nunchaku":50,"CaptainsWheel":58,"Pantograph":55,"Pandora\u0027s Box":22,"PureWater":0}],"WarpedTongs":[40]},"card_choices":[{"not_picked":["Warcry","Armaments"],"picked":"Power Through","floor":1.0},{"not_picked":["ThirdEye","Study"],"picked":"ReachHeaven","floor":2.0},{"not_picked":["Consecrate","Wild Strike"],"picked":"Whirlwind","floor":4.0},{"not_picked":["Tantrum","Metallicize","BowlingBash"],"picked":"Cleave","floor":10.0},{"not_picked":["CutThroughFate","Flex","Body Slam"],"picked":"Heavy Blade","floor":11.0},{"not_picked":["Protect","Disarm","MasterReality"],"picked":"Metallicize","floor":12.0},{"not_picked":["ClearTheMind","Wireheading","Ghostly Armor"],"picked":"Pommel Strike","floor":14.0},{"not_picked":["Bloodletting","FollowUp+1","Havoc"],"picked":"Battle Trance+1","floor":18.0},{"not_picked":["True Grit","Wild Strike+1","WreathOfFlame"],"picked":"Inflame","floor":20.0},{"not_picked":["Swivel","PathToVictory","Cleave"],"picked":"Thunderclap","floor":24.0},{"not_picked":["Barricade","Evaluate","Seeing Red"],"picked":"Pummel+1","floor":25},{"not_picked":["Sentinel","True Grit","Blood for Blood"],"picked":"Cleave","floor":27},{"not_picked":["Clash+1","EmptyFist","FollowUp"],"picked":"Shockwave+1","floor":29},{"not_picked":["Meditate+1","Perfected Strike","Crescendo","Armaments"],"picked":"SKIP","floor":31},{"not_picked":["SpiritShield","Offering","DeusExMachina"],"picked":"Barricade","floor":33},{"not_picked":["Twin Strike+1","Flex","Brilliance"],"picked":"Sword Boomerang+1","floor":35},{"not_picked":["SandsOfTime+1","SashWhip","Headbutt+1"],"picked":"Worship+1","floor":39},{"not_picked":["Whirlwind","LikeWater+1","CrushJoints+1"],"picked":"Reckless Charge","floor":44},{"not_picked":["Armaments+1","InnerPeace","Heavy Blade+1"],"picked":"Flex+1","floor":46},{"not_picked":["ThirdEye+1","EmptyBody","Hemokinesis+1"],"picked":"Flex","floor":47}],"player_experience":997028,"relics_obtained":[{"floor":9.0,"key":"Question Card"},{"floor":11.0,"key":"Odd Mushroom"},{"floor":12.0,"key":"Regal Pillow"},{"floor":25,"key":"Dead Branch"},{"floor":26,"key":"Girya"},{"floor":43,"key":"Nunchaku"},{"floor":44,"key":"Pantograph"},{"floor":46,"key":"CaptainsWheel"}],"event_choices":[{"damage_healed":0.0,"max_hp_gain":0.0,"max_hp_loss":0.0,"gold_gain":0.0,"event_name":"Shining Light","player_choice":"Entered Light","floor":3.0,"gold_loss":0.0,"damage_taken":14.0,"cards_upgraded":["Power Through","Bash"]},{"damage_healed":0.0,"max_hp_gain":0.0,"max_hp_loss":0.0,"gold_gain":0.0,"event_name":"The Woman in Blue","player_choice":"Bought 0 Potions","floor":5.0,"gold_loss":0.0,"damage_taken":0.0},{"damage_healed":0.0,"max_hp_gain":0.0,"max_hp_loss":0.0,"gold_gain":0.0,"event_name":"Mushrooms","player_choice":"Fought Mushrooms","floor":11.0,"gold_loss":0.0,"damage_taken":0.0},{"damage_healed":0.0,"max_hp_gain":0.0,"max_hp_loss":0.0,"gold_gain":0.0,"cards_transformed":["Dark Embrace"],"event_name":"Transmorgrifier","player_choice":"Transformed","floor":19.0,"gold_loss":0.0,"damage_taken":0.0,"cards_obtained":["Wish"]},{"damage_healed":0.0,"max_hp_gain":0.0,"max_hp_loss":0.0,"gold_gain":0.0,"event_name":"Accursed Blacksmith","player_choice":"Rummage","floor":22.0,"gold_loss":0.0,"damage_taken":0.0,"relics_obtained":["WarpedTongs"],"cards_obtained":["Pain"]},{"cards_removed":["Inflame"],"damage_healed":0,"gold_gain":0,"player_choice":"Removed Power","damage_taken":0,"max_hp_gain":0,"max_hp_loss":0,"event_name":"Falling","floor":36,"gold_loss":0},{"damage_healed":0,"gold_gain":0,"player_choice":"Ignored","damage_taken":0,"max_hp_gain":0,"max_hp_loss":0,"event_name":"Mysterious Sphere","floor":37,"gold_loss":0},{"damage_healed":0,"gold_gain":0,"player_choice":"Fight","damage_taken":0,"max_hp_gain":0,"max_hp_loss":0,"event_name":"MindBloom","floor":46,"gold_loss":0},{"damage_healed":0,"gold_gain":0,"player_choice":"Ignored","damage_taken":0,"max_hp_gain":0,"max_hp_loss":0,"event_name":"SecretPortal","floor":48,"gold_loss":0}],"is_beta":false,"boss_relics":[{"not_picked":["SlaversCollar","Empty Cage"],"picked":"Pandora\u0027s Box"},{"not_picked":["Black Star","Tiny House"],"picked":"Astrolabe"}],"items_purged_floors":[28],"is_endless":false,"potions_floor_spawned":[4,11,16,18,25,31,33,35,39,46],"killed_by":"Awakened One","ascension_level":0}}