{"host":"5bdt6s51dmpd4l3v","time":1609081174,"event":{"mods":["AchievementEnabler","BaseMod","Colored Map","Colored Powertips","Highlight Path","Minty Spire (QoL Compilation)","Quick Restart","Rare Cards Sparkle","StSLib"],"gold_per_floor":[119,119,194,194,55,89,364,404,404,447,460,480,495,516,516,615,615,634,654,654,654,654],"floor_reached":21,"playtime":431,"items_purged":[],"score":461,"play_id":"50331d3f-4ef2-48df-892c-47b9a333dea9","local_time":"20201227225934","is_ascension_mode":true,"campfire_choices":[{"data":"Body Slam","floor":15,"key":"SMITH"}],"circlet_count":0,"master_deck":["AscendersBane","Strike_R","Strike_R","Strike_R","Strike_R","Strike_R","Defend_R","Bash","Inflame+1","Bloodletting","Headbutt","Flex","Regret","Berserk","Spot Weakness","Sword Boomerang","Body Slam+1","Pummel","Warcry","Offering","Wild Strike+1","Rampage+1","Heavy Blade+1","Whirlwind","Bloodletting"],"relics":["Burning Blood","NeowsBlessing","Golden Idol","TungstenRod","Art of War","Meat on the Bone","Peace Pipe","Astrolabe","Enchiridion"],"acts_visited":["Exordium","TheCity"],"potions_floor_usage":[10,10,13,16,21],"damage_taken":[{"damage":0.0,"enemies":"2 Louse","floor":1.0,"turns":1.0},{"damage":0.0,"enemies":"3 Sentries","floor":6.0,"turns":1.0},{"damage":0.0,"enemies":"Gremlin Nob","floor":8.0,"turns":1.0},{"damage":38,"enemies":"Lagavulin","floor":10,"turns":4},{"damage":19,"enemies":"Jaw Worm","floor":11,"turns":4},{"damage":11,"enemies":"Cultist","floor":12,"turns":4},{"damage":0,"enemies":"Lots of Slimes","floor":13,"turns":2},{"damage":11,"enemies":"2 Fungi Beasts","floor":14,"turns":2},{"damage":27,"enemies":"Slime Boss","floor":16,"turns":6},{"damage":30,"enemies":"2 Thieves","floor":18,"turns":3},{"damage":39,"enemies":"Chosen","floor":19,"turns":5},{"damage":32,"enemies":"Centurion and Healer","floor":21,"turns":2}],"seed_played":"5861692995443824261","potions_obtained":[{"floor":1.0,"key":"DuplicationPotion"},{"floor":8.0,"key":"Strength Potion"},{"floor":11,"key":"Explosive Potion"},{"floor":13,"key":"Strength Potion"},{"floor":14,"key":"BloodPotion"}],"is_trial":false,"path_per_floor":["M","?","?","?","$","E","?","E","T","E","M","M","M","M","R","B",null,"M","M","?","M"],"character_chosen":"IRONCLAD","items_purchased":["Bloodletting","Headbutt"],"campfire_rested":0,"item_purchase_floors":[5,5],"current_hp_per_floor":[74,74,63,37,37,43,43,49,49,29,28,35,53,48,48,39,66,54,33,16,0,0],"gold":654,"neow_bonus":"THREE_ENEMY_KILL","is_daily":false,"chose_seed":false,"campfire_upgraded":1,"win_rate":0.0,"timestamp":1609081174,"path_taken":["M","?","?","?","$","E","?","E","T","E","?","M","?","M","R","BOSS","M","M","?","M"],"items_purchased_type":["Card","Card"],"build_version":"2020-12-22","purchased_purges":0,"victory":false,"max_hp_per_floor":[75,75,75,75,75,75,75,75,75,75,75,75,75,75,75,75,75,75,75,75,75,75],"card_choices":[{"not_picked":["Anger","Thunderclap"],"picked":"Inflame","floor":1.0},{"not_picked":["Hemokinesis","Pommel Strike"],"picked":"Flex","floor":6.0},{"not_picked":["Metallicize","Carnage"],"picked":"Berserk","floor":8.0},{"not_picked":["Iron Wave","True Grit"],"picked":"Spot Weakness","floor":10},{"not_picked":["Clothesline","Rupture"],"picked":"Sword Boomerang","floor":11},{"not_picked":["Havoc","Wild Strike"],"picked":"Body Slam","floor":12},{"not_picked":["Corruption","Dropkick"],"picked":"Pummel","floor":13},{"not_picked":["Sword Boomerang","Havoc"],"picked":"Warcry","floor":14},{"not_picked":["Double Tap","Immolate"],"picked":"Offering","floor":16},{"not_picked":["Anger","Havoc"],"picked":"Whirlwind","floor":18},{"not_picked":["Iron Wave","Sword Boomerang"],"picked":"Bloodletting","floor":19}],"player_experience":256490,"relics_obtained":[{"floor":6.0,"key":"TungstenRod"},{"floor":8.0,"key":"Art of War"},{"floor":9.0,"key":"Meat on the Bone"},{"floor":10,"key":"Peace Pipe"},{"floor":20,"key":"Enchiridion"}],"event_choices":[{"damage_healed":0.0,"max_hp_gain":0.0,"max_hp_loss":0.0,"gold_gain":0.0,"event_name":"Living Wall","player_choice":"Grow","floor":2.0,"gold_loss":0.0,"damage_taken":0.0,"cards_upgraded":["Inflame"]},{"damage_healed":0.0,"max_hp_gain":0.0,"max_hp_loss":0.0,"gold_gain":75.0,"event_name":"World of Goop","player_choice":"Gather Gold","floor":3.0,"gold_loss":0.0,"damage_taken":11.0},{"damage_healed":0.0,"max_hp_gain":0.0,"max_hp_loss":0.0,"gold_gain":0.0,"event_name":"Golden Idol","player_choice":"Take Damage","floor":4.0,"gold_loss":0.0,"damage_taken":26.0,"relics_obtained":["Golden Idol"]},{"damage_healed":0.0,"max_hp_gain":0.0,"max_hp_loss":0.0,"gold_gain":275.0,"event_name":"Golden Shrine","player_choice":"Desecrate","floor":7.0,"gold_loss":0.0,"damage_taken":0.0,"cards_obtained":["Regret"]},{"damage_healed":0,"gold_gain":0,"player_choice":"Obtained Book","damage_taken":21,"max_hp_gain":0,"max_hp_loss":0,"event_name":"Cursed Tome","floor":20,"gold_loss":0}],"is_beta":false,"boss_relics":[{"not_picked":["Runic Dome","Empty Cage"],"picked":"Astrolabe"}],"items_purged_floors":[],"is_endless":false,"potions_floor_spawned":[1,8,11,13,14],"killed_by":"Centurion and Healer","ascension_level":17}}