{"host":"s41rn2jhghpwfrvz","time":1609094299,"event":{"mods":["BaseMod","Minty Spire (QoL Compilation)","Quick Restart","Relic Stats","SuperFastMode"],"gold_per_floor":[115,115,40,55,55,55,86,86,86,115,128,28,28,44,44,118,118,137,137,147,157,157,188,188,220,275,275,306,306,317,332,332,406,406,418,418,418,443,459,459,486,486,513,540,540,558,586,188,188,188,188,188,188,25,58,58],"floor_reached":57,"playtime":1804,"items_purged":["Spot Weakness","Anger","Streamline+1"],"score":3208,"play_id":"a0173d4a-9b78-4b63-9685-be485b67db3d","local_time":"20201227203819","daily_mods":["SealedDeck","Diverse","DeadlyEvents"],"is_ascension_mode":true,"campfire_choices":[{"data":"Sweeping Beam","floor":6.0,"key":"SMITH"},{"data":"Terror","floor":8.0,"key":"SMITH"},{"data":"Streamline","floor":13.0,"key":"SMITH"},{"data":"Backflip","floor":15.0,"key":"SMITH"},{"data":"Burning Pact","floor":24,"key":"SMITH"},{"floor":29,"key":"RECALL"},{"data":"Shrug It Off","floor":32,"key":"SMITH"},{"data":"Madness","floor":40,"key":"SMITH"},{"data":"Madness","floor":42,"key":"SMITH"},{"data":"Gash","floor":45,"key":"SMITH"},{"data":"PiercingWail","floor":49,"key":"SMITH"},{"data":"Whirlwind","floor":53,"key":"SMITH"}],"circlet_count":0,"master_deck":["AscendersBane","Terror+1","Whirlwind+1","Sweeping Beam+1","Gash+1","Hologram","Shrug It Off+1","PiercingWail+1","Backflip+1","Burning Pact+1","Madness+1","Madness+1"],"relics":["Burning Blood","Du-Vu Doll","Oddly Smooth Stone","Tiny Chest","Kunai","Coffee Dripper","Eternal Feather","Potion Belt","Lantern","Ancient Tea Set","SacredBark","White Beast Statue","Gambling Chip","Vajra","Pen Nib","Meat on the Bone","Turnip","Sundial","TheAbacus","StrikeDummy"],"acts_visited":["Exordium","TheCity","TheBeyond","TheEnding"],"potions_floor_usage":[51,56,56,56,56],"damage_taken":[{"damage":6.0,"enemies":"Cultist","floor":1.0,"turns":3.0},{"damage":7.0,"enemies":"Jaw Worm","floor":4.0,"turns":3.0},{"damage":22.0,"enemies":"3 Sentries","floor":7.0,"turns":5.0},{"damage":11.0,"enemies":"Lagavulin","floor":10.0,"turns":4.0},{"damage":0.0,"enemies":"2 Louse","floor":11.0,"turns":2.0},{"damage":0.0,"enemies":"Looter","floor":14.0,"turns":2.0},{"damage":22,"enemies":"Slime Boss","floor":16,"turns":6},{"damage":2,"enemies":"2 Thieves","floor":18,"turns":2},{"damage":2,"enemies":"Shell Parasite","floor":20,"turns":3},{"damage":0,"enemies":"Centurion and Healer","floor":21,"turns":3},{"damage":10,"enemies":"Gremlin Leader","floor":23,"turns":4},{"damage":65,"enemies":"Slavers","floor":25,"turns":5},{"damage":6,"enemies":"Gremlin Leader","floor":28,"turns":4},{"damage":5,"enemies":"Snecko","floor":30,"turns":4},{"damage":11,"enemies":"Snake Plant","floor":31,"turns":3},{"damage":0,"enemies":"Champ","floor":33,"turns":5},{"damage":8,"enemies":"3 Darklings","floor":35,"turns":4},{"damage":0,"enemies":"Mind Bloom Boss Battle","floor":38,"turns":3},{"damage":0,"enemies":"Orb Walker","floor":39,"turns":2},{"damage":53,"enemies":"Nemesis","floor":41,"turns":5},{"damage":0,"enemies":"Giant Head","floor":44,"turns":2},{"damage":0,"enemies":"Jaw Worm Horde","floor":46,"turns":2},{"damage":0,"enemies":"Reptomancer","floor":47,"turns":1},{"damage":0,"enemies":"Time Eater","floor":50,"turns":4},{"damage":3,"enemies":"Donu and Deca","floor":51,"turns":2},{"damage":12,"enemies":"Shield and Spear","floor":55,"turns":2},{"damage":53,"enemies":"The Heart","floor":56,"turns":5}],"seed_played":"8453634670626432784","potions_obtained":[{"floor":1.0,"key":"PowerPotion"},{"floor":4.0,"key":"Fruit Juice"},{"floor":10.0,"key":"SkillPotion"},{"floor":31,"key":"Strength Potion"},{"floor":35,"key":"AttackPotion"},{"floor":39,"key":"SpeedPotion"},{"floor":41,"key":"SteroidPotion"},{"floor":47,"key":"Swift Potion"},{"floor":55,"key":"PowerPotion"}],"is_trial":true,"path_per_floor":["M","?","$","M","T","R","E","R","T","E","M","$","R","M","R","B",null,"M","$","M","M","T","E","R","E","T","?","E","R","M","M","R","B",null,"M","?","T","?","M","R","E","R","T","E","R","M","E","$","R","B","B",null,"R","$","E","B",null],"character_chosen":"IRONCLAD","items_purchased":["Sundial","TheAbacus"],"campfire_rested":0,"item_purchase_floors":[48,54],"current_hp_per_floor":[68,75,75,74,74,74,58,58,58,58,64,64,64,70,70,54,74,78,78,80,80,80,76,80,21,21,21,21,27,28,23,29,35,69,67,53,53,59,65,71,24,30,30,36,42,48,54,54,60,66,69,77,80,80,74,39],"gold":58,"neow_bonus":"","is_daily":false,"chose_seed":false,"campfire_upgraded":11,"win_rate":0.0,"timestamp":1609094299,"path_taken":["M","?","$","?","?","R","E","R","T","?","M","?","R","?","R","BOSS","M","$","M","M","?","E","R","E","T","?","E","R","?","M","R","BOSS","M","?","?","?","?","R","E","R","T","E","R","?","E","$","R","BOSS","BOSS","R","$","E","BOSS"],"items_purchased_type":["Relic","Relic"],"build_version":"2020-12-22","purchased_purges":3,"victory":true,"max_hp_per_floor":[75,75,75,75,75,75,75,75,75,80,80,80,80,80,80,80,80,80,80,80,80,80,80,80,80,80,80,80,80,80,80,80,80,80,80,80,80,80,80,80,80,80,80,80,80,80,80,80,80,80,80,80,80,80,80,80],"relic_stats":{"TheAbacus":[390],"counters":[27,90],"Sundial":[72],"Gambling Chip":[5],"Tiny Chest":2,"Eternal Feather":43,"Pen Nib":[11],"Turnip":[2],"Kunai":[76],"obtain_stats":[{"Potion Belt":25,"Lantern":26,"SacredBark":34,"Oddly Smooth Stone":7,"Vajra":41,"Eternal Feather":23,"Pen Nib":43,"Ancient Tea Set":28,"Burning Blood":0,"White Beast Statue":37,"Du-Vu Doll":5,"TheAbacus":54,"Sundial":48,"Gambling Chip":38,"Tiny Chest":9,"Turnip":47,"Coffee Dripper":17,"Kunai":10,"StrikeDummy":55,"Meat on the Bone":44},{"Potion Belt":12,"Lantern":12,"SacredBark":16,"Oddly Smooth Stone":3,"Vajra":20,"Eternal Feather":11,"Pen Nib":20,"Ancient Tea Set":13,"Burning Blood":0,"White Beast Statue":17,"Du-Vu Doll":2,"TheAbacus":25,"Sundial":23,"Gambling Chip":18,"Tiny Chest":3,"Turnip":23,"Coffee Dripper":7,"Kunai":4,"StrikeDummy":26,"Meat on the Bone":21},{"Potion Belt":42,"Lantern":42,"SacredBark":58,"Oddly Smooth Stone":11,"Vajra":72,"Eternal Feather":37,"Pen Nib":72,"Ancient Tea Set":46,"Burning Blood":0,"White Beast Statue":62,"Du-Vu Doll":6,"TheAbacus":83,"Sundial":77,"Gambling Chip":65,"Tiny Chest":11,"Turnip":77,"Coffee Dripper":25,"Kunai":15,"StrikeDummy":85,"Meat on the Bone":74}],"Burning Blood":154,"Meat on the Bone":12},"card_choices":[{"not_picked":["True Grit","Sweeping Beam","Dodge and Roll"],"picked":"SKIP","floor":1.0},{"not_picked":["Consume","Rip and Tear","Calculated Gamble"],"picked":"SKIP","floor":4.0},{"not_picked":["Coolheaded","FTL"],"picked":"Backflip","floor":7.0},{"not_picked":["Hemokinesis","Dagger Spray","Omniscience"],"picked":"SKIP","floor":10.0},{"not_picked":["Second Wind","Leap","Reckless Charge"],"picked":"SKIP","floor":11.0},{"not_picked":["Cloak And Dagger","Swivel","Iron Wave"],"picked":"SKIP","floor":14.0},{"not_picked":["Sweeping Beam","Recycle"],"picked":"Burning Pact","floor":18},{"not_picked":["Entrench","Dropkick","Clash+1"],"picked":"SKIP","floor":20},{"not_picked":["Backstab","Armaments","Crippling Poison"],"picked":"SKIP","floor":21},{"not_picked":["PiercingWail","Second Wind+1","Reflex"],"picked":"SKIP","floor":23},{"not_picked":["Turbo","Reaper","SashWhip"],"picked":"SKIP","floor":25},{"not_picked":["Bane","FTL","Protect"],"picked":"SKIP","floor":28},{"not_picked":["FollowUp","Intimidate","BowlingBash+1"],"picked":"SKIP","floor":30},{"not_picked":["BootSequence","Redo","Protect"],"picked":"SKIP","floor":31},{"not_picked":["Pommel Strike","PiercingWail","Combust"],"picked":"SKIP","floor":35},{"not_picked":["Force Field+1","Rebound","Shrug It Off"],"picked":"SKIP","floor":39},{"not_picked":["Ghostly Armor+1","Reaper","Intimidate"],"picked":"SKIP","floor":41},{"not_picked":["DeceiveReality","Doom and Gloom","FlyingSleeves"],"picked":"SKIP","floor":44},{"not_picked":["Sword Boomerang","Coolheaded","Dagger Spray"],"picked":"SKIP","floor":46},{"not_picked":["True Grit+1","Dual Wield","CrushJoints"],"picked":"SKIP","floor":47},{"not_picked":["FlurryOfBlows","FTL+1","Bullet Time"],"picked":"SKIP","floor":55}],"player_experience":1609828,"relics_obtained":[{"floor":5.0,"key":"Du-Vu Doll"},{"floor":7.0,"key":"Oddly Smooth Stone"},{"floor":9.0,"key":"Tiny Chest"},{"floor":10.0,"key":"Kunai"},{"floor":23,"key":"Eternal Feather"},{"floor":25,"key":"Potion Belt"},{"floor":26,"key":"Lantern"},{"floor":28,"key":"Ancient Tea Set"},{"floor":37,"key":"White Beast Statue"},{"floor":38,"key":"Gambling Chip"},{"floor":41,"key":"Vajra"},{"floor":43,"key":"Pen Nib"},{"floor":44,"key":"Meat on the Bone"},{"floor":47,"key":"Turnip"},{"floor":55,"key":"StrikeDummy"}],"event_choices":[{"damage_healed":7.0,"max_hp_gain":0.0,"max_hp_loss":0.0,"gold_gain":0.0,"event_name":"Wheel of Change","player_choice":"Full Heal","floor":2.0,"gold_loss":0.0,"damage_taken":0.0},{"damage_healed":0,"gold_gain":0,"player_choice":"Ignored","damage_taken":0,"max_hp_gain":0,"max_hp_loss":0,"event_name":"Ghosts","floor":27,"gold_loss":0},{"damage_healed":0,"gold_gain":0,"player_choice":"Embrace Madness","damage_taken":14,"max_hp_gain":0,"max_hp_loss":0,"event_name":"Winding Halls","floor":36,"gold_loss":0,"cards_obtained":["Madness","Madness"]},{"damage_healed":0,"gold_gain":0,"player_choice":"Fight","damage_taken":0,"max_hp_gain":0,"max_hp_loss":0,"event_name":"MindBloom","floor":38,"gold_loss":0}],"is_beta":false,"boss_relics":[{"not_picked":["Mark of Pain","Empty Cage"],"picked":"Coffee Dripper"},{"not_picked":["Snecko Eye","Cursed Key"],"picked":"SacredBark"}],"items_purged_floors":[3,12,48],"is_endless":false,"potions_floor_spawned":[1,4,10,18,21,31,35,38,39,41,44,46,47,55],"ascension_level":20}}