{"host":"l12hrjjiowxu1z6t","time":1609030974,"event":{"mods":["BaseMod","Colored Powertips","Highlight Path","Minty Spire (QoL Compilation)","Quick Restart","SuperFastMode"],"gold_per_floor":[109,109,109,82,32,57,32,43,43,43,43,78,97,112,112,236,236,252,25,25,44,44,44,75,75,147,168,22,22,40,53,53,53,53],"floor_reached":33,"playtime":1057,"items_purged":["Defend_G"],"score":368,"play_id":"972b48b0-e124-46fb-b58c-3dd1d70df43e","local_time":"20201226200254","is_ascension_mode":true,"campfire_choices":[{"data":"Poisoned Stab","floor":11,"key":"SMITH"},{"floor":15,"key":"REST"},{"data":"After Image","floor":23,"key":"SMITH"},{"data":"After Image","floor":25,"key":"SMITH"},{"data":"Adrenaline","floor":32,"key":"SMITH"}],"circlet_count":0,"master_deck":["Strike_G","Strike_G","Strike_G","Strike_G","Defend_G","Defend_G","Survivor","Neutralize","Deadly Poison+1","Poisoned Stab","Prepared","Poisoned Stab+1","Bane","After Image+1","Die Die Die","After Image+1","Acrobatics","Backstab","Deadly Poison","PiercingWail+1","Escape Plan+1","Shame","Escape Plan+1","Adrenaline+1"],"relics":["Ring of the Snake","NeowsBlessing","Eternal Feather","Bottled Lightning","Golden Idol","Art of War","HoveringKite","DollysMirror","Tiny Chest","White Beast Statue","Lantern","Mango"],"acts_visited":["TheCity"],"potions_floor_usage":[16,24,24,24,27,30,31,33],"damage_taken":[{"damage":0,"enemies":"Small Slimes","floor":1,"turns":1},{"damage":0,"enemies":"Gremlin Nob","floor":6,"turns":1},{"damage":0,"enemies":"Jaw Worm","floor":8,"turns":1},{"damage":21,"enemies":"Lagavulin","floor":12,"turns":6},{"damage":0,"enemies":"Cultist","floor":13,"turns":2},{"damage":6,"enemies":"Blue Slaver","floor":14,"turns":2},{"damage":28,"enemies":"Slime Boss","floor":16,"turns":11},{"damage":16,"enemies":"Chosen","floor":18,"turns":5},{"damage":9,"enemies":"3 Byrds","floor":21,"turns":7},{"damage":24,"enemies":"Book of Stabbing","floor":24,"turns":4},{"damage":6,"enemies":"Centurion and Healer","floor":27,"turns":7},{"damage":21,"enemies":"Snecko","floor":30,"turns":5},{"damage":12,"enemies":"3 Cultists","floor":31,"turns":5},{"damage":60,"enemies":"Collector","floor":33,"turns":6}],"seed_played":"1170845549255644669","potions_obtained":[{"floor":6,"key":"CultistPotion"},{"floor":12,"key":"Energy Potion"},{"floor":13,"key":"SmokeBomb"},{"floor":14,"key":"Fire Potion"},{"floor":21,"key":"CunningPotion"},{"floor":24,"key":"SkillPotion"},{"floor":27,"key":"LiquidMemories"},{"floor":30,"key":"SkillPotion"},{"floor":31,"key":"Strength Potion"}],"is_trial":false,"path_per_floor":["M","?","?","$","?","E","$","M","T","?","R","E","M","M","R","B",null,"M","$","?","M","?","R","E","R","T","M","$","?","M","M","R","B"],"character_chosen":"THE_SILENT","items_purchased":["Poisoned Stab","Poisoned Stab","DollysMirror","Lantern"],"campfire_rested":1,"item_purchase_floors":[4,7,19,28],"current_hp_per_floor":[70,70,75,75,75,75,75,75,75,57,66,45,45,39,70,42,75,59,59,75,66,66,75,51,63,63,57,57,71,50,38,50,0,0],"gold":53,"neow_bonus":"THREE_ENEMY_KILL","is_daily":false,"chose_seed":false,"campfire_upgraded":4,"win_rate":0.0,"timestamp":1609030974,"path_taken":["M","?","?","$","?","E","$","M","T","?","R","E","M","M","R","BOSS","M","$","?","?","?","R","E","R","T","M","?","?","M","M","R","BOSS"],"items_purchased_type":["Card","Card","Relic","Relic"],"build_version":"2020-12-22","purchased_purges":1,"victory":false,"max_hp_per_floor":[70,70,75,75,75,75,75,75,75,75,75,75,75,75,75,75,75,75,75,75,75,75,75,75,75,75,75,75,89,89,89,89,89,89],"card_choices":[{"not_picked":["Blade Dance","Sucker Punch"],"picked":"Deadly Poison","floor":1},{"not_picked":["Eviscerate","Tactician"],"picked":"Prepared","floor":6},{"not_picked":["Crippling Poison","Flying Knee","Deflect"],"picked":"SKIP","floor":8},{"not_picked":["Well Laid Plans","Eviscerate"],"picked":"Bane","floor":12},{"not_picked":["Prepared","Predator"],"picked":"After Image","floor":13},{"not_picked":["Backflip","Sucker Punch","Underhanded Strike"],"picked":"SKIP","floor":14},{"not_picked":["Bullet Time","Storm of Steel"],"picked":"Die Die Die","floor":16},{"not_picked":["Flying Knee+1","Setup","Choke"],"picked":"SKIP","floor":18},{"not_picked":["Infinite Blades+1","Flechettes"],"picked":"Acrobatics","floor":21},{"not_picked":["Setup","Cloak And Dagger+1"],"picked":"PiercingWail+1","floor":24},{"not_picked":["Dodge and Roll+1","Cloak And Dagger"],"picked":"Escape Plan+1","floor":27},{"not_picked":["Poisoned Stab","Dodge and Roll+1"],"picked":"Escape Plan+1","floor":30},{"not_picked":["Terror","Poisoned Stab"],"picked":"Adrenaline","floor":31}],"player_experience":144924,"relics_obtained":[{"floor":6,"key":"Eternal Feather"},{"floor":9,"key":"Bottled Lightning"},{"floor":12,"key":"Art of War"},{"floor":24,"key":"Tiny Chest"},{"floor":26,"key":"White Beast Statue"}],"event_choices":[{"damage_healed":0,"gold_gain":0,"player_choice":"Grow","damage_taken":0,"max_hp_gain":0,"max_hp_loss":0,"event_name":"Living Wall","floor":2,"gold_loss":0,"cards_upgraded":["Deadly Poison"]},{"damage_healed":0,"gold_gain":0,"player_choice":"Donut","damage_taken":0,"max_hp_gain":5,"max_hp_loss":0,"event_name":"Big Fish","floor":3,"gold_loss":0},{"cards_removed":["Strike_G"],"damage_healed":0,"gold_gain":0,"player_choice":"Card Removal","damage_taken":0,"max_hp_gain":0,"max_hp_loss":0,"event_name":"The Cleric","floor":5,"gold_loss":50},{"damage_healed":0,"gold_gain":0,"player_choice":"Take Damage","damage_taken":18,"relics_obtained":["Golden Idol"],"max_hp_gain":0,"max_hp_loss":0,"event_name":"Golden Idol","floor":10,"gold_loss":0},{"damage_healed":16,"gold_gain":0,"player_choice":"Full Heal","damage_taken":0,"max_hp_gain":0,"max_hp_loss":0,"event_name":"Wheel of Change","floor":20,"gold_loss":0},{"damage_healed":0,"gold_gain":0,"cards_transformed":["Defend_G","Defend_G"],"player_choice":"Became Test Subject","damage_taken":0,"max_hp_gain":0,"max_hp_loss":0,"event_name":"Drug Dealer","floor":22,"gold_loss":0,"cards_obtained":["Backstab","Deadly Poison"]},{"damage_healed":0,"gold_gain":0,"player_choice":"Stole Relic","damage_taken":0,"relics_obtained":["Mango"],"max_hp_gain":0,"max_hp_loss":0,"event_name":"Addict","floor":29,"gold_loss":0,"cards_obtained":["Shame"]}],"is_beta":false,"boss_relics":[{"not_picked":["Runic Pyramid","Snecko Eye"],"picked":"HoveringKite"}],"items_purged_floors":[19],"is_endless":false,"potions_floor_spawned":[6,12,13,14,21,24,27,30,31],"killed_by":"Collector","ascension_level":3}}