{"host":"9l2xd2qbyxfqdc97","time":1609084143,"event":{"mods":["BaseMod","Colored Map","Highlight Path","Minty Spire (QoL Compilation)","Quick Restart"],"gold_per_floor":[116,13,88,102,120,120,131,151,151,76,76,76,101,116,116,216,216,230,230,230],"floor_reached":19,"playtime":728,"items_purged":["Strike_B"],"score":194,"play_id":"ccc173b3-1566-43f2-9ab3-8711baf1a50f","local_time":"20201228004903","is_ascension_mode":true,"campfire_choices":[{"data":"Zap","floor":6,"key":"SMITH"},{"data":"Dualcast","floor":12,"key":"SMITH"},{"floor":15,"key":"REST"}],"circlet_count":0,"master_deck":["Strike_B","Strike_B+1","Defend_B","Defend_B","Defend_B","Zap+1","Dualcast+1","Gash","Go for the Eyes","Skim","Self Repair+1","Machine Learning","Hologram"],"relics":["Cracked Core","NeowsBlessing","Shovel","Meat on the Bone","Empty Cage"],"acts_visited":["Exordium","TheCity"],"potions_floor_usage":[13,13,16,19],"damage_taken":[{"damage":0,"enemies":"Small Slimes","floor":1,"turns":1},{"damage":0,"enemies":"2 Louse","floor":4,"turns":1},{"damage":0,"enemies":"Jaw Worm","floor":5,"turns":1},{"damage":4,"enemies":"Blue Slaver","floor":7,"turns":4},{"damage":26,"enemies":"Large Slime","floor":8,"turns":4},{"damage":22,"enemies":"Gremlin Nob","floor":13,"turns":4},{"damage":5,"enemies":"Red Slaver","floor":14,"turns":4},{"damage":36,"enemies":"The Guardian","floor":16,"turns":12},{"damage":29,"enemies":"3 Byrds","floor":18,"turns":6},{"damage":65,"enemies":"Masked Bandits","floor":19,"turns":3}],"seed_played":"-3200387884042082923","potions_obtained":[{"floor":1,"key":"AttackPotion"},{"floor":4,"key":"ColorlessPotion"},{"floor":8,"key":"EssenceOfDarkness"},{"floor":14,"key":"Block Potion"},{"floor":18,"key":"Strength Potion"}],"is_trial":false,"path_per_floor":["M","$","?","M","M","R","M","M","T","$","?","R","E","M","R","B",null,"M","?"],"character_chosen":"DEFECT","items_purchased":["Gash","Go for the Eyes"],"campfire_rested":1,"item_purchase_floors":[2,2],"current_hp_per_floor":[75,75,64,64,64,64,60,41,41,41,26,26,14,21,43,29,75,56,0,0],"gold":230,"neow_bonus":"THREE_ENEMY_KILL","is_daily":false,"chose_seed":false,"campfire_upgraded":2,"win_rate":0.0,"timestamp":1609084143,"path_taken":["M","$","?","M","M","R","M","M","T","$","?","R","E","M","R","BOSS","M","?"],"items_purchased_type":["Card","Card"],"build_version":"2020-12-22","purchased_purges":1,"victory":false,"max_hp_per_floor":[75,75,75,75,75,75,75,75,75,75,75,75,75,75,75,75,75,75,75,75],"card_choices":[{"not_picked":["Rip and Tear","Leap","Streamline"],"picked":"SKIP","floor":1},{"not_picked":["Rip and Tear","Leap","Streamline"],"picked":"SKIP","floor":1},{"not_picked":["Loop","Melter"],"picked":"Skim","floor":4},{"not_picked":["Sweeping Beam","Ball Lightning","Loop"],"picked":"SKIP","floor":5},{"not_picked":["Skim","Steam Power"],"picked":"Self Repair","floor":7},{"not_picked":["Aggregate","Go for the Eyes","Sweeping Beam"],"picked":"SKIP","floor":8},{"not_picked":["Static Discharge","Go for the Eyes","BootSequence"],"picked":"SKIP","floor":13},{"not_picked":["Leap","Sweeping Beam","Recycle"],"picked":"SKIP","floor":14},{"not_picked":["Thunder Strike","Amplify"],"picked":"Machine Learning","floor":16},{"not_picked":["Go for the Eyes","Double Energy"],"picked":"Hologram","floor":18}],"player_experience":187536,"relics_obtained":[{"floor":9,"key":"Shovel"},{"floor":13,"key":"Meat on the Bone"}],"event_choices":[{"damage_healed":0,"gold_gain":75,"player_choice":"Gather Gold","damage_taken":11,"max_hp_gain":0,"max_hp_loss":0,"event_name":"World of Goop","floor":3,"gold_loss":0},{"damage_healed":0,"gold_gain":0,"player_choice":"Entered Light","damage_taken":15,"max_hp_gain":0,"max_hp_loss":0,"event_name":"Shining Light","floor":11,"gold_loss":0,"cards_upgraded":["Self Repair","Strike_B"]},{"damage_healed":0,"gold_gain":0,"player_choice":"Fought Bandits","damage_taken":0,"max_hp_gain":0,"max_hp_loss":0,"event_name":"Masked Bandits","floor":19,"gold_loss":0}],"is_beta":false,"boss_relics":[{"not_picked":["FrozenCore","Black Star"],"picked":"Empty Cage"}],"items_purged_floors":[10],"is_endless":false,"potions_floor_spawned":[1,4,8,14,18],"killed_by":"Masked Bandits","ascension_level":3}}