{"host":"d6ni0fvdmr494qs7","time":1609059473,"event":{"mods":["ATMod(阿瑾Mod)","BaseMod","Colored Powertips","GungeonMod","Hunter 猎人","KomeijiMod","Marked Mod","Minty Spire (QoL Compilation)","Replay The Spire","Spicy Shops","StSLib","The Blue Laboratory","WarShipGirlsR/战舰少女R mod","【遗物卡牌】REMEMod"],"gold_per_floor":[109,109,129,129,54,54,81,94,167,44,44,44,59,92,92,108,108,212,212,212,212],"floor_reached":20,"playtime":1664,"items_purged":["Strike_Komeiji"],"score":207,"play_id":"0b6ba415-877b-4e43-8b23-a274abf9f5a5","local_time":"20201227165753","is_ascension_mode":false,"campfire_choices":[{"data":"NingyouKasou+1","floor":6.0,"key":"SWEEP"},{"floor":17.0,"key":"REST"}],"circlet_count":0,"master_deck":["Strike_Komeiji","Strike_Komeiji","Strike_Komeiji","Defend_Komeiji","Defend_Komeiji","Defend_Komeiji","Defend_Komeiji","Dash_Komeiji","REME_BuildACard","NingyouKasou+1","IceTornado","KeiseiJin+1","NingyouFukuhei+1","TenguNoTaiko","NingyouYunhei+1","HelanNingyou"],"relics":["KomeijisEye","SpellCardsRule","MusicBox","REME_ComplimentaryCards","AT_ATBox","NeowsBlessing","DemoMod:Metronome","CrystalOfMemory","Pantograph","GoodDreamPillow","REME_LimitBreaker","Replay:Bronze Core"],"acts_visited":["Exordium","TheCity"],"potions_floor_usage":[],"damage_taken":[{"damage":0.0,"enemies":"2 Louse","floor":1.0,"turns":2.0},{"damage":0.0,"enemies":"Cultist","floor":3.0,"turns":1.0},{"damage":0.0,"enemies":"Replay:BlueRogue","floor":7.0,"turns":1.0},{"damage":0.0,"enemies":"Small Slimes","floor":8.0,"turns":6.0},{"damage":4.0,"enemies":"2 Fungi Beasts","floor":13.0,"turns":8.0},{"damage":19.0,"enemies":"3 Sentries","floor":14.0,"turns":20.0},{"damage":0.0,"enemies":"3 Louse","floor":16.0,"turns":3.0},{"damage":22.0,"enemies":"Slime Boss","floor":18.0,"turns":18.0},{"damage":0.0,"enemies":"Spheric Guardian","floor":20.0,"turns":9.0}],"seed_played":"-7030504609221639967","potions_obtained":[{"floor":1.0,"key":"blueLaboratory:HorrorPotion"},{"floor":4.0,"key":"EssenceOfSteel"},{"floor":4.0,"key":"BlessingOfTheForge"},{"floor":18.0,"key":"Languid Potion"}],"is_trial":false,"path_per_floor":["M","?","M","?","$","R","E","M","T","?","PTL","PTL","M","E","?","M","R","B",null,"M"],"character_chosen":"KomeijiSatori","items_purchased":[],"campfire_rested":1,"item_purchase_floors":[],"current_hp_per_floor":[50,17,17,17,17,22,22,22,22,22,22,22,18,8,8,8,23,30,50,50,50],"gold":212,"neow_bonus":"THREE_ENEMY_KILL","is_daily":false,"chose_seed":false,"campfire_upgraded":0,"win_rate":0.0,"timestamp":1609059473,"path_taken":["M","?","M","?","$","R","E","?","T","?","PTL","PTL","M","E","?","M","R","BOSS","M"],"items_purchased_type":[],"build_version":"2020-12-22","purchased_purges":1,"victory":false,"max_hp_per_floor":[50,50,50,50,50,50,50,50,50,50,50,50,50,50,50,50,50,50,50,50,50],"card_choices":[{"not_picked":["HagoromoMizu","ShyakuBuku"],"picked":"NingyouMusou+1","floor":1.0},{"not_picked":["MusuNoYume","ShyakuBuku","MissingPower"],"picked":"SKIP","floor":3.0},{"not_picked":["NingyouShinki+1","DemonLordCradle"],"picked":"IceTornado","floor":7.0},{"not_picked":["ShyakuBuku","MissingPower","SuitokuNoKyoryu"],"picked":"KeiseiJin+1","floor":8.0},{"not_picked":["GasuOrimono","KinbakuJin+1","MusuNoYume"],"picked":"NingyouFukuhei+1","floor":13.0},{"not_picked":["LunaDial","NingyouShinki+1","OoedoNingyou+1"],"picked":"TenguNoTaiko","floor":14.0},{"not_picked":["NingyouChiyari+1","EnMu+1","Melting"],"picked":"NingyouYunhei+1","floor":16.0},{"not_picked":["LunaDial","JigokuNoTaiyou","IceTornado"],"picked":"HelanNingyou","floor":18.0}],"player_experience":177756,"relics_obtained":[{"floor":7.0,"key":"CrystalOfMemory"},{"floor":9.0,"key":"Pantograph"},{"floor":14.0,"key":"REME_LimitBreaker"}],"event_choices":[{"damage_healed":0.0,"max_hp_gain":0.0,"max_hp_loss":0.0,"gold_gain":0.0,"event_name":"Scrap Ooze","player_choice":"Success","floor":2.0,"gold_loss":0.0,"damage_taken":33.0,"relics_obtained":["DemoMod:Metronome"]},{"damage_healed":0.0,"max_hp_gain":0.0,"max_hp_loss":0.0,"gold_gain":0.0,"event_name":"Lab","player_choice":"Got Potions","floor":4.0,"gold_loss":0.0,"damage_taken":0.0}],"is_beta":false,"boss_relics":[{"not_picked":["SacredBark","ReplayTheSpireMod:DimensionalGlitch"],"picked":"Replay:Bronze Core"}],"items_purged_floors":[5],"is_endless":false,"potions_floor_spawned":[1,7,8,18],"killed_by":"Spheric Guardian","ascension_level":0}}