{"host":"ygfasg9u7olr7skw","time":1609030168,"event":{"mods":["AchievementEnabler","BaseMod","Better Note","Better Vampires","Colored Powertips","Minty Spire (QoL Compilation)","Replay The Spire","Spicy Shops","StSLib","The IronCluck"],"gold_per_floor":[114,114,131,148,160,160,190,265,265,320,61,61,90,100,100,100,100,201,201,221,232,242,260,109,140,140,174,250,250,270,270,270,270],"floor_reached":32,"playtime":4833,"items_purged":["Strike_B","Strike_B"],"score":344,"play_id":"2295f771-5f3d-4005-908c-46faa550967b","local_time":"20201226194928","is_ascension_mode":true,"campfire_choices":[{"floor":6,"key":"REST"},{"floor":17,"key":"REST"},{"floor":31,"key":"REST"}],"circlet_count":0,"master_deck":["Defend_B","Zap","Dualcast","Buffer","Beam Cell","Scrape","Go for the Eyes","Beam Cell+1","Sweeping Beam","Undo","Seek","FTL+1","Beam Cell+1","Genetic Algorithm+1","CurseOfTheBell","Beam Cell","Double Energy","Gash","Beam Cell"],"relics":["Cracked Core","DataDisk","InkBottle","Replay:Bottled Snecko","Replay:Towering Pillar of Hats","Replay:Grab Bag","Philosopher\u0027s Stone","Painkiller Herb","Astrolabe","Calling Bell","Happy Flower","Question Card","Mango","Replay:Antivirus Software","Chameleon Ring","Bag of Marbles","Mummified Hand","Symbiotic Virus"],"acts_visited":["Exordium","TheCity"],"potions_floor_usage":[13,14,18,18,25,27],"damage_taken":[{"damage":0,"enemies":"2 Louse","floor":1,"turns":4},{"damage":0,"enemies":"Cultist","floor":3,"turns":3},{"damage":0,"enemies":"Jaw Worm","floor":4,"turns":4},{"damage":27,"enemies":"Exordium Wildlife","floor":5,"turns":5},{"damage":28,"enemies":"Gremlin Nob","floor":7,"turns":5},{"damage":8,"enemies":"Lagavulin","floor":13,"turns":5},{"damage":0,"enemies":"Exordium Thugs","floor":14,"turns":3},{"damage":14,"enemies":"Hexaghost","floor":18,"turns":12},{"damage":7,"enemies":"3 Byrds","floor":20,"turns":3},{"damage":6,"enemies":"Chosen","floor":21,"turns":3},{"damage":13,"enemies":"Centurion and Healer","floor":22,"turns":5},{"damage":0,"enemies":"Snake Plant","floor":23,"turns":4},{"damage":35,"enemies":"Gremlin Leader","floor":25,"turns":8},{"damage":9,"enemies":"Book of Stabbing","floor":27,"turns":4},{"damage":14,"enemies":"Chosen and Byrds","floor":30,"turns":4},{"damage":41,"enemies":"Shelled Parasite and Fungi","floor":32,"turns":3}],"seed_played":"7689330051557970828","potions_obtained":[{"floor":2,"key":"Fire Potion"},{"floor":2,"key":"FocusPotion"},{"floor":2,"key":"EssenceOfSteel"},{"floor":3,"key":"Explosive Potion"},{"floor":13,"key":"Fire Potion"},{"floor":18,"key":"Dexterity Potion"},{"floor":20,"key":"FearPotion"},{"floor":23,"key":"AttackPotion"},{"floor":25,"key":"Swift Potion"}],"is_trial":false,"path_per_floor":["M","?","M","M","M","R","E","?","T","?","$","?","E","M","PTL","PTL","R","B",null,"?","?","?","?","T","E","?","E","T","T","?","T","?"],"character_chosen":"DEFECT","items_purchased":["Beam Cell+1","Sweeping Beam","Replay:Antivirus Software"],"campfire_rested":3,"item_purchase_floors":[11,11,24],"current_hp_per_floor":[75,75,75,75,48,70,42,31,31,31,31,31,23,23,23,23,45,31,89,82,76,63,63,63,28,28,19,19,19,5,31,0,0],"gold":270,"neow_bonus":"TRANSFORM_CARD","is_daily":false,"chose_seed":false,"campfire_upgraded":0,"win_rate":0.0,"timestamp":1609030168,"path_taken":["M","?","?","?","M","R","E","?","T","?","$","?","E","M","PTL","PTL","R","BOSS","?","?","?","?","T","E","?","E","T","?","?","T","?"],"items_purchased_type":["Card","Card","Relic"],"build_version":"2020-12-22","purchased_purges":2,"victory":false,"max_hp_per_floor":[75,75,75,75,75,75,75,75,75,75,75,75,75,75,75,75,75,75,89,89,89,89,89,89,89,89,89,89,89,89,89,89,89],"card_choices":[{"not_picked":["Rebound","Reprogram"],"picked":"Beam Cell","floor":1},{"not_picked":["Conserve Battery","Auto Shields"],"picked":"Scrape","floor":3},{"not_picked":["Barrage","Sweeping Beam","Defragment"],"picked":"SKIP","floor":4},{"not_picked":["Streamline","ReplayRNGCard","Redo"],"picked":"SKIP","floor":5},{"not_picked":["ReplayTheSpireMod:Omega Cannon","Sunder","Aggregate"],"picked":"SKIP","floor":7},{"not_picked":["Cold Snap","Sweeping Beam"],"picked":"Go for the Eyes","floor":10},{"not_picked":["ReplayTheSpireMod:System Scan","Creative AI","Beam Cell"],"picked":"SKIP","floor":13},{"not_picked":["Time Bomb","Consume","Chill"],"picked":"SKIP","floor":14},{"not_picked":["ReplayRNGCard","Fission"],"picked":"Seek","floor":18},{"not_picked":["Redo","ReplayTheSpireMod:Reroute Power","Compile Driver"],"picked":"Beam Cell","floor":20},{"not_picked":["Turbo","Reprogram","BasicCrystalCard","Electrodynamics"],"picked":"SKIP","floor":21},{"not_picked":["BasicCrystalCard","Streamline+1","Conserve Battery+1"],"picked":"Double Energy","floor":22},{"not_picked":["Compile Driver","Defragment+1","BasicCrystalCard+1","Stack"],"picked":"SKIP","floor":23},{"not_picked":["Buffer","Stack+1","White Noise"],"picked":"Gash","floor":25},{"not_picked":["Biased Cognition","Panic Button+1","Steam Power","Recycle"],"picked":"SKIP","floor":27},{"not_picked":["Redo+1","BasicCrystalCard+1","Cold Snap+1"],"picked":"Beam Cell","floor":30}],"player_experience":164115,"relics_obtained":[{"floor":7,"key":"DataDisk"},{"floor":9,"key":"InkBottle"},{"floor":10,"key":"Replay:Bottled Snecko"},{"floor":13,"key":"Replay:Towering Pillar of Hats"},{"floor":19,"key":"Happy Flower"},{"floor":19,"key":"Question Card"},{"floor":19,"key":"Mango"},{"floor":25,"key":"Chameleon Ring"},{"floor":27,"key":"Bag of Marbles"},{"floor":28,"key":"Mummified Hand"},{"floor":29,"key":"Symbiotic Virus"}],"event_choices":[{"damage_healed":0,"gold_gain":0,"player_choice":"Got Potions","damage_taken":0,"max_hp_gain":0,"max_hp_loss":0,"event_name":"Lab","floor":2,"gold_loss":0},{"damage_healed":0,"gold_gain":75,"player_choice":"Gather Gold","damage_taken":11,"max_hp_gain":0,"max_hp_loss":0,"event_name":"World of Goop","floor":8,"gold_loss":0},{"damage_healed":0,"gold_gain":0,"player_choice":"1 cards matched","damage_taken":0,"max_hp_gain":0,"max_hp_loss":0,"event_name":"Match and Keep!","floor":12,"gold_loss":0,"cards_obtained":["Undo"]},{"cards_removed":["Defend_B"],"damage_healed":0,"gold_gain":0,"player_choice":"Elegance","damage_taken":0,"max_hp_gain":0,"max_hp_loss":0,"event_name":"Back to Basics","floor":26,"gold_loss":0}],"is_beta":false,"boss_relics":[{"not_picked":["Runic Dome","Runic Pyramid"],"picked":"Replay:Grab Bag"},{"not_picked":["ReplayTheSpireMod:DimensionalGlitch","Cursed Key"],"picked":"Philosopher\u0027s Stone"},{"not_picked":["Replay:Bronze Core","Replay:Wanted Poster"],"picked":"Painkiller Herb"},{"not_picked":["SacredBark","Empty Cage"],"picked":"Astrolabe"},{"not_picked":["Replay:Drink Me","Snecko Eye"],"picked":"Calling Bell"}],"items_purged_floors":[11,11],"is_endless":false,"potions_floor_spawned":[3,5,13,18,20,23,25],"killed_by":"Shelled Parasite and Fungi","ascension_level":2}}