{"host":"l6e22pz6uluuhpt6","time":1609037217,"event":{"mods":["BaseMod","Downfall","Minty Spire (QoL Compilation)","StSLib"],"gold_per_floor":[99,99,99,24,42,61,140,290,290,319,335,335,353,386,405,405,405,405],"floor_reached":16,"playtime":1072,"items_purged":["champ:Defend"],"score":116,"play_id":"3865e1fe-3c58-41b9-838d-d8e4960e4d3a","local_time":"20201226214657","is_ascension_mode":true,"campfire_choices":[{"data":"champ:Taunt","floor":1,"key":"SMITH"},{"floor":12,"key":"REST"}],"circlet_count":0,"master_deck":["champ:Strike","champ:Strike","champ:Strike","champ:Strike","champ:Defend","champ:Defend","champ:Defend","champ:Execute","champ:Taunt+1","champ:BerserkersShout","champ:EnragedBash","champ:AdrenalArmor","champ:RisingSlash","champ:CrookedStrike","champ:AdrenalArmor","champ:RecklessLeap","champ:MurderStrike"],"relics":["champ:ChampionCrown","downfall:HeartsMalice","Mummified Hand","Bottled Flame","Akabeko"],"acts_visited":["Exordium"],"potions_floor_usage":[10,13,14,16,16],"damage_taken":[{"damage":0,"enemies":"Small Slimes","floor":2,"turns":1},{"damage":0,"enemies":"Jaw Worm","floor":3,"turns":1},{"damage":0,"enemies":"downfall:FleeingMerchant","floor":4,"turns":1},{"damage":27,"enemies":"Cultist","floor":5,"turns":4},{"damage":30,"enemies":"Red Slaver","floor":6,"turns":5},{"damage":69,"enemies":"3 Sentries","floor":10,"turns":10},{"damage":24,"enemies":"Exordium Thugs","floor":11,"turns":7},{"damage":14,"enemies":"Blue Slaver","floor":13,"turns":3},{"damage":82,"enemies":"Lagavulin","floor":14,"turns":10},{"damage":45,"enemies":"Gremlin Gang","floor":15,"turns":5},{"damage":63,"enemies":"downfall:Silent","floor":16,"turns":12}],"seed_played":"1982827338685050744","potions_obtained":[{"floor":5,"key":"Energy Potion"},{"floor":10,"key":"Regen Potion"},{"floor":11,"key":"Swift Potion"},{"floor":13,"key":"champ:TechniquePotion"},{"floor":14,"key":"BlessingOfTheForge"}],"is_trial":false,"path_per_floor":["R","M","M","$","M","M","T","?","?","E","M","R","M","E","M","B"],"character_chosen":"THE_CHAMP","items_purchased":[],"campfire_rested":1,"item_purchase_floors":[],"current_hp_per_floor":[90,90,90,90,81,71,71,71,71,37,36,63,61,39,28,0,0,0],"gold":405,"neow_bonus":"THREE_ENEMY_KILL","is_daily":false,"chose_seed":false,"campfire_upgraded":1,"win_rate":0.0,"timestamp":1609037217,"path_taken":["R","M","M","$","M","M","T","?","?","E","?","R","M","E","M","BOSS"],"items_purchased_type":[],"build_version":"2020-12-22","purchased_purges":1,"victory":false,"max_hp_per_floor":[90,90,90,90,90,90,90,90,90,90,90,90,90,90,90,90,90,90],"card_choices":[{"not_picked":["champ:FlashCut","champ:Circumvent"],"picked":"champ:BerserkersShout","floor":2},{"not_picked":["champ:Duel","champ:GladiatorsShout"],"picked":"champ:EnragedBash","floor":3},{"not_picked":["champ:PerfectedStrike","champ:Backstep"],"picked":"champ:AdrenalArmor","floor":4},{"not_picked":["champ:FocusedGladiator","champ:FanOfKnives","champ:Circumvent"],"picked":"SKIP","floor":5},{"not_picked":["champ:TornadoPunch","champ:FanOfKnives","champ:PerfectedStrike"],"picked":"SKIP","floor":6},{"not_picked":["champ:BerserkersShout","champ:PerfectedStrike"],"picked":"champ:RisingSlash","floor":10},{"not_picked":["champ:ShieldSigil","champ:FocusedGladiator"],"picked":"champ:CrookedStrike","floor":11},{"not_picked":["champ:StanceDance","champ:GladiatorsShout"],"picked":"champ:AdrenalArmor","floor":13},{"not_picked":["champ:ShieldWall","champ:GladiatorsShout"],"picked":"champ:RecklessLeap","floor":14},{"not_picked":["champ:FanOfKnives","champ:Balance"],"picked":"champ:MurderStrike","floor":15}],"player_experience":261253,"relics_obtained":[{"floor":7,"key":"Mummified Hand"},{"floor":10,"key":"Bottled Flame"},{"floor":14,"key":"Akabeko"}],"event_choices":[{"cards_removed":["Slimebound:Icky"],"damage_healed":0,"gold_gain":0,"player_choice":"Card Removal","damage_taken":0,"max_hp_gain":0,"max_hp_loss":0,"event_name":"The Cleric","floor":9,"gold_loss":0}],"is_beta":false,"boss_relics":[],"items_purged_floors":[4],"is_endless":false,"potions_floor_spawned":[5,10,11,13,14],"killed_by":"downfall:Silent","ascension_level":1}}