{"host":"6qo42zgaknezulyg","time":1609071303,"event":{"mods":["2.2 Compatiblity","BaseMod","Colored Map","Downfall","Highlight Path","Keyboard Shortcuts","Minty Spire (QoL Compilation)","Permanent Neow","Quick Restart","StSLib","SuperFastMode"],"gold_per_floor":[99,119,130,40,40,54,101,116,135,173,173,211,211,226,252,333,333,333,347,362,384,399,10,34,101,134,134,151,1,1,1,11,98,98,98,122,133,166,316,328,355,390,410,420,117,117,42,56,66,66],"floor_reached":51,"playtime":2038,"items_purged":["Decay","champ:Strike","champ:Strike","champ:Strike","Shame"],"score":1206,"play_id":"702ebe06-39d5-4d2e-bdf6-ec13842fd515","local_time":"20201227211503","is_ascension_mode":true,"campfire_choices":[{"data":"expansioncontent:DashGenerateEvil","floor":1.0,"key":"SMITH"},{"data":"champ:Control","floor":11.0,"key":"SMITH"},{"floor":13.0,"key":"REST"},{"data":"champ:SwordThrow","floor":18.0,"key":"SMITH"},{"data":"expansioncontent:StudyTheSpire","floor":35.0,"key":"SMITH"},{"floor":47.0,"key":"RECALL"}],"circlet_count":0,"master_deck":["AscendersBane","champ:Defend","champ:Defend","champ:Defend","champ:Defend","champ:Execute","champ:Taunt","expansioncontent:DashGenerateEvil+1","champ:FaceSlap","champ:Control+1","champ:VampiricStrike","champ:Encircle","champ:Balance","champ:StrikeOfGenius","champ:SwordThrow+1","champ:RecklessLeap+1","champ:HoldFirm","expansioncontent:StudyTheSpire+1","champ:FocusedBerserking+1","champ:CheapShot","champ:DeathBlow+1","champ:HoldFirm","champ:AdrenalArmor","champ:ArenaPreparation","expansioncontent:DashGenerateEvil+1","champ:Aggression"],"relics":["champ:ChampionCrown","Bag of Preparation","Coffee Dripper","Centennial Puzzle","HandDrill","Vajra","downfall:RedIOU","Cursed Key","Omamori","Anchor","Smiling Mask","DollysMirror","downfall:HeartBlessingGreen"],"acts_visited":["Exordium","TheCity","TheBeyond"],"potions_floor_usage":[50],"damage_taken":[{"damage":15.0,"enemies":"Jaw Worm","floor":2.0,"turns":4.0},{"damage":7.0,"enemies":"Cultist","floor":3.0,"turns":3.0},{"damage":5.0,"enemies":"downfall:FleeingMerchant","floor":4.0,"turns":4.0},{"damage":2.0,"enemies":"2 Louse","floor":6.0,"turns":3.0},{"damage":7.0,"enemies":"Exordium Thugs","floor":8.0,"turns":4.0},{"damage":1.0,"enemies":"Blue Slaver","floor":9.0,"turns":3.0},{"damage":26.0,"enemies":"3 Sentries","floor":10.0,"turns":11.0},{"damage":38.0,"enemies":"Lagavulin","floor":12.0,"turns":5.0},{"damage":2.0,"enemies":"2 Fungi Beasts","floor":14.0,"turns":2.0},{"damage":7.0,"enemies":"Red Slaver","floor":15.0,"turns":3.0},{"damage":35.0,"enemies":"downfall:Defect","floor":16.0,"turns":5.0},{"damage":11.0,"enemies":"Chosen","floor":19.0,"turns":3.0},{"damage":5.0,"enemies":"Shell Parasite","floor":20.0,"turns":2.0},{"damage":6.0,"enemies":"3 Cultists","floor":21.0,"turns":3.0},{"damage":40.0,"enemies":"Shelled Parasite and Fungi","floor":22.0,"turns":4.0},{"damage":21.0,"enemies":"downfall:FleeingMerchant","floor":23.0,"turns":4.0},{"damage":26.0,"enemies":"downfall:FleeingMerchant","floor":25.0,"turns":4.0},{"damage":27.0,"enemies":"Book of Stabbing","floor":26.0,"turns":4.0},{"damage":31.0,"enemies":"Centurion and Healer","floor":28.0,"turns":7.0},{"damage":2.0,"enemies":"Snecko","floor":32.0,"turns":2.0},{"damage":70.0,"enemies":"downfall:Watcher","floor":33.0,"turns":5.0},{"damage":0.0,"enemies":"Orb Walker","floor":36.0,"turns":2.0},{"damage":28.0,"enemies":"3 Shapes","floor":37.0,"turns":4.0},{"damage":37.0,"enemies":"Jaw Worm Horde","floor":40.0,"turns":4.0},{"damage":50.0,"enemies":"Nemesis","floor":42.0,"turns":4.0},{"damage":22.0,"enemies":"3 Darklings","floor":43.0,"turns":3.0},{"damage":40.0,"enemies":"Maw","floor":44.0,"turns":5.0},{"damage":37,"enemies":"Writhing Mass","floor":48,"turns":3},{"damage":28,"enemies":"4 Shapes","floor":49,"turns":3},{"damage":67,"enemies":"downfall:Silent","floor":50,"turns":4}],"seed_played":"271932158933769473","potions_obtained":[{"floor":3.0,"key":"SneckoOil"},{"floor":6.0,"key":"Explosive Potion"},{"floor":8.0,"key":"Explosive Potion"},{"floor":10.0,"key":"Guardian:BlockOnCardUsePotion"},{"floor":15.0,"key":"Dexterity Potion"},{"floor":21.0,"key":"champ:TechniquePotion"},{"floor":22.0,"key":"BlessingOfTheForge"}],"is_trial":false,"path_per_floor":["R","M","M","$","?","M","T","M","M","E","R","E","R","M","M","B",null,"R","M","M","M","M","$","T","$","E","?","M","$","?","?","M","B",null,"R","M","M","T","?","M","T","E","M","M","$","?","R","M","M","B",null],"character_chosen":"THE_CHAMP","items_purchased":["expansioncontent:StudyTheSpire","CultistPotion","HandDrill","DollysMirror","FairyPotion"],"campfire_rested":1,"item_purchase_floors":[23,23,25,45,45],"current_hp_per_floor":[73,63,61,61,56,54,54,52,51,48,48,33,57,57,52,63,77,77,77,77,76,68,81,81,78,59,51,78,78,78,78,81,47,73,73,81,81,81,81,81,81,60,60,70,70,70,70,70,68,57],"gold":66,"neow_bonus":"RANDOM_COLORLESS_2","is_daily":false,"chose_seed":false,"campfire_upgraded":4,"win_rate":0.0,"timestamp":1609071303,"path_taken":["R","M","M","$","?","M","T","M","M","E","R","E","R","M","M","BOSS","R","M","M","?","M","?","T","?","E","?","?","$","?","?","M","BOSS","R","M","M","?","?","M","T","E","M","?","$","?","R","M","M","BOSS"],"items_purchased_type":["Card","Potion","Relic","Relic","Potion"],"build_version":"2020-12-22","purchased_purges":5,"victory":true,"max_hp_per_floor":[81,81,81,81,81,81,81,81,81,81,81,81,81,81,81,81,81,81,81,81,81,81,81,81,81,81,81,81,81,81,81,81,81,81,81,81,81,81,81,81,81,81,81,81,81,81,81,81,81,81],"card_choices":[{"not_picked":["Thinking Ahead","Sadistic Nature"],"picked":"expansioncontent:DashGenerateEvil","floor":0.0},{"not_picked":["champ:ShieldWall","champ:PerfectedStrike","champ:GladiatorsShout"],"picked":"SKIP","floor":2.0},{"not_picked":["champ:FanOfKnives","champ:TornadoPunch"],"picked":"champ:FaceSlap","floor":3.0},{"not_picked":["champ:PerfectedStrike","champ:AdrenalArmor"],"picked":"champ:Control","floor":4.0},{"not_picked":["champ:BladeFlurry","champ:RageSigil","champ:EnGarde"],"picked":"SKIP","floor":6.0},{"not_picked":["champ:EnGarde","champ:BerserkersShout","champ:TornadoPunch"],"picked":"SKIP","floor":8.0},{"not_picked":["champ:EnGarde","champ:BerserkersShout","champ:TornadoPunch"],"picked":"SKIP","floor":8.0},{"not_picked":["champ:DefensiveShout","champ:ShieldSigil"],"picked":"champ:VampiricStrike","floor":9.0},{"not_picked":["champ:TornadoPunch","champ:AdrenalArmor"],"picked":"champ:Encircle","floor":10.0},{"not_picked":["champ:StanceDance","champ:FlashCut"],"picked":"champ:Balance","floor":12.0},{"not_picked":["champ:GutPunch","champ:PerfectedStrike","champ:BringItOn"],"picked":"SKIP","floor":14.0},{"not_picked":["champ:FocusedDefense","champ:GutPunch"],"picked":"champ:StrikeOfGenius","floor":15.0},{"not_picked":["champ:DancingMaster","champ:EnchantCrown"],"picked":"champ:SwordThrow","floor":16.0},{"not_picked":["champ:TornadoPunch+1","champ:DefensiveStyle","champ:RapidStrikes"],"picked":"SKIP","floor":19.0},{"not_picked":["champ:Riposte","champ:TornadoPunch","champ:IronFortress"],"picked":"SKIP","floor":20.0},{"not_picked":["champ:EndlessRage","champ:TornadoPunch"],"picked":"champ:RecklessLeap","floor":21.0},{"not_picked":["champ:TornadoPunch","champ:FalseCounter","champ:Riposte"],"picked":"SKIP","floor":22.0},{"not_picked":["champ:TornadoPunch+1","champ:AdrenalArmor"],"picked":"champ:HoldFirm","floor":23.0},{"not_picked":["champ:EnragedBash","champ:FocusedDefense"],"picked":"champ:FocusedBerserking+1","floor":25.0},{"not_picked":["champ:FocusedGladiator","champ:CrookedStrike","champ:GladiatorsShout+1"],"picked":"SKIP","floor":26.0},{"not_picked":["champ:DefensiveShout","champ:BladeFlurry","champ:PerfectForm"],"picked":"SKIP","floor":28.0},{"not_picked":["champ:StanceDance","champ:BringItOn","champ:BladeFlurry"],"picked":"SKIP","floor":32.0},{"not_picked":["champ:DancingMaster","champ:Improvising"],"picked":"champ:CheapShot","floor":33.0},{"not_picked":["champ:FlashCut+1","champ:BerserkersShout"],"picked":"champ:DeathBlow+1","floor":36.0},{"not_picked":["champ:ShieldSigil","champ:TornadoPunch","champ:RageSigil"],"picked":"SKIP","floor":37.0},{"not_picked":["champ:Backstep+1","champ:GutPunch"],"picked":"champ:HoldFirm","floor":40.0},{"not_picked":["champ:VampiricStrike","champ:Circumvent"],"picked":"champ:AdrenalArmor","floor":42.0},{"not_picked":["champ:PerfectedStrike","champ:TornadoPunch","champ:RageSigil+1"],"picked":"SKIP","floor":43.0},{"not_picked":["champ:Shatter","champ:SwordSigil"],"picked":"champ:ArenaPreparation","floor":44.0},{"not_picked":["champ:StanceDance","champ:RapidStrikes"],"picked":"champ:Aggression","floor":48},{"not_picked":["champ:StanceDance","champ:Riposte","champ:DeathBlow"],"picked":"SKIP","floor":49}],"player_experience":1073161,"relics_obtained":[{"floor":7.0,"key":"Bag of Preparation"},{"floor":10.0,"key":"CeramicFish"},{"floor":12.0,"key":"Akabeko"},{"floor":24.0,"key":"Centennial Puzzle"},{"floor":26.0,"key":"Vajra"},{"floor":38.0,"key":"Omamori"},{"floor":41.0,"key":"Anchor"},{"floor":42.0,"key":"Smiling Mask"}],"event_choices":[{"damage_healed":0.0,"max_hp_gain":0.0,"max_hp_loss":0.0,"gold_gain":0.0,"event_name":"Lab","player_choice":"Got Potions","floor":31.0,"gold_loss":0.0,"damage_taken":0.0},{"damage_healed":0.0,"max_hp_gain":0.0,"max_hp_loss":0.0,"gold_gain":0.0,"event_name":"Mysterious Sphere","player_choice":"Ignored","floor":46.0,"gold_loss":0.0,"damage_taken":0.0}],"is_beta":false,"boss_relics":[{"not_picked":["Pandora\u0027s Box","Empty Cage"],"picked":"Coffee Dripper"},{"not_picked":["SlaversCollar","Philosopher\u0027s Stone"],"picked":"Cursed Key"}],"items_purged_floors":[4,23,25,29,45],"is_endless":false,"potions_floor_spawned":[3,6,8,10,15,21,22,26,28,32,33,36,40,44,48,49],"ascension_level":14}}