{"host":"qbnk2vkaq38efxaz","time":1609038018,"event":{"mods":["BaseMod","Minty Spire (QoL Compilation)"],"gold_per_floor":[113,125,136,136,61,96,96,106,106,106,121,121,135,135,135,230,230,240,97,114,132,149,179,179,196,268,268,268,282,311,331,331,429,429,449,409,74,90,110,110,122,154,178,178,189,189,189,36,36,36,36],"floor_reached":50,"playtime":7386,"items_purged":["Defend_P"],"score":516,"play_id":"72101e00-8637-44b9-bd89-32cfd21ddc35","local_time":"20201226190018","is_ascension_mode":false,"campfire_choices":[{"data":"Crescendo","floor":7,"key":"SMITH"},{"data":"ClearTheMind","floor":10,"key":"SMITH"},{"floor":15,"key":"REST"},{"data":"Tantrum","floor":24,"key":"SMITH"},{"data":"Judgement","floor":28,"key":"SMITH"},{"data":"Vault","floor":32,"key":"SMITH"},{"data":"BattleHymn","floor":40,"key":"SMITH"},{"data":"WindmillStrike","floor":44,"key":"SMITH"},{"floor":46,"key":"RECALL"},{"data":"ConjureBlade","floor":49,"key":"SMITH"}],"circlet_count":0,"master_deck":["Strike_P","Strike_P","Strike_P","Strike_P","Defend_P","Defend_P","Defend_P","Eruption+1","Vigilance","Consecrate","Perseverance","Crescendo+1","Meditate","ClearTheMind+1","Vault+1","Protect","Judgement+1","FollowUp+1","Adaptation","SandsOfTime+1","Tantrum+1","Protect+1","InnerPeace","EmptyFist+1","Establishment+1","FearNoEvil+1","BattleHymn+1","ConjureBlade+1","Crescendo+1","WindmillStrike+1","Pain"],"relics":["PureWater","White Beast Statue","Bottled Flame","HornCleat","VioletLotus","Lantern","Meat on the Bone","Question Card","Cursed Key","Pantograph","Juzu Bracelet","Art of War","Toy Ornithopter","Bag of Marbles"],"acts_visited":["Exordium","TheCity","TheBeyond"],"potions_floor_usage":[6,16,18,22,22,23,25,30,30,38,38,41,42,45,50,50],"damage_taken":[{"damage":0,"enemies":"Cultist","floor":1,"turns":4},{"damage":1,"enemies":"2 Louse","floor":2,"turns":2},{"damage":0,"enemies":"Small Slimes","floor":3,"turns":5},{"damage":17,"enemies":"3 Sentries","floor":6,"turns":8},{"damage":5,"enemies":"3 Louse","floor":8,"turns":3},{"damage":4,"enemies":"Blue Slaver","floor":11,"turns":4},{"damage":8,"enemies":"Exordium Wildlife","floor":13,"turns":4},{"damage":2,"enemies":"Slime Boss","floor":16,"turns":10},{"damage":0,"enemies":"Shell Parasite","floor":18,"turns":6},{"damage":0,"enemies":"Spheric Guardian","floor":20,"turns":2},{"damage":0,"enemies":"Snecko","floor":21,"turns":4},{"damage":8,"enemies":"Centurion and Healer","floor":22,"turns":5},{"damage":19,"enemies":"Gremlin Leader","floor":23,"turns":5},{"damage":9,"enemies":"Snake Plant","floor":25,"turns":2},{"damage":9,"enemies":"3 Cultists","floor":29,"turns":4},{"damage":11,"enemies":"Book of Stabbing","floor":30,"turns":5},{"damage":2,"enemies":"Centurion and Healer","floor":31,"turns":5},{"damage":29,"enemies":"Collector","floor":33,"turns":9},{"damage":0,"enemies":"Orb Walker","floor":35,"turns":1},{"damage":9,"enemies":"3 Shapes","floor":38,"turns":3},{"damage":0,"enemies":"Sphere and 2 Shapes","floor":39,"turns":4},{"damage":15,"enemies":"Writhing Mass","floor":41,"turns":5},{"damage":23,"enemies":"Nemesis","floor":42,"turns":6},{"damage":8,"enemies":"Transient","floor":45,"turns":6},{"damage":125,"enemies":"Time Eater","floor":50,"turns":10}],"seed_played":"7025154686191909629","potions_obtained":[{"floor":3,"key":"BottledMiracle"},{"floor":6,"key":"Block Potion"},{"floor":8,"key":"Dexterity Potion"},{"floor":11,"key":"BottledMiracle"},{"floor":13,"key":"BlessingOfTheForge"},{"floor":16,"key":"SkillPotion"},{"floor":18,"key":"Explosive Potion"},{"floor":20,"key":"PowerPotion"},{"floor":21,"key":"Strength Potion"},{"floor":22,"key":"Swift Potion"},{"floor":23,"key":"SpeedPotion"},{"floor":25,"key":"GamblersBrew"},{"floor":29,"key":"SkillPotion"},{"floor":30,"key":"FearPotion"},{"floor":31,"key":"FairyPotion"},{"floor":33,"key":"Fire Potion"},{"floor":35,"key":"PowerPotion"},{"floor":38,"key":"FearPotion"},{"floor":39,"key":"SteroidPotion"},{"floor":41,"key":"BlessingOfTheForge"},{"floor":42,"key":"Weak Potion"},{"floor":45,"key":"BlessingOfTheForge"}],"is_trial":false,"path_per_floor":["M","M","M","?","$","E","R","M","T","R","M","?","M","?","R","B",null,"M","$","M","M","M","E","R","M","T","?","R","M","E","M","R","B",null,"M","?","$","M","M","R","M","E","T","R","M","R","?","$","R","B"],"character_chosen":"WATCHER","items_purchased":["Lantern","Pantograph","BattleHymn","Bag of Marbles"],"campfire_rested":1,"item_purchase_floors":[19,37,37,48],"current_hp_per_floor":[72,71,71,53,53,36,36,31,31,31,27,27,19,24,47,45,77,77,77,77,77,69,50,50,41,41,41,41,44,45,43,43,26,77,77,77,77,68,68,68,53,42,42,42,46,46,46,46,46,0,0],"gold":36,"neow_bonus":"UPGRADE_CARD","is_daily":false,"chose_seed":false,"campfire_upgraded":8,"win_rate":0.0,"timestamp":1609038018,"path_taken":["M","M","?","?","$","E","R","M","T","R","M","?","M","?","R","BOSS","M","$","M","M","M","E","R","M","T","?","R","M","E","M","R","BOSS","M","?","$","M","M","R","M","E","T","R","M","R","?","$","R","BOSS"],"items_purchased_type":["Relic","Relic","Card","Relic"],"build_version":"2020-12-22","purchased_purges":1,"victory":false,"max_hp_per_floor":[72,72,72,72,72,72,72,72,72,72,72,72,72,77,77,77,77,77,77,77,77,77,77,77,77,77,77,77,77,77,77,77,77,77,77,77,77,77,77,77,77,77,77,77,77,77,77,77,77,77,77],"card_choices":[{"not_picked":["Halt","Nirvana"],"picked":"Consecrate","floor":1},{"not_picked":["WaveOfTheHand","ThirdEye"],"picked":"Perseverance","floor":2},{"not_picked":["Swivel","FlurryOfBlows"],"picked":"Crescendo","floor":3},{"not_picked":["CarveReality","DeceiveReality"],"picked":"Meditate","floor":6},{"not_picked":["EmptyBody","CrushJoints"],"picked":"ClearTheMind","floor":8},{"not_picked":["Halt","Collect"],"picked":"Vault","floor":11},{"not_picked":["PathToVictory","Crescendo"],"picked":"Protect","floor":13},{"not_picked":["Omniscience","MasterReality"],"picked":"Judgement","floor":16},{"not_picked":["Worship+1","CutThroughFate"],"picked":"FollowUp+1","floor":18},{"not_picked":["FlurryOfBlows","Halt"],"picked":"Adaptation","floor":20},{"not_picked":["JustLucky","CutThroughFate","Sanctity"],"picked":"SKIP","floor":21},{"not_picked":["WaveOfTheHand+1","Protect"],"picked":"SandsOfTime+1","floor":22},{"not_picked":["Halt","EmptyBody"],"picked":"Tantrum","floor":23},{"not_picked":["Study","PathToVictory+1"],"picked":"Protect+1","floor":25},{"not_picked":["Nirvana+1","Evaluate"],"picked":"InnerPeace","floor":29},{"not_picked":["EmptyBody","DeceiveReality","WheelKick"],"picked":"SKIP","floor":30},{"not_picked":["Weave","Consecrate","DeusExMachina"],"picked":"EmptyFist+1","floor":31},{"not_picked":["Omniscience","MasterReality","Brilliance"],"picked":"Establishment","floor":33},{"not_picked":["SashWhip","FlurryOfBlows","Nirvana"],"picked":"FearNoEvil+1","floor":35},{"not_picked":["FlyingSleeves+1","EmptyBody","Halt+1"],"picked":"ConjureBlade","floor":38},{"not_picked":["FlyingSleeves","CutThroughFate","FollowUp+1"],"picked":"Crescendo+1","floor":39},{"not_picked":["Conclude","Halt","ThirdEye+1","ClearTheMind+1"],"picked":"SKIP","floor":41},{"not_picked":["Brilliance","CarveReality","ClearTheMind+1"],"picked":"WindmillStrike","floor":42},{"not_picked":["BowlingBash+1","Nirvana+1","Wallop","EmptyFist"],"picked":"SKIP","floor":45}],"player_experience":71479,"relics_obtained":[{"floor":6,"key":"Bottled Flame"},{"floor":9,"key":"HornCleat"},{"floor":23,"key":"Meat on the Bone"},{"floor":30,"key":"Question Card"},{"floor":42,"key":"Juzu Bracelet"},{"floor":43,"key":"Art of War"},{"floor":47,"key":"Toy Ornithopter"}],"event_choices":[{"damage_healed":0,"gold_gain":0,"player_choice":"Success","damage_taken":18,"relics_obtained":["White Beast Statue"],"max_hp_gain":0,"max_hp_loss":0,"event_name":"Scrap Ooze","floor":4,"gold_loss":0},{"damage_healed":0,"gold_gain":0,"player_choice":"Ignored","damage_taken":0,"max_hp_gain":0,"max_hp_loss":0,"event_name":"Liars Game","floor":12,"gold_loss":0},{"damage_healed":0,"gold_gain":0,"player_choice":"Donut","damage_taken":0,"max_hp_gain":5,"max_hp_loss":0,"event_name":"Big Fish","floor":14,"gold_loss":0},{"damage_healed":0,"gold_gain":0,"player_choice":"Ignored","damage_taken":0,"max_hp_gain":0,"max_hp_loss":0,"event_name":"Cursed Tome","floor":27,"gold_loss":0},{"damage_healed":0,"gold_gain":0,"player_choice":"Upgrade","damage_taken":0,"max_hp_gain":0,"max_hp_loss":0,"event_name":"Designer","floor":36,"gold_loss":40,"cards_upgraded":["Establishment"]},{"damage_healed":0,"gold_gain":0,"player_choice":"Relic","damage_taken":0,"max_hp_gain":0,"max_hp_loss":0,"event_name":"Wheel of Change","floor":47,"gold_loss":0}],"is_beta":false,"boss_relics":[{"not_picked":["Coffee Dripper","Fusion Hammer"],"picked":"VioletLotus"},{"not_picked":["Black Star","HolyWater"],"picked":"Cursed Key"}],"items_purged_floors":[5],"is_endless":false,"potions_floor_spawned":[3,6,8,11,13,16,18,20,21,22,23,25,29,30,31,33,35,38,39,41,42,45],"killed_by":"Time Eater","ascension_level":0}}