{"host":"5bdt6s51dmpd4l3v","time":1609081734,"event":{"mods":["AchievementEnabler","BaseMod","Colored Map","Colored Powertips","Highlight Path","Minty Spire (QoL Compilation)","Quick Restart","Rare Cards Sparkle","StSLib"],"gold_per_floor":[118,93,108,120,120,120,120,120,169,169,185,185,196,209,209,282,282,293,293,293],"floor_reached":19,"playtime":375,"items_purged":[],"score":294,"play_id":"a94d5f2a-5a2c-428a-9481-ae1881e0cb3f","local_time":"20201227230854","is_ascension_mode":true,"campfire_choices":[{"data":"Armaments","floor":6,"key":"SMITH"},{"data":"Warcry","floor":8,"key":"SMITH"},{"data":"Bash","floor":10,"key":"SMITH"},{"data":"Flex","floor":12,"key":"SMITH"},{"data":"Dropkick","floor":15,"key":"SMITH"}],"circlet_count":0,"master_deck":["AscendersBane","Strike_R","Strike_R","Strike_R","Strike_R","Strike_R","Defend_R","Bash+1","Dropkick+1","Armaments+1","Warcry+1","Headbutt","Regret","Flex+1","Offering","Sever Soul+1","Pommel Strike+1","Entrench+1","Clash"],"relics":["Burning Blood","NeowsBlessing","Incense Burner","Shuriken","Art of War","Astrolabe"],"acts_visited":["Exordium","TheCity"],"potions_floor_usage":[11,16],"damage_taken":[{"damage":0,"enemies":"Jaw Worm","floor":1,"turns":1},{"damage":0,"enemies":"2 Louse","floor":3,"turns":1},{"damage":0,"enemies":"Small Slimes","floor":4,"turns":1},{"damage":6,"enemies":"3 Louse","floor":11,"turns":3},{"damage":10,"enemies":"Blue Slaver","floor":13,"turns":3},{"damage":7,"enemies":"Looter","floor":14,"turns":2},{"damage":30,"enemies":"Hexaghost","floor":16,"turns":8},{"damage":49,"enemies":"3 Byrds","floor":18,"turns":6},{"damage":0,"enemies":"3 Byrds","floor":19,"turns":1}],"seed_played":"387340584676156667","potions_obtained":[{"floor":1,"key":"SkillPotion"},{"floor":14,"key":"Block Potion"},{"floor":16,"key":"SteroidPotion"}],"is_trial":false,"path_per_floor":["M","$","M","M","?","R","?","R","T","R","M","R","M","M","R","B",null,"M","?"],"character_chosen":"IRONCLAD","items_purchased":["Armaments"],"campfire_rested":0,"item_purchase_floors":[2],"current_hp_per_floor":[74,74,75,75,64,64,64,64,64,64,64,64,60,59,59,35,65,22,22,22],"gold":293,"neow_bonus":"THREE_ENEMY_KILL","is_daily":false,"chose_seed":false,"campfire_upgraded":5,"win_rate":0.0,"timestamp":1609081734,"path_taken":["M","$","M","M","?","R","?","R","T","R","M","R","?","M","R","BOSS","M","?"],"items_purchased_type":["Card"],"build_version":"2020-12-22","purchased_purges":0,"victory":false,"max_hp_per_floor":[75,75,75,75,75,75,75,75,75,75,75,75,75,75,75,75,75,75,75,75],"card_choices":[{"not_picked":["Searing Blow","Anger"],"picked":"Dropkick","floor":1},{"not_picked":["Rage","Clothesline"],"picked":"Warcry","floor":3},{"not_picked":["Combust","Wild Strike"],"picked":"Headbutt","floor":4},{"not_picked":["Pommel Strike","Body Slam"],"picked":"Flex","floor":11},{"not_picked":["Thunderclap","Combust","Carnage"],"picked":"SKIP","floor":13},{"not_picked":["Warcry","Fire Breathing","Wild Strike"],"picked":"SKIP","floor":14},{"not_picked":["Immolate","Impervious"],"picked":"Offering","floor":16},{"not_picked":["Wild Strike","Warcry"],"picked":"Clash","floor":18}],"player_experience":256490,"relics_obtained":[{"floor":9,"key":"Art of War"}],"event_choices":[{"damage_healed":0,"gold_gain":0,"player_choice":"Success","damage_taken":11,"relics_obtained":["Incense Burner"],"max_hp_gain":0,"max_hp_loss":0,"event_name":"Scrap Ooze","floor":5,"gold_loss":0},{"damage_healed":0,"gold_gain":0,"player_choice":"Box","damage_taken":0,"relics_obtained":["Shuriken"],"max_hp_gain":0,"max_hp_loss":0,"event_name":"Big Fish","floor":7,"gold_loss":0,"cards_obtained":["Regret"]}],"is_beta":false,"boss_relics":[{"not_picked":["Velvet Choker","SacredBark"],"picked":"Astrolabe"}],"items_purged_floors":[],"is_endless":false,"potions_floor_spawned":[1,14,16],"killed_by":"3 Byrds","ascension_level":17}}