{"host":"9ndbo4kgsfoemf7y","time":1609075634,"event":{"mods":["AchievementEnabler","BaseMod","Colored Map","DeckTracker","Keyboard Shortcuts","Minty Spire (QoL Compilation)","Permanent Neow","Quick Restart","Relic Stats","StSLib","SuperFastMode"],"gold_per_floor":[10,27,27,41,55,86,86,100,126,126,140,170,182,209,221,335,347,374,386,398,335,153,188,188,215,215,225,242,255,255,255,255,255,255],"floor_reached":33,"playtime":988,"items_purged":["Defend_B"],"score":428,"play_id":"7fdb6259-38ea-44cf-ae49-55c9191b6a1c","local_time":"20201227222714","is_ascension_mode":true,"campfire_choices":[{"floor":7.0,"key":"REST"},{"data":"Dualcast","floor":10.0,"key":"SMITH"},{"floor":13.0,"key":"REST"},{"data":"Seek","floor":15.0,"key":"SMITH"},{"data":"Recycle","floor":30,"key":"SMITH"},{"data":"Aggregate","floor":32,"key":"SMITH"}],"circlet_count":0,"master_deck":["Defend_B","Zap","Dualcast+1","Skim","Doom and Gloom+1","Cold Snap","Melter","Turbo","Doom and Gloom","Seek+1","Hologram","Defragment","FTL","Machine Learning","Stack+1","Reinforced Body","Rainbow","Aggregate+1","Undo","Recycle+1","Hologram"],"relics":["Cracked Core","TungstenRod","Ancient Tea Set","MawBank","Coffee Dripper","Membership Card","Art of War","Blood Vial","StrikeDummy","Kunai"],"acts_visited":["Exordium","TheCity"],"potions_floor_usage":[28,33],"damage_taken":[{"damage":12.0,"enemies":"Jaw Worm","floor":1.0,"turns":3.0},{"damage":1.0,"enemies":"Cultist","floor":2.0,"turns":3.0},{"damage":0.0,"enemies":"Small Slimes","floor":4.0,"turns":2.0},{"damage":10.0,"enemies":"2 Fungi Beasts","floor":5.0,"turns":2.0},{"damage":33.0,"enemies":"Lagavulin","floor":6.0,"turns":5.0},{"damage":6.0,"enemies":"Looter","floor":8.0,"turns":3.0},{"damage":8.0,"enemies":"Red Slaver","floor":11.0,"turns":2.0},{"damage":9.0,"enemies":"Gremlin Nob","floor":12.0,"turns":3.0},{"damage":0.0,"enemies":"Exordium Wildlife","floor":14.0,"turns":1.0},{"damage":0.0,"enemies":"Slime Boss","floor":16.0,"turns":5.0},{"damage":0.0,"enemies":"Spheric Guardian","floor":18.0,"turns":2.0},{"damage":16.0,"enemies":"Slavers","floor":23.0,"turns":3.0},{"damage":0.0,"enemies":"Gremlin Leader","floor":25.0,"turns":4.0},{"damage":6.0,"enemies":"Shell Parasite","floor":27.0,"turns":3.0},{"damage":5,"enemies":"Centurion and Healer","floor":28,"turns":4},{"damage":0,"enemies":"Sentry and Sphere","floor":29,"turns":3},{"damage":54,"enemies":"Champ","floor":33,"turns":8}],"seed_played":"8379815437230801994","potions_obtained":[{"floor":2.0,"key":"Dexterity Potion"},{"floor":4.0,"key":"Fruit Juice"},{"floor":6.0,"key":"Weak Potion"},{"floor":8.0,"key":"ColorlessPotion"},{"floor":12.0,"key":"DistilledChaos"},{"floor":18.0,"key":"EssenceOfDarkness"},{"floor":27.0,"key":"DistilledChaos"}],"is_trial":false,"path_per_floor":["M","M","?","M","M","E","R","M","T","R","M","E","R","M","R","B",null,"M","?","?","?","$","E","T","E","T","M","M","M","R","?","R","B"],"character_chosen":"DEFECT","items_purchased":["Membership Card"],"campfire_rested":2,"item_purchase_floors":[22],"current_hp_per_floor":[63,62,62,62,57,24,48,42,42,42,34,25,49,49,49,49,80,80,80,66,66,66,50,50,52,52,48,45,47,47,47,47,0,0],"gold":255,"neow_bonus":"TRANSFORM_TWO_CARDS","is_daily":false,"chose_seed":false,"campfire_upgraded":4,"win_rate":0.0,"timestamp":1609075634,"path_taken":["M","M","?","M","?","E","R","M","T","R","M","E","R","M","R","BOSS","M","?","?","?","$","E","?","E","T","?","M","M","R","?","R","BOSS"],"items_purchased_type":["Relic"],"build_version":"2020-12-22","purchased_purges":1,"victory":false,"max_hp_per_floor":[75,75,75,75,80,80,80,80,80,80,80,80,80,80,80,80,80,80,80,85,85,85,85,85,85,85,85,85,85,85,85,85,85,85],"relic_stats":{"Blood Vial":10,"counters":[17,56],"Art of War":[4],"Kunai":[5],"MawBank":120,"obtain_stats":[{"Blood Vial":24,"Coffee Dripper":17,"Art of War":23,"Membership Card":22,"Kunai":26,"Cracked Core":0,"Ancient Tea Set":9,"MawBank":12,"StrikeDummy":25,"TungstenRod":6},{"Blood Vial":12,"Coffee Dripper":10,"Art of War":12,"Membership Card":11,"Kunai":13,"Cracked Core":0,"Ancient Tea Set":6,"MawBank":8,"StrikeDummy":13,"TungstenRod":5},{"Blood Vial":34,"Coffee Dripper":29,"Art of War":34,"Membership Card":31,"Kunai":38,"Cracked Core":0,"Ancient Tea Set":18,"MawBank":23,"StrikeDummy":38,"TungstenRod":15}],"TungstenRod":16},"card_choices":[{"not_picked":["Sweeping Beam","Tempest"],"picked":"Cold Snap","floor":1.0},{"not_picked":["Hologram","Reprogram"],"picked":"Melter","floor":2.0},{"not_picked":["Gash","Leap"],"picked":"Turbo","floor":4.0},{"not_picked":["Gash","Recycle"],"picked":"Doom and Gloom","floor":5.0},{"not_picked":["Hello World","Static Discharge"],"picked":"Seek","floor":6.0},{"not_picked":["Leap","Storm"],"picked":"Hologram","floor":8.0},{"not_picked":["Compile Driver","Melter"],"picked":"Defragment","floor":11.0},{"not_picked":["Sweeping Beam","Compile Driver"],"picked":"FTL","floor":12.0},{"not_picked":["Barrage","Melter","Fusion"],"picked":"SKIP","floor":14.0},{"not_picked":["All For One","Hyperbeam"],"picked":"Machine Learning","floor":16.0},{"not_picked":["Leap","Tempest"],"picked":"Stack+1","floor":18.0},{"not_picked":["Rebound","Gash"],"picked":"Aggregate","floor":23.0},{"not_picked":["Amplify","Auto Shields"],"picked":"Undo","floor":25.0},{"not_picked":["Cold Snap+1","Scrape"],"picked":"Recycle","floor":27.0},{"not_picked":["Aggregate","Compile Driver","Auto Shields+1"],"picked":"SKIP","floor":28},{"not_picked":["Aggregate","Compile Driver","Auto Shields+1"],"picked":"SKIP","floor":28},{"not_picked":["Rebound","Barrage"],"picked":"Hologram","floor":29}],"player_experience":754205,"relics_obtained":[{"floor":6.0,"key":"TungstenRod"},{"floor":9.0,"key":"Ancient Tea Set"},{"floor":12.0,"key":"MawBank"},{"floor":23.0,"key":"Art of War"},{"floor":24.0,"key":"Blood Vial"},{"floor":25.0,"key":"StrikeDummy"},{"floor":26.0,"key":"Kunai"}],"event_choices":[{"damage_healed":0.0,"max_hp_gain":0.0,"max_hp_loss":0.0,"gold_gain":0.0,"event_name":"Upgrade Shrine","player_choice":"Upgraded","floor":3.0,"gold_loss":0.0,"damage_taken":0.0,"cards_upgraded":["Doom and Gloom"]},{"damage_healed":0.0,"max_hp_gain":0.0,"max_hp_loss":0.0,"gold_gain":0.0,"cards_transformed":["Strike_B","Strike_B"],"event_name":"Drug Dealer","player_choice":"Became Test Subject","floor":19.0,"gold_loss":0.0,"damage_taken":0.0,"cards_obtained":["Reinforced Body","Rainbow"]},{"damage_healed":0.0,"max_hp_gain":5.0,"max_hp_loss":0.0,"gold_gain":0.0,"event_name":"Forgotten Altar","player_choice":"Shed Blood","floor":20.0,"gold_loss":0.0,"damage_taken":20.0},{"cards_removed":["Defend_B"],"damage_healed":0.0,"max_hp_gain":0.0,"max_hp_loss":0.0,"gold_gain":0.0,"event_name":"Beggar","player_choice":"Gave Gold","floor":21.0,"gold_loss":75.0,"damage_taken":0.0},{"cards_removed":["Defend_B"],"damage_healed":0,"gold_gain":0,"player_choice":"Elegance","damage_taken":0,"max_hp_gain":0,"max_hp_loss":0,"event_name":"Back to Basics","floor":31,"gold_loss":0}],"is_beta":false,"boss_relics":[{"not_picked":["Philosopher\u0027s Stone","SacredBark"],"picked":"Coffee Dripper"}],"items_purged_floors":[22],"is_endless":false,"potions_floor_spawned":[2,4,6,8,12,18,27],"killed_by":"Champ","ascension_level":3}}