{"host":"pe0zhl1vvtkxuc0p","time":1609045059,"event":{"mods":["A Magickal Journey","AchievementEnabler","Act Like it!","Aspiration","Astrologer","BaseMod","Card Forge","Challenge The Spire","Chen","Colored Powertips","Conspire","Curses Come First","GifTheSpireLib","Glutton Mod","Gremlin Mod","Hubris","Hunter 猎人","Infinite Spire","KinomotoSakuraMod(木之本樱)","LagranYue(拉格朗・月)","Luminous","Minty Spire (QoL Compilation)","Pale of the Ancients","Quick Restart","Relic Filter","Replay The Spire","Shop Mod","Spikes Relics","StSLib","SuperFastMode","Td1madao Mod","The Clintock","The Cursed","The Death Knight","The Dragon Tamer","The Druid","The Factory","The Florist","The Hayseed","The Hierophant","The Jungle","The Mystic","The Necromancer","The Sage","残留之物"],"gold_per_floor":[110,141,141,141,209,209,229,268,341,364,380,380,411,73,73,73,73],"floor_reached":16,"playtime":978,"items_purged":[],"score":113,"play_id":"29740364-9a9d-420e-95d6-42c6ca5fc76d","local_time":"20201227125739","is_ascension_mode":true,"campfire_choices":[{"floor":6,"key":"REST"},{"floor":12,"key":"REST"},{"floor":15,"key":"REST"}],"circlet_count":0,"master_deck":["astrologer:Strike","astrologer:Strike","astrologer:Strike","astrologer:Defend+1","astrologer:Defend","astrologer:Defend","astrologer:NorthStar+1","astrologer:TheFool","astrologer:Radiance","astrologer:ShiningStar","astrologer:StarOfCourage","astrologer:Still","astrologer:TheMoon","astrologer:TheHierophant","astrologer:Divination","astrologer:Moonlight"],"relics":["astrologer:SkyMirror","Hammer of Thor","Seething Fire","Anvil of the Gods","LagranYue:RandomDrawCardRelic","NeowsBlessing","infinitespire:BottledMercury","Golden Idol","aspiration:FetidBarrel","Bag of Preparation","Gremlin Horn","Meat on the Bone","aspiration:Nostalgia","Luminous:MirrorRelic","ReplayTheSpireMod:Lightbulb"],"acts_visited":["Exordium"],"potions_floor_usage":[],"damage_taken":[{"damage":0,"enemies":"Small Slimes","floor":1,"turns":1},{"damage":0,"enemies":"conspire:MimicChest","floor":2,"turns":1},{"damage":0,"enemies":"Jaw Worm","floor":7,"turns":1},{"damage":24,"enemies":"Lagavulin","floor":8,"turns":6},{"damage":0,"enemies":"2 Louse","floor":10,"turns":2},{"damage":7,"enemies":"Blue Slaver","floor":11,"turns":3},{"damage":13,"enemies":"3 Sentries","floor":13,"turns":7},{"damage":24,"enemies":"Slime Boss","floor":16,"turns":5}],"seed_played":"4950395462484295665","potions_obtained":[{"floor":1,"key":"LiquidMemories"},{"floor":8,"key":"Elixir"},{"floor":11,"key":"FearPotion"}],"is_trial":false,"path_per_floor":["M","?","?","?","?","R","M","E","T","M","M","R","E","$","R","B"],"character_chosen":"ASTROLOGER","items_purchased":["aspiration:Nostalgia","ReplayTheSpireMod:Lightbulb"],"campfire_rested":3,"item_purchase_floors":[14,14],"current_hp_per_floor":[70,70,53,39,39,60,60,36,36,36,29,50,37,37,58,34,34],"gold":73,"neow_bonus":"THREE_ENEMY_KILL","is_daily":false,"chose_seed":false,"campfire_upgraded":0,"win_rate":0.0,"timestamp":1609045059,"path_taken":["M","?","?","?","?","R","M","E","T","M","M","R","E","?","R","BOSS"],"items_purchased_type":["Relic","Relic"],"build_version":"2020-12-22","purchased_purges":0,"victory":false,"max_hp_per_floor":[70,70,70,70,70,70,70,70,70,70,70,70,70,70,70,70,70],"card_choices":[{"not_picked":["astrologer:Moonlight","astrologer:MeteorShower"],"picked":"astrologer:Radiance","floor":1},{"not_picked":["astrologer:Radiance","astrologer:TheEmpress"],"picked":"astrologer:ShiningStar","floor":2},{"not_picked":["astrologer:Still","astrologer:MeteorShower"],"picked":"astrologer:StarOfCourage","floor":5},{"not_picked":["astrologer:ReadTheStars","astrologer:Opposition"],"picked":"astrologer:Still","floor":5},{"not_picked":["astrologer:Still","astrologer:ShiningStar","astrologer:ReadTheStars"],"picked":"SKIP","floor":7},{"not_picked":["astrologer:Still","astrologer:ShiningStar","astrologer:ReadTheStars"],"picked":"SKIP","floor":7},{"not_picked":["astrologer:Observe","astrologer:ReadTheStars"],"picked":"astrologer:TheMoon","floor":8},{"not_picked":["astrologer:ReadTheStars","astrologer:Judgement"],"picked":"astrologer:TheHierophant","floor":10},{"not_picked":["astrologer:FrozenStar","astrologer:Glimpse"],"picked":"astrologer:Divination","floor":11},{"not_picked":["astrologer:ReadTheStars","astrologer:CometStrike"],"picked":"astrologer:Moonlight","floor":13}],"player_experience":514474,"relics_obtained":[{"floor":2,"key":"infinitespire:BottledMercury"},{"floor":5,"key":"aspiration:FetidBarrel"},{"floor":8,"key":"Bag of Preparation"},{"floor":9,"key":"Gremlin Horn"},{"floor":13,"key":"Meat on the Bone"}],"event_choices":[{"damage_healed":0,"gold_gain":0,"player_choice":"Take Damage","damage_taken":17,"relics_obtained":["Golden Idol"],"max_hp_gain":0,"max_hp_loss":0,"event_name":"Golden Idol","floor":3,"gold_loss":0},{"damage_healed":0,"gold_gain":0,"player_choice":"Entered Light","damage_taken":14,"max_hp_gain":0,"max_hp_loss":0,"event_name":"Shining Light","floor":4,"gold_loss":0,"cards_upgraded":["astrologer:NorthStar","astrologer:Defend"]}],"is_beta":false,"boss_relics":[],"items_purged_floors":[],"is_endless":false,"potions_floor_spawned":[1,8,11],"killed_by":"Slime Boss","ascension_level":1}}