{"host":"Zion","time":1609091058,"event":{"mods":["AchievementEnabler","BaseMod","Colored Map","DeckTracker","Minty Spire (QoL Compilation)","Quick Restart","Rare Cards Sparkle"],"gold_per_floor":[116,116,116,41,58,89,89,111,159,159,175,175,175,187,187,285,285,303,303,132,231,146,146,166,166,189,215,57,91,111,36,36,133,133,143,159,159,175,25,56,72,72,72,119,119,135,135,151,151,151],"floor_reached":51,"playtime":2706,"items_purged":["Strike_B","Defend_B","Defend_B","Defend_B"],"score":874,"play_id":"a8a6b6a3-d6c2-4fec-b45b-41dbad9aedee","local_time":"20201228024418","is_ascension_mode":true,"campfire_choices":[{"data":"Zap","floor":7.0,"key":"SMITH"},{"data":"Dualcast","floor":10.0,"key":"SMITH"},{"data":"Coolheaded","floor":12.0,"key":"SMITH"},{"data":"Conserve Battery","floor":15.0,"key":"SMITH"},{"data":"White Noise","floor":23.0,"key":"SMITH"},{"data":"Defragment","floor":25.0,"key":"SMITH"},{"data":"Chill","floor":32,"key":"SMITH"},{"data":"Seek","floor":47,"key":"SMITH"},{"data":"Bite","floor":49,"key":"SMITH"}],"circlet_count":0,"master_deck":["Zap+1","Dualcast+1","Sweeping Beam+1","Coolheaded+1","Conserve Battery+1","White Noise+1","Bite","Bite","Bite+1","Bite","Bite+1","Defragment+1","Cold Snap+1","Chill+1","Seek+1","Ball Lightning+1","Defragment+1","Hologram+1"],"relics":["Cracked Core","NeowsBlessing","Anchor","Odd Mushroom","Art of War","Regal Pillow","Runic Pyramid","Boot","Nunchaku","Red Mask","FossilizedHelix","Sozu","Bag of Preparation","Whetstone","Calipers","Juzu Bracelet"],"acts_visited":["Exordium","TheCity","TheBeyond"],"potions_floor_usage":[50,50],"damage_taken":[{"damage":0.0,"enemies":"Small Slimes","floor":1.0,"turns":1.0},{"damage":0.0,"enemies":"Jaw Worm","floor":5.0,"turns":1.0},{"damage":0.0,"enemies":"Gremlin Nob","floor":6.0,"turns":1.0},{"damage":15.0,"enemies":"The Mushroom Lair","floor":8.0,"turns":3.0},{"damage":1.0,"enemies":"2 Louse","floor":11.0,"turns":2.0},{"damage":7.0,"enemies":"2 Fungi Beasts","floor":14.0,"turns":3.0},{"damage":39.0,"enemies":"Hexaghost","floor":16.0,"turns":13.0},{"damage":24.0,"enemies":"2 Thieves","floor":18.0,"turns":4.0},{"damage":3.0,"enemies":"Chosen","floor":24.0,"turns":4.0},{"damage":33,"enemies":"Masked Bandits","floor":27,"turns":5},{"damage":8,"enemies":"Gremlin Leader","floor":29,"turns":8},{"damage":8,"enemies":"Snake Plant","floor":30,"turns":5},{"damage":56,"enemies":"Automaton","floor":33,"turns":12},{"damage":0,"enemies":"3 Darklings","floor":35,"turns":6},{"damage":3,"enemies":"3 Shapes","floor":36,"turns":6},{"damage":0,"enemies":"Sphere and 2 Shapes","floor":38,"turns":4},{"damage":59,"enemies":"Giant Head","floor":40,"turns":9},{"damage":0,"enemies":"Jaw Worm Horde","floor":41,"turns":4},{"damage":0,"enemies":"3 Darklings","floor":46,"turns":4},{"damage":0,"enemies":"Spire Growth","floor":48,"turns":4},{"damage":47,"enemies":"Time Eater","floor":50,"turns":10}],"seed_played":"2308990864223606737","potions_obtained":[{"floor":5.0,"key":"DistilledChaos"},{"floor":6.0,"key":"Regen Potion"},{"floor":8.0,"key":"EssenceOfSteel"},{"floor":11.0,"key":"DuplicationPotion"}],"is_trial":false,"path_per_floor":["M","?","?","$","M","E","R","?","T","R","M","R","?","M","R","B",null,"M","?","$","?","?","R","M","R","T","?","$","E","M","?","R","B",null,"M","M","?","M","$","E","M","?","T","T","$","M","R","M","R","B",null],"character_chosen":"DEFECT","items_purchased":["Defragment","Chill"],"campfire_rested":0,"item_purchase_floors":[20,28],"current_hp_per_floor":[75,80,80,80,80,80,80,65,65,65,64,64,57,50,50,11,80,56,56,56,56,56,56,56,56,56,35,35,53,56,56,56,26,56,56,56,56,56,56,7,28,18,18,18,18,34,34,51,51,38],"gold":151,"neow_bonus":"THREE_ENEMY_KILL","is_daily":false,"chose_seed":false,"campfire_upgraded":9,"win_rate":0.0,"timestamp":1609091058,"path_taken":["M","?","?","?","M","E","R","?","T","R","M","R","?","M","R","BOSS","M","?","$","?","?","R","M","R","T","?","$","E","?","?","R","BOSS","M","M","?","?","$","E","M","?","T","?","$","M","R","M","R","BOSS"],"items_purchased_type":["Card","Card"],"build_version":"2020-12-18","purchased_purges":4,"victory":true,"max_hp_per_floor":[75,80,80,80,80,80,80,80,80,80,80,80,80,80,80,80,80,80,56,56,56,56,56,56,56,56,56,56,56,56,56,56,56,56,56,56,56,56,56,56,56,56,56,56,56,56,56,56,56,56],"card_choices":[{"not_picked":["Conserve Battery","Force Field","Double Energy"],"picked":"SKIP","floor":1.0},{"not_picked":["Hologram","FTL"],"picked":"Sweeping Beam","floor":5.0},{"not_picked":["Rainbow","Sweeping Beam","Buffer"],"picked":"SKIP","floor":6.0},{"not_picked":["Stack","Chaos"],"picked":"Coolheaded","floor":8.0},{"not_picked":["Recycle","Stack"],"picked":"Conserve Battery","floor":11.0},{"not_picked":["Static Discharge","Hologram"],"picked":"White Noise","floor":14.0},{"not_picked":["Steam","Heatsinks","Rebound"],"picked":"SKIP","floor":18.0},{"not_picked":["Chaos+1","Rebound"],"picked":"Cold Snap+1","floor":24.0},{"not_picked":["Leap","Gash","Rebound"],"picked":"SKIP","floor":29},{"not_picked":["Stack","Sunder+1","Melter"],"picked":"SKIP","floor":30},{"not_picked":["Buffer","All For One"],"picked":"Seek","floor":33},{"not_picked":["Rebound+1","Redo","Genetic Algorithm+1"],"picked":"SKIP","floor":35},{"not_picked":["Compile Driver","Turbo+1"],"picked":"Ball Lightning+1","floor":36},{"not_picked":["Cold Snap","Chaos","Reprogram"],"picked":"SKIP","floor":38},{"not_picked":["Go for the Eyes+1","Machine Learning"],"picked":"Defragment+1","floor":40},{"not_picked":["Gash+1","Beam Cell+1","Darkness"],"picked":"SKIP","floor":41},{"not_picked":["Rebound","Cold Snap"],"picked":"Hologram+1","floor":46},{"not_picked":["Stack","Streamline","Barrage+1"],"picked":"SKIP","floor":48}],"player_experience":173009,"relics_obtained":[{"floor":6.0,"key":"Anchor"},{"floor":8.0,"key":"Odd Mushroom"},{"floor":9.0,"key":"Art of War"},{"floor":26.0,"key":"Nunchaku"},{"floor":27,"key":"Red Mask"},{"floor":29,"key":"FossilizedHelix"},{"floor":40,"key":"Whetstone"},{"floor":43,"key":"Calipers"},{"floor":44,"key":"Juzu Bracelet"}],"event_choices":[{"damage_healed":0.0,"max_hp_gain":5.0,"max_hp_loss":0.0,"gold_gain":0.0,"event_name":"Big Fish","player_choice":"Donut","floor":2.0,"gold_loss":0.0,"damage_taken":0.0},{"damage_healed":0.0,"max_hp_gain":0.0,"max_hp_loss":0.0,"gold_gain":0.0,"event_name":"Liars Game","player_choice":"Ignored","floor":3.0,"gold_loss":0.0,"damage_taken":0.0},{"damage_healed":0.0,"max_hp_gain":0.0,"max_hp_loss":0.0,"gold_gain":0.0,"event_name":"Mushrooms","player_choice":"Fought Mushrooms","floor":8.0,"gold_loss":0.0,"damage_taken":0.0},{"damage_healed":0.0,"max_hp_gain":0.0,"max_hp_loss":0.0,"gold_gain":0.0,"event_name":"Scrap Ooze","player_choice":"Success","floor":13.0,"gold_loss":0.0,"damage_taken":7.0,"relics_obtained":["Regal Pillow"]},{"damage_healed":0.0,"max_hp_gain":0.0,"max_hp_loss":24.0,"gold_gain":0.0,"event_name":"Vampires","player_choice":"Became a vampire","floor":19.0,"gold_loss":0.0,"damage_taken":0.0,"cards_obtained":["Bite","Bite","Bite","Bite","Bite"]},{"damage_healed":0.0,"max_hp_gain":0.0,"max_hp_loss":0.0,"gold_gain":99.0,"event_name":"Nest","player_choice":"Stole From Cult","floor":21.0,"gold_loss":0.0,"damage_taken":0.0},{"damage_healed":0.0,"max_hp_gain":0.0,"max_hp_loss":0.0,"gold_gain":0.0,"event_name":"Addict","player_choice":"Obtained Relic","floor":22.0,"gold_loss":85.0,"damage_taken":0.0,"relics_obtained":["Boot"]},{"damage_healed":0,"gold_gain":0,"player_choice":"Fought Bandits","damage_taken":0,"max_hp_gain":0,"max_hp_loss":0,"event_name":"Masked Bandits","floor":27,"gold_loss":0},{"cards_removed":["Defend_B"],"damage_healed":0,"gold_gain":0,"player_choice":"Gave Gold","damage_taken":0,"max_hp_gain":0,"max_hp_loss":0,"event_name":"Beggar","floor":31,"gold_loss":75},{"damage_healed":0,"gold_gain":0,"player_choice":"Gave Potion","damage_taken":0,"relics_obtained":["Bag of Preparation"],"max_hp_gain":0,"max_hp_loss":0,"event_name":"WeMeetAgain","floor":37,"gold_loss":0},{"damage_healed":0,"gold_gain":0,"player_choice":"Memory 3","damage_taken":10,"max_hp_gain":0,"max_hp_loss":0,"event_name":"SensoryStone","floor":42,"gold_loss":0}],"is_beta":true,"boss_relics":[{"not_picked":["Velvet Choker","Ectoplasm"],"picked":"Runic Pyramid"},{"not_picked":["Runic Dome","Empty Cage"],"picked":"Sozu"}],"items_purged_floors":[4,20,28,39],"is_endless":false,"potions_floor_spawned":[5,6,8,11,29,30,35,41,46,48],"ascension_level":4}}