{"host":"kav75jn2167pb2t0","time":1609047865,"event":{"mods":["AchievementEnabler","BaseMod","Colored Map","Colored Powertips","FTL Soundtrack","Minty Spire (QoL Compilation)","StSLib","SuperFastMode"],"gold_per_floor":[99,99,49,49,49,49,49,49,49,34,34,34,34,34,34,34,34,19,19,19,19,19,19,19,19,19,19,19,19,19,19,19,19,19,19,19,19,19,19,19,19,19,19,19,19,19,19,19,19,19],"floor_reached":51,"playtime":3214,"items_purged":[],"score":846,"play_id":"375cf02a-d0af-4f80-8132-cf6329b5c0a6","local_time":"20201227004425","is_ascension_mode":false,"campfire_choices":[{"data":"Flame Barrier","floor":6.0,"key":"SMITH"},{"data":"Whirlwind","floor":12.0,"key":"SMITH"},{"data":"Double Tap","floor":15.0,"key":"SMITH"},{"data":"Berserk","floor":23.0,"key":"SMITH"},{"data":"Body Slam","floor":25.0,"key":"SMITH"},{"data":"1","floor":32.0,"key":"LIFT"},{"data":"2","floor":47,"key":"LIFT"},{"data":"3","floor":49,"key":"LIFT"}],"circlet_count":0,"master_deck":["Strike_R","Strike_R","Strike_R","Strike_R+1","Defend_R","Defend_R","Defend_R+1","Defend_R","Bash+1","Flame Barrier+1","Double Tap+1","Body Slam","Whirlwind+1","Uppercut+1","Berserk+1","Body Slam+1","Whirlwind+1","True Grit+1","Iron Wave+1","Bludgeon+1","RitualDagger","Berserk","Flame Barrier+1","Dropkick","Shrug It Off+1","Metallicize+1","Shrug It Off+1","Barricade","Body Slam+1"],"relics":["Ectoplasm","Lantern","Anchor","Ornamental Fan","Black Star","Red Skull","Whetstone","Toxic Egg 2","WingedGreaves","Potion Belt","MutagenicStrength","Girya","FossilizedHelix","Velvet Choker","Kunai","Nunchaku","Self Forming Clay","Meat on the Bone","Mercury Hourglass","Unceasing Top","Happy Flower","Vajra","PreservedInsect"],"acts_visited":["Exordium","TheCity","TheBeyond"],"potions_floor_usage":[50],"damage_taken":[{"damage":0.0,"enemies":"Cultist","floor":1.0,"turns":3.0},{"damage":0.0,"enemies":"2 Louse","floor":2.0,"turns":2.0},{"damage":23.0,"enemies":"3 Sentries","floor":7.0,"turns":10.0},{"damage":0.0,"enemies":"Small Slimes","floor":8.0,"turns":2.0},{"damage":0.0,"enemies":"Looter","floor":10.0,"turns":2.0},{"damage":2.0,"enemies":"Blue Slaver","floor":11.0,"turns":2.0},{"damage":0.0,"enemies":"Gremlin Gang","floor":13.0,"turns":3.0},{"damage":11.0,"enemies":"Hexaghost","floor":16.0,"turns":8.0},{"damage":0.0,"enemies":"2 Thieves","floor":18.0,"turns":2.0},{"damage":0.0,"enemies":"3 Byrds","floor":20.0,"turns":3.0},{"damage":4.0,"enemies":"Centurion and Healer","floor":21.0,"turns":3.0},{"damage":0.0,"enemies":"Snecko","floor":22.0,"turns":2.0},{"damage":6.0,"enemies":"Slavers","floor":24.0,"turns":4.0},{"damage":4.0,"enemies":"Gremlin Leader","floor":27.0,"turns":4.0},{"damage":14.0,"enemies":"Book of Stabbing","floor":30.0,"turns":3.0},{"damage":0.0,"enemies":"Shelled Parasite and Fungi","floor":31.0,"turns":3.0},{"damage":29.0,"enemies":"Champ","floor":33.0,"turns":9.0},{"damage":0.0,"enemies":"3 Darklings","floor":35.0,"turns":3.0},{"damage":0.0,"enemies":"3 Shapes","floor":36.0,"turns":4.0},{"damage":0.0,"enemies":"Transient","floor":37.0,"turns":5.0},{"damage":0.0,"enemies":"4 Shapes","floor":39.0,"turns":1.0},{"damage":14.0,"enemies":"Reptomancer","floor":40.0,"turns":5.0},{"damage":0.0,"enemies":"Giant Head","floor":41.0,"turns":7.0},{"damage":27.0,"enemies":"Reptomancer","floor":42.0,"turns":5.0},{"damage":0.0,"enemies":"Spire Growth","floor":44.0,"turns":2.0},{"damage":0,"enemies":"Writhing Mass","floor":45,"turns":4},{"damage":2,"enemies":"Sphere and 2 Shapes","floor":46,"turns":4},{"damage":4,"enemies":"Nemesis","floor":48,"turns":7},{"damage":20,"enemies":"Awakened One","floor":50,"turns":7}],"seed_played":"-2781698534477769024","potions_obtained":[{"floor":1.0,"key":"Fire Potion"},{"floor":7.0,"key":"SkillPotion"},{"floor":13.0,"key":"SpeedPotion"},{"floor":20.0,"key":"FearPotion"},{"floor":21.0,"key":"Explosive Potion"},{"floor":22.0,"key":"EntropicBrew"},{"floor":33.0,"key":"ColorlessPotion"},{"floor":35.0,"key":"ColorlessPotion"},{"floor":36.0,"key":"Regen Potion"},{"floor":37.0,"key":"Strength Potion"},{"floor":39.0,"key":"AttackPotion"},{"floor":42.0,"key":"Fire Potion"}],"is_trial":false,"path_per_floor":["M","M","?","?","?","R","?","M","T","M","M","R","M","T","R","B",null,"M","?","M","M","M","R","E","R","T","E","?","?","E","M","R","B",null,"M","M","M","?","M","E","E","E","T","M","M","M","R","E","R","B",null],"character_chosen":"IRONCLAD","items_purchased":[],"campfire_rested":0,"item_purchase_floors":[],"current_hp_per_floor":[80,80,80,64,53,53,30,30,30,30,28,28,28,28,28,17,80,80,80,80,76,76,76,70,70,70,66,66,60,46,46,46,17,80,80,80,80,80,80,75,75,48,48,48,48,46,46,42,42,34],"gold":19,"neow_bonus":"BOSS_RELIC","is_daily":false,"chose_seed":false,"campfire_upgraded":5,"win_rate":0.0,"timestamp":1609047865,"path_taken":["M","M","?","?","?","R","?","M","T","M","M","R","M","?","R","BOSS","M","?","M","M","?","R","E","R","T","E","?","?","E","M","R","BOSS","M","M","M","?","M","E","E","E","T","M","?","?","R","E","R","BOSS"],"items_purchased_type":[],"build_version":"2020-12-22","purchased_purges":0,"victory":true,"max_hp_per_floor":[80,80,80,80,80,80,80,80,80,80,80,80,80,80,80,80,80,80,80,80,80,80,80,80,80,80,80,80,80,80,80,80,80,80,80,80,80,80,80,80,80,80,80,80,80,80,80,80,80,80],"card_choices":[{"not_picked":["Battle Trance","Feel No Pain"],"picked":"Flame Barrier","floor":1.0},{"not_picked":["Headbutt","Perfected Strike","Second Wind"],"picked":"SKIP","floor":2.0},{"not_picked":["Flex","Pommel Strike"],"picked":"Double Tap","floor":7.0},{"not_picked":["Headbutt","Twin Strike"],"picked":"Body Slam","floor":8.0},{"not_picked":["Hemokinesis","Twin Strike","Carnage"],"picked":"SKIP","floor":10.0},{"not_picked":["Perfected Strike","Body Slam"],"picked":"Whirlwind","floor":11.0},{"not_picked":["Juggernaut","True Grit"],"picked":"Uppercut","floor":13.0},{"not_picked":["Brutality","Feed"],"picked":"Berserk","floor":16.0},{"not_picked":["Anger","Combust"],"picked":"Body Slam","floor":18.0},{"not_picked":["Headbutt+1","Twin Strike+1","Pommel Strike"],"picked":"SKIP","floor":20.0},{"not_picked":["Whirlwind","Reckless Charge"],"picked":"True Grit+1","floor":21.0},{"not_picked":["Whirlwind","Clothesline","Anger"],"picked":"SKIP","floor":22.0},{"not_picked":["Disarm","Burning Pact"],"picked":"Iron Wave+1","floor":24.0},{"not_picked":["Warcry+1","Rage+1"],"picked":"Bludgeon","floor":27.0},{"not_picked":["Disarm+1","Flex+1","Iron Wave"],"picked":"SKIP","floor":30.0},{"not_picked":["Armaments+1","Perfected Strike","Power Through+1"],"picked":"SKIP","floor":31.0},{"not_picked":["Fiend Fire","Bludgeon"],"picked":"Berserk","floor":33.0},{"not_picked":["Infernal Blade+1","Cleave"],"picked":"Flame Barrier+1","floor":35.0},{"not_picked":["Perfected Strike+1","Seeing Red+1"],"picked":"Dropkick","floor":36.0},{"not_picked":["True Grit+1","Pommel Strike+1","Warcry+1"],"picked":"SKIP","floor":37.0},{"not_picked":["Carnage+1","Twin Strike+1"],"picked":"Shrug It Off+1","floor":39.0},{"not_picked":["Corruption","Pommel Strike+1"],"picked":"Metallicize+1","floor":40.0},{"not_picked":["Blood for Blood","Body Slam+1","Pommel Strike"],"picked":"SKIP","floor":41.0},{"not_picked":["Dual Wield+1","Clash+1","Fire Breathing"],"picked":"SKIP","floor":42.0},{"not_picked":["Second Wind+1","Anger","Heavy Blade"],"picked":"SKIP","floor":44.0},{"not_picked":["Feel No Pain+1","Entrench+1"],"picked":"Shrug It Off+1","floor":45},{"not_picked":["Seeing Red+1","Shrug It Off+1"],"picked":"Barricade","floor":46},{"not_picked":["Iron Wave+1","Sword Boomerang+1"],"picked":"Body Slam+1","floor":48}],"player_experience":417177,"relics_obtained":[{"floor":7.0,"key":"Lantern"},{"floor":9.0,"key":"Anchor"},{"floor":14.0,"key":"Ornamental Fan"},{"floor":24.0,"key":"Red Skull"},{"floor":24.0,"key":"Whetstone"},{"floor":26.0,"key":"Toxic Egg 2"},{"floor":27.0,"key":"WingedGreaves"},{"floor":27.0,"key":"Potion Belt"},{"floor":30.0,"key":"Girya"},{"floor":30.0,"key":"FossilizedHelix"},{"floor":40.0,"key":"Kunai"},{"floor":40.0,"key":"Nunchaku"},{"floor":41.0,"key":"Self Forming Clay"},{"floor":41.0,"key":"Meat on the Bone"},{"floor":42.0,"key":"Mercury Hourglass"},{"floor":42.0,"key":"Unceasing Top"},{"floor":43.0,"key":"Happy Flower"},{"floor":48,"key":"Vajra"},{"floor":48,"key":"PreservedInsect"}],"event_choices":[{"cards_removed":["Strike_R"],"damage_healed":0.0,"max_hp_gain":0.0,"max_hp_loss":0.0,"gold_gain":0.0,"event_name":"The Cleric","player_choice":"Card Removal","floor":3.0,"gold_loss":50.0,"damage_taken":0.0},{"damage_healed":0.0,"max_hp_gain":0.0,"max_hp_loss":0.0,"gold_gain":0.0,"event_name":"Shining Light","player_choice":"Entered Light","floor":4.0,"gold_loss":0.0,"damage_taken":16.0,"cards_upgraded":["Strike_R","Defend_R"]},{"damage_healed":0.0,"max_hp_gain":0.0,"max_hp_loss":0.0,"gold_gain":75.0,"event_name":"World of Goop","player_choice":"Gather Gold","floor":5.0,"gold_loss":0.0,"damage_taken":11.0},{"damage_healed":0.0,"max_hp_gain":0.0,"max_hp_loss":0.0,"gold_gain":0.0,"event_name":"Dead Adventurer","player_choice":"Searched \u00271\u0027 times","floor":7.0,"gold_loss":0.0,"damage_taken":0.0},{"damage_healed":0.0,"max_hp_gain":0.0,"max_hp_loss":0.0,"gold_gain":0.0,"event_name":"Duplicator","player_choice":"Copied","floor":19.0,"gold_loss":0.0,"damage_taken":0.0,"cards_obtained":["Whirlwind"]},{"damage_healed":0.0,"max_hp_gain":0.0,"max_hp_loss":0.0,"gold_gain":0.0,"event_name":"Drug Dealer","player_choice":"Inject Mutagens","floor":28.0,"gold_loss":0.0,"damage_taken":0.0,"relics_obtained":["MutagenicStrength"]},{"damage_healed":0.0,"max_hp_gain":0.0,"max_hp_loss":0.0,"gold_gain":0.0,"event_name":"Nest","player_choice":"Joined the Cult","floor":29.0,"gold_loss":0.0,"damage_taken":6.0,"cards_obtained":["RitualDagger"]},{"damage_healed":0.0,"max_hp_gain":0.0,"max_hp_loss":0.0,"gold_gain":0.0,"event_name":"Upgrade Shrine","player_choice":"Upgraded","floor":38.0,"gold_loss":0.0,"damage_taken":0.0,"cards_upgraded":["Bludgeon"]}],"is_beta":false,"boss_relics":[{"not_picked":["Cursed Key","Astrolabe"],"picked":"Black Star"},{"not_picked":["Sozu","Snecko Eye"],"picked":"Velvet Choker"}],"items_purged_floors":[],"is_endless":false,"potions_floor_spawned":[1,7,13,20,21,22,33,35,36,37,39,42],"ascension_level":0}}