{"host":"iy58fyt9wsbv4cf1","time":1609041291,"event":{"mods":["BaseMod","Better Altar","Better Match","Better Skull","Better Third Choice","BetterRewards","Conspire","Custom Start","Defuse TimeMaze Blight","Hubris","Infinite Spire","Minty Spire (QoL Compilation)","Permanent Neow","Quick Restart","Spicy Shops","StSLib"],"gold_per_floor":[113,132,142,171,171,171,206,22,46,71,94,22,37,60,60,179,179,198,108,45,58,79,110,133,133,187,205,221,234,272,272,272,396,396,412,426,426,426,439,439,482,245,269,269,14,53,78,119,119,238,238,249,249,249,249,249,249,261,261,261,261,266,266,74,90,90,209,209,225,234,234,243,274,309,309,259,335,210,210,132,150,65,65,181,181,197,212,434,492,492,517,529,556,556,556,561,624,361,380,380,492,492,506,506,506,506,506,524,545,572,624,636,663,675,687,708,720,853,865,898,910,939,951,963,1006,1018,1046,1083,1134,1146,1158,1170,1189,1201,1336,1348,1379,1391,1403,1415,1467,1493,1505,1537,1579,1591,1603,1731,1743,1755,1688,1714,1824],"floor_reached":158,"playtime":3014,"items_purged":["Defend_R","Strike_R","Strike_R","Strike_R","Hemokinesis","Bash","Flex","Defend_R","Defend_R","Double Tap","Exhume+1"],"score":5565,"play_id":"6719677f-6cf0-40e5-ad3c-8d0676c76996","local_time":"20201226225451","is_ascension_mode":true,"campfire_choices":[{"data":"Body Slam","floor":6.0,"key":"SMITH"},{"data":"Entrench","floor":15.0,"key":"SMITH"},{"data":"Impervious","floor":25.0,"key":"SMITH"},{"data":"Evolve","floor":32,"key":"SMITH"},{"data":"Offering","floor":40,"key":"SMITH"},{"data":"Exhume","floor":44,"key":"SMITH"},{"data":"Impervious+1","floor":49,"key":"SMITH"},{"floor":57,"key":"RECALL"},{"data":"Impervious+2","floor":59,"key":"SMITH"},{"data":"Impervious+3","floor":61,"key":"SMITH"},{"data":"Impervious+4","floor":63,"key":"SMITH"},{"data":"conspire:Purge","floor":66,"key":"SMITH"},{"data":"Impervious+5","floor":79,"key":"SMITH"},{"data":"Shrug It Off","floor":83,"key":"SMITH"},{"data":"1","floor":100,"key":"LIFT"},{"data":"2","floor":115,"key":"LIFT"},{"data":"3","floor":117,"key":"LIFT"},{"data":"Impervious+6","floor":126,"key":"SMITH"},{"data":"Impervious+7","floor":131,"key":"SMITH"},{"data":"Impervious+8","floor":134,"key":"SMITH"},{"data":"Impervious+9","floor":142,"key":"SMITH"},{"data":"Impervious+9","floor":151,"key":"SMITH"},{"data":"Offering+1","floor":154,"key":"SMITH"}],"circlet_count":0,"master_deck":["Battle Trance+1","Shrug It Off+1","Body Slam+1","Body Slam+1","Shrug It Off+1","Entrench+1","Impervious+10","Offering+2","Shrug It Off+1","Body Slam+1","Entrench+1","Impervious+10"],"relics":["Burning Blood","Calipers","Membership Card","Lee\u0027s Waffle","Torii","Golden Idol","InkBottle","DollysMirror","Bag of Preparation","Sozu","Toy Ornithopter","Bronze Scales","Paper Frog","Runic Cube","Prayer Wheel","Bottled Lightning","hubris:SlimyHat","FossilizedHelix","Happy Flower","conspire:InfiniteJournal","hubris:PeanutButter","infinitespire:FocusingShard","hubris:SphereOfDissonance","Odd Mushroom","Red Mask","Letter Opener","hubris:DeckOfHolding","War Paint","StoneCalendar","hubris:FunFungus","hubris:Towel","HornCleat","Incense Burner","CaptainsWheel","Girya","infinitespire:Bottled Soul","hubris:Backtick","conspire:BottledYoYo","hubris:ChampionShield","hubris:Teleporter","Lantern","MawBank","hubris:HollowSoul","hubris:Icosahedron","Matryoshka","hubris:ToyBattleship","Tiny Chest","hubris:MysteriousPyramids","hubris:TerracottaHorce","Vajra","hubris:Metronome","conspire:Flyswatter","Mercury Hourglass","hubris:CrystalStatue","Champion Belt","Philosopher\u0027s Stone","infinitespire:Beetle Shell","Art of War"],"acts_visited":["Exordium","TheCity","TheBeyond","Exordium","TheCity","TheBeyond","Exordium","TheCity","TheBeyond","TheEnding"],"potions_floor_usage":[],"damage_taken":[{"damage":0.0,"enemies":"Cultist","floor":1.0,"turns":3.0},{"damage":0.0,"enemies":"Small Slimes","floor":2.0,"turns":3.0},{"damage":3.0,"enemies":"Jaw Worm","floor":3.0,"turns":3.0},{"damage":24.0,"enemies":"conspire:MimicChest","floor":4.0,"turns":8.0},{"damage":7.0,"enemies":"Gremlin Nob","floor":7.0,"turns":4.0},{"damage":6.0,"enemies":"3 Louse","floor":10.0,"turns":3.0},{"damage":0.0,"enemies":"Exordium Wildlife","floor":11.0,"turns":4.0},{"damage":0.0,"enemies":"Red Slaver","floor":13.0,"turns":4.0},{"damage":2.0,"enemies":"Lots of Slimes","floor":14.0,"turns":5.0},{"damage":2.0,"enemies":"The Guardian","floor":16.0,"turns":10.0},{"damage":0.0,"enemies":"conspire:FuzzyDice","floor":18.0,"turns":2.0},{"damage":0.0,"enemies":"Chosen","floor":21.0,"turns":2.0},{"damage":0.0,"enemies":"Sentry and Sphere","floor":22.0,"turns":3.0},{"damage":7.0,"enemies":"Slavers","floor":23.0,"turns":4.0},{"damage":0.0,"enemies":"Snake Plant","floor":24.0,"turns":1.0},{"damage":0.0,"enemies":"conspire:HollyBat","floor":27.0,"turns":8.0},{"damage":0,"enemies":"Cultist and Chosen","floor":28,"turns":2},{"damage":0,"enemies":"Snecko","floor":29,"turns":7},{"damage":0,"enemies":"Nightmare","floor":30,"turns":6},{"damage":0,"enemies":"Collector","floor":33,"turns":4},{"damage":0,"enemies":"3 Shapes","floor":35,"turns":3},{"damage":3,"enemies":"Orb Walker","floor":36,"turns":3},{"damage":0,"enemies":"Maw","floor":39,"turns":3},{"damage":6,"enemies":"Nightmare","floor":41,"turns":4},{"damage":0,"enemies":"Giant Head","floor":46,"turns":2},{"damage":0,"enemies":"Spire Growth","floor":47,"turns":1},{"damage":0,"enemies":"Nemesis","floor":48,"turns":1},{"damage":0,"enemies":"Donu and Deca","floor":50,"turns":2},{"damage":0,"enemies":"Jaw Worm","floor":52,"turns":1},{"damage":0,"enemies":"2 Louse","floor":58,"turns":1},{"damage":0,"enemies":"Small Slimes","floor":62,"turns":1},{"damage":0,"enemies":"The Mushroom Lair","floor":65,"turns":1},{"damage":0,"enemies":"Slime Boss","floor":67,"turns":1},{"damage":0,"enemies":"Spheric Guardian","floor":69,"turns":1},{"damage":0,"enemies":"3 Byrds","floor":70,"turns":1},{"damage":0,"enemies":"Cultist and Chosen","floor":72,"turns":1},{"damage":0,"enemies":"Masked Bandits","floor":73,"turns":1},{"damage":0,"enemies":"Slavers","floor":74,"turns":1},{"damage":0,"enemies":"Snecko","floor":81,"turns":1},{"damage":0,"enemies":"Collector","floor":84,"turns":1},{"damage":0,"enemies":"3 Shapes","floor":86,"turns":1},{"damage":0,"enemies":"Orb Walker","floor":87,"turns":1},{"damage":0,"enemies":"Mind Bloom Boss Battle","floor":89,"turns":1},{"damage":0,"enemies":"Nightmare","floor":91,"turns":1},{"damage":0,"enemies":"Spire Growth","floor":92,"turns":1},{"damage":0,"enemies":"Reptomancer","floor":93,"turns":1},{"damage":0,"enemies":"Transient","floor":96,"turns":1},{"damage":0,"enemies":"2 Orb Walkers","floor":97,"turns":1},{"damage":0,"enemies":"Maw","floor":99,"turns":1},{"damage":0,"enemies":"infinitespire:MassOfShapes","floor":101,"turns":1},{"damage":0,"enemies":"Small Slimes","floor":103,"turns":1},{"damage":0,"enemies":"2 Louse","floor":108,"turns":1},{"damage":0,"enemies":"Cultist","floor":109,"turns":1},{"damage":0,"enemies":"Nightmare","floor":110,"turns":1},{"damage":0,"enemies":"Blue Slaver","floor":112,"turns":1},{"damage":0,"enemies":"3 Sentries","floor":113,"turns":1},{"damage":0,"enemies":"Large Slime","floor":116,"turns":1},{"damage":0,"enemies":"Slime Boss","floor":118,"turns":1},{"damage":0,"enemies":"2 Thieves","floor":120,"turns":1},{"damage":0,"enemies":"3 Byrds","floor":122,"turns":1},{"damage":0,"enemies":"Nightmare_Alpha","floor":125,"turns":4},{"damage":0,"enemies":"Sentry and Sphere","floor":127,"turns":1},{"damage":0,"enemies":"Gremlin Leader","floor":129,"turns":1},{"damage":0,"enemies":"Shelled Parasite and Fungi","floor":133,"turns":1},{"damage":0,"enemies":"Automaton","floor":135,"turns":1},{"damage":0,"enemies":"3 Shapes","floor":137,"turns":1},{"damage":0,"enemies":"Giant Head","floor":143,"turns":1},{"damage":0,"enemies":"Orb Walker","floor":144,"turns":1},{"damage":0,"enemies":"Nightmare_Alpha","floor":147,"turns":5},{"damage":0,"enemies":"Giant Head","floor":149,"turns":1},{"damage":0,"enemies":"infinitespire:LordOfFortification","floor":152,"turns":1},{"damage":0,"enemies":"Shield and Spear","floor":156,"turns":1},{"damage":0,"enemies":"The Heart","floor":157,"turns":6}],"seed_played":"-8040146736384234795","potions_obtained":[{"floor":4.0,"key":"Strength Potion"},{"floor":7.0,"key":"Regen Potion"},{"floor":10.0,"key":"BlessingOfTheForge"},{"floor":13.0,"key":"Fire Potion"}],"is_trial":false,"path_per_floor":["M","M","M","?","?","R","E","$","T","M","M","$","M","M","R","B",null,"M","?","$","M","M","E","M","R","T","M","M","M","NM","?","R","B",null,"M","M","AVR","?","M","R","NM","$","T","R","$","E","M","E","R","B",null,"M","?","AVR","?","?","R","M","R","T","R","M","R","$","?","R","B",null,"M","M","?","M","?","E","?","?","T","$","R","$","M","?","R","B",null,"M","M","?","?","?","NM","M","E","T","?","M","?","$","M","R","B",null,"M","?","?","?","AVR","M","M","NM","T","M","E","$","R","M","R","B",null,"M","$","M","?","?","NM","R","M","T","E","$","R","?","M","R","B",null,"M","T","?","R","E","M","T","NM","E","$","R","B",null,"R","$","E","B",null],"character_chosen":"IRONCLAD","items_purchased":["Battle Trance","Calipers","Membership Card","Lee\u0027s Waffle","Shrug It Off","Shrug It Off","DollysMirror","Shrug It Off","Uppercut","Bag of Preparation","hubris:SlimyHat","FossilizedHelix","conspire:InfiniteJournal","conspire:Purge","War Paint","infinitespire:Bottled Soul","infinitespire:Beetle Shell"],"campfire_rested":0,"item_purchase_floors":[0,0,0,0,0,0,8,8,8,12,42,42,45,64,80,98,155],"current_hp_per_floor":[87,87,87,69,48,48,47,47,47,47,53,53,59,63,63,67,87,87,87,87,87,87,86,87,87,87,87,87,87,87,87,87,87,87,87,87,87,87,87,87,87,87,87,87,87,87,87,87,87,87,87,87,92,92,92,92,92,92,92,92,92,92,92,92,92,92,92,92,92,92,92,92,92,92,95,95,95,95,95,95,95,95,95,95,95,95,95,95,95,95,95,95,95,95,95,95,95,95,95,95,95,95,95,95,95,100,100,100,100,100,100,100,100,100,100,100,100,100,100,100,100,100,100,100,100,100,100,100,100,100,100,100,100,100,100,100,100,100,100,100,100,100,100,100,100,100,100,100,100,100,100,100,100],"gold":1824,"neow_bonus":"","is_daily":false,"chose_seed":false,"campfire_upgraded":19,"win_rate":0.0,"timestamp":1609041291,"path_taken":["M","M","?","?","?","R","E","$","T","M","M","$","M","M","R","BOSS","M","?","$","?","M","E","M","R","T","M","M","M","NM","?","R","BOSS","M","?","AVR","?","?","R","NM","$","T","R","$","E","M","E","R","BOSS","M","?","AVR","?","?","R","?","R","T","R","M","R","$","?","R","BOSS","M","M","?","M","?","E","?","?","T","$","R","$","?","?","R","BOSS","M","M","?","?","?","NM","M","E","T","?","M","?","$","M","R","BOSS","M","?","?","?","AVR","M","M","NM","T","?","E","$","R","M","R","BOSS","M","$","?","?","?","NM","R","M","T","E","?","R","?","?","R","BOSS","M","?","?","R","E","?","T","NM","E","$","R","BOSS","R","$","E","BOSS"],"items_purchased_type":["Card","Relic","Relic","Relic","Card","Card","Relic","Card","Card","Relic","Relic","Relic","Relic","Card","Relic","Relic","Relic"],"build_version":"2020-12-22","purchased_purges":11,"victory":true,"max_hp_per_floor":[87,87,87,87,87,87,87,87,87,87,87,87,87,87,87,87,87,87,87,87,87,87,87,87,87,87,87,87,87,87,87,87,87,87,87,87,87,87,87,87,87,87,87,87,87,87,87,87,87,87,87,87,92,92,92,92,92,92,92,92,92,92,92,92,92,92,92,92,92,92,92,92,92,92,95,95,95,95,95,95,95,95,95,95,95,95,95,95,95,95,95,95,95,95,95,95,95,95,95,95,95,95,95,95,95,100,100,100,100,100,100,100,100,100,100,100,100,100,100,100,100,100,100,100,100,100,100,100,100,100,100,100,100,100,100,100,100,100,100,100,100,100,100,100,100,100,100,100,100,100,100,100,100],"card_choices":[{"not_picked":["Inflame","Shrug It Off","Havoc"],"picked":"SKIP","floor":1.0},{"not_picked":["Seeing Red","Armaments"],"picked":"Flex","floor":2.0},{"not_picked":["Dropkick","Combust","Uppercut"],"picked":"SKIP","floor":3.0},{"not_picked":["Pommel Strike","Dark Embrace"],"picked":"Body Slam","floor":4.0},{"not_picked":["Anger","Clothesline","Iron Wave"],"picked":"SKIP","floor":7.0},{"not_picked":["Thunderclap","Havoc"],"picked":"Evolve","floor":10.0},{"not_picked":["Limit Break","Dual Wield"],"picked":"Entrench","floor":11.0},{"not_picked":["infinitespire:OneForAll","Dual Wield","Rage"],"picked":"SKIP","floor":13.0},{"not_picked":["Reckless Charge","Uppercut","Seeing Red"],"picked":"SKIP","floor":14.0},{"not_picked":["Exhume","Fiend Fire"],"picked":"Impervious","floor":16.0},{"not_picked":["Pommel Strike","Headbutt+1","Rage"],"picked":"SKIP","floor":18.0},{"not_picked":["Flex","Twin Strike","Exhume"],"picked":"SKIP","floor":21.0},{"not_picked":["Flex","Twin Strike"],"picked":"Exhume","floor":21.0},{"not_picked":["Shrug It Off","Inflame+1","Whirlwind"],"picked":"SKIP","floor":22.0},{"not_picked":["Iron Wave+1","Metallicize+1","Pummel+1"],"picked":"SKIP","floor":23.0},{"not_picked":["Twin Strike+1","Spot Weakness+1","Searing Blow"],"picked":"SKIP","floor":24.0},{"not_picked":["Pommel Strike","Dark Embrace+1","Perfected Strike"],"picked":"SKIP","floor":27.0},{"not_picked":["Warcry+1","Sever Soul+1","Cleave"],"picked":"SKIP","floor":28},{"not_picked":["Headbutt+1","Carnage","Pommel Strike"],"picked":"SKIP","floor":29},{"not_picked":["Heavy Blade","Iron Wave","conspire:Charge+1"],"picked":"SKIP","floor":30},{"not_picked":["Bludgeon","Juggernaut"],"picked":"Double Tap","floor":33},{"not_picked":["True Grit","Dropkick+1","Twin Strike+1"],"picked":"SKIP","floor":35},{"not_picked":["Spot Weakness","Thunderclap","Burning Pact+1"],"picked":"SKIP","floor":36},{"not_picked":["Twin Strike","Wild Strike"],"picked":"Offering","floor":39},{"not_picked":["Sentinel+1","Dropkick+1","Headbutt"],"picked":"SKIP","floor":39},{"not_picked":["Armaments+1","Clothesline+1"],"picked":"Shrug It Off+1","floor":41},{"not_picked":["Whirlwind+1","True Grit+1","Blood for Blood+1"],"picked":"SKIP","floor":46},{"not_picked":["Searing Blow+1","Sword Boomerang+1"],"picked":"Body Slam+1","floor":47},{"not_picked":["Dual Wield+1","conspire:HitWhereItHurts","Dark Embrace+1"],"picked":"SKIP","floor":47},{"not_picked":["Twin Strike","Headbutt+1","hubris:StunningStrike"],"picked":"SKIP","floor":48},{"not_picked":["Dual Wield","Hemokinesis","Sword Boomerang"],"picked":"SKIP","floor":52},{"not_picked":["Cleave","Sever Soul","Headbutt"],"picked":"SKIP","floor":52},{"not_picked":["Cleave","Heavy Blade","Sword Boomerang"],"picked":"SKIP","floor":58},{"not_picked":["Wild Strike","Dual Wield","Clash"],"picked":"SKIP","floor":58},{"not_picked":["Anger","Headbutt","Twin Strike"],"picked":"SKIP","floor":62},{"not_picked":["Feel No Pain","Rupture","Armaments"],"picked":"SKIP","floor":62},{"not_picked":["Clash","Whirlwind","Power Through"],"picked":"SKIP","floor":69},{"not_picked":["Intimidate","Battle Trance","Perfected Strike+1"],"picked":"SKIP","floor":69},{"not_picked":["Clash+1","Shrug It Off","Shockwave"],"picked":"SKIP","floor":70},{"not_picked":["Shockwave+1","Iron Wave","Anger"],"picked":"SKIP","floor":70},{"not_picked":["Dropkick","Anger","Burning Pact"],"picked":"SKIP","floor":72},{"not_picked":["Wild Strike","Flex","Twin Strike"],"picked":"SKIP","floor":72},{"not_picked":["Anger","Pommel Strike","hubris:ReadiedAction"],"picked":"SKIP","floor":74},{"not_picked":["Second Wind+1","hubris:CleavingFinish+1","Clothesline"],"picked":"SKIP","floor":81},{"not_picked":["Sword Boomerang","infinitespire:OneForAll","Headbutt"],"picked":"SKIP","floor":81},{"not_picked":["Twin Strike+1","Flex+1","Clash"],"picked":"SKIP","floor":86},{"not_picked":["Clothesline+1","Twin Strike+1","Second Wind"],"picked":"SKIP","floor":86},{"not_picked":["Rupture","True Grit+1","conspire:ExplosiveBarrier+1"],"picked":"SKIP","floor":87},{"not_picked":["Cleave","Rage+1","Body Slam"],"picked":"SKIP","floor":87},{"not_picked":["Combust+1","Metallicize+1","Blood for Blood+1"],"picked":"SKIP","floor":91},{"not_picked":["Inflame+1","Havoc+1","Warcry+1"],"picked":"SKIP","floor":92},{"not_picked":["Havoc+1","Twin Strike","Blood for Blood+1"],"picked":"SKIP","floor":92},{"not_picked":["Dropkick","Pommel Strike+1"],"picked":"Entrench+1","floor":93},{"not_picked":["Flex+1","Clothesline+1","hubris:SharpeningStone+1"],"picked":"SKIP","floor":96},{"not_picked":["Infernal Blade+1","Uppercut+1","Anger"],"picked":"SKIP","floor":96},{"not_picked":["Reaper","Disarm","Carnage+1"],"picked":"SKIP","floor":99},{"not_picked":["Warcry","Shrug It Off+1","Iron Wave+1"],"picked":"SKIP","floor":99},{"not_picked":["Sword Boomerang","Warcry","Wild Strike"],"picked":"SKIP","floor":103},{"not_picked":["Pummel","Anger","Headbutt"],"picked":"SKIP","floor":103},{"not_picked":["Iron Wave","Fire Breathing","Inflame"],"picked":"SKIP","floor":108},{"not_picked":["Intimidate","conspire:Purge","Flex"],"picked":"SKIP","floor":108},{"not_picked":["conspire:ExplosiveBarrier","Rupture","Intimidate"],"picked":"SKIP","floor":109},{"not_picked":["Reaper","infinitespire:OneForAll","Shrug It Off"],"picked":"SKIP","floor":109},{"not_picked":["Wild Strike","Dark Embrace","Sword Boomerang"],"picked":"SKIP","floor":110},{"not_picked":["Armaments","hubris:CleavingFinish","Bloodletting"],"picked":"SKIP","floor":112},{"not_picked":["Headbutt","Flame Barrier","Wild Strike"],"picked":"SKIP","floor":112},{"not_picked":["Intimidate","Armaments","Anger"],"picked":"SKIP","floor":113},{"not_picked":["Flex","Headbutt","Thunderclap"],"picked":"SKIP","floor":116},{"not_picked":["Anger","conspire:Charge","Impervious"],"picked":"SKIP","floor":116},{"not_picked":["Twin Strike+1","Rampage+1","Hemokinesis"],"picked":"SKIP","floor":120},{"not_picked":["hubris:ReadiedAction","Iron Wave+1","Flame Barrier+1"],"picked":"SKIP","floor":120},{"not_picked":["Heavy Blade","hubris:SharpeningStone+1","Seeing Red"],"picked":"SKIP","floor":122},{"not_picked":["Ghostly Armor","Heavy Blade","Headbutt"],"picked":"SKIP","floor":122},{"not_picked":["Bloodletting","Infernal Blade+1","Armaments"],"picked":"SKIP","floor":125},{"not_picked":["Pommel Strike","Sword Boomerang+1","Flame Barrier"],"picked":"SKIP","floor":127},{"not_picked":["Bloodletting+1","Feel No Pain","infinitespire:OneForAll"],"picked":"SKIP","floor":127},{"not_picked":["Blood for Blood","Clash","Disarm"],"picked":"SKIP","floor":129},{"not_picked":["Headbutt","Evolve","Wild Strike"],"picked":"SKIP","floor":133},{"not_picked":["Rage","Sentinel","Perfected Strike"],"picked":"SKIP","floor":133},{"not_picked":["Clothesline","Flex","Wild Strike+1"],"picked":"SKIP","floor":137},{"not_picked":["Havoc","Flame Barrier","Warcry"],"picked":"SKIP","floor":137},{"not_picked":["Dark Embrace","Iron Wave+1","Clash"],"picked":"SKIP","floor":143},{"not_picked":["True Grit","Battle Trance","Sword Boomerang"],"picked":"SKIP","floor":144},{"not_picked":["hubris:ReadiedAction","conspire:HitWhereItHurts","Bloodletting+1"],"picked":"SKIP","floor":144},{"not_picked":["Carnage+1","Warcry+1","Cleave+1"],"picked":"SKIP","floor":147},{"not_picked":["Infernal Blade","Feel No Pain","Perfected Strike"],"picked":"SKIP","floor":149},{"not_picked":["Blood for Blood+1","Sword Boomerang","Perfected Strike"],"picked":"SKIP","floor":156}],"player_experience":29039,"relics_obtained":[{"floor":4.0,"key":"Torii"},{"floor":7.0,"key":"InkBottle"},{"floor":23.0,"key":"Toy Ornithopter"},{"floor":26.0,"key":"Bronze Scales"},{"floor":30,"key":"Paper Frog"},{"floor":41,"key":"Bottled Lightning"},{"floor":43,"key":"Happy Flower"},{"floor":46,"key":"hubris:PeanutButter"},{"floor":48,"key":"infinitespire:FocusingShard"},{"floor":60,"key":"hubris:SphereOfDissonance"},{"floor":65,"key":"Odd Mushroom"},{"floor":73,"key":"Red Mask"},{"floor":74,"key":"Letter Opener"},{"floor":77,"key":"hubris:DeckOfHolding"},{"floor":89,"key":"hubris:FunFungus"},{"floor":91,"key":"HornCleat"},{"floor":93,"key":"Incense Burner"},{"floor":94,"key":"CaptainsWheel"},{"floor":97,"key":"Girya"},{"floor":110,"key":"hubris:Teleporter"},{"floor":111,"key":"Lantern"},{"floor":113,"key":"MawBank"},{"floor":125,"key":"Matryoshka"},{"floor":128,"key":"hubris:ToyBattleship"},{"floor":128,"key":"Tiny Chest"},{"floor":129,"key":"hubris:MysteriousPyramids"},{"floor":139,"key":"Vajra"},{"floor":139,"key":"hubris:Metronome"},{"floor":143,"key":"conspire:Flyswatter"},{"floor":145,"key":"Mercury Hourglass"},{"floor":147,"key":"hubris:CrystalStatue"},{"floor":149,"key":"Champion Belt"},{"floor":156,"key":"Art of War"}],"event_choices":[{"damage_healed":0.0,"max_hp_gain":0.0,"max_hp_loss":0.0,"gold_gain":0.0,"event_name":"Golden Idol","player_choice":"Take Damage","floor":5.0,"gold_loss":0.0,"damage_taken":21.0,"relics_obtained":["Golden Idol"]},{"cards_removed":["Strike_R"],"damage_healed":0.0,"max_hp_gain":0.0,"max_hp_loss":0.0,"gold_gain":0.0,"event_name":"Designer","player_choice":"Upgrade and Remove","floor":19.0,"gold_loss":90.0,"damage_taken":0.0,"cards_upgraded":["Defend_R"]},{"damage_healed":0,"gold_gain":0,"cards_transformed":["Strike_R"],"player_choice":"Transformed","damage_taken":0,"max_hp_gain":0,"max_hp_loss":0,"event_name":"Transmorgrifier","floor":31,"gold_loss":0,"cards_obtained":["Hemokinesis"]},{"damage_healed":0,"gold_gain":0,"player_choice":"Got Potions","damage_taken":0,"max_hp_gain":0,"max_hp_loss":0,"event_name":"Lab","floor":38,"gold_loss":0},{"damage_healed":0,"gold_gain":0,"player_choice":"Donut","damage_taken":0,"max_hp_gain":5,"max_hp_loss":0,"event_name":"Big Fish","floor":53,"gold_loss":0},{"damage_healed":0,"gold_gain":0,"player_choice":"Disagree","damage_taken":0,"max_hp_gain":0,"max_hp_loss":0,"event_name":"conspire:LoneGhost","floor":55,"gold_loss":0},{"damage_healed":0,"gold_gain":0,"player_choice":"Leave","damage_taken":0,"max_hp_gain":0,"max_hp_loss":0,"event_name":"conspire:Investor","floor":56,"gold_loss":0},{"damage_healed":0,"gold_gain":0,"player_choice":"Fought Mushrooms","damage_taken":0,"max_hp_gain":0,"max_hp_loss":0,"event_name":"Mushrooms","floor":65,"gold_loss":0},{"damage_healed":0,"gold_gain":0,"player_choice":"Ignored","damage_taken":0,"max_hp_gain":0,"max_hp_loss":0,"event_name":"Vampires","floor":71,"gold_loss":0},{"damage_healed":0,"gold_gain":0,"player_choice":"Fought Bandits","damage_taken":0,"max_hp_gain":0,"max_hp_loss":0,"event_name":"Masked Bandits","floor":73,"gold_loss":0},{"damage_healed":0,"gold_gain":0,"player_choice":"Bet on Owner","damage_taken":0,"max_hp_gain":0,"max_hp_loss":0,"event_name":"The Joust","floor":76,"gold_loss":50},{"damage_healed":0,"gold_gain":0,"player_choice":"Obtained Relic","damage_taken":0,"relics_obtained":["StoneCalendar"],"max_hp_gain":0,"max_hp_loss":0,"event_name":"Addict","floor":82,"gold_loss":85},{"damage_healed":0,"gold_gain":222,"player_choice":"Wore Mask","damage_taken":0,"max_hp_gain":0,"max_hp_loss":0,"event_name":"Tomb of Lord Red Mask","floor":88,"gold_loss":0},{"damage_healed":0,"gold_gain":0,"player_choice":"Fight","damage_taken":0,"max_hp_gain":0,"max_hp_loss":0,"event_name":"MindBloom","floor":89,"gold_loss":0},{"damage_healed":0,"gold_gain":0,"player_choice":"Fight","damage_taken":0,"max_hp_gain":0,"max_hp_loss":0,"event_name":"Mysterious Sphere","floor":97,"gold_loss":0},{"cards_removed":["conspire:Purge"],"damage_healed":0,"gold_gain":0,"player_choice":"Forget","damage_taken":0,"max_hp_gain":0,"max_hp_loss":0,"event_name":"Living Wall","floor":104,"gold_loss":0},{"damage_healed":0,"gold_gain":0,"player_choice":"Donut","damage_taken":0,"max_hp_gain":5,"max_hp_loss":0,"event_name":"Big Fish","floor":106,"gold_loss":0},{"damage_healed":33,"gold_gain":0,"player_choice":"Heal","damage_taken":0,"max_hp_gain":0,"max_hp_loss":0,"event_name":"The Library","floor":132,"gold_loss":0},{"damage_healed":0,"gold_gain":0,"player_choice":"Copied","damage_taken":0,"max_hp_gain":0,"max_hp_loss":0,"event_name":"Duplicator","floor":140,"gold_loss":0,"cards_obtained":["Impervious"]}],"is_beta":false,"boss_relics":[{"not_picked":["SacredBark","hubris:Stopwatch"],"picked":"Sozu"},{"not_picked":["hubris:BlackHole","Pandora\u0027s Box"],"picked":"Runic Cube"},{"not_picked":["infinitespire:Burning Sword","Mark of Pain","conspire:SeveredTorchhead"]},{"not_picked":["hubris:BlackHole","conspire:SlowCooker","Velvet Choker"]},{"not_picked":["Busted Crown","Philosopher\u0027s Stone","hubris:Stopwatch"]},{"not_picked":["Pandora\u0027s Box","conspire:RoyalGoblet"],"picked":"hubris:Backtick"},{"not_picked":["Astrolabe","Empty Cage"],"picked":"hubris:HollowSoul"},{"not_picked":["hubris:GrandSneckoEye","infinitespire:Burning Sword"],"picked":"hubris:TerracottaHorce"},{"not_picked":["SacredBark","conspire:SlowCooker"],"picked":"Philosopher\u0027s Stone"}],"items_purged_floors":[0,8,20,37,42,42,45,54,64,78,98],"is_endless":true,"potions_floor_spawned":[4,7,10,13,16,22,23,27,36,39,41,50,58,65,70,74,81,92,93,96,97,108,109,112,120,127,129,135,144,149,152,156],"ascension_level":5}}