{"host":"a8rzj4nfw2w5de5r","time":1609090433,"event":{"mods":["BaseMod","Bestiary","Block Reminder","Colored Map","Downfall","Highlight Path","Minty Spire (QoL Compilation)","Relic Sorter","Relic Stats","StSLib"],"gold_per_floor":[99,109,119,139,151,151,151,168,168,168,168],"floor_reached":9,"playtime":702,"items_purged":[],"score":55,"play_id":"3da8bd61-ecae-4029-9c6d-6f0a258e97bd","local_time":"20201227230353","is_ascension_mode":false,"campfire_choices":[{"data":"champ:Taunt","floor":1,"key":"SMITH"},{"data":"champ:Circumvent","floor":6,"key":"SMITH"}],"circlet_count":0,"master_deck":["champ:Strike","champ:Strike","champ:Strike","champ:Strike","champ:Defend","champ:Defend","champ:Defend","champ:Defend","champ:Execute","champ:Taunt+1","champ:HeavySlash","champ:BringItOn","champ:BladeFlurry","champ:Circumvent+1"],"relics":["champ:ChampionCrown","TungstenRod"],"acts_visited":["Exordium"],"potions_floor_usage":[9],"damage_taken":[{"damage":7,"enemies":"Cultist","floor":2,"turns":4},{"damage":10,"enemies":"Small Slimes","floor":3,"turns":4},{"damage":0,"enemies":"2 Louse","floor":4,"turns":2},{"damage":30,"enemies":"Exordium Thugs","floor":5,"turns":10},{"damage":9,"enemies":"2 Fungi Beasts","floor":8,"turns":3},{"damage":32,"enemies":"3 Sentries","floor":9,"turns":6}],"seed_played":"3599958877545322113","potions_obtained":[{"floor":8,"key":"champ:UltimateStancePotion"}],"is_trial":false,"path_per_floor":["R","M","M","M","M","R","T","M","E"],"character_chosen":"THE_CHAMP","items_purchased":[],"campfire_rested":0,"item_purchase_floors":[],"current_hp_per_floor":[63,61,51,51,26,26,26,22,0,0,0],"gold":168,"neow_bonus":"THREE_RARE_CARDS","is_daily":false,"chose_seed":false,"campfire_upgraded":2,"win_rate":0.0,"timestamp":1609090433,"path_taken":["R","M","M","M","?","R","T","?","E"],"items_purchased_type":[],"build_version":"2020-12-22","purchased_purges":0,"victory":false,"max_hp_per_floor":[90,90,90,90,90,90,90,90,90,90,90],"relic_stats":{"counters":[6,29],"obtain_stats":[{"champ:ChampionCrown":0,"TungstenRod":7},{"champ:ChampionCrown":0,"TungstenRod":4},{"champ:ChampionCrown":0,"TungstenRod":20}],"TungstenRod":7},"card_choices":[{"not_picked":["champ:CheapShot","champ:PerfectForm"],"picked":"champ:HeavySlash","floor":0},{"not_picked":["champ:Haymaker","champ:DefensiveShout"],"picked":"champ:BringItOn","floor":2},{"not_picked":["champ:FocusedGladiator","champ:SwordSigil"],"picked":"champ:BladeFlurry","floor":3},{"not_picked":["champ:RageSigil","champ:ShieldSlam"],"picked":"champ:Circumvent","floor":4},{"not_picked":["champ:BringItOn","champ:Backstep","champ:BladeFlurry"],"picked":"SKIP","floor":5},{"not_picked":["champ:FanOfKnives","champ:IronFortress","champ:Control"],"picked":"SKIP","floor":8}],"player_experience":589685,"relics_obtained":[{"floor":7,"key":"TungstenRod"}],"event_choices":[],"is_beta":false,"boss_relics":[],"items_purged_floors":[],"is_endless":false,"potions_floor_spawned":[8],"killed_by":"3 Sentries","ascension_level":0}}