{"host":"b4asi0laiv85suj9","time":1609043729,"event":{"mods":["ATMod(阿瑾Mod)","BaseMod","Minty Spire (QoL Compilation)","MostiFishMod","Relic Stats","StSLib","TestMod","noobMod"],"gold_per_floor":[112,124,124,137,62,62,114,114,141,154,166,192,207,221,221,297,297,313,323,157,207,222,248,248,258,304,140,172,172,186,219,219,293,293,307,318,318,318,331,363,383,409,432,81,81,81,116,142,151,151,151,151,97,136,136],"floor_reached":56,"playtime":4309,"items_purged":["Defend_G","Strike_G"],"score":2687,"play_id":"a8da43aa-c45e-469a-91ea-155b503fa8d9","local_time":"20201227123529","is_ascension_mode":true,"campfire_choices":[{"data":"AT_FamilyPortrait","floor":6,"key":"SMITH"},{"data":"Accuracy","floor":15,"key":"SMITH"},{"floor":24,"key":"RECALL"},{"floor":29,"key":"REST"},{"floor":32,"key":"REST"},{"floor":45,"key":"REST"},{"floor":49,"key":"REST"},{"floor":52,"key":"REST"}],"circlet_count":0,"master_deck":["AscendersBane","Strike_G","Strike_G","Strike_G","Defend_G+1","Defend_G","Defend_G+1","Survivor","Neutralize","AT_FamilyPortrait+1","Blade Dance","Backflip","Calculated Gamble","Flechettes","AT_TinkerSharpsword","Accuracy+1","MostiFishMod:Opportunism","Cloak And Dagger","Tactician","Escape Plan+1","Infinite Blades","MostiFishMod:Wind","Terror","Burst","AT_ThistleTea","MostiFishMod:VineMother","MostiFishMod:AdrenalineArouse","Well Laid Plans","AT_ShadowStep","AT_ArcaneSupremacy"],"relics":["Ring of the Snake","testmod-TestBox","DaveBox","ice","AT_ATBox","NeowsBlessing","testmod-RealStoneCalender","Transparent","SynthV:TestCard","TungstenRod","SynthV:C4","AT_RedTearstoneRing","Fusion Hammer","AT_SeraphEmbrace","Dream Catcher","Lantern","AT_BellDemon","Blue Candle","AT_EbonyIvory","Pantograph","Molten Egg 2","Mercury Hourglass","xbg","testmod-Déjàvu","Happy Flower","DaCapo","Shuriken","Akabeko","AT_TimeSand","Ancient Tea Set","War Paint","Potion Belt","Blood Vial","CombinedTypeHook","CeramicFish","testmod-OneHitWonder"],"acts_visited":["Exordium","TheCity","TheBeyond","TheEnding"],"potions_floor_usage":[28,28,50,55],"damage_taken":[{"damage":6,"enemies":"2 Louse","floor":1,"turns":1},{"damage":10,"enemies":"Jaw Worm","floor":2,"turns":1},{"damage":6,"enemies":"Cultist","floor":4,"turns":1},{"damage":12,"enemies":"Gremlin Nob","floor":7,"turns":2},{"damage":5,"enemies":"Red Slaver","floor":10,"turns":1},{"damage":5,"enemies":"Looter","floor":11,"turns":1},{"damage":20,"enemies":"3 Sentries","floor":12,"turns":4},{"damage":10,"enemies":"Exordium Thugs","floor":13,"turns":2},{"damage":11,"enemies":"3 Louse","floor":14,"turns":2},{"damage":20,"enemies":"The Guardian","floor":16,"turns":4},{"damage":10,"enemies":"Chosen","floor":18,"turns":2},{"damage":15,"enemies":"3 Byrds","floor":19,"turns":3},{"damage":15,"enemies":"3 Cultists","floor":22,"turns":3},{"damage":24,"enemies":"Gremlin Leader","floor":23,"turns":3},{"damage":15,"enemies":"Cultist and Chosen","floor":25,"turns":3},{"damage":10,"enemies":"Slavers","floor":28,"turns":2},{"damage":31,"enemies":"Centurion and Healer","floor":30,"turns":2},{"damage":47,"enemies":"Gremlin Leader","floor":31,"turns":3},{"damage":57,"enemies":"Champ","floor":33,"turns":4},{"damage":10,"enemies":"Orb Walker","floor":35,"turns":2},{"damage":39,"enemies":"3 Shapes","floor":36,"turns":2},{"damage":10,"enemies":"Spire Growth","floor":39,"turns":2},{"damage":10,"enemies":"Giant Head","floor":40,"turns":2},{"damage":10,"enemies":"3 Darklings","floor":41,"turns":2},{"damage":15,"enemies":"Reptomancer","floor":42,"turns":3},{"damage":29,"enemies":"Nemesis","floor":47,"turns":3},{"damage":15,"enemies":"Maw","floor":48,"turns":3},{"damage":45,"enemies":"Time Eater","floor":50,"turns":4},{"damage":32,"enemies":"Shield and Spear","floor":54,"turns":3},{"damage":72,"enemies":"The Heart","floor":55,"turns":4}],"seed_played":"-3757520846699904432","potions_obtained":[{"floor":2,"key":"DistilledChaos"},{"floor":10,"key":"FairyPotion"},{"floor":12,"key":"Energy Potion"},{"floor":28,"key":"EssenceOfSteel"},{"floor":30,"key":"GamblersBrew"},{"floor":36,"key":"testmod-TestPotion"},{"floor":39,"key":"PowerPotion"},{"floor":41,"key":"GhostInAJar"}],"is_trial":false,"path_per_floor":["M","M","?","M","$","R","E","T","T","M","M","E","M","M","R","B",null,"M","M","$","?","M","E","R","M","T","$","E","R","M","E","R","B",null,"M","M","?","?","M","E","M","E","T","$","R","?","E","M","R","B",null,"R","$","E","B",null],"character_chosen":"THE_SILENT","items_purchased":["AT_ArchangelStaff","AT_BellDemon","Potion Belt","MostiFishMod:AdrenalineArouse","Fire Potion"],"campfire_rested":5,"item_purchase_floors":[20,27,44,44,53],"current_hp_per_floor":[66,66,59,66,66,66,66,66,66,66,66,66,66,66,66,66,66,66,66,66,66,66,66,66,66,66,66,66,66,66,66,66,55,63,66,66,66,66,66,66,66,66,66,66,66,66,67,68,68,75,75,75,75,78,144],"gold":136,"neow_bonus":"THREE_ENEMY_KILL","is_daily":false,"chose_seed":false,"campfire_upgraded":2,"win_rate":0.0,"timestamp":1609043729,"path_taken":["M","M","?","M","$","R","E","?","T","M","M","E","M","M","R","BOSS","M","?","?","?","M","E","R","?","T","$","E","R","M","E","R","BOSS","M","M","?","?","M","E","M","E","T","$","R","?","E","?","R","BOSS","R","$","E","BOSS"],"items_purchased_type":["Relic","Relic","Relic","Card","Potion"],"build_version":"2020-12-22","purchased_purges":2,"victory":true,"max_hp_per_floor":[66,66,66,66,66,66,66,66,66,66,66,66,66,66,66,66,66,66,66,66,66,66,66,66,66,66,66,66,66,66,66,66,66,66,66,66,66,66,66,66,66,66,66,66,66,66,67,68,68,75,75,75,75,78,144],"relic_stats":{"Happy Flower":[8],"counters":[30,74],"Blue Candle":[0],"CeramicFish":27,"War Paint":["Defend_G","Defend_G"],"Mercury Hourglass":[112],"Blood Vial":0,"Dream Catcher":5,"Shuriken":[24],"Pantograph":0,"obtain_stats":[{"AT_BellDemon":27,"AT_SeraphEmbrace":40,"CombinedTypeHook":47,"Lantern":26,"AT_ATBox":0,"DaveBox":0,"CeramicFish":48,"ice":0,"AT_TimeSand":42,"AT_ArchangelStaff":20,"Ancient Tea Set":42,"SynthV:C4":9,"Blood Vial":47,"Dream Catcher":23,"Pantograph":31,"Fusion Hammer":17,"testmod-Déjàvu":35,"DaCapo":40,"Ring of the Snake":0,"Potion Belt":44,"AT_RedTearstoneRing":12,"testmod-TestBox":0,"NeowsBlessing":0,"Happy Flower":39,"Blue Candle":28,"AT_EbonyIvory":30,"War Paint":43,"Akabeko":41,"Mercury Hourglass":33,"testmod-RealStoneCalender":0,"SynthV:TestCard":1,"Transparent":0,"Shuriken":40,"Molten Egg 2":31,"xbg":34,"TungstenRod":7,"testmod-OneHitWonder":54},{"AT_BellDemon":15,"AT_SeraphEmbrace":23,"CombinedTypeHook":26,"Lantern":15,"AT_ATBox":0,"DaveBox":0,"CeramicFish":27,"ice":0,"AT_TimeSand":25,"AT_ArchangelStaff":12,"Ancient Tea Set":25,"SynthV:C4":4,"Blood Vial":26,"Dream Catcher":14,"Pantograph":18,"Fusion Hammer":10,"testmod-Déjàvu":20,"DaCapo":23,"Ring of the Snake":0,"Potion Belt":25,"AT_RedTearstoneRing":7,"testmod-TestBox":0,"NeowsBlessing":0,"Happy Flower":22,"Blue Candle":16,"AT_EbonyIvory":17,"War Paint":25,"Akabeko":24,"Mercury Hourglass":19,"testmod-RealStoneCalender":0,"SynthV:TestCard":1,"Transparent":0,"Shuriken":23,"Molten Egg 2":18,"xbg":19,"TungstenRod":4,"testmod-OneHitWonder":29},{"AT_BellDemon":33,"AT_SeraphEmbrace":51,"CombinedTypeHook":60,"Lantern":33,"AT_ATBox":0,"DaveBox":0,"CeramicFish":63,"ice":0,"AT_TimeSand":57,"AT_ArchangelStaff":24,"Ancient Tea Set":57,"SynthV:C4":5,"Blood Vial":60,"Dream Catcher":30,"Pantograph":40,"Fusion Hammer":19,"testmod-Déjàvu":46,"DaCapo":52,"Ring of the Snake":0,"Potion Belt":57,"AT_RedTearstoneRing":11,"testmod-TestBox":0,"NeowsBlessing":0,"Happy Flower":50,"Blue Candle":35,"AT_EbonyIvory":37,"War Paint":57,"Akabeko":54,"Mercury Hourglass":44,"testmod-RealStoneCalender":0,"SynthV:TestCard":1,"Transparent":0,"Shuriken":52,"Molten Egg 2":40,"xbg":44,"TungstenRod":5,"testmod-OneHitWonder":70}],"TungstenRod":138,"Ring of the Snake":[60]},"card_choices":[{"not_picked":["Heel Hook","Skewer"],"picked":"Blade Dance","floor":1},{"not_picked":["Backstab","AT_WindFlip","Dash","Blade Dance","Underhanded Strike"],"picked":"SKIP","floor":2},{"not_picked":["Dagger Spray","Bane","MostiFishMod:SpreadingSpore","Concentrate"],"picked":"Backflip","floor":4},{"not_picked":["Blur","Poisoned Stab","AT_WomanClash","All Out Attack"],"picked":"Calculated Gamble","floor":7},{"not_picked":["MostiFishMod:PerfectParry","PiercingWail","Poisoned Stab","AT_WomanClash","Blade Dance"],"picked":"SKIP","floor":10},{"not_picked":["Choke","Dagger Spray","Noxious Fumes","Footwork"],"picked":"Flechettes","floor":11},{"not_picked":["AT_TwilightShroud","Choke","Cloak And Dagger","AT_FocusSwordFire"],"picked":"AT_TinkerSharpsword","floor":12},{"not_picked":["Acrobatics","Dagger Throw","Quick Slash","Flying Knee","Blur"],"picked":"SKIP","floor":13},{"not_picked":["AT_WindFlip","Escape Plan","Cloak And Dagger","PiercingWail"],"picked":"Accuracy","floor":14},{"not_picked":["Envenom","Venomology","Grand Finale","MostiFishMod:GrandStart"],"picked":"MostiFishMod:Opportunism","floor":16},{"not_picked":["Bouncing Flask","Deflect","MostiFishMod:PerfectParry","AT_WindFlip"],"picked":"Cloak And Dagger","floor":18},{"not_picked":["Dodge and Roll","Prepared+1","Deadly Poison","Dagger Spray"],"picked":"Tactician","floor":19},{"not_picked":["Quick Slash","Noxious Fumes","AT_KneejerkReflex","MostiFishMod:InvigoratingSolution"],"picked":"Escape Plan+1","floor":22},{"not_picked":["Backflip","AT_TwilightShroud","Blur","Blade Dance","Slice+1"],"picked":"SKIP","floor":23},{"not_picked":["AT_TinkerSharpsword","Backstab","Deflect+1","Backflip"],"picked":"Infinite Blades","floor":25},{"not_picked":["Riddle With Holes","Sucker Punch","Slice","Setup+1"],"picked":"MostiFishMod:Wind","floor":28},{"not_picked":["Sucker Punch","Outmaneuver+1","Deadly Poison","Dagger Throw"],"picked":"Terror","floor":30},{"not_picked":["Expertise","Quick Slash+1","MostiFishMod:PerfectParry","Dagger Throw+1","Cloak And Dagger+1"],"picked":"SKIP","floor":31},{"not_picked":["AT_MyraUnstableElement","MostiFishMod:Opportunism","Night Terror","Tools of the Trade"],"picked":"Burst","floor":33},{"not_picked":["Concentrate","Backflip+1","Endless Agony+1","Acrobatics","Underhanded Strike+1"],"picked":"SKIP","floor":35},{"not_picked":["Backflip","Sucker Punch+1","Dagger Throw+1","Dodge and Roll","Predator+1"],"picked":"SKIP","floor":36},{"not_picked":["Bane+1","Deflect","Sucker Punch+1","Backflip"],"picked":"AT_ThistleTea","floor":39},{"not_picked":["Finisher+1","AT_TwilightShroud","Deflect","Footwork","Bane+1"],"picked":"SKIP","floor":40},{"not_picked":["Endless Agony+1","AT_TinkerSharpsword","Escape Plan","Blade Dance","Bane+1"],"picked":"SKIP","floor":41},{"not_picked":["Flying Knee+1","Concentrate+1","Poisoned Stab+1","Burst"],"picked":"MostiFishMod:VineMother","floor":42},{"not_picked":["Tactician","Dagger Spray+1","MostiFishMod:PreservedThorns","Cloak And Dagger","Slice+1"],"picked":"SKIP","floor":47},{"not_picked":["Cloak And Dagger+1","Reflex","Deflect","AT_WindFlip+1"],"picked":"Well Laid Plans","floor":48},{"not_picked":["Poisoned Stab+1","Blur","Deadly Poison","AT_KneejerkReflex"],"picked":"AT_ShadowStep","floor":49},{"not_picked":["AT_WindFlip+1","Underhanded Strike+1","MostiFishMod:Opportunism","Dodge and Roll"],"picked":"AT_ArcaneSupremacy","floor":54}],"player_experience":245191,"relics_obtained":[{"floor":1,"key":"SynthV:TestCard"},{"floor":7,"key":"TungstenRod"},{"floor":9,"key":"SynthV:C4"},{"floor":12,"key":"AT_RedTearstoneRing"},{"floor":23,"key":"Dream Catcher"},{"floor":26,"key":"Lantern"},{"floor":28,"key":"Blue Candle"},{"floor":30,"key":"AT_EbonyIvory"},{"floor":31,"key":"Pantograph"},{"floor":31,"key":"Molten Egg 2"},{"floor":33,"key":"Mercury Hourglass"},{"floor":35,"key":"testmod-Déjàvu"},{"floor":39,"key":"Happy Flower"},{"floor":40,"key":"DaCapo"},{"floor":40,"key":"Shuriken"},{"floor":41,"key":"Akabeko"},{"floor":42,"key":"AT_TimeSand"},{"floor":42,"key":"Ancient Tea Set"},{"floor":43,"key":"War Paint"},{"floor":47,"key":"Blood Vial"},{"floor":47,"key":"CombinedTypeHook"},{"floor":48,"key":"CeramicFish"},{"floor":54,"key":"testmod-OneHitWonder"}],"event_choices":[{"cards_removed":["Strike_G"],"damage_healed":0,"gold_gain":0,"player_choice":"Card Removal","damage_taken":7,"max_hp_gain":0,"max_hp_loss":0,"event_name":"Golden Wing","floor":3,"gold_loss":0},{"damage_healed":0,"gold_gain":50,"player_choice":"Pray","damage_taken":0,"max_hp_gain":0,"max_hp_loss":0,"event_name":"Golden Shrine","floor":21,"gold_loss":0},{"cards_removed":["Defend_G"],"damage_healed":0,"gold_gain":0,"player_choice":"Removed Skill","damage_taken":0,"max_hp_gain":0,"max_hp_loss":0,"event_name":"Falling","floor":37,"gold_loss":0},{"damage_healed":0,"gold_gain":0,"player_choice":"Ignored","damage_taken":0,"max_hp_gain":0,"max_hp_loss":0,"event_name":"给自己的盒子","floor":38,"gold_loss":0},{"damage_healed":0,"gold_gain":0,"player_choice":"Ignored","damage_taken":0,"max_hp_gain":0,"max_hp_loss":0,"event_name":"Duplicator","floor":46,"gold_loss":0}],"is_beta":false,"boss_relics":[{"not_picked":["Calling Bell","testmod-Temperance"],"picked":"Fusion Hammer"},{"not_picked":["HereWithMe","HoveringKite"],"picked":"xbg"}],"items_purged_floors":[5,44],"is_endless":false,"potions_floor_spawned":[2,10,12,16,28,30,31,33,36,39,40,41,42],"ascension_level":17}}