{"host":"baymyijz6sxaqj5s","time":1609055037,"event":{"mods":["AchievementEnabler","BaseMod","Colored Map","Colored Powertips","DeckTracker","KOR Keyword Fix","Keyboard Shortcuts","Minty Spire (QoL Compilation)","Quick Restart","StSLib","SuperFastMode"],"gold_per_floor":[115,134,134,144,161,161,178,194,194,269,281,281,334,345,345,444,444,432,452,484,500,514,514,525,525,525,450,450,450],"floor_reached":28,"playtime":1123,"items_purged":[],"score":238,"play_id":"660ae8d0-cfea-4480-a213-4345d7fcbb0d","local_time":"20201227164357","is_ascension_mode":true,"campfire_choices":[{"data":"Body Slam","floor":6,"key":"SMITH"},{"data":"Armaments","floor":12,"key":"SMITH"},{"floor":15,"key":"REST"},{"floor":23,"key":"REST"}],"circlet_count":0,"master_deck":["Strike_R+1","Defend_R+1","Defend_R","Defend_R+1","Defend_R+1","Bash","Shrug It Off","Body Slam+1","Entrench","Armaments+1","Cleave","Shrug It Off","Heavy Blade","Limit Break","Juggernaut+1","Intimidate+1","Armaments+1","Whirlwind+1","Thunderclap","Reaper"],"relics":["Burning Blood","HornCleat","War Paint","Astrolabe","Red Mask","Bottled Flame"],"acts_visited":["Exordium","TheCity"],"potions_floor_usage":[5,7,16,16,20,22],"damage_taken":[{"damage":4,"enemies":"Small Slimes","floor":1,"turns":4},{"damage":5,"enemies":"Jaw Worm","floor":2,"turns":6},{"damage":1,"enemies":"Cultist","floor":4,"turns":4},{"damage":4,"enemies":"3 Louse","floor":5,"turns":3},{"damage":7,"enemies":"Large Slime","floor":7,"turns":11},{"damage":10,"enemies":"2 Fungi Beasts","floor":8,"turns":4},{"damage":8,"enemies":"Exordium Wildlife","floor":11,"turns":5},{"damage":0,"enemies":"Blue Slaver","floor":14,"turns":3},{"damage":74,"enemies":"Slime Boss","floor":16,"turns":11},{"damage":14,"enemies":"2 Thieves","floor":18,"turns":4},{"damage":0,"enemies":"3 Byrds","floor":19,"turns":5},{"damage":37,"enemies":"Masked Bandits","floor":20,"turns":6},{"damage":17,"enemies":"3 Cultists","floor":21,"turns":5},{"damage":37,"enemies":"Centurion and Healer","floor":22,"turns":15},{"damage":34,"enemies":"Shelled Parasite and Fungi","floor":24,"turns":12},{"damage":27,"enemies":"Cultist and Chosen","floor":28,"turns":6}],"seed_played":"1435710631710002158","potions_obtained":[{"floor":2,"key":"Fire Potion"},{"floor":4,"key":"SteroidPotion"},{"floor":11,"key":"Weak Potion"},{"floor":14,"key":"AttackPotion"},{"floor":19,"key":"Fire Potion"},{"floor":21,"key":"Weak Potion"}],"is_trial":false,"path_per_floor":["M","M","?","M","M","R","M","M","T","?","M","R","T","M","R","B",null,"M","M","?","M","M","R","M","?","T","?","M"],"character_chosen":"IRONCLAD","items_purchased":[],"campfire_rested":2,"item_purchase_floors":[],"current_hp_per_floor":[88,88,70,75,77,77,76,72,72,61,59,59,59,65,88,20,88,80,86,55,44,13,39,15,15,15,15,0,0],"gold":450,"neow_bonus":"TEN_PERCENT_HP_BONUS","is_daily":false,"chose_seed":false,"campfire_upgraded":2,"win_rate":0.0,"timestamp":1609055037,"path_taken":["M","M","?","M","M","R","M","M","T","?","M","R","?","?","R","BOSS","M","M","?","M","M","R","M","?","T","?","?"],"items_purchased_type":[],"build_version":"2020-12-22","purchased_purges":0,"victory":false,"max_hp_per_floor":[88,88,88,88,88,88,88,88,88,88,88,88,88,88,88,88,88,88,88,88,88,88,88,88,88,88,88,88,88],"card_choices":[{"not_picked":["Inflame","Dropkick"],"picked":"Shrug It Off","floor":1},{"not_picked":["True Grit","Reckless Charge"],"picked":"Body Slam","floor":2},{"not_picked":["Flex","Second Wind"],"picked":"Entrench","floor":4},{"not_picked":["Hemokinesis","Carnage"],"picked":"Armaments","floor":5},{"not_picked":["Uppercut","Wild Strike","Headbutt"],"picked":"SKIP","floor":7},{"not_picked":["Evolve","Entrench"],"picked":"Cleave","floor":8},{"not_picked":["Feed","Sever Soul"],"picked":"Shrug It Off","floor":11},{"not_picked":["Flex","Headbutt"],"picked":"Heavy Blade","floor":14},{"not_picked":["Juggernaut","Feed"],"picked":"Limit Break","floor":16},{"not_picked":["Perfected Strike","Heavy Blade","Uppercut"],"picked":"SKIP","floor":18},{"not_picked":["Iron Wave","Pommel Strike","Combust"],"picked":"SKIP","floor":19},{"not_picked":["Thunderclap+1","True Grit"],"picked":"Whirlwind+1","floor":20},{"not_picked":["Warcry","Wild Strike"],"picked":"Thunderclap","floor":21},{"not_picked":["Flex","Heavy Blade"],"picked":"Reaper","floor":22},{"not_picked":["Pummel","Havoc","Anger"],"picked":"SKIP","floor":24}],"player_experience":254282,"relics_obtained":[{"floor":9,"key":"HornCleat"},{"floor":13,"key":"War Paint"},{"floor":20,"key":"Red Mask"},{"floor":26,"key":"Bottled Flame"}],"event_choices":[{"damage_healed":0,"gold_gain":0,"player_choice":"Entered Light","damage_taken":18,"max_hp_gain":0,"max_hp_loss":0,"event_name":"Shining Light","floor":3,"gold_loss":0,"cards_upgraded":["Defend_R","Strike_R"]},{"damage_healed":0,"gold_gain":75,"player_choice":"Gather Gold","damage_taken":11,"max_hp_gain":0,"max_hp_loss":0,"event_name":"World of Goop","floor":10,"gold_loss":0},{"damage_healed":0,"gold_gain":0,"player_choice":"Fought Bandits","damage_taken":0,"max_hp_gain":0,"max_hp_loss":0,"event_name":"Masked Bandits","floor":20,"gold_loss":0},{"damage_healed":0,"gold_gain":0,"player_choice":"Ignored","damage_taken":0,"max_hp_gain":0,"max_hp_loss":0,"event_name":"The Mausoleum","floor":25,"gold_loss":0},{"cards_removed":["Strike_R"],"damage_healed":0,"gold_gain":0,"player_choice":"Gave Gold","damage_taken":0,"max_hp_gain":0,"max_hp_loss":0,"event_name":"Beggar","floor":27,"gold_loss":75}],"is_beta":false,"boss_relics":[{"not_picked":["Cursed Key","Mark of Pain"],"picked":"Astrolabe"}],"items_purged_floors":[],"is_endless":false,"potions_floor_spawned":[2,4,11,14,19,21],"killed_by":"Cultist and Chosen","ascension_level":2}}