{"host":"79xwy41m4u365j0j","time":1609041567,"event":{"mods":["BaseMod","Colored Powertips","Downfall","Marisa£®ÏF”Í°°ƒß¿Ì…≥£©","Minty Spire (QoL Compilation)","Remilia£®¿Ÿ√◊¿Ú—«£©","Replay The Spire","StSLib","The Bug Knight","The Hierophant","The Servant 0.9.4","Youmu£®ªÍ∆«—˝√Œ£©","Yuyuko"],"gold_per_floor":[99,99,0,0,10,45,45,45,145,162,178,197,107,107,122,219,219,144,162,175,192,192,212,238,248,248,281,206,220,105,142,170,275,275,200,228,247,416,439,458,529,583,583,603,603,603,603],"floor_reached":45,"playtime":4561,"items_purged":["Guardian:Defend_Guardian","Guardian:Strike_Guardian","Parasite"],"score":484,"play_id":"21a4cd6a-7fe9-473f-9205-e2b1afcd159b","local_time":"20201227115927","is_ascension_mode":false,"campfire_choices":[{"floor":1.0,"key":"RECALL"},{"data":"Guardian:TwinSlam","floor":8.0,"key":"SMITH"},{"data":"Guardian:StasisStrike","floor":18.0,"key":"SMITH"},{"floor":28,"key":"REST"},{"data":"Guardian:TimeSifter","floor":35,"key":"SMITH"}],"circlet_count":0,"master_deck":["Guardian:Strike_Guardian","Guardian:Strike_Guardian","Guardian:Strike_Guardian","Guardian:Defend_Guardian","Guardian:Defend_Guardian","Guardian:Defend_Guardian","Guardian:CurlUp","Guardian:TwinSlam+1","Guardian:PrimingBeam","Guardian:HyperBeam_Guardian+1","Guardian:BronzeOrb","Guardian:DonusPower","Guardian:HyperBeam_Guardian+1","Guardian:GuardianWhirl","Guardian:CrystalBeam","expansioncontent:DecasProtection","Guardian:PrismaticBeam","Guardian:Incinerate","Guardian:StasisStrike+1","Guardian:Preprogram","Guardian:Planning","Guardian:StasisField","Guardian:MultiBeam","Guardian:TimeSifter+1","Guardian:BaubleBeam","Guardian:ShieldCharger","Guardian:Gem_Green","Guardian:ExploitGems","Guardian:SentryBeam+1","Guardian:Reroute+1","Parasite","Guardian:Gem_Cyan","Guardian:Gem_White"],"relics":["Guardian:ModeShifter","downfall:HeartsMalice","Replay:Bottled Eggs","Sundial","downfall:GremlinSack","Painkiller Herb","downfall:HeartBlessingRed","Mummified Hand","downfall:HeartBlessingBlue","CeramicFish","Runic Pyramid","downfall:HeartBlessingGreen","Onion Ring","Replay:Kaleidoscope"],"acts_visited":["Exordium","TheCity","TheBeyond"],"potions_floor_usage":[29,33,33],"damage_taken":[{"damage":0.0,"enemies":"Cultist","floor":2.0,"turns":1.0},{"damage":0.0,"enemies":"downfall:FleeingMerchant","floor":3.0,"turns":1.0},{"damage":0.0,"enemies":"Jaw Worm","floor":4.0,"turns":1.0},{"damage":0.0,"enemies":"2 Louse","floor":5.0,"turns":3.0},{"damage":14.0,"enemies":"3 Sentries","floor":6.0,"turns":6.0},{"damage":15.0,"enemies":"3 Sentries","floor":9.0,"turns":5.0},{"damage":12.0,"enemies":"Lots of Slimes","floor":10.0,"turns":3.0},{"damage":4.0,"enemies":"Red Slaver","floor":11.0,"turns":1.0},{"damage":8.0,"enemies":"Large Slime","floor":12.0,"turns":3.0},{"damage":7.0,"enemies":"downfall:FleeingMerchant","floor":13.0,"turns":4.0},{"damage":12.0,"enemies":"Lots of Slimes","floor":15.0,"turns":3.0},{"damage":25.0,"enemies":"downfall:Watcher","floor":16.0,"turns":9.0},{"damage":19.0,"enemies":"Shell Parasite","floor":19.0,"turns":3.0},{"damage":26.0,"enemies":"Spheric Guardian","floor":20.0,"turns":4.0},{"damage":0,"enemies":"Cultist and Chosen","floor":21,"turns":4},{"damage":0,"enemies":"Centurion and Healer","floor":23,"turns":2},{"damage":13,"enemies":"Sentry and Sphere","floor":25,"turns":4},{"damage":20,"enemies":"Slavers","floor":27,"turns":2},{"damage":8,"enemies":"Snecko","floor":29,"turns":6},{"damage":0,"enemies":"downfall:FleeingMerchant","floor":30,"turns":4},{"damage":29,"enemies":"Book of Stabbing","floor":31,"turns":4},{"damage":5,"enemies":"Centurion and Healer","floor":32,"turns":6},{"damage":16,"enemies":"downfall:Silent","floor":33,"turns":7},{"damage":0,"enemies":"Orb Walker","floor":36,"turns":3},{"damage":26,"enemies":"3 Darklings","floor":37,"turns":3},{"damage":0,"enemies":"downfall:FleeingMerchant","floor":38,"turns":4},{"damage":1,"enemies":"Transient","floor":39,"turns":5},{"damage":5,"enemies":"Writhing Mass","floor":40,"turns":5},{"damage":24,"enemies":"2 Orb Walkers","floor":42,"turns":4},{"damage":37,"enemies":"Maw","floor":44,"turns":6},{"damage":4,"enemies":"Spire Growth","floor":45,"turns":2}],"seed_played":"2286756375269226658","potions_obtained":[{"floor":5.0,"key":"FairyPotion"},{"floor":6.0,"key":"Block Potion"},{"floor":9.0,"key":"Doom Potion"},{"floor":16.0,"key":"BlessingOfTheForge"},{"floor":19.0,"key":"PowerPotion"},{"floor":20.0,"key":"Fruit Juice"},{"floor":21,"key":"EssenceOfSteel"},{"floor":29,"key":"FairyPotion"},{"floor":40,"key":"Fire Potion"},{"floor":42,"key":"ColorlessPotion"},{"floor":43,"key":"downfall:CursedFountainPotion"}],"is_trial":false,"path_per_floor":["R","M","$","M","M","E","T","R","?","M","M","M","$","?","M","B",null,"T","?","?","?","?","?","T","?","?","E","T","?","T","E","?","B",null,"T","?","?","T","?","?","T","?","?","?","?"],"character_chosen":"GUARDIAN","items_purchased":["Guardian:Gem_Cyan","Guardian:Gem_Purple","Guardian:SentryBeam+1"],"campfire_rested":1,"item_purchase_floors":[3,3,38],"current_hp_per_floor":[80,80,80,80,80,66,66,66,51,39,35,27,20,20,8,10,80,80,61,40,40,40,40,40,27,27,7,45,37,37,8,3,16,95,95,95,69,69,68,63,63,39,39,2,0,0,0],"gold":603,"neow_bonus":"THREE_ENEMY_KILL","is_daily":false,"chose_seed":false,"campfire_upgraded":3,"win_rate":0.0,"timestamp":1609041567,"path_taken":["R","M","$","M","?","E","T","R","?","M","?","M","$","?","M","BOSS","T","?","?","?","?","?","T","?","?","E","T","?","T","E","?","BOSS","T","?","?","T","?","?","T","?","?","?","?"],"items_purchased_type":["Card","Card","Card"],"build_version":"2020-12-22","purchased_purges":3,"victory":false,"max_hp_per_floor":[80,80,80,80,80,80,80,80,80,80,80,80,80,80,80,80,80,80,80,85,85,85,85,85,85,85,85,95,95,95,95,95,95,95,95,95,95,92,92,92,92,92,92,92,92,92,92],"card_choices":[{"not_picked":["Guardian:Repulse","Guardian:TemporalStrike"],"picked":"Guardian:PrimingBeam","floor":2.0},{"not_picked":["Guardian:CrystalBeam","Guardian:WalkerClaw"],"picked":"Guardian:HyperBeam_Guardian","floor":3.0},{"not_picked":["Guardian:Gem_Red","Guardian:PiercingHide"],"picked":"Guardian:Gem_Blue","floor":4.0},{"not_picked":["Guardian:VentSteam","Guardian:Gem_Cyan"],"picked":"Guardian:BronzeOrb","floor":5.0},{"not_picked":["Guardian:Gem_Fragmented","Guardian:ShieldSpikes"],"picked":"Guardian:DonusPower","floor":6.0},{"not_picked":["Guardian:BronzeArmor","Guardian:RollAttack"],"picked":"Guardian:PrismaticBeam","floor":9.0},{"not_picked":["Guardian:RevengeProtocol","Guardian:PrimingBeam"],"picked":"Guardian:Gem_Crimson","floor":10.0},{"not_picked":["Guardian:PrismaticBeam","Guardian:RollAttack"],"picked":"Guardian:Gem_Blue","floor":11.0},{"not_picked":["Guardian:PiercingHide","Guardian:Recover"],"picked":"Guardian:Incinerate","floor":12.0},{"not_picked":["Guardian:DonusPower","Guardian:Planning"],"picked":"Guardian:Gem_Fragmented","floor":13.0},{"not_picked":["Guardian:CrystalBeam","Guardian:MultiBeam"],"picked":"Guardian:Gem_Blue","floor":15.0},{"not_picked":["Guardian:RevengeProtocol","Guardian:HyperBeam_Guardian"],"picked":"Guardian:StasisStrike","floor":16.0},{"not_picked":["Guardian:ArmoredProtocol","Guardian:WalkerClaw"],"picked":"Guardian:Preprogram","floor":19.0},{"not_picked":["Guardian:Suspension","Guardian:Harden+1"],"picked":"Guardian:Gem_Red","floor":20.0},{"not_picked":["Guardian:WalkerClaw","Guardian:Incinerate"],"picked":"Guardian:Planning","floor":21},{"not_picked":["Guardian:VentSteam","Guardian:Gem_Lightblue"],"picked":"Guardian:StasisField","floor":23},{"not_picked":["Guardian:TimeCapacitor","Guardian:CrystalBeam"],"picked":"Guardian:Gem_Red","floor":25},{"not_picked":["Guardian:Harden","Guardian:Clone"],"picked":"Guardian:MultiBeam","floor":27},{"not_picked":["Guardian:ChargeCore","Guardian:ShieldSpikes","Guardian:Emergency"],"picked":"SKIP","floor":29},{"not_picked":["Guardian:WalkerClaw","Guardian:PrimingBeam"],"picked":"Guardian:TimeSifter","floor":30},{"not_picked":["Guardian:SpikerProtocol","Guardian:TemporalShield"],"picked":"Guardian:Gem_Purple","floor":31},{"not_picked":["Guardian:Repulse+1","Guardian:TemporalShield"],"picked":"Guardian:Gem_Red","floor":32},{"not_picked":["Guardian:FastForward","Guardian:ConstructionForm"],"picked":"Guardian:BaubleBeam","floor":33},{"not_picked":["Guardian:VentSteam+1","Guardian:Recover"],"picked":"Guardian:ShieldCharger","floor":36},{"not_picked":["Guardian:Reroute","Guardian:CrystalBeam"],"picked":"Guardian:Gem_Green","floor":37},{"not_picked":["Guardian:Suspension+1","Guardian:ShieldCharger"],"picked":"Guardian:ExploitGems","floor":38},{"not_picked":["Guardian:Recover","Guardian:PolyBeam"],"picked":"Guardian:Reroute+1","floor":39},{"not_picked":["Guardian:Incinerate+1","Guardian:Recover","Guardian:BronzeOrb"],"picked":"SKIP","floor":40},{"not_picked":["Guardian:PiercingHide","Guardian:Suspension+1"],"picked":"Guardian:Gem_Cyan","floor":42},{"not_picked":["Guardian:PrismaticBeam+1","Guardian:DecasProtection"],"picked":"Guardian:Gem_White","floor":44}],"player_experience":107514,"relics_obtained":[{"floor":6.0,"key":"Replay:Bottled Eggs"},{"floor":7.0,"key":"Sundial"},{"floor":9.0,"key":"downfall:GremlinSack"},{"floor":27,"key":"Mummified Hand"},{"floor":31,"key":"CeramicFish"},{"floor":41,"key":"Onion Ring"},{"floor":42,"key":"Replay:Kaleidoscope"}],"event_choices":[{"damage_healed":0,"gold_gain":0,"player_choice":"Ignored","damage_taken":0,"max_hp_gain":0,"max_hp_loss":0,"event_name":"NoteForYourself","floor":26,"gold_loss":0},{"damage_healed":0,"gold_gain":0,"player_choice":"Fight","damage_taken":0,"max_hp_gain":0,"max_hp_loss":0,"event_name":"Mysterious Sphere","floor":42,"gold_loss":0}],"is_beta":false,"boss_relics":[{"not_picked":["ChewingGum","Runic Dome"],"picked":"Painkiller Herb"},{"not_picked":["Velvet Choker","Fusion Hammer"],"picked":"Runic Pyramid"}],"items_purged_floors":[13,30,38],"is_endless":false,"potions_floor_spawned":[5,6,9,10,15,16,19,20,21,23,29,40,42,44],"killed_by":"Spire Growth","ascension_level":0}}