{"host":"s0rqbuvjzggdtc2s","time":1609058583,"event":{"mods":["ATMod(°¢èªMod)","BaseMod","Minty Spire (QoL Compilation)","StSLib","The Bug Knight","¡¾ÒÅÎï¿¨ÅÆ¡¿REMEMod"],"gold_per_floor":[212,212,16,16,27,55,35,35,58,58,77,87,106,106,106],"floor_reached":14,"playtime":439,"items_purged":[],"score":90,"play_id":"e41f4843-18ac-4698-af2e-cc364174c72c","local_time":"20201227164303","is_ascension_mode":false,"campfire_choices":[{"data":"HollowMod:BaldurShell","floor":8,"key":"SMITH"},{"data":"HollowMod:TaintedHusks","floor":10,"key":"SMITH"}],"circlet_count":0,"master_deck":["HollowMod:NailStrikeStart","HollowMod:NailStrikeStart","HollowMod:NailStrikeStart","HollowMod:NailStrikeStart","HollowMod:QuickDashStart","HollowMod:QuickDashStart","HollowMod:QuickDashStart","HollowMod:QuickDashStart","HollowMod:FocusHealStart","HollowMod:PogoStrike","AT_ChampionStep","REME_ProfessionalPlagiarism","HollowMod:SoulSplash","HollowMod:TaintedHusks+1","HollowMod:BaldurShell+1","HollowMod:MonomonsArchive","HollowMod:LifebloodCocoon","HollowMod:MawleksShell","HollowMod:VoidDash"],"relics":["HollowMod:VesselMask","AT_ATBox","REME_ComplimentaryCards","HollowMod:KingsBrand","Bag of Marbles","Anchor"],"acts_visited":["Exordium"],"potions_floor_usage":[],"damage_taken":[{"damage":1,"enemies":"2 Louse","floor":1,"turns":2},{"damage":1,"enemies":"Jaw Worm","floor":5,"turns":3},{"damage":25,"enemies":"Lagavulin","floor":6,"turns":5},{"damage":9,"enemies":"Cultist","floor":11,"turns":3},{"damage":12,"enemies":"3 Louse","floor":12,"turns":3},{"damage":9,"enemies":"Gremlin Gang","floor":13,"turns":4},{"damage":45,"enemies":"3 Sentries","floor":14,"turns":4}],"seed_played":"505824160428898666","potions_obtained":[{"floor":5,"key":"Block Potion"},{"floor":6,"key":"REME_GoldPotion"},{"floor":7,"key":"Strength Potion"}],"is_trial":false,"path_per_floor":["M","?","$","$","M","E","?","R","T","R","M","M","M","E"],"character_chosen":"THE_BUGKNIGHT","items_purchased":["HollowMod:KingsBrand","HollowMod:TaintedHusks"],"campfire_rested":0,"item_purchase_floors":[3,3],"current_hp_per_floor":[74,79,79,79,80,61,61,61,61,61,52,40,37,0,0],"gold":106,"neow_bonus":"HUNDRED_GOLD","is_daily":false,"chose_seed":false,"campfire_upgraded":2,"win_rate":0.0,"timestamp":1609058583,"path_taken":["M","?","?","$","M","E","?","R","T","R","M","M","?","E"],"items_purchased_type":["Relic","Card"],"build_version":"2020-12-22","purchased_purges":0,"victory":false,"max_hp_per_floor":[75,80,80,80,80,80,80,80,80,80,80,80,80,80,80],"card_choices":[{"not_picked":["HollowMod:BlackTendrils","HollowMod:SoulEater"],"picked":"HollowMod:SoulSplash","floor":1},{"not_picked":["HollowMod:CycloneSlash","HollowMod:DescendingDark"],"picked":"HollowMod:BaldurShell","floor":5},{"not_picked":["HollowMod:GoodIntentions","HollowMod:SiblingsShadow"],"picked":"HollowMod:MonomonsArchive","floor":6},{"not_picked":["HollowMod:TaintedHusks","HollowMod:ShadowDash"],"picked":"HollowMod:LifebloodCocoon","floor":11},{"not_picked":["HollowMod:NewJinnsSoul","HollowMod:InfectedCysts"],"picked":"HollowMod:MawleksShell","floor":12},{"not_picked":["HollowMod:DescendingDark","HollowMod:InfectedCysts"],"picked":"HollowMod:VoidDash","floor":13}],"player_experience":197772,"relics_obtained":[{"floor":6,"key":"Bag of Marbles"},{"floor":9,"key":"Anchor"}],"event_choices":[{"damage_healed":0,"gold_gain":0,"player_choice":"Donut","damage_taken":0,"max_hp_gain":5,"max_hp_loss":0,"event_name":"Big Fish","floor":2,"gold_loss":0},{"damage_healed":0,"gold_gain":0,"player_choice":"Bought 1 Potion","damage_taken":0,"max_hp_gain":0,"max_hp_loss":0,"event_name":"The Woman in Blue","floor":7,"gold_loss":0}],"is_beta":false,"boss_relics":[],"items_purged_floors":[],"is_endless":false,"potions_floor_spawned":[5,6],"killed_by":"3 Sentries","ascension_level":0}}