{"host":"xcuflocadasoaqda","time":1609102210,"event":{"mods":["BaseMod","Bestiary","Filter the Spire","Minty Spire (QoL Compilation)","Relic Stats"],"gold_per_floor":[116,391,407,21,37,37,71,71,71,83,115,128,139,139,139,139,139],"floor_reached":16,"playtime":537,"items_purged":["Regret"],"score":224,"play_id":"86b3ae5a-b9d5-435d-bf44-5f63672121a0","local_time":"20201227145010","is_ascension_mode":true,"campfire_choices":[{"data":"Crippling Poison","floor":6,"key":"SMITH"},{"floor":8,"key":"REST"},{"data":"Predator","floor":15,"key":"SMITH"}],"circlet_count":0,"master_deck":["AscendersBane","Strike_G","Strike_G","Strike_G","Strike_G","Strike_G","Defend_G","Defend_G","Defend_G","Defend_G","Defend_G","Survivor","Neutralize","Deadly Poison","Flying Knee","Crippling Poison+1","Predator+1"],"relics":["Busted Crown","PreservedInsect","Ninja Scroll","Bag of Marbles","Ancient Tea Set"],"acts_visited":["Exordium"],"potions_floor_usage":[7,11,11,16],"damage_taken":[{"damage":14,"enemies":"Jaw Worm","floor":1,"turns":5},{"damage":2,"enemies":"Cultist","floor":3,"turns":4},{"damage":1,"enemies":"2 Louse","floor":5,"turns":3},{"damage":27,"enemies":"Gremlin Nob","floor":7,"turns":4},{"damage":14,"enemies":"Large Slime","floor":10,"turns":5},{"damage":7,"enemies":"Lagavulin","floor":11,"turns":4},{"damage":0,"enemies":"Blue Slaver","floor":12,"turns":2},{"damage":0,"enemies":"2 Fungi Beasts","floor":13,"turns":2},{"damage":15,"enemies":"The Guardian","floor":16,"turns":8}],"seed_played":"8353028679325367003","potions_obtained":[{"floor":1,"key":"Weak Potion"},{"floor":5,"key":"AttackPotion"},{"floor":10,"key":"SkillPotion"},{"floor":13,"key":"SkillPotion"}],"is_trial":false,"path_per_floor":["M","?","M","$","M","R","E","R","T","M","E","M","M","?","R","B"],"character_chosen":"THE_SILENT","items_purchased":["PreservedInsect","Flying Knee","Crippling Poison"],"campfire_rested":1,"item_purchase_floors":[4,4,4],"current_hp_per_floor":[45,45,43,43,42,42,15,34,34,20,13,13,13,13,13,0,0],"gold":139,"neow_bonus":"BOSS_RELIC","is_daily":false,"chose_seed":false,"campfire_upgraded":2,"win_rate":0.0,"timestamp":1609102210,"path_taken":["M","?","M","$","M","R","E","R","T","?","E","M","M","?","R","BOSS"],"items_purchased_type":["Relic","Card","Card"],"build_version":"2020-12-22","purchased_purges":1,"victory":false,"max_hp_per_floor":[66,66,66,66,66,66,66,66,66,66,66,66,66,66,66,66,66],"relic_stats":{"Busted Crown":16,"counters":[9,37],"PreservedInsect":51,"obtain_stats":[{"Busted Crown":0,"Ninja Scroll":7,"PreservedInsect":4,"Bag of Marbles":9,"Ancient Tea Set":11,"Ring of the Snake":0},{"Busted Crown":0,"Ninja Scroll":4,"PreservedInsect":2,"Bag of Marbles":4,"Ancient Tea Set":6,"Ring of the Snake":0},{"Busted Crown":0,"Ninja Scroll":16,"PreservedInsect":9,"Bag of Marbles":16,"Ancient Tea Set":25,"Ring of the Snake":0}]},"card_choices":[{"not_picked":["Caltrops"],"picked":"SKIP","floor":1},{"not_picked":[],"picked":"Deadly Poison","floor":3},{"not_picked":["Prepared"],"picked":"SKIP","floor":5},{"not_picked":["Eviscerate"],"picked":"SKIP","floor":7},{"not_picked":[],"picked":"Predator","floor":10},{"not_picked":["Dodge and Roll"],"picked":"SKIP","floor":11},{"not_picked":["Sucker Punch"],"picked":"SKIP","floor":12},{"not_picked":["Choke"],"picked":"SKIP","floor":13}],"player_experience":1794210,"relics_obtained":[{"floor":7,"key":"Ninja Scroll"},{"floor":9,"key":"Bag of Marbles"},{"floor":11,"key":"Ancient Tea Set"}],"event_choices":[{"damage_healed":0,"gold_gain":275,"player_choice":"Desecrate","damage_taken":0,"max_hp_gain":0,"max_hp_loss":0,"event_name":"Golden Shrine","floor":2,"gold_loss":0,"cards_obtained":["Regret"]},{"damage_healed":0,"gold_gain":0,"player_choice":"Ignored","damage_taken":0,"max_hp_gain":0,"max_hp_loss":0,"event_name":"Shining Light","floor":14,"gold_loss":0}],"is_beta":false,"boss_relics":[],"items_purged_floors":[4],"is_endless":false,"potions_floor_spawned":[1,5,10,13],"killed_by":"The Guardian","ascension_level":20}}