{"host":"bq4pt811tk9yrmjl","time":1609109436,"event":{"mods":["AchievementEnabler","BaseMod","Colored Map","Colored Powertips","Defuse TimeMaze Blight","Hermit","Minty Spire (QoL Compilation)","StSLib","SuperFastMode"],"gold_per_floor":[112,112,112,34,34,34,67,67,67,67,82,82,95,111,111,216,216,226,240,200,217,250,250,250,263,263,263,295,36,36,71,71,166,166,182,404,404,117,117,117,117,117,195,221,232,242,254,14,14,14,14,14,14,14,14],"floor_reached":54,"playtime":1380,"items_purged":[],"score":759,"play_id":"2398eec4-bd4b-49a2-904c-2e6916321b57","local_time":"20201227205036","is_ascension_mode":true,"campfire_choices":[{"data":"hermit:Snapshot","floor":6.0,"key":"SMITH"},{"data":"hermit:HighNoon","floor":8.0,"key":"SMITH"},{"floor":12.0,"key":"RECALL"},{"data":"hermit:TakeAim","floor":15.0,"key":"SMITH"},{"floor":23.0,"key":"REST"},{"floor":27.0,"key":"REST"},{"floor":30.0,"key":"REST"},{"data":"hermit:Glare","floor":32.0,"key":"SMITH"},{"data":"Apotheosis","floor":40.0,"key":"SMITH"},{"floor":42.0,"key":"REST"},{"floor":49,"key":"REST"},{"data":"hermit:Defend_Hermit","floor":52,"key":"SMITH"}],"circlet_count":0,"master_deck":["hermit:Strike_Hermit","hermit:Strike_Hermit+1","hermit:Strike_Hermit","hermit:Strike_Hermit","hermit:Defend_Hermit+1","hermit:Defend_Hermit+1","hermit:Defend_Hermit+1","hermit:Defend_Hermit","hermit:Snapshot+1","hermit:Covet+1","hermit:Glare+1","Regret","hermit:Maintenance+1","hermit:HighNoon+1","hermit:TakeAim+1","hermit:RoundhouseKick+1","hermit:Dive+1","hermit:Shortfuse+1","hermit:BodyArmor+1","Madness","Madness","Apotheosis+1","Parasite","hermit:HighCaliber+1","hermit:Brawl+1"],"relics":["hermit:Momento","NeowsBlessing","Ice Cream","FossilizedHelix","Boot","SlaversCollar","Red Mask","Matryoshka","Regal Pillow","HornCleat","Mercury Hourglass","Cursed Key","Lizard Tail","hermit:RyeStalk","Darkstone Periapt","Bag of Preparation","StrikeDummy"],"acts_visited":["Exordium","TheCity","TheBeyond","TheEnding"],"potions_floor_usage":[44,45,47,50],"damage_taken":[{"damage":0.0,"enemies":"2 Louse","floor":1.0,"turns":2.0},{"damage":0.0,"enemies":"3 Sentries","floor":7.0,"turns":2.0},{"damage":0.0,"enemies":"Jaw Worm","floor":11.0,"turns":1.0},{"damage":0.0,"enemies":"Small Slimes","floor":13.0,"turns":2.0},{"damage":0.0,"enemies":"Exordium Wildlife","floor":14.0,"turns":3.0},{"damage":17.0,"enemies":"The Guardian","floor":16.0,"turns":11.0},{"damage":12.0,"enemies":"Spheric Guardian","floor":18.0,"turns":6.0},{"damage":7.0,"enemies":"2 Thieves","floor":19.0,"turns":4.0},{"damage":3.0,"enemies":"Centurion and Healer","floor":21.0,"turns":9.0},{"damage":14.0,"enemies":"Masked Bandits","floor":22.0,"turns":7.0},{"damage":15.0,"enemies":"Shelled Parasite and Fungi","floor":25.0,"turns":10.0},{"damage":32.0,"enemies":"Slavers","floor":28.0,"turns":8.0},{"damage":6.0,"enemies":"Book of Stabbing","floor":31.0,"turns":7.0},{"damage":1.0,"enemies":"Collector","floor":33.0,"turns":10.0},{"damage":0.0,"enemies":"3 Shapes","floor":35.0,"turns":7.0},{"damage":39,"enemies":"Reptomancer","floor":44,"turns":9},{"damage":0,"enemies":"3 Darklings","floor":45,"turns":4},{"damage":10,"enemies":"Sphere and 2 Shapes","floor":46,"turns":4},{"damage":3,"enemies":"Writhing Mass","floor":47,"turns":5},{"damage":32,"enemies":"Time Eater","floor":50,"turns":12},{"damage":44,"enemies":"Shield and Spear","floor":54,"turns":6}],"seed_played":"1422841824198027765","potions_obtained":[{"floor":7.0,"key":"Swift Potion"},{"floor":13.0,"key":"Dexterity Potion"},{"floor":18.0,"key":"SteroidPotion"},{"floor":21.0,"key":"Explosive Potion"},{"floor":31.0,"key":"Energy Potion"},{"floor":33.0,"key":"Block Potion"},{"floor":44,"key":"LiquidMemories"},{"floor":46,"key":"DistilledChaos"},{"floor":47,"key":"Weak Potion"}],"is_trial":false,"path_per_floor":["M","?","T","$","?","R","E","R","T","?","M","R","M","M","R","B",null,"M","M","?","M","?","R","?","M","T","R","E","$","R","E","R","B",null,"M","?","?","$","?","R","?","R","T","E","M","M","M","$","R","B",null,"R","$","E"],"character_chosen":"HERMIT","items_purchased":["hermit:Maintenance","HornCleat","Lizard Tail","StrikeDummy"],"campfire_rested":5,"item_purchase_floors":[4,29,38,48],"current_hp_per_floor":[75,75,75,75,75,75,75,75,75,60,60,60,60,60,60,43,75,63,56,56,53,39,61,61,46,46,68,36,36,73,67,67,66,75,75,75,66,66,66,66,66,75,75,36,36,26,23,23,60,28,75,75,75,31,31],"gold":14,"neow_bonus":"THREE_ENEMY_KILL","is_daily":false,"chose_seed":false,"campfire_upgraded":6,"win_rate":0.0,"timestamp":1609109436,"path_taken":["M","?","?","$","?","R","E","R","T","?","M","R","M","?","R","BOSS","M","M","?","?","?","R","?","?","T","R","E","$","R","E","R","BOSS","M","?","?","$","?","R","?","R","T","E","?","?","M","$","R","BOSS","R","$","E"],"items_purchased_type":["Card","Relic","Relic","Relic"],"build_version":"2020-12-22","purchased_purges":0,"victory":false,"max_hp_per_floor":[75,75,75,75,75,75,75,75,75,75,75,75,75,75,75,75,75,75,75,75,75,75,75,75,75,75,75,75,75,75,75,75,75,75,75,75,75,75,75,75,75,75,75,75,75,75,75,75,75,75,75,75,75,75,75],"card_choices":[{"not_picked":["hermit:TrackingShot","hermit:BodyArmor"],"picked":"hermit:Glare","floor":1.0},{"not_picked":["hermit:LowProfile","hermit:RoundhouseKick"],"picked":"hermit:HighNoon","floor":7.0},{"not_picked":["hermit:Gestalt","hermit:DeadMansHand","hermit:Vantage"],"picked":"SKIP","floor":11.0},{"not_picked":["hermit:WideOpen","hermit:Headshot"],"picked":"hermit:TakeAim","floor":13.0},{"not_picked":["hermit:TrackingShot","hermit:Horror","hermit:Malice"],"picked":"SKIP","floor":14.0},{"not_picked":["hermit:FinalCanter","hermit:DeadOrAlive"],"picked":"hermit:RoundhouseKick","floor":16.0},{"not_picked":["hermit:SprayPray","hermit:Manifest","hermit:HoleUp"],"picked":"SKIP","floor":18.0},{"not_picked":["hermit:Virtue","hermit:SprayPray","hermit:TakeCover"],"picked":"SKIP","floor":19.0},{"not_picked":["hermit:Showdown","hermit:CalledShot"],"picked":"hermit:Dive+1","floor":21.0},{"not_picked":["hermit:Grudge+1","hermit:Feint","hermit:Headshot"],"picked":"SKIP","floor":25.0},{"not_picked":["hermit:Roulette","hermit:ShadowCloak+1","hermit:Ricochet"],"picked":"SKIP","floor":28.0},{"not_picked":["hermit:Snipe+1","hermit:Magnum"],"picked":"hermit:Shortfuse+1","floor":31.0},{"not_picked":["hermit:Horror","hermit:WideOpen"],"picked":"hermit:BodyArmor+1","floor":35.0},{"not_picked":["Jack Of All Trades","Deep Breath"],"picked":"Apotheosis","floor":39.0},{"not_picked":["hermit:ItchyTrigger","hermit:Cheat"],"picked":"hermit:HighCaliber+1","floor":44},{"not_picked":["hermit:HoleUp+1","hermit:GhostlyPresence"],"picked":"hermit:Brawl+1","floor":45},{"not_picked":["hermit:Feint","hermit:HoleUp+1","hermit:Quickdraw"],"picked":"SKIP","floor":46},{"not_picked":["hermit:HighCaliber","hermit:WideOpen+1","hermit:Dive+1"],"picked":"SKIP","floor":47}],"player_experience":130788,"relics_obtained":[{"floor":3.0,"key":"FossilizedHelix"},{"floor":7.0,"key":"Boot"},{"floor":22.0,"key":"Red Mask"},{"floor":26.0,"key":"Matryoshka"},{"floor":28.0,"key":"Regal Pillow"},{"floor":31.0,"key":"Mercury Hourglass"},{"floor":43.0,"key":"hermit:RyeStalk"},{"floor":43.0,"key":"Darkstone Periapt"},{"floor":44,"key":"Bag of Preparation"}],"event_choices":[{"damage_healed":0.0,"max_hp_gain":0.0,"max_hp_loss":0.0,"gold_gain":0.0,"event_name":"Big Fish","player_choice":"Box","floor":2.0,"gold_loss":0.0,"damage_taken":0.0,"relics_obtained":["Ice Cream"],"cards_obtained":["Regret"]},{"damage_healed":0.0,"max_hp_gain":0.0,"max_hp_loss":0.0,"gold_gain":0.0,"event_name":"Living Wall","player_choice":"Grow","floor":5.0,"gold_loss":0.0,"damage_taken":0.0,"cards_upgraded":["hermit:Maintenance"]},{"damage_healed":0.0,"max_hp_gain":0.0,"max_hp_loss":0.0,"gold_gain":0.0,"event_name":"Shining Light","player_choice":"Entered Light","floor":10.0,"gold_loss":0.0,"damage_taken":15.0,"cards_upgraded":["hermit:Covet","hermit:Strike_Hermit"]},{"damage_healed":0.0,"max_hp_gain":0.0,"max_hp_loss":0.0,"gold_gain":0.0,"event_name":"Designer","player_choice":"Upgraded Two","floor":20.0,"gold_loss":40.0,"damage_taken":0.0,"cards_upgraded":["hermit:Defend_Hermit","hermit:Defend_Hermit"]},{"damage_healed":0.0,"max_hp_gain":0.0,"max_hp_loss":0.0,"gold_gain":0.0,"event_name":"Masked Bandits","player_choice":"Fought Bandits","floor":22.0,"gold_loss":0.0,"damage_taken":0.0},{"damage_healed":0.0,"max_hp_gain":0.0,"max_hp_loss":0.0,"gold_gain":0.0,"event_name":"Transmorgrifier","player_choice":"Ignored","floor":24.0,"gold_loss":0.0,"damage_taken":0.0},{"damage_healed":0.0,"max_hp_gain":0.0,"max_hp_loss":0.0,"gold_gain":222.0,"event_name":"Tomb of Lord Red Mask","player_choice":"Wore Mask","floor":36.0,"gold_loss":0.0,"damage_taken":0.0},{"damage_healed":0.0,"max_hp_gain":0.0,"max_hp_loss":0.0,"gold_gain":0.0,"event_name":"Winding Halls","player_choice":"Embrace Madness","floor":37.0,"gold_loss":0.0,"damage_taken":9.0,"cards_obtained":["Madness","Madness"]},{"damage_healed":0.0,"max_hp_gain":0.0,"max_hp_loss":0.0,"gold_gain":0.0,"event_name":"SensoryStone","player_choice":"Memory 1","floor":39.0,"gold_loss":0.0,"damage_taken":0.0},{"damage_healed":0.0,"max_hp_gain":0.0,"max_hp_loss":0.0,"gold_gain":0.0,"event_name":"Upgrade Shrine","player_choice":"Upgraded","floor":41.0,"gold_loss":0.0,"damage_taken":0.0,"cards_upgraded":["hermit:RoundhouseKick"]}],"is_beta":false,"boss_relics":[{"not_picked":["Fusion Hammer","SacredBark"],"picked":"SlaversCollar"},{"not_picked":["Tiny House","Black Star"],"picked":"Cursed Key"}],"items_purged_floors":[],"is_endless":false,"potions_floor_spawned":[7,13,18,21,31,33,44,46,47],"killed_by":"Shield and Spear","ascension_level":1}}