{"host":"m7puq4mk16tgc6yn","time":1609110793,"event":{"mods":["AchievementEnabler","BaseMod","Colored Map","Colored Powertips","Minty Spire (QoL Compilation)","Relic Stats"],"gold_per_floor":[364,379,18,93,93,93,128,128,128,154,171,188,188,199,199,299,299,314,341,357,72,72,72,105,105,105,105,105,140,159,171,171,270,270,290,290,301,3,225,225,225],"floor_reached":40,"playtime":1592,"items_purged":["Strike_R","Strike_R","Burning Pact+1"],"score":551,"play_id":"2a3d6a9d-b48c-4d68-b13a-68b132b49dda","local_time":"20201227151313","is_ascension_mode":true,"campfire_choices":[{"data":"Hemokinesis","floor":6,"key":"SMITH"},{"data":"Spot Weakness","floor":13,"key":"SMITH"},{"data":"Armaments","floor":15,"key":"SMITH"},{"data":"True Grit","floor":23,"key":"SMITH"},{"data":"Metallicize","floor":27,"key":"SMITH"},{"floor":32,"key":"REST"}],"circlet_count":0,"master_deck":["Defend_R+1","Defend_R+1","Defend_R+1","Defend_R+1","Bash+1","Armaments+1","Hemokinesis+1","True Grit+1","Cleave","Offering","Spot Weakness+1","Immolate","Dropkick","Metallicize+1","Inflame+1","Inflame","Battle Trance+1","Feed+1","Double Tap+1","Second Wind+1"],"relics":["Black Blood","Paper Frog","Pantograph","Potion Belt","Ornamental Fan","Red Mask","Anchor","Toxic Egg 2","Molten Egg 2","Shuriken","Astrolabe","Membership Card","Lantern"],"acts_visited":["Exordium","TheCity","TheBeyond"],"potions_floor_usage":[18,18,33,33,40,40,40],"damage_taken":[{"damage":7,"enemies":"Jaw Worm","floor":1,"turns":5},{"damage":3,"enemies":"2 Louse","floor":2,"turns":4},{"damage":11,"enemies":"Lagavulin","floor":7,"turns":5},{"damage":34,"enemies":"Gremlin Nob","floor":10,"turns":5},{"damage":0,"enemies":"Small Slimes","floor":11,"turns":3},{"damage":2,"enemies":"Gremlin Gang","floor":12,"turns":1},{"damage":3,"enemies":"Exordium Wildlife","floor":14,"turns":3},{"damage":28,"enemies":"Slime Boss","floor":16,"turns":12},{"damage":13,"enemies":"2 Thieves","floor":18,"turns":2},{"damage":8,"enemies":"Masked Bandits","floor":19,"turns":2},{"damage":22,"enemies":"Chosen","floor":20,"turns":4},{"damage":8,"enemies":"Gremlin Leader","floor":24,"turns":6},{"damage":35,"enemies":"Book of Stabbing","floor":29,"turns":6},{"damage":5,"enemies":"Snake Plant","floor":30,"turns":3},{"damage":46,"enemies":"Snecko","floor":31,"turns":5},{"damage":59,"enemies":"Automaton","floor":33,"turns":10},{"damage":26,"enemies":"3 Shapes","floor":35,"turns":4},{"damage":62,"enemies":"3 Darklings","floor":37,"turns":6},{"damage":56,"enemies":"Nemesis","floor":40,"turns":3}],"seed_played":"-8661311330514908736","potions_obtained":[{"floor":2,"key":"Fire Potion"},{"floor":10,"key":"AttackPotion"},{"floor":12,"key":"LiquidMemories"},{"floor":14,"key":"ColorlessPotion"},{"floor":20,"key":"SteroidPotion"},{"floor":24,"key":"LiquidBronze"},{"floor":29,"key":"Fruit Juice"},{"floor":35,"key":"PowerPotion"}],"is_trial":false,"path_per_floor":["M","M","$","?","?","R","E","?","T","E","M","M","R","M","R","B",null,"M","?","M","$","?","R","E","?","T","R","$","E","M","M","R","B",null,"M","?","M","$","?","E"],"character_chosen":"IRONCLAD","items_purchased":["Paper Frog","Thunderclap","Anchor","Metallicize","Membership Card","Lantern"],"campfire_rested":1,"item_purchase_floors":[3,3,21,21,38,38],"current_hp_per_floor":[55,58,58,47,47,47,42,42,42,14,20,24,24,27,27,30,80,79,80,70,70,70,70,74,74,74,74,74,51,58,24,48,26,80,70,70,20,20,20,0,0],"gold":225,"neow_bonus":"TWO_FIFTY_GOLD","is_daily":false,"chose_seed":false,"campfire_upgraded":5,"win_rate":0.0,"timestamp":1609110793,"path_taken":["M","M","$","?","?","R","E","?","T","E","M","M","R","?","R","BOSS","M","?","M","$","?","R","E","?","T","R","$","E","M","?","R","BOSS","M","?","M","$","?","E"],"items_purchased_type":["Relic","Card","Relic","Card","Relic","Relic"],"build_version":"2020-12-22","purchased_purges":3,"victory":false,"max_hp_per_floor":[80,80,80,80,80,80,80,80,80,80,80,80,80,80,80,80,80,80,80,80,80,80,80,80,80,80,80,80,80,80,80,80,80,80,84,84,84,84,84,89,89],"relic_stats":{"counters":[19,89],"Ornamental Fan":[52],"Shuriken":[5],"Pantograph":50,"Astrolabe":["Double Tap","Burning Pact","Second Wind"],"Black Blood":165,"obtain_stats":[{"Potion Belt":9,"Lantern":38,"Astrolabe":34,"Black Blood":17,"Burning Blood":0,"Anchor":21,"Ornamental Fan":10,"Shuriken":29,"Pantograph":7,"Molten Egg 2":26,"Red Mask":19,"Membership Card":38,"Toxic Egg 2":24,"Paper Frog":3},{"Potion Belt":3,"Lantern":18,"Astrolabe":16,"Black Blood":8,"Burning Blood":0,"Anchor":11,"Ornamental Fan":4,"Shuriken":13,"Pantograph":3,"Molten Egg 2":12,"Red Mask":10,"Membership Card":18,"Toxic Egg 2":12,"Paper Frog":2},{"Potion Belt":14,"Lantern":86,"Astrolabe":76,"Black Blood":38,"Burning Blood":0,"Anchor":46,"Ornamental Fan":19,"Shuriken":58,"Pantograph":14,"Molten Egg 2":52,"Red Mask":42,"Membership Card":86,"Toxic Egg 2":52,"Paper Frog":9}]},"card_choices":[{"not_picked":["Iron Wave","Warcry"],"picked":"Armaments","floor":1},{"not_picked":["Perfected Strike","True Grit"],"picked":"Hemokinesis","floor":2},{"not_picked":["Cleave","Ghostly Armor"],"picked":"True Grit","floor":7},{"not_picked":["Rupture","Flex"],"picked":"Cleave","floor":10},{"not_picked":["Sword Boomerang","Armaments"],"picked":"Offering","floor":11},{"not_picked":["Headbutt","Clash"],"picked":"Spot Weakness","floor":12},{"not_picked":["Warcry","Sentinel","Infernal Blade"],"picked":"SKIP","floor":14},{"not_picked":["Berserk","Exhume"],"picked":"Immolate","floor":16},{"not_picked":["Clothesline","Clash","Warcry"],"picked":"SKIP","floor":18},{"not_picked":["Anger+1","Thunderclap"],"picked":"Dark Embrace","floor":19},{"not_picked":["Flex","Perfected Strike+1"],"picked":"Dropkick","floor":20},{"not_picked":["Infernal Blade+1","Whirlwind","Perfected Strike+1"],"picked":"SKIP","floor":24},{"not_picked":["Wild Strike+1","Fire Breathing+1"],"picked":"Inflame+1","floor":29},{"not_picked":["Dark Embrace+1","Clothesline+1"],"picked":"Inflame","floor":30},{"not_picked":["True Grit+1","Sword Boomerang+1"],"picked":"Battle Trance+1","floor":31},{"not_picked":["Bludgeon+1","Brutality"],"picked":"Feed+1","floor":33},{"not_picked":["Perfected Strike+1","Anger+1","Bloodletting+1"],"picked":"SKIP","floor":35},{"not_picked":["Flex+1","Perfected Strike+1","Armaments+1"],"picked":"SKIP","floor":37}],"player_experience":74461,"relics_obtained":[{"floor":7,"key":"Pantograph"},{"floor":9,"key":"Potion Belt"},{"floor":10,"key":"Ornamental Fan"},{"floor":19,"key":"Red Mask"},{"floor":24,"key":"Toxic Egg 2"},{"floor":26,"key":"Molten Egg 2"},{"floor":29,"key":"Shuriken"}],"event_choices":[{"damage_healed":0,"gold_gain":75,"player_choice":"Gather Gold","damage_taken":11,"max_hp_gain":0,"max_hp_loss":0,"event_name":"World of Goop","floor":4,"gold_loss":0},{"damage_healed":0,"gold_gain":0,"player_choice":"Grow","damage_taken":0,"max_hp_gain":0,"max_hp_loss":0,"event_name":"Living Wall","floor":5,"gold_loss":0,"cards_upgraded":["Bash"]},{"cards_removed":["Strike_R"],"damage_healed":0,"gold_gain":0,"player_choice":"Offered Basic","damage_taken":0,"max_hp_gain":0,"max_hp_loss":0,"event_name":"Bonfire Elementals","floor":8,"gold_loss":0},{"damage_healed":0,"gold_gain":0,"player_choice":"Fought Bandits","damage_taken":0,"max_hp_gain":0,"max_hp_loss":0,"event_name":"Masked Bandits","floor":19,"gold_loss":0},{"damage_healed":0,"gold_gain":0,"player_choice":"Simplicity","damage_taken":0,"max_hp_gain":0,"max_hp_loss":0,"event_name":"Back to Basics","floor":22,"gold_loss":0,"cards_upgraded":["Strike_R","Strike_R","Defend_R","Defend_R","Defend_R","Defend_R"]},{"damage_healed":0,"gold_gain":0,"player_choice":"Ignored","damage_taken":0,"max_hp_gain":0,"max_hp_loss":0,"event_name":"Vampires","floor":25,"gold_loss":0},{"cards_removed":["Dark Embrace"],"damage_healed":0,"gold_gain":0,"player_choice":"Removed Power","damage_taken":0,"max_hp_gain":0,"max_hp_loss":0,"event_name":"Falling","floor":36,"gold_loss":0},{"damage_healed":0,"gold_gain":222,"player_choice":"Wore Mask","damage_taken":0,"max_hp_gain":0,"max_hp_loss":0,"event_name":"Tomb of Lord Red Mask","floor":39,"gold_loss":0}],"is_beta":false,"boss_relics":[{"not_picked":["Cursed Key","Pandora\u0027s Box"],"picked":"Black Blood"},{"not_picked":["SlaversCollar","SacredBark"],"picked":"Astrolabe"}],"items_purged_floors":[3,21,38],"is_endless":false,"potions_floor_spawned":[2,10,12,14,20,24,29,35],"killed_by":"Nemesis","ascension_level":3}}