{"host":"rqd50iigewdjy74u","time":1609076733,"event":{"mods":["AchievementEnabler","BaseMod","BetterRewards","Custom Start","Minty Spire (QoL Compilation)","StSLib"],"gold_per_floor":[113,113,167,167,192,205,205,236,236,277,277,318,174,198,198,321,321,335,335,359,284,284,315,355,355,355,66,94,144,162,209,209,209,209],"floor_reached":33,"playtime":1543,"items_purged":[],"score":564,"play_id":"6f654924-d5b9-4300-87a6-e89c8f4dcde7","local_time":"20201227074533","daily_mods":["Draft"],"is_ascension_mode":false,"campfire_choices":[{"data":"FlurryOfBlows","floor":7,"key":"SMITH"},{"data":"Collect","floor":15,"key":"SMITH"},{"data":"Omniscience","floor":25,"key":"SMITH"},{"data":"Enlightenment","floor":32,"key":"SMITH"}],"circlet_count":0,"master_deck":["WaveOfTheHand","BattleHymn","Crescendo+1","FollowUp","ClearTheMind","Vengeance","InnerPeace","JustLucky","Wallop","Halt","SashWhip","Halt","ClearTheMind","Halt","Protect","FlurryOfBlows+1","Wallop","WindmillStrike","Indignation","Collect+1","DeusExMachina","Consecrate+1","Crescendo","Omniscience+1","EmptyBody","WindmillStrike","Eruption","Enlightenment+1","Worship"],"relics":["Unceasing Top","Golden Idol","Dream Catcher","PreservedInsect","Singing Bowl","Mummified Hand","InkBottle","Damaru","Philosopher\u0027s Stone","Kunai","WingedGreaves","Art of War","Matryoshka","Lantern","CeramicFish","Ornamental Fan","Bottled Flame"],"acts_visited":["Exordium","TheCity"],"potions_floor_usage":[8,16,16,16,31,31,31],"damage_taken":[{"damage":4,"enemies":"2 Louse","floor":1,"turns":2},{"damage":5,"enemies":"Jaw Worm","floor":5,"turns":3},{"damage":14,"enemies":"Small Slimes","floor":6,"turns":3},{"damage":22,"enemies":"3 Sentries","floor":8,"turns":8},{"damage":0,"enemies":"Gremlin Nob","floor":10,"turns":2},{"damage":7,"enemies":"3 Sentries","floor":12,"turns":4},{"damage":6,"enemies":"2 Fungi Beasts","floor":14,"turns":2},{"damage":0,"enemies":"Hexaghost","floor":16,"turns":5},{"damage":13,"enemies":"Spheric Guardian","floor":18,"turns":4},{"damage":5,"enemies":"Chosen","floor":20,"turns":4},{"damage":18,"enemies":"Book of Stabbing","floor":23,"turns":3},{"damage":0,"enemies":"Gremlin Leader","floor":24,"turns":4},{"damage":13,"enemies":"Snake Plant","floor":28,"turns":2},{"damage":8,"enemies":"Book of Stabbing","floor":29,"turns":3},{"damage":0,"enemies":"Slavers","floor":31,"turns":2},{"damage":40,"enemies":"Automaton","floor":33,"turns":4}],"seed_played":"377284083679862428","potions_obtained":[{"floor":1,"key":"Ancient Potion"},{"floor":6,"key":"Regen Potion"},{"floor":8,"key":"BlessingOfTheForge"},{"floor":10,"key":"CultistPotion"},{"floor":20,"key":"Swift Potion"},{"floor":23,"key":"Energy Potion"},{"floor":24,"key":"PowerPotion"}],"is_trial":true,"path_per_floor":["M","?","T","?","M","M","R","E","T","E","?","E","$","M","R","B",null,"M","?","M","?","?","E","E","R","T","$","M","E","?","E","R","B"],"character_chosen":"WATCHER","items_purchased":["Damaru","Lantern","CeramicFish"],"campfire_rested":0,"item_purchase_floors":[13,27,27],"current_hp_per_floor":[68,50,50,55,50,36,36,23,23,23,23,16,16,10,10,10,77,64,64,59,59,77,61,61,61,61,61,48,40,40,40,40,0,0],"gold":209,"neow_bonus":"","is_daily":false,"chose_seed":false,"campfire_upgraded":4,"win_rate":0.0,"timestamp":1609076733,"path_taken":["M","?","?","?","M","M","R","E","T","E","?","E","$","M","R","BOSS","M","?","?","?","?","E","E","R","T","$","?","E","?","E","R","BOSS"],"items_purchased_type":["Relic","Relic","Relic"],"build_version":"2020-12-22","purchased_purges":0,"victory":false,"max_hp_per_floor":[72,72,72,77,77,77,77,77,77,77,77,77,77,77,77,77,77,77,77,77,77,77,79,79,79,79,79,79,79,79,79,79,79,79],"card_choices":[{"not_picked":["Evaluate","Fasting2"],"picked":"WaveOfTheHand","floor":0},{"not_picked":["FlyingSleeves","SashWhip"],"picked":"BattleHymn","floor":0},{"not_picked":["FollowUp","Protect"],"picked":"Crescendo","floor":0},{"not_picked":["ForeignInfluence","JustLucky"],"picked":"FollowUp","floor":0},{"not_picked":["DeceiveReality","FlyingSleeves"],"picked":"ClearTheMind","floor":0},{"not_picked":["Evaluate","Protect"],"picked":"Vengeance","floor":0},{"not_picked":["SignatureMove","SashWhip"],"picked":"InnerPeace","floor":0},{"not_picked":["Adaptation","CutThroughFate"],"picked":"JustLucky","floor":0},{"not_picked":["Consecrate","ReachHeaven"],"picked":"InnerPeace","floor":0},{"not_picked":["Study","PathToVictory"],"picked":"Wallop","floor":0},{"not_picked":["CarveReality","Protect"],"picked":"Halt","floor":0},{"not_picked":["ThirdEye","WreathOfFlame"],"picked":"SashWhip","floor":0},{"not_picked":["CutThroughFate","Weave"],"picked":"Halt","floor":0},{"not_picked":["Swivel","FlyingSleeves"],"picked":"ClearTheMind","floor":0},{"not_picked":["CarveReality","Meditate"],"picked":"Halt","floor":0},{"not_picked":["Prostrate","Study"],"picked":"Adaptation","floor":1},{"not_picked":["InnerPeace","WreathOfFlame"],"picked":"Protect","floor":5},{"not_picked":["Meditate","Fasting2"],"picked":"FlurryOfBlows","floor":6},{"not_picked":["FlyingSleeves","EmptyBody"],"picked":"Wallop","floor":8},{"not_picked":["Weave","TalkToTheHand"],"picked":"WindmillStrike","floor":10},{"not_picked":["Protect","TalkToTheHand"],"picked":"Indignation","floor":12},{"not_picked":["Judgement","WaveOfTheHand"],"picked":"Collect","floor":14},{"not_picked":["MasterReality","Devotion"],"picked":"DeusExMachina","floor":16},{"not_picked":["ClearTheMind+1","MentalFortress"],"picked":"Consecrate+1","floor":18},{"not_picked":["PathToVictory","JustLucky"],"picked":"Crescendo","floor":20},{"not_picked":["Protect","FollowUp","EmptyMind"],"picked":"Singing Bowl","floor":23},{"not_picked":["ConjureBlade","Prostrate+1"],"picked":"Omniscience","floor":24},{"not_picked":["ClearTheMind","Weave"],"picked":"EmptyBody","floor":28},{"not_picked":["Adaptation","Tantrum"],"picked":"WindmillStrike","floor":29},{"not_picked":["FlurryOfBlows","WaveOfTheHand"],"picked":"Worship","floor":31}],"player_experience":126144,"relics_obtained":[{"floor":3,"key":"Dream Catcher"},{"floor":8,"key":"PreservedInsect"},{"floor":9,"key":"Singing Bowl"},{"floor":10,"key":"Mummified Hand"},{"floor":12,"key":"InkBottle"},{"floor":23,"key":"WingedGreaves"},{"floor":24,"key":"Art of War"},{"floor":26,"key":"Matryoshka"},{"floor":29,"key":"Ornamental Fan"},{"floor":31,"key":"Bottled Flame"}],"event_choices":[{"damage_healed":0,"gold_gain":0,"player_choice":"Take Damage","damage_taken":18,"relics_obtained":["Golden Idol"],"max_hp_gain":0,"max_hp_loss":0,"event_name":"Golden Idol","floor":2,"gold_loss":0},{"damage_healed":0,"gold_gain":0,"player_choice":"Donut","damage_taken":0,"max_hp_gain":5,"max_hp_loss":0,"event_name":"Big Fish","floor":4,"gold_loss":0},{"damage_healed":0,"gold_gain":0,"player_choice":"Forge","damage_taken":0,"max_hp_gain":0,"max_hp_loss":0,"event_name":"Accursed Blacksmith","floor":11,"gold_loss":0,"cards_upgraded":["Crescendo"]},{"cards_removed":["Adaptation"],"damage_healed":0,"gold_gain":0,"player_choice":"Gave Card","damage_taken":0,"relics_obtained":["Kunai"],"max_hp_gain":0,"max_hp_loss":0,"event_name":"WeMeetAgain","floor":19,"gold_loss":0},{"cards_removed":["InnerPeace"],"damage_healed":0,"gold_gain":0,"player_choice":"Gave Gold","damage_taken":0,"max_hp_gain":0,"max_hp_loss":0,"event_name":"Beggar","floor":21,"gold_loss":75},{"damage_healed":25,"gold_gain":0,"player_choice":"Heal","damage_taken":0,"max_hp_gain":0,"max_hp_loss":0,"event_name":"The Library","floor":22,"gold_loss":0},{"damage_healed":0,"gold_gain":0,"player_choice":"2 cards matched","damage_taken":0,"max_hp_gain":0,"max_hp_loss":0,"event_name":"Match and Keep!","floor":30,"gold_loss":0,"cards_obtained":["Eruption","Enlightenment"]}],"is_beta":false,"boss_relics":[{"not_picked":["Snecko Eye","VioletLotus"],"picked":"Philosopher\u0027s Stone"}],"items_purged_floors":[],"is_endless":true,"potions_floor_spawned":[1,6,8,10,14,20,23,24,29],"killed_by":"Automaton","ascension_level":0}}