{"host":"8f5cu9y0fpol72qs","time":1609108663,"event":{"mods":["BaseMod","Colored Map","Highlight Path","Minty Spire (QoL Compilation)","StSLib"],"gold_per_floor":[19,119,134,209,219,251,27,27,27,54,54,70,90,107,107,203,203,168,168,168,180,180,215,227,262,262,296,306,306,406,440,440,544,544,555,571,571,581,581,581,611,611,636,667,667,697,597,627,627,627,627,627,20,49,49],"floor_reached":56,"playtime":14775,"items_purged":["Strike_G","Defend_G","Strike_G"],"score":1962,"play_id":"c5e219d7-ce0d-4dd3-a5b2-ed9b7039c83e","local_time":"20201227143743","is_ascension_mode":true,"campfire_choices":[{"data":"Footwork","floor":8.0,"key":"SMITH"},{"floor":15.0,"key":"REST"},{"floor":29,"key":"REST"},{"floor":32,"key":"REST"},{"data":"1","floor":40,"key":"LIFT"},{"data":"2","floor":42,"key":"LIFT"},{"floor":45,"key":"RECALL"},{"floor":49,"key":"REST"},{"data":"3","floor":52,"key":"LIFT"}],"circlet_count":0,"master_deck":["AscendersBane","Strike_G","Strike_G","Defend_G+1","Defend_G","Defend_G","Defend_G","Survivor","Neutralize","Footwork+1","Predator","Dodge and Roll","Bullet Time+1","Well Laid Plans","Backflip+1","Leg Sweep+1","Dash","Envenom","Skewer+1","Blade Dance+1","Footwork","Corpse Explosion+1","PiercingWail+1","Prepared+1","CurseOfTheBell","Caltrops","Malaise+1","Catalyst+1","Apotheosis+1","Dodge and Roll+1"],"relics":["Ring of the Snake","Pocketwatch","Ginger","Bronze Scales","Toxic Egg 2","Singing Bowl","Fusion Hammer","Lantern","Centennial Puzzle","TungstenRod","Red Mask","Mango","Ornamental Fan","Gambling Chip","Calling Bell","War Paint","White Beast Statue","Girya","PreservedInsect","Strawberry","Happy Flower","Anchor","Frozen Eye","Paper Crane"],"acts_visited":["Exordium","TheCity","TheBeyond","TheEnding"],"potions_floor_usage":[27,30,38,41,44,48,50,55,55],"damage_taken":[{"damage":2.0,"enemies":"Cultist","floor":1.0,"turns":5.0},{"damage":0.0,"enemies":"2 Louse","floor":3.0,"turns":4.0},{"damage":2.0,"enemies":"Jaw Worm","floor":5.0,"turns":4.0},{"damage":11.0,"enemies":"Lagavulin","floor":6.0,"turns":10.0},{"damage":17.0,"enemies":"Gremlin Nob","floor":10.0,"turns":5.0},{"damage":3.0,"enemies":"Looter","floor":12.0,"turns":4.0},{"damage":5.0,"enemies":"3 Louse","floor":13.0,"turns":3.0},{"damage":1.0,"enemies":"Blue Slaver","floor":14.0,"turns":4.0},{"damage":2.0,"enemies":"The Guardian","floor":16.0,"turns":13.0},{"damage":1.0,"enemies":"2 Thieves","floor":18.0,"turns":5.0},{"damage":2.0,"enemies":"Shell Parasite","floor":21.0,"turns":5.0},{"damage":0.0,"enemies":"Gremlin Leader","floor":23.0,"turns":10.0},{"damage":5,"enemies":"Snake Plant","floor":24,"turns":5},{"damage":15,"enemies":"Slavers","floor":25,"turns":7},{"damage":14,"enemies":"Masked Bandits","floor":27,"turns":4},{"damage":0,"enemies":"3 Cultists","floor":28,"turns":2},{"damage":5,"enemies":"Colosseum Slavers","floor":30,"turns":3},{"damage":4,"enemies":"Colosseum Nobs","floor":30,"turns":3},{"damage":1,"enemies":"Book of Stabbing","floor":31,"turns":5},{"damage":15,"enemies":"Collector","floor":33,"turns":9},{"damage":6,"enemies":"3 Shapes","floor":35,"turns":2},{"damage":8,"enemies":"Orb Walker","floor":36,"turns":6},{"damage":0,"enemies":"4 Shapes","floor":38,"turns":5},{"damage":10,"enemies":"Giant Head","floor":41,"turns":9},{"damage":18,"enemies":"Reptomancer","floor":44,"turns":8},{"damage":4,"enemies":"Nemesis","floor":46,"turns":7},{"damage":1,"enemies":"Reptomancer","floor":48,"turns":4},{"damage":2,"enemies":"Time Eater","floor":50,"turns":13},{"damage":15,"enemies":"Shield and Spear","floor":54,"turns":3},{"damage":31,"enemies":"The Heart","floor":55,"turns":9}],"seed_played":"-2743039748846560337","potions_obtained":[{"floor":3.0,"key":"SkillPotion"},{"floor":5.0,"key":"Fire Potion"},{"floor":10.0,"key":"Poison Potion"},{"floor":12.0,"key":"Block Potion"},{"floor":16.0,"key":"Strength Potion"},{"floor":18.0,"key":"DuplicationPotion"},{"floor":23,"key":"Block Potion"},{"floor":31,"key":"SpeedPotion"},{"floor":35,"key":"ColorlessPotion"},{"floor":36,"key":"Dexterity Potion"},{"floor":38,"key":"Block Potion"},{"floor":41,"key":"Ancient Potion"},{"floor":44,"key":"Fire Potion"},{"floor":46,"key":"DuplicationPotion"},{"floor":48,"key":"DuplicationPotion"}],"is_trial":false,"path_per_floor":["M","?","M","?","M","E","$","R","T","E","?","M","M","M","R","B",null,"M","?","?","M","?","E","M","E","T","?","M","R","?","E","R","B",null,"M","M","?","M","?","R","E","R","T","E","R","E","$","E","R","B",null,"R","$","E","B",null],"character_chosen":"THE_SILENT","items_purchased":["Bronze Scales","Apotheosis+1","Frozen Eye","CultistPotion","Dexterity Potion"],"campfire_rested":4,"item_purchase_floors":[7,53,53,53,53],"current_hp_per_floor":[61,61,61,50,48,37,37,37,37,20,13,10,5,4,25,23,58,57,57,57,57,44,44,39,26,26,12,14,38,43,42,70,57,87,83,77,79,79,79,79,71,71,71,60,60,58,58,59,93,91,110,110,110,95,64],"gold":49,"neow_bonus":"ONE_RARE_RELIC","is_daily":false,"chose_seed":false,"campfire_upgraded":1,"win_rate":0.0,"timestamp":1609108663,"path_taken":["M","?","?","?","M","E","$","R","T","E","?","M","M","M","R","BOSS","M","?","?","M","?","E","M","E","T","?","M","R","?","E","R","BOSS","M","M","?","M","?","R","E","R","T","E","R","E","$","E","R","BOSS","R","$","E","BOSS"],"items_purchased_type":["Relic","Card","Relic","Potion","Potion"],"build_version":"2020-12-22","purchased_purges":3,"victory":true,"max_hp_per_floor":[70,70,70,70,70,70,70,70,70,70,70,70,70,70,70,70,70,70,70,70,72,77,77,77,79,79,79,81,81,95,95,95,97,97,99,101,103,103,103,103,105,105,105,112,112,114,114,116,116,116,116,116,116,116,116],"card_choices":[{"not_picked":["Bane","Catalyst"],"picked":"Footwork","floor":1.0},{"not_picked":["Underhanded Strike","Eviscerate"],"picked":"Predator","floor":3.0},{"not_picked":["Cloak And Dagger","Blur"],"picked":"Dodge and Roll","floor":5.0},{"not_picked":["Bouncing Flask","Die Die Die"],"picked":"Bullet Time","floor":6.0},{"not_picked":["Tactician+1","Grand Finale"],"picked":"Well Laid Plans","floor":10.0},{"not_picked":["Flying Knee","Deflect+1"],"picked":"Backflip+1","floor":12.0},{"not_picked":["Concentrate+1","Well Laid Plans"],"picked":"Leg Sweep+1","floor":13.0},{"not_picked":["Sucker Punch","Tactician+1"],"picked":"Dash","floor":14.0},{"not_picked":["Tools of the Trade","Phantasmal Killer+1"],"picked":"Envenom","floor":16.0},{"not_picked":["Accuracy","Dodge and Roll+1"],"picked":"Skewer+1","floor":18.0},{"not_picked":["All Out Attack","Backflip+1","Concentrate+1"],"picked":"Singing Bowl","floor":21.0},{"not_picked":["Slice","Dodge and Roll+1"],"picked":"Blade Dance+1","floor":23},{"not_picked":["Deadly Poison+1","Flying Knee"],"picked":"Footwork","floor":24},{"not_picked":["Endless Agony+1","Heel Hook","Tactician+1"],"picked":"Singing Bowl","floor":25},{"not_picked":["Distraction+1","Dagger Throw+1"],"picked":"Corpse Explosion+1","floor":27},{"not_picked":["Distraction+1","Blade Dance+1","Tactician+1"],"picked":"Singing Bowl","floor":28},{"not_picked":["Terror+1","Underhanded Strike+1"],"picked":"PiercingWail+1","floor":30},{"not_picked":["Endless Agony","Underhanded Strike+1"],"picked":"Prepared+1","floor":31},{"not_picked":["A Thousand Cuts","Unload","Grand Finale"],"picked":"Singing Bowl","floor":33},{"not_picked":["Bane","Deflect+1","Heel Hook+1"],"picked":"Singing Bowl","floor":35},{"not_picked":["Slice","Distraction+1","Finisher+1"],"picked":"Singing Bowl","floor":36},{"not_picked":["Discovery+1","Deep Breath+1","Impatience+1"],"picked":"Singing Bowl","floor":37},{"not_picked":["Eviscerate+1","Expertise+1"],"picked":"Caltrops","floor":38},{"not_picked":["Heel Hook+1","Prepared+1","Eviscerate"],"picked":"Singing Bowl","floor":41},{"not_picked":["Burst+1","Cloak And Dagger+1"],"picked":"Catalyst+1","floor":44},{"not_picked":["Flying Knee","Blade Dance+1","Acrobatics+1"],"picked":"Singing Bowl","floor":46},{"not_picked":["Slice","Tactician+1","Wraith Form v2"],"picked":"Singing Bowl","floor":48},{"not_picked":["Bane","Sucker Punch+1"],"picked":"Dodge and Roll+1","floor":54}],"player_experience":709767,"relics_obtained":[{"floor":6.0,"key":"Ginger"},{"floor":9.0,"key":"Toxic Egg 2"},{"floor":10.0,"key":"Singing Bowl"},{"floor":23,"key":"Lantern"},{"floor":25,"key":"Centennial Puzzle"},{"floor":26,"key":"TungstenRod"},{"floor":27,"key":"Red Mask"},{"floor":30,"key":"Mango"},{"floor":30,"key":"Ornamental Fan"},{"floor":31,"key":"Gambling Chip"},{"floor":34,"key":"War Paint"},{"floor":34,"key":"White Beast Statue"},{"floor":34,"key":"Girya"},{"floor":41,"key":"PreservedInsect"},{"floor":44,"key":"Strawberry"},{"floor":46,"key":"Happy Flower"},{"floor":48,"key":"Anchor"},{"floor":54,"key":"Paper Crane"}],"event_choices":[{"damage_healed":0.0,"max_hp_gain":0.0,"max_hp_loss":0.0,"gold_gain":100.0,"event_name":"Golden Shrine","player_choice":"Pray","floor":2.0,"gold_loss":0.0,"damage_taken":0.0},{"damage_healed":0.0,"max_hp_gain":0.0,"max_hp_loss":0.0,"gold_gain":75.0,"event_name":"World of Goop","player_choice":"Gather Gold","floor":4.0,"gold_loss":0.0,"damage_taken":11.0},{"cards_removed":["Strike_G"],"damage_healed":0.0,"max_hp_gain":0.0,"max_hp_loss":0.0,"gold_gain":0.0,"event_name":"Golden Wing","player_choice":"Card Removal","floor":11.0,"gold_loss":0.0,"damage_taken":7.0},{"damage_healed":0.0,"max_hp_gain":0.0,"max_hp_loss":0.0,"gold_gain":0.0,"event_name":"The Mausoleum","player_choice":"Ignored","floor":19.0,"gold_loss":0.0,"damage_taken":0.0},{"damage_healed":0.0,"max_hp_gain":0.0,"max_hp_loss":0.0,"gold_gain":0.0,"event_name":"Ghosts","player_choice":"Ignored","floor":20.0,"gold_loss":0.0,"damage_taken":0.0},{"damage_healed":0.0,"max_hp_gain":5.0,"max_hp_loss":0.0,"gold_gain":0.0,"event_name":"Forgotten Altar","player_choice":"Shed Blood","floor":22.0,"gold_loss":0.0,"damage_taken":18.0},{"damage_healed":0,"gold_gain":0,"player_choice":"Fought Bandits","damage_taken":0,"max_hp_gain":0,"max_hp_loss":0,"event_name":"Masked Bandits","floor":27,"gold_loss":0},{"damage_healed":0,"gold_gain":0,"player_choice":"Fight","damage_taken":0,"max_hp_gain":0,"max_hp_loss":0,"event_name":"Colosseum","floor":30,"gold_loss":0},{"damage_healed":0,"gold_gain":0,"player_choice":"Fought Nobs","damage_taken":0,"max_hp_gain":0,"max_hp_loss":0,"event_name":"Colosseum","floor":30,"gold_loss":0},{"damage_healed":0,"gold_gain":0,"player_choice":"Memory 1","damage_taken":0,"max_hp_gain":0,"max_hp_loss":0,"event_name":"SensoryStone","floor":37,"gold_loss":0},{"damage_healed":0,"gold_gain":0,"player_choice":"1 cards matched","damage_taken":0,"max_hp_gain":0,"max_hp_loss":0,"event_name":"Match and Keep!","floor":39,"gold_loss":0,"cards_obtained":["Malaise"]}],"is_beta":false,"boss_relics":[{"not_picked":["Coffee Dripper","Busted Crown"],"picked":"Fusion Hammer"},{"not_picked":["Philosopher\u0027s Stone","SlaversCollar"],"picked":"Calling Bell"}],"items_purged_floors":[7,47,53],"is_endless":false,"potions_floor_spawned":[3,5,10,12,13,16,18,21,23,24,30,31,35,36,38,41,44,46,48,54],"ascension_level":11}}