{"host":"newqdrzxfhh2im9e","time":1609095753,"event":{"mods":["AchievementEnabler","BaseMod","BetterRewards","Block Reminder","Colored Map","Jorbs\u0027s Wanderer Trilogy","Minty Spire (QoL Compilation)","Rare Cards Sparkle","Shop Mod","StSLib"],"gold_per_floor":[213,230,6,6,20,20,36,65,135,149,137,153,4,20,20,117,117,133,14,14,14,113,113,113],"floor_reached":23,"playtime":703,"items_purged":[],"score":232,"play_id":"534afc35-c7b0-454a-a028-3042198588a8","local_time":"20201227110233","is_ascension_mode":true,"campfire_choices":[{"data":"Defragment","floor":6,"key":"SMITH"},{"floor":15,"key":"REST"}],"circlet_count":0,"master_deck":["Strike_B+1","Strike_B+1","Strike_B","Strike_B","Defend_B","Defend_B","Defend_B","Defend_B","Zap","Dualcast","Defragment+1","Thunder Strike","Consume","Fission","Static Discharge","Storm","Thunder Strike","Streamline+1","Capacitor","BootSequence"],"relics":["Cracked Core","Bag of Preparation","Dead Branch","White Beast Statue","Whetstone"],"acts_visited":["Exordium","TheCity"],"potions_floor_usage":[8,11,12,14,16,18,23],"damage_taken":[{"damage":1,"enemies":"Cultist","floor":1,"turns":3},{"damage":10,"enemies":"Small Slimes","floor":2,"turns":3},{"damage":6,"enemies":"2 Louse","floor":5,"turns":2},{"damage":12,"enemies":"Large Slime","floor":7,"turns":5},{"damage":20,"enemies":"Gremlin Nob","floor":8,"turns":4},{"damage":8,"enemies":"Blue Slaver","floor":10,"turns":3},{"damage":0,"enemies":"Exordium Thugs","floor":11,"turns":4},{"damage":7,"enemies":"2 Fungi Beasts","floor":12,"turns":4},{"damage":16,"enemies":"Gremlin Gang","floor":14,"turns":3},{"damage":21,"enemies":"Hexaghost","floor":16,"turns":6},{"damage":28,"enemies":"Spheric Guardian","floor":18,"turns":4},{"damage":34,"enemies":"Book of Stabbing","floor":23,"turns":3}],"seed_played":"-459653205661245004","potions_obtained":[{"floor":1,"key":"GamblersBrew"},{"floor":10,"key":"SkillPotion"},{"floor":11,"key":"Regen Potion"},{"floor":12,"key":"Weak Potion"},{"floor":14,"key":"LiquidBronze"},{"floor":16,"key":"ColorlessPotion"},{"floor":18,"key":"PowerPotion"}],"is_trial":false,"path_per_floor":["M","M","$","$","M","R","M","E","T","M","M","M","$","M","R","B",null,"M","$","?","?","?","E"],"character_chosen":"DEFECT","items_purchased":["Defragment","Bag of Preparation","Whetstone","Capacitor","BootSequence"],"campfire_rested":1,"item_purchase_floors":[3,3,13,19,19],"current_hp_per_floor":[74,64,64,64,58,58,46,26,26,18,18,23,23,7,29,8,75,47,47,33,33,33,0,0],"gold":113,"neow_bonus":"HUNDRED_GOLD","is_daily":false,"chose_seed":false,"campfire_upgraded":1,"win_rate":0.0,"timestamp":1609095753,"path_taken":["M","?","?","$","M","R","M","E","T","M","M","M","$","M","R","BOSS","M","$","?","?","?","E"],"items_purchased_type":["Card","Relic","Relic","Card","Card"],"build_version":"2020-12-22","purchased_purges":0,"victory":false,"max_hp_per_floor":[75,75,75,75,75,75,75,75,75,75,75,75,75,75,75,75,75,75,75,80,80,80,80,80],"card_choices":[{"not_picked":["Beam Cell","Leap","Turbo"],"picked":"SKIP","floor":1},{"not_picked":["Rebound","Compile Driver","Sweeping Beam"],"picked":"SKIP","floor":2},{"not_picked":["Fusion","Coolheaded"],"picked":"Thunder Strike","floor":5},{"not_picked":["Rebound","Coolheaded","Barrage"],"picked":"SKIP","floor":7},{"not_picked":["Barrage","Redo"],"picked":"Consume","floor":8},{"not_picked":["Hologram","Lockon"],"picked":"Fission","floor":10},{"not_picked":["Conserve Battery","Blizzard"],"picked":"Static Discharge","floor":11},{"not_picked":["Rebound","Steam","Beam Cell"],"picked":"SKIP","floor":12},{"not_picked":["Auto Shields","Undo"],"picked":"Storm","floor":14},{"not_picked":["Meteor Strike","Seek"],"picked":"Thunder Strike","floor":16},{"not_picked":["Steam+1","Beam Cell+1"],"picked":"Streamline+1","floor":18}],"player_experience":653806,"relics_obtained":[{"floor":8,"key":"Dead Branch"},{"floor":9,"key":"White Beast Statue"}],"event_choices":[{"damage_healed":0,"gold_gain":0,"player_choice":"Shed Blood","damage_taken":19,"max_hp_gain":5,"max_hp_loss":0,"event_name":"Forgotten Altar","floor":20,"gold_loss":0},{"damage_healed":0,"gold_gain":0,"player_choice":"Ignored","damage_taken":0,"max_hp_gain":0,"max_hp_loss":0,"event_name":"Cursed Tome","floor":21,"gold_loss":0},{"damage_healed":0,"gold_gain":99,"player_choice":"Stole From Cult","damage_taken":0,"max_hp_gain":0,"max_hp_loss":0,"event_name":"Nest","floor":22,"gold_loss":0}],"is_beta":false,"boss_relics":[{"not_picked":["Coffee Dripper","Ectoplasm","Fusion Hammer"]}],"items_purged_floors":[],"is_endless":false,"potions_floor_spawned":[1,10,11,12,14,16,18],"killed_by":"Book of Stabbing","ascension_level":4}}