{"host":"hjw1ay65n7jm40lc","time":1609045475,"event":{"mods":["AchievementEnabler","BaseMod","Block Reminder","Colored Map","Colored Powertips","Downfall","Googly Eyes","Highlight Path","Minty Spire (QoL Compilation)","Quick Restart","Relic Stats","StSLib"],"gold_per_floor":[99,110,38,48,48,48,48,78,95,95,95,195,213,213,230,309,309,309,323,57,73,86,86,86,113,113,113,113,146,146,163,173,249,249,249,262,277,294,312,237,237,237,248,283,299,324,335,3,21,21],"floor_reached":51,"playtime":15684,"items_purged":["Slimebound:Icky","Guardian:Strike_Guardian"],"score":1505,"play_id":"61b0b34c-b895-40e3-8acd-a0002d0ef15e","local_time":"20201227000435","is_ascension_mode":true,"campfire_choices":[{"data":"Guardian:TwinSlam","floor":1.0,"key":"SMITH"},{"floor":11.0,"key":"REST"},{"data":"Guardian:ExploitGems","floor":18.0,"key":"SMITH"},{"data":"Guardian:FuturePlans","floor":23.0,"key":"SMITH"},{"floor":28.0,"key":"REST"},{"data":"Guardian:ConstructionForm","floor":30.0,"key":"SMITH"},{"data":"Guardian:ConstructionForm","floor":35.0,"key":"SMITH"},{"data":"Guardian:EvasiveProtocol","floor":40.0,"key":"SMITH"}],"circlet_count":0,"master_deck":["AscendersBane","Guardian:Defend_Guardian","Guardian:Defend_Guardian","Guardian:Defend_Guardian","Guardian:Defend_Guardian","Guardian:CurlUp","Guardian:TwinSlam+1","CurseOfTheBell","Guardian:FuturePlans+1","Guardian:EvasiveProtocol+1","Guardian:Reroute+1","Guardian:ExploitGems+1","Guardian:PrimingBeam+1","Guardian:GemFinder","Guardian:TemporalStrike+1","Guardian:Harden","Guardian:ConstructionForm+1","Guardian:ExploitGems","Guardian:MultiBeam+1","Guardian:ConstructionForm+1","Guardian:ExploitGems","Guardian:DecasProtection","Guardian:MultiBeam+1","Guardian:Gem_Red","Guardian:ArmoredProtocol+1","Guardian:AncientConstruct","Guardian:StasisEngine","Guardian:DecasProtection","Guardian:CrystalBeam+1","Guardian:DonusPower+1","expansioncontent:StudyTheSpire"],"relics":["Calling Bell","Dream Catcher","Shuriken","FossilizedHelix","Molten Egg 2","Happy Flower","Bag of Preparation","Cursed Key","Nloth\u0027s Gift","Gremlin Horn","Black Star","downfall:HeartBlessingGreen","Mummified Hand","Toy Ornithopter","Strawberry","Lizard Tail"],"acts_visited":["Exordium","TheCity","TheBeyond"],"potions_floor_usage":[50,50],"damage_taken":[{"damage":0.0,"enemies":"2 Louse","floor":2.0,"turns":4.0},{"damage":4.0,"enemies":"downfall:FleeingMerchant","floor":3.0,"turns":4.0},{"damage":1.0,"enemies":"Cultist","floor":4.0,"turns":4.0},{"damage":0.0,"enemies":"Gremlin Nob","floor":6.0,"turns":1.0},{"damage":5.0,"enemies":"Lagavulin","floor":8.0,"turns":9.0},{"damage":0.0,"enemies":"Jaw Worm","floor":9.0,"turns":3.0},{"damage":0.0,"enemies":"2 Fungi Beasts","floor":13.0,"turns":3.0},{"damage":0.0,"enemies":"Large Slime","floor":15.0,"turns":4.0},{"damage":47.0,"enemies":"downfall:Ironclad","floor":16.0,"turns":9.0},{"damage":3.0,"enemies":"3 Byrds","floor":19.0,"turns":4.0},{"damage":6.0,"enemies":"downfall:FleeingMerchant","floor":20.0,"turns":4.0},{"damage":0.0,"enemies":"Chosen","floor":21.0,"turns":6.0},{"damage":0.0,"enemies":"Sentry and Sphere","floor":22.0,"turns":7.0},{"damage":7.0,"enemies":"Book of Stabbing","floor":25.0,"turns":5.0},{"damage":0.0,"enemies":"Slavers","floor":29.0,"turns":3.0},{"damage":0.0,"enemies":"Centurion and Healer","floor":31.0,"turns":7.0},{"damage":0.0,"enemies":"Cultist and Chosen","floor":32.0,"turns":3.0},{"damage":6.0,"enemies":"downfall:Silent","floor":33.0,"turns":6.0},{"damage":0.0,"enemies":"3 Darklings","floor":36.0,"turns":2.0},{"damage":0.0,"enemies":"3 Shapes","floor":37.0,"turns":7.0},{"damage":0.0,"enemies":"Maw","floor":38.0,"turns":8.0},{"damage":0.0,"enemies":"Transient","floor":39.0,"turns":5.0},{"damage":0.0,"enemies":"Sphere and 2 Shapes","floor":43.0,"turns":6.0},{"damage":0.0,"enemies":"Nemesis","floor":44.0,"turns":7.0},{"damage":0.0,"enemies":"Jaw Worm Horde","floor":45.0,"turns":4.0},{"damage":0.0,"enemies":"Giant Head","floor":46.0,"turns":6.0},{"damage":0.0,"enemies":"Transient","floor":47.0,"turns":5.0},{"damage":0,"enemies":"downfall:FleeingMerchant","floor":48,"turns":4},{"damage":7,"enemies":"4 Shapes","floor":49,"turns":6},{"damage":0,"enemies":"downfall:Defect","floor":50,"turns":4}],"seed_played":"-854909783883529114","potions_obtained":[{"floor":2.0,"key":"SmokeBomb"},{"floor":8.0,"key":"Ancient Potion"},{"floor":15.0,"key":"AttackPotion"},{"floor":19.0,"key":"Fruit Juice"},{"floor":21.0,"key":"BlessingOfTheForge"},{"floor":25.0,"key":"Slimebound:ThreeZeroPotion"},{"floor":26.0,"key":"CultistPotion"},{"floor":29.0,"key":"SneckoOil"},{"floor":36.0,"key":"Ancient Potion"},{"floor":38.0,"key":"SkillPotion"},{"floor":46.0,"key":"GamblersBrew"},{"floor":47.0,"key":"PowerPotion"},{"floor":49,"key":"PowerPotion"}],"is_trial":false,"path_per_floor":["R","M","$","M","?","E","T","E","M","T","R","?","M","?","M","B",null,"R","M","$","M","M","R","T","E","?","?","R","E","R","M","M","B",null,"R","M","M","M","M","R","T","?","M","E","M","E","M","$","M","B",null],"character_chosen":"GUARDIAN","items_purchased":["PowerPotion","Guardian:Gem_Synthetic","expansioncontent:StudyTheSpire"],"campfire_rested":2,"item_purchase_floors":[3,20,48],"current_hp_per_floor":[65,65,61,60,60,60,60,55,55,55,72,72,72,72,72,25,60,60,57,56,56,56,56,56,49,49,49,72,72,72,72,72,66,74,74,74,74,74,74,74,74,74,74,74,74,81,81,81,74,84],"gold":21,"neow_bonus":"BOSS_RELIC","is_daily":false,"chose_seed":false,"campfire_upgraded":6,"win_rate":0.0,"timestamp":1609045475,"path_taken":["R","M","$","M","?","E","T","E","M","?","R","?","M","?","M","BOSS","R","M","$","M","M","R","T","E","?","?","R","E","R","M","M","BOSS","R","M","M","?","M","R","T","?","?","E","M","E","M","$","M","BOSS"],"items_purchased_type":["Potion","Card","Card"],"build_version":"2020-12-22","purchased_purges":2,"victory":true,"max_hp_per_floor":[72,72,72,72,72,72,72,72,72,72,72,72,72,72,72,72,72,72,72,77,77,77,77,77,77,77,77,77,77,77,77,77,77,77,77,77,77,77,77,77,77,77,77,77,77,84,84,84,84,84],"relic_stats":{"Happy Flower":[42],"Gremlin Horn":[11,11],"counters":[30,150],"Bag of Preparation":[48],"Cursed Key":0,"Dream Catcher":2,"Lizard Tail":0,"Shuriken":[46],"Mummified Hand":[69],"Nloth\u0027s Gift":7,"Black Star":2,"obtain_stats":[{"Regal Pillow":25,"Happy Flower":8,"Gremlin Horn":29,"Guardian:ModeShifter":0,"downfall:HeartBlessingGreen":40,"Bag of Preparation":10,"Cursed Key":17,"Calling Bell":0,"Dream Catcher":0,"Lizard Tail":46,"Shuriken":0,"Mummified Hand":44,"Strawberry":46,"Molten Egg 2":7,"Nloth\u0027s Gift":27,"Black Star":34,"FossilizedHelix":0,"Toy Ornithopter":44},{"Regal Pillow":14,"Happy Flower":5,"Gremlin Horn":15,"Guardian:ModeShifter":0,"downfall:HeartBlessingGreen":22,"Bag of Preparation":6,"Cursed Key":9,"Calling Bell":0,"Dream Catcher":0,"Lizard Tail":26,"Shuriken":0,"Mummified Hand":24,"Strawberry":26,"Molten Egg 2":4,"Nloth\u0027s Gift":14,"Black Star":18,"FossilizedHelix":0,"Toy Ornithopter":24},{"Regal Pillow":67,"Happy Flower":22,"Gremlin Horn":70,"Guardian:ModeShifter":0,"downfall:HeartBlessingGreen":108,"Bag of Preparation":25,"Cursed Key":41,"Calling Bell":0,"Dream Catcher":0,"Lizard Tail":131,"Shuriken":0,"Mummified Hand":121,"Strawberry":131,"Molten Egg 2":13,"Nloth\u0027s Gift":67,"Black Star":86,"FossilizedHelix":0,"Toy Ornithopter":121}],"Toy Ornithopter":10},"card_choices":[{"not_picked":["Guardian:TemporalShield","Guardian:Recover"],"picked":"Guardian:FuturePlans","floor":2.0},{"not_picked":["Guardian:TemporalStrike","Guardian:Gem_Yellow","Guardian:Gem_Cyan"],"picked":"SKIP","floor":3.0},{"not_picked":["Guardian:ShieldCharger","Guardian:PrismaticBeam"],"picked":"Guardian:EvasiveProtocol","floor":4.0},{"not_picked":["Guardian:Gem_Blue","Guardian:TemporalShield"],"picked":"Guardian:Reroute+1","floor":8.0},{"not_picked":["Guardian:Planning","Guardian:Suspension"],"picked":"Guardian:ExploitGems","floor":9.0},{"not_picked":["Guardian:Suspension","Guardian:Gem_Lightblue"],"picked":"Guardian:PrimingBeam+1","floor":11.0},{"not_picked":["Guardian:PrimingBeam+1","Guardian:Reroute+1"],"picked":"Guardian:GemFinder","floor":13.0},{"not_picked":["Guardian:Gem_Red","Guardian:Gem_Green"],"picked":"Guardian:Gem_Cyan","floor":15.0},{"not_picked":["Guardian:Emergency","Guardian:VentSteam"],"picked":"Guardian:TemporalStrike+1","floor":15.0},{"not_picked":["Guardian:FierceBash+1","Guardian:HyperBeam_Guardian+1"],"picked":"Guardian:Gem_Orange","floor":16.0},{"not_picked":["Guardian:Gem_Red","Guardian:Gem_Lightblue"],"picked":"Guardian:Gem_Cyan","floor":19.0},{"not_picked":["Guardian:PrimingBeam+1","Guardian:Planning","Guardian:Gem_Green"],"picked":"SKIP","floor":19.0},{"not_picked":["Guardian:Repulse","Guardian:Gem_Cyan"],"picked":"Guardian:Harden","floor":20.0},{"not_picked":["Guardian:Suspension","Guardian:CrystalBeam+1"],"picked":"Guardian:ConstructionForm","floor":21.0},{"not_picked":["Guardian:RollAttack+1","Guardian:Gem_Cyan"],"picked":"Guardian:Gem_Yellow","floor":22.0},{"not_picked":["Guardian:Gem_Lightblue","Guardian:Gem_Green"],"picked":"Guardian:Gem_Cyan","floor":25.0},{"not_picked":["Guardian:DonusPower","Guardian:PrimingBeam+1"],"picked":"Guardian:ExploitGems","floor":25.0},{"not_picked":["Guardian:PrimingBeam+1","Guardian:Reroute+1"],"picked":"Guardian:MultiBeam+1","floor":28.0},{"not_picked":["Guardian:EvasiveProtocol","Guardian:GemFinder"],"picked":"Guardian:ConstructionForm","floor":29.0},{"not_picked":["Guardian:Gem_Lightblue","Guardian:Suspension","Guardian:TemporalStrike+1"],"picked":"SKIP","floor":31.0},{"not_picked":["Guardian:PrimingBeam+1","Guardian:Suspension","Guardian:Gem_Cyan"],"picked":"SKIP","floor":32.0},{"not_picked":["Guardian:FastForward","Guardian:ConstructionForm"],"picked":"Guardian:ExploitGems","floor":33.0},{"not_picked":["Guardian:Reroute+1","Guardian:Gem_Lightblue","Guardian:PrismaticBarrier"],"picked":"SKIP","floor":36.0},{"not_picked":["Guardian:Gem_Lightblue","Guardian:Gem_Green"],"picked":"Guardian:Gem_Cyan","floor":37.0},{"not_picked":["Guardian:TemporalShield+1","Guardian:ShieldCharger"],"picked":"Guardian:DecasProtection","floor":37.0},{"not_picked":["Guardian:Gem_Lightblue","Guardian:Gem_Green"],"picked":"Guardian:Gem_Cyan","floor":38.0},{"not_picked":["Guardian:Gem_Red","Guardian:GuardianWhirl+1"],"picked":"Guardian:MultiBeam+1","floor":38.0},{"not_picked":["Guardian:Gem_Green","Guardian:Gem_Red"],"picked":"Guardian:Gem_Cyan","floor":39.0},{"not_picked":["Guardian:ShieldSpikes+1","Guardian:ChargeUp"],"picked":"Guardian:Gem_Green","floor":39.0},{"not_picked":["Guardian:CrystalBeam+1","Guardian:WalkerClaw+1"],"picked":"Guardian:ArmoredProtocol+1","floor":43.0},{"not_picked":["Guardian:Orbwalk","Guardian:Gem_Purple"],"picked":"Guardian:AncientConstruct","floor":44.0},{"not_picked":["Guardian:SpikerProtocol","Guardian:Repulse"],"picked":"Guardian:StasisEngine","floor":45.0},{"not_picked":["Guardian:Repulse","Guardian:Gem_Red"],"picked":"Guardian:DecasProtection","floor":46.0},{"not_picked":["Guardian:Recover","Guardian:CrystalBeam+1","Guardian:Suspension"],"picked":"SKIP","floor":47.0},{"not_picked":["Guardian:Recover","Guardian:Suspension"],"picked":"Guardian:CrystalBeam+1","floor":47.0},{"not_picked":["Guardian:TemporalStrike+1","Guardian:Gem_Cyan"],"picked":"Guardian:DonusPower+1","floor":48},{"not_picked":["Guardian:PrimingBeam+1","Guardian:HyperBeam_Guardian+1","Guardian:Gem_Purple"],"picked":"SKIP","floor":49}],"player_experience":625173,"relics_obtained":[{"floor":0.0,"key":"Dream Catcher"},{"floor":0.0,"key":"Shuriken"},{"floor":0.0,"key":"FossilizedHelix"},{"floor":7.0,"key":"Molten Egg 2"},{"floor":8.0,"key":"Happy Flower"},{"floor":10.0,"key":"Bag of Preparation"},{"floor":25.0,"key":"Regal Pillow"},{"floor":29.0,"key":"Gremlin Horn"},{"floor":44.0,"key":"Mummified Hand"},{"floor":44.0,"key":"Toy Ornithopter"},{"floor":46.0,"key":"Strawberry"},{"floor":46.0,"key":"Lizard Tail"}],"event_choices":[{"cards_removed":["Guardian:Strike_Guardian"],"damage_healed":0.0,"max_hp_gain":0.0,"max_hp_loss":0.0,"gold_gain":0.0,"event_name":"Bonfire Elementals","player_choice":"Offered Basic","floor":5.0,"gold_loss":0.0,"damage_taken":0.0},{"damage_healed":0.0,"max_hp_gain":0.0,"max_hp_loss":0.0,"gold_gain":0.0,"cards_transformed":["Guardian:Strike_Guardian"],"event_name":"Transmorgrifier","player_choice":"Transformed","floor":42.0,"gold_loss":0.0,"damage_taken":0.0,"cards_obtained":["Guardian:Gem_Red"]}],"is_beta":false,"boss_relics":[{"not_picked":["downfall:Hecktoplasm","SacredBark"],"picked":"Cursed Key"},{"not_picked":["Tiny House","Snecko Eye"],"picked":"Black Star"}],"items_purged_floors":[20,48],"is_endless":false,"potions_floor_spawned":[2,6,8,9,13,15,19,21,22,25,29,36,38,46,47,49],"ascension_level":16}}