{"host":"p084pgp93u1tv48k","time":1609084948,"event":{"mods":["AchievementEnabler","BaseMod","Bestiary","Better Altar","Better Match","Better Note","Better Sensory Stone","Better Skull","Better Third Choice","Better Vampires","BetterRewards","Colored Map","Hermit","Marisa????????","Minty Spire (QoL Compilation)","Quick Restart","StSLib","The Senshi","The Servant 0.9.4"],"gold_per_floor":[116,132,151,151,164,189,189],"floor_reached":6,"playtime":460,"items_purged":[],"score":58,"play_id":"a7eb2ac7-df9f-43a2-af81-989317edaa85","local_time":"20201227113228","is_ascension_mode":true,"campfire_choices":[],"circlet_count":0,"master_deck":["Strike_G","Strike_G","Strike_G","Strike_G","Strike_G","Defend_G","Defend_G","Defend_G","Defend_G","Defend_G","Survivor","Neutralize","Cloak And Dagger","Escape Plan","Poisoned Stab","Blur","Dark Shackles","Bane"],"relics":["Ring of the Snake","theSenshi:SailorFukuRelic"],"acts_visited":["Exordium"],"potions_floor_usage":[],"damage_taken":[{"damage":0,"enemies":"Small Slimes","floor":1,"turns":4},{"damage":3,"enemies":"Jaw Worm","floor":2,"turns":6},{"damage":2,"enemies":"2 Louse","floor":3,"turns":3},{"damage":23,"enemies":"Exordium Thugs","floor":5,"turns":10},{"damage":28,"enemies":"Gremlin Nob","floor":6,"turns":5}],"seed_played":"-1484806209276291","potions_obtained":[{"floor":5,"key":"Swift Potion"},{"floor":6,"key":"FearPotion"}],"is_trial":false,"path_per_floor":["M","M","M","?","M","E"],"character_chosen":"THE_SILENT","items_purchased":["Cloak And Dagger"],"campfire_rested":0,"item_purchase_floors":[0],"current_hp_per_floor":[70,67,65,65,42,14,14],"gold":189,"neow_bonus":"","is_daily":false,"chose_seed":false,"campfire_upgraded":0,"win_rate":0.0,"timestamp":1609084948,"path_taken":["M","M","M","?","M","E"],"items_purchased_type":["Card"],"build_version":"2020-12-22","purchased_purges":0,"victory":false,"max_hp_per_floor":[70,70,70,70,70,70,70],"card_choices":[{"not_picked":["Slice","Acrobatics"],"picked":"Escape Plan","floor":1},{"not_picked":["Bane","Dagger Throw"],"picked":"Poisoned Stab","floor":2},{"not_picked":["Quick Slash","Terror"],"picked":"Blur","floor":3},{"not_picked":["Dramatic Entrance","Magnetism"],"picked":"Dark Shackles","floor":4},{"not_picked":["Blade Dance","Skewer"],"picked":"Bane","floor":5}],"player_experience":166617,"relics_obtained":[{"floor":6,"key":"theSenshi:SailorFukuRelic"}],"event_choices":[{"damage_healed":0,"gold_gain":1,"player_choice":"1","damage_taken":0,"max_hp_gain":0,"max_hp_loss":0,"event_name":"betterStone:BetterStone","floor":4,"gold_loss":0}],"is_beta":false,"boss_relics":[],"items_purged_floors":[],"is_endless":false,"potions_floor_spawned":[5,6],"killed_by":"Gremlin Nob","ascension_level":4}}