{"host":"q9718omregw4er46","time":1609085108,"event":{"mods":["BaseMod","Bestiary","Colored Powertips","Minty Spire (QoL Compilation)","Quick Restart","Relic Stats"],"gold_per_floor":[119,133,152,162,182,182,215,215,215,267,47,47,47,47,47],"floor_reached":14,"playtime":499,"items_purged":["Strike_B"],"score":200,"play_id":"d1648cdb-914c-4878-8777-6669b08474dc","local_time":"20201227210508","is_ascension_mode":true,"campfire_choices":[{"floor":6,"key":"REST"},{"floor":8,"key":"REST"},{"floor":12,"key":"REST"}],"circlet_count":0,"master_deck":["AscendersBane","Strike_B","Strike_B","Strike_B","Defend_B","Defend_B","Defend_B","Defend_B","Zap","Dualcast","Defragment","Sunder","Defragment","Self Repair","Apotheosis"],"relics":["Snecko Eye","Ancient Tea Set","The Courier","InkBottle","Potion Belt"],"acts_visited":["Exordium"],"potions_floor_usage":[5,7,10],"damage_taken":[{"damage":4,"enemies":"Jaw Worm","floor":1,"turns":4},{"damage":2,"enemies":"2 Louse","floor":2,"turns":3},{"damage":7,"enemies":"Small Slimes","floor":3,"turns":4},{"damage":7,"enemies":"Looter","floor":4,"turns":5},{"damage":30,"enemies":"Gremlin Gang","floor":5,"turns":8},{"damage":31,"enemies":"Gremlin Nob","floor":7,"turns":4},{"damage":15,"enemies":"Lagavulin","floor":10,"turns":5},{"damage":39,"enemies":"Gremlin Nob","floor":14,"turns":3}],"seed_played":"-1211923957032114442","potions_obtained":[{"floor":1,"key":"Swift Potion"},{"floor":2,"key":"Swift Potion"},{"floor":7,"key":"ColorlessPotion"}],"is_trial":false,"path_per_floor":["M","M","M","M","M","R","E","R","T","E","$","R","?","E"],"character_chosen":"DEFECT","items_purchased":["Apotheosis"],"campfire_rested":3,"item_purchase_floors":[11],"current_hp_per_floor":[60,58,51,44,14,35,4,25,25,10,10,31,20,0,0],"gold":47,"neow_bonus":"BOSS_RELIC","is_daily":false,"chose_seed":false,"campfire_upgraded":0,"win_rate":0.0,"timestamp":1609085108,"path_taken":["M","M","M","M","M","R","E","R","T","E","$","R","?","E"],"items_purchased_type":["Card"],"build_version":"2020-12-22","purchased_purges":1,"victory":false,"max_hp_per_floor":[71,71,71,71,71,71,71,71,71,71,71,71,71,71,71],"relic_stats":{"counters":[8,36],"Snecko Eye":[66,67,52,65],"obtain_stats":[{"Potion Belt":13,"Snecko Eye":0,"The Courier":9,"Cracked Core":0,"Ancient Tea Set":7,"InkBottle":10},{"Potion Belt":7,"Snecko Eye":0,"The Courier":6,"Cracked Core":0,"Ancient Tea Set":6,"InkBottle":7},{"Potion Belt":33,"Snecko Eye":0,"The Courier":28,"Cracked Core":0,"Ancient Tea Set":28,"InkBottle":33}],"InkBottle":[0]},"card_choices":[{"not_picked":["Storm","Stack","Consume"],"picked":"SKIP","floor":1},{"not_picked":["Coolheaded","Hologram","Scrape"],"picked":"SKIP","floor":2},{"not_picked":["Darkness","Coolheaded","Consume"],"picked":"SKIP","floor":3},{"not_picked":["Fusion","Redo"],"picked":"Defragment","floor":4},{"not_picked":["Sweeping Beam","Conserve Battery"],"picked":"Sunder","floor":5},{"not_picked":["Rebound","Tempest"],"picked":"Defragment","floor":7},{"not_picked":["BootSequence","Compile Driver"],"picked":"Self Repair","floor":10}],"player_experience":1126800,"relics_obtained":[{"floor":7,"key":"Ancient Tea Set"},{"floor":9,"key":"The Courier"},{"floor":10,"key":"InkBottle"}],"event_choices":[{"damage_healed":0,"gold_gain":0,"player_choice":"Success","damage_taken":11,"relics_obtained":["Potion Belt"],"max_hp_gain":0,"max_hp_loss":0,"event_name":"Scrap Ooze","floor":13,"gold_loss":0}],"is_beta":false,"boss_relics":[],"items_purged_floors":[11],"is_endless":false,"potions_floor_spawned":[1,2,7],"killed_by":"Gremlin Nob","ascension_level":20}}