{"host":"8fjsnt81u6xsmhji","time":1609041849,"event":{"mods":["BaseMod","Colored Powertips","Downfall","Glutton Mod","Hermit","Minty Spire (QoL Compilation)","Quick Restart","StSLib","The Bladedancer","The Bug Knight","The Forsaken","The Hierophant"],"gold_per_floor":[99,115,133,148,148,177,177,195,370,355,355,280,293,323,335,433,433,433,433,448,298,312,297,343,343,373,403,403,328,348,377,406,515,527,539,561,293,310,320,351,351,276,326,105,120,138,156,182,192,192,192,224,48,48,48],"floor_reached":56,"playtime":5735,"items_purged":["Doubt","blademaster:Strike"],"score":11832,"play_id":"fa2e0a65-7c5d-4f01-b89b-d854b451fd81","local_time":"20201226220409","is_ascension_mode":true,"campfire_choices":[{"floor":1.0,"key":"RECALL"},{"data":"blademaster:BladeMastery","floor":12.0,"key":"SMITH"},{"data":"blademaster:Meditate","floor":18.0,"key":"SMITH"},{"data":"blademaster:EnchantedCuirass","floor":29.0,"key":"SMITH"},{"data":"blademaster:StanceMastery","floor":35.0,"key":"SMITH"},{"data":"blademaster:EyeOfTheStorm","floor":42,"key":"SMITH"},{"data":"blademaster:BladeDance","floor":54,"key":"SMITH"}],"circlet_count":0,"master_deck":["blademaster:Strike","blademaster:Strike","blademaster:Strike","blademaster:Defend","blademaster:Defend","blademaster:Defend","blademaster:Defend","blademaster:RagingBlow","blademaster:HighVoltage","blademaster:EyeOfTheStorm+1","blademaster:AspectOfLightning","blademaster:Havoc","blademaster:EnchantedCuirass+1","blademaster:BladeMastery+1","blademaster:Frontflip+1","blademaster:Thrust+1","blademaster:Meditate+1","blademaster:Flurry+1","blademaster:Overcharge","blademaster:FuryOfTheElements+1","blademaster:EyeOfTheTornado","blademaster:ParryingStrike+1","blademaster:CombatPrep+1","blademaster:FuriousStrike+1","blademaster:Flurry+1","blademaster:AncestralHealing+1","blademaster:Empower+1","blademaster:StanceMastery+1","blademaster:ThunderSlash+1","blademaster:BladeCross+1","blademaster:Safeguard+1","blademaster:Frontflip+1","blademaster:SharpBlades","blademaster:Meditate+1","blademaster:AwakeningStrike+1","blademaster:BladeDance+1","blademaster:AwakeningStrike+1","blademaster:Quickstep+1"],"relics":["Coffee Dripper","Molten Egg 2","Toxic Egg 2","downfall:HeartBlessingRed","HollowMod:PaleOreRelic","Philosopher\u0027s Stone","MutagenicStrength","Eternal Feather","Red Mask","Guardian:PocketSentry","downfall:HeartBlessingBlue","MawBank","SacredBark","hexamod:BolsterEngine","Frozen Eye","Juzu Bracelet","Ginger","Singing Bowl","downfall:HeartBlessingGreen","Ice Cream","DollysMirror","theForsaken:HumbleEgg","Bottled Tornado"],"acts_visited":["Exordium","TheCity","TheBeyond","TheEnding"],"potions_floor_usage":[45,55,55],"damage_taken":[{"damage":0.0,"enemies":"2 Louse","floor":2.0,"turns":2.0},{"damage":0.0,"enemies":"Cultist","floor":3.0,"turns":4.0},{"damage":1.0,"enemies":"Jaw Worm","floor":4.0,"turns":4.0},{"damage":17.0,"enemies":"3 Sentries","floor":6.0,"turns":12.0},{"damage":7.0,"enemies":"Blue Slaver","floor":8.0,"turns":3.0},{"damage":2.0,"enemies":"downfall:FleeingMerchant","floor":10.0,"turns":4.0},{"damage":7.0,"enemies":"Exordium Thugs","floor":13.0,"turns":3.0},{"damage":6.0,"enemies":"HollowMod:MossKnight","floor":14.0,"turns":6.0},{"damage":3.0,"enemies":"Large Slime","floor":15.0,"turns":6.0},{"damage":41.0,"enemies":"downfall:Defect","floor":16.0,"turns":7.0},{"damage":20.0,"enemies":"Chosen","floor":20.0,"turns":5.0},{"damage":14.0,"enemies":"Cultist and Chosen","floor":22.0,"turns":6.0},{"damage":15.0,"enemies":"downfall:FleeingMerchant","floor":23.0,"turns":4.0},{"damage":66.0,"enemies":"Book of Stabbing","floor":26.0,"turns":7.0},{"damage":4.0,"enemies":"Masked Bandits","floor":27.0,"turns":5.0},{"damage":10.0,"enemies":"Snake Plant","floor":30.0,"turns":4.0},{"damage":32.0,"enemies":"Slavers","floor":31.0,"turns":6.0},{"damage":8.0,"enemies":"3 Cultists","floor":32.0,"turns":6.0},{"damage":26.0,"enemies":"downfall:Silent","floor":33.0,"turns":5.0},{"damage":3.0,"enemies":"3 Darklings","floor":36.0,"turns":6.0},{"damage":2.0,"enemies":"downfall:FleeingMerchant","floor":37.0,"turns":4.0},{"damage":2,"enemies":"Orb Walker","floor":38,"turns":3},{"damage":22,"enemies":"Maw","floor":39,"turns":6},{"damage":21,"enemies":"HollowMod:StalkingDevout","floor":40,"turns":7},{"damage":1,"enemies":"Mind Bloom Boss Battle","floor":43,"turns":5},{"damage":15,"enemies":"Spire Growth","floor":45,"turns":6},{"damage":14,"enemies":"Jaw Worm Horde","floor":46,"turns":5},{"damage":0,"enemies":"Maw","floor":47,"turns":6},{"damage":7,"enemies":"Reptomancer","floor":48,"turns":4},{"damage":2,"enemies":"Sphere and 2 Shapes","floor":49,"turns":3},{"damage":23,"enemies":"downfall:Ironclad","floor":50,"turns":6},{"damage":36,"enemies":"downfall:CharBossMerchant","floor":52,"turns":6},{"damage":47,"enemies":"downfall:NeowBoss","floor":55,"turns":13}],"seed_played":"5314419621894547106","potions_obtained":[{"floor":3.0,"key":"Fire Potion"},{"floor":8.0,"key":"ColorlessPotion"},{"floor":11.0,"key":"EntropicBrew"},{"floor":11.0,"key":"ColorlessPotion"},{"floor":13.0,"key":"BlessingOfTheForge"},{"floor":15.0,"key":"Energy Potion"},{"floor":16.0,"key":"hexamod:EctoCoolerPotion"},{"floor":27.0,"key":"Ancient Potion"},{"floor":30.0,"key":"BlessingOfTheForge"},{"floor":32.0,"key":"DuplicationPotion"},{"floor":46,"key":"Energy Potion"},{"floor":47,"key":"EssenceOfSteel"}],"is_trial":false,"path_per_floor":["R","M","M","M","?","E","T","M","?","$","?","R","M","E","M","B",null,"R","?","M","?","M","$","T","?","E","?","T","R","M","E","M","B",null,"R","M","$","M","M","E","T","R","?","$","M","M","M","E","M","B",null,"E","$","R","B",null],"character_chosen":"THE_BLADEMASTER","items_purchased":["hexamod:BolsterEngine","Frozen Eye","Juzu Bracelet","blademaster:BladeCross+1","blademaster:SharpBlades","DollysMirror","blademaster:AwakeningStrike+1","blademaster:Quickstep+1"],"campfire_rested":0,"item_purchase_floors":[37,37,37,37,44,44,53,53],"current_hp_per_floor":[75,75,75,74,74,57,57,50,50,48,48,48,41,47,62,39,75,75,75,61,85,74,68,68,68,23,31,31,56,52,44,83,78,95,95,95,95,93,88,95,95,95,95,95,97,97,99,101,99,95,101,103,103,103,103],"gold":48,"neow_bonus":"BOSS_RELIC","is_daily":false,"chose_seed":false,"campfire_upgraded":6,"win_rate":0.0,"timestamp":1609041849,"path_taken":["R","M","M","M","?","E","T","?","?","$","?","R","M","E","M","BOSS","R","?","M","?","?","$","T","?","E","?","?","R","M","E","M","BOSS","R","M","$","M","M","E","T","R","?","$","M","M","M","E","M","BOSS","E","$","R","BOSS"],"items_purchased_type":["Relic","Relic","Relic","Card","Card","Relic","Card","Card"],"build_version":"2020-12-22","purchased_purges":2,"victory":true,"max_hp_per_floor":[75,75,75,75,75,75,75,75,75,75,75,75,75,75,75,75,75,75,75,75,85,85,85,85,85,85,85,85,95,95,95,95,95,95,95,95,95,95,95,95,95,95,95,95,97,97,99,101,101,101,101,103,103,103,103],"card_choices":[{"not_picked":["blademaster:Quickstep","blademaster:SlyStabs"],"picked":"blademaster:EyeOfTheStorm","floor":2.0},{"not_picked":["blademaster:ChargingUp","blademaster:BladeCross"],"picked":"blademaster:AspectOfLightning","floor":3.0},{"not_picked":["blademaster:Sunder","blademaster:Blindside"],"picked":"blademaster:Havoc","floor":4.0},{"not_picked":["blademaster:IcyWind+1","blademaster:SharpBlades"],"picked":"blademaster:BladeMastery","floor":6.0},{"not_picked":["blademaster:LightningCrash+1","blademaster:Flash+1"],"picked":"blademaster:Frontflip+1","floor":8.0},{"not_picked":["blademaster:Cut+1","blademaster:CullingStrike+1"],"picked":"blademaster:Thrust+1","floor":10.0},{"not_picked":["blademaster:AirSlash+1","blademaster:TraverseCut+1"],"picked":"blademaster:Meditate","floor":13.0},{"not_picked":["blademaster:Breeze+1","blademaster:Frenzy+1"],"picked":"blademaster:Flurry+1","floor":14.0},{"not_picked":["blademaster:Sunder+1","blademaster:SlyStabs+1"],"picked":"blademaster:Overcharge","floor":15.0},{"not_picked":["blademaster:UnrelentingWind+1","blademaster:ColdBlood"],"picked":"blademaster:FuryOfTheElements+1","floor":16.0},{"not_picked":["blademaster:Frontflip+1","blademaster:Momentum"],"picked":"blademaster:EyeOfTheTornado","floor":20.0},{"not_picked":["blademaster:Momentum","blademaster:Quickness+1"],"picked":"blademaster:ParryingStrike+1","floor":22.0},{"not_picked":["blademaster:AirSlash+1","blademaster:RagingBlow+1"],"picked":"blademaster:CombatPrep+1","floor":23.0},{"not_picked":["blademaster:RollingTyphoon+1","blademaster:Breeze+1"],"picked":"blademaster:FuriousStrike+1","floor":26.0},{"not_picked":["blademaster:AspectOfLightning+1","blademaster:EyeOfTheStorm"],"picked":"blademaster:Flurry+1","floor":27.0},{"not_picked":["blademaster:DaggerAndCloak+1","blademaster:Thrust+1"],"picked":"blademaster:AncestralHealing+1","floor":30.0},{"not_picked":["blademaster:Safeguard+1","blademaster:FuriousStrike+1"],"picked":"blademaster:Empower+1","floor":31.0},{"not_picked":["blademaster:Cut+1","blademaster:AspectOfWind+1","blademaster:Gust+1"],"picked":"SKIP","floor":32.0},{"not_picked":["blademaster:EnchantedCuirass","blademaster:UnrelentingWind+1"],"picked":"blademaster:StanceMastery","floor":33.0},{"not_picked":["blademaster:OneTrickPony","blademaster:Safeguard+1"],"picked":"blademaster:ThunderSlash+1","floor":36.0},{"not_picked":["blademaster:BladeCross+1","blademaster:DaggerAndCloak+1","blademaster:Gust+1"],"picked":"SKIP","floor":38},{"not_picked":["blademaster:Quickness","blademaster:FuriousStrike+1","blademaster:Momentum"],"picked":"SKIP","floor":39},{"not_picked":["blademaster:Vortex+1","blademaster:BladeCross+1"],"picked":"blademaster:Safeguard+1","floor":40},{"not_picked":["blademaster:DaggerAndCloak+1","blademaster:ThunderSlash+1"],"picked":"blademaster:Frontflip+1","floor":43},{"not_picked":["blademaster:Flash+1","blademaster:Safeguard+1","blademaster:Thrust+1"],"picked":"Singing Bowl","floor":45},{"not_picked":["blademaster:Overcharge+1","blademaster:Momentum+1"],"picked":"blademaster:AwakeningStrike+1","floor":46},{"not_picked":["blademaster:Momentum","blademaster:DragonStrike+1","blademaster:Stormstrike+1"],"picked":"Singing Bowl","floor":47},{"not_picked":["blademaster:ChargingUp+1","blademaster:Thrust+1","blademaster:FuriousStrike+1"],"picked":"Singing Bowl","floor":48},{"not_picked":["blademaster:AirSlash+1","blademaster:DancingEdge+1"],"picked":"blademaster:BladeDance","floor":49},{"not_picked":["blademaster:AspectOfLightning+1","blademaster:Thrust+1","blademaster:LeechingStrike+1"],"picked":"Singing Bowl","floor":52}],"player_experience":601522,"relics_obtained":[{"floor":6.0,"key":"Molten Egg 2"},{"floor":6.0,"key":"blademaster:OnAttackedChargePerk"},{"floor":7.0,"key":"Toxic Egg 2"},{"floor":14.0,"key":"HollowMod:PaleOreRelic"},{"floor":14.0,"key":"blademaster:DextrousPerk"},{"floor":26.0,"key":"Eternal Feather"},{"floor":26.0,"key":"blademaster:FuryEveryTurnPerk"},{"floor":27.0,"key":"Red Mask"},{"floor":28.0,"key":"Guardian:PocketSentry"},{"floor":31.0,"key":"MawBank"},{"floor":31.0,"key":"blademaster:LightningChargePerk"},{"floor":40,"key":"Ginger"},{"floor":40,"key":"blademaster:RandomBladePerk"},{"floor":41,"key":"Singing Bowl"},{"floor":43,"key":"Ice Cream"},{"floor":43,"key":"blademaster:ComboEveryTurnPerk"},{"floor":48,"key":"theForsaken:HumbleEgg"},{"floor":48,"key":"blademaster:StrongPerk"},{"floor":52,"key":"Bottled Tornado"},{"floor":52,"key":"blademaster:BonusFuryPerk"}],"event_choices":[{"damage_healed":0.0,"max_hp_gain":0.0,"max_hp_loss":0.0,"gold_gain":0.0,"event_name":"Lab","player_choice":"Got Potions","floor":11.0,"gold_loss":0.0,"damage_taken":0.0},{"damage_healed":0.0,"max_hp_gain":0.0,"max_hp_loss":0.0,"gold_gain":0.0,"event_name":"Drug Dealer","player_choice":"Inject Mutagens","floor":25.0,"gold_loss":0.0,"damage_taken":0.0,"relics_obtained":["MutagenicStrength"]},{"damage_healed":0.0,"max_hp_gain":0.0,"max_hp_loss":0.0,"gold_gain":0.0,"event_name":"Masked Bandits","player_choice":"Fought Bandits","floor":27.0,"gold_loss":0.0,"damage_taken":0.0}],"is_beta":false,"boss_relics":[{"not_picked":["Runic Pyramid","downfall:Hecktoplasm"],"picked":"Philosopher\u0027s Stone"},{"not_picked":["Tiny House","Sozu"],"picked":"SacredBark"}],"items_purged_floors":[37,53],"is_endless":false,"potions_floor_spawned":[3,8,13,15,16,27,30,32,36,43,46,47],"ascension_level":1}}