{"host":"nx6ib2o6hmd449ys","time":1609054292,"event":{"mods":["2.2 Compatiblity","Act Like it!","Arknights The Spire","Aspiration","BaseMod","Better Silent Start","Better Third Choice","BetterRewards","CCEM","CapriCore","Chen","Colored Powertips","Conjunction","Conspire","Downfall","Ekko, The boy who shattered time","Eldritch Tears","Elementarium","Energized Spire","Fireblade Mod","Gensokyo","GifTheSpireLib","GungeonMod","Halation","Hallownest","HornydragonMod","Hubris","Infinite Spire","Jedi Mod","Koishi","KomeijiMod","LagranYue(???·?)","Lobotomy","LobotomyExtend","Marisa????????","Menagerie","Minty Spire (QoL Compilation)","MostiFishMod","Pale of the Ancients","Quick Restart","RRrroohrrRGHHhhh!!","Rare Cards Sparkle","RatMod","Reimu??????","Remilia??????","Replay The Spire","RumiaBox-????????","Shop Mod","Small Relic Pack","Spicy Shops","Spikes Relics","StSLib","Steal the Spire","Stuff the Spire","TestMod","The Administrix","The Bladedancer","The Blue Laboratory","The Clintock","The Dragon Tamer","The Exalted","The Factory","The Jungle","The Marked","The Runesmith","TheWitcher","Thrall Mod","Wandering Minibosses","Yakumo Yukari mod","Yuri Mod","Yuyuko","[IsaacMod]????","noobMod","sanctuary","vexMod","??????REMEMod"],"gold_per_floor":[115,151,151,151,24,59,78,118,118,8,22,22,22,43,43,143,143,188,457,477,494,494],"floor_reached":21,"playtime":2458,"items_purged":[],"score":241,"play_id":"46c72336-8032-4bf6-90f3-abca4b1fe830","local_time":"20201227083132","is_ascension_mode":false,"campfire_choices":[{"floor":13.0,"key":"REST"},{"data":"EpicFetus","floor":15.0,"key":"SMITH"}],"circlet_count":0,"master_deck":["ats:Strike C","ats:Strike G","ats:Strike S","ats:Strike V","ats:Armor Crushing Shot","ats:Defend","ats:Defend","ats:Defend","ats:Defend","ats:Emotion Absorption","EpicFetus+1","AdministrixMod:DeathByGlamour","expansioncontent:GoopSpray","ats:Childhood Dance","ats:Shadow Raid","ats:Flexible Camouflage","Clumsy","ats:Closed Bolt Burst Fire","ats:Assault Order","ats:Revitalization","ats:Rat Pack","ats:Apocalypse","ats:Curse Doll","ats:Apocalypse","ats:Hammer On"],"relics":["ats:Sanity","HushsDoor","DaveBox","testmod-TestBox","ice","REME_ComplimentaryCards","SteamSale","RhineCircuit","testmod-Register","LagranYue:RandomDrawCardRelic","DemoMod:GnawedKey","StuffTheSpire:NeowsTribute","halation:IllGainedPizza","halation:LostSnail","DemoMod:LamentConfigurum","hubris:Spice","Replay:Mystery Machine","SynthV:TestCard","LetterFromLob","Oddly Smooth Stone","Gensokyo:NagashiBinaDoll","testmod-DragonStarHat","ats:Originium","jedi:cryingmask","ats:Originium","StuffTheSpire:Experiment12","CCEMRelics:Barrel","Cursed Key","testmod-OneHitWonder"],"acts_visited":["Gensokyo:Gensokyo","TheCity"],"potions_floor_usage":[],"damage_taken":[{"damage":8.0,"enemies":"Gensokyo:3_Fairies","floor":1.0,"turns":6.0},{"damage":0.0,"enemies":"Gensokyo:Python","floor":2.0,"turns":5.0},{"damage":18.0,"enemies":"Gensokyo:Cirno","floor":6.0,"turns":6.0},{"damage":0.0,"enemies":"Gensokyo:Python","floor":7.0,"turns":3.0},{"damage":10.0,"enemies":"Gensokyo:Aya","floor":8.0,"turns":4.0},{"damage":10.0,"enemies":"Gensokyo:Gryphon","floor":11.0,"turns":3.0},{"damage":10.0,"enemies":"Gensokyo:Python_and_Kodama","floor":14.0,"turns":3.0},{"damage":18.0,"enemies":"Gensokyo:Reimu","floor":16.0,"turns":9.0},{"damage":6.0,"enemies":"3 Byrds","floor":18.0,"turns":5.0},{"damage":0.0,"enemies":"conspire:FuzzyDice","floor":19.0,"turns":6.0},{"damage":12.0,"enemies":"Chosen and Byrds","floor":20.0,"turns":4.0},{"damage":15,"enemies":"Shelled Parasite and Fungi","floor":21,"turns":5}],"seed_played":"8571289833964546165","potions_obtained":[{"floor":7.0,"key":"blueLaboratory:FrostheartPotion"},{"floor":8.0,"key":"Adrenaline Potion"},{"floor":16.0,"key":"SpeedPotion"},{"floor":21,"key":"blueLaboratory:BubblePotion"}],"is_trial":false,"path_per_floor":["M","?","?","?","$","E","M","E","T","COS","M","M","R","M","R","B",null,"M","M","M","M"],"character_chosen":"DOCTOR_CLASS","items_purchased":["DemoMod:GnawedKey","halation:IllGainedPizza","halation:LostSnail","DemoMod:LamentConfigurum","expansioncontent:GoopSpray","Replay:Mystery Machine","testmod-DragonStarHat"],"campfire_rested":1,"item_purchase_floors":[0,0,0,0,0,0,5],"current_hp_per_floor":[40,40,40,48,48,30,30,20,20,20,13,13,37,27,27,25,80,80,80,80,69,69],"gold":494,"neow_bonus":"","is_daily":false,"chose_seed":false,"campfire_upgraded":1,"win_rate":0.0,"timestamp":1609054292,"path_taken":["M","?","?","?","$","E","M","E","T","COS","M","?","R","M","R","BOSS","M","?","M","M"],"items_purchased_type":["Relic","Relic","Relic","Relic","Card","Relic","Relic"],"build_version":"2020-12-13","purchased_purges":0,"victory":false,"max_hp_per_floor":[80,80,80,80,80,80,80,80,80,80,80,80,80,80,80,80,80,80,80,80,80,80],"card_choices":[{"not_picked":[],"picked":"EpicFetus","floor":0.0},{"not_picked":["ats:Childhood Dance","ats:Powerful Strike"],"picked":"ats:Shadow Raid","floor":1.0},{"not_picked":["ats:Rapid Magazine","ats:Powerful Strike","ats:Curse Doll","ats:Chain Hook"],"picked":"ats:Flexible Camouflage","floor":2.0},{"not_picked":["ats:Sunburst","ats:Volcano","ats:Chain Hook","ats:Leaping Hammer"],"picked":"ats:Closed Bolt Burst Fire","floor":6.0},{"not_picked":["ats:Chain Hook","ats:Consecutive Shot Auto","ats:Childhood Dance","ats:Collapsing Strike"],"picked":"ats:Assault Order","floor":7.0},{"not_picked":["ats:Composite Medical Shells","ats:Cat Scratch","ats:Charging Defense","ats:Dogmatic Field"],"picked":"ats:Revitalization","floor":8.0},{"not_picked":["ats:Neurotoxin","ats:Magnetic Hammer","ats:Closed Bolt Burst Fire","ats:Revitalization"],"picked":"ats:Rat Pack","floor":11.0},{"not_picked":["ats:Sunburst","ats:Hammer On","ats:Ignite","ats:Cat Scratch"],"picked":"ats:Apocalypse","floor":14.0},{"not_picked":["ats:Leaping Hammer","ats:Hammer On","ats:Flexible Camouflage","ats:Blood Oath"],"picked":"ats:Curse Doll","floor":18.0},{"not_picked":["ats:Explosion Area Strengthen+1","ats:Consecutive Shot Auto","ats:Sunburst","ats:Magnetic Hammer"],"picked":"ats:Apocalypse","floor":19.0},{"not_picked":["ats:Flexible Camouflage","ats:Poison Spread","ats:LN2 Cannon","ats:Powerful Strike+1"],"picked":"ats:Hammer On","floor":20.0}],"player_experience":449802,"relics_obtained":[{"floor":1.0,"key":"SynthV:TestCard"},{"floor":1.0,"key":"LetterFromLob"},{"floor":2.0,"key":"Oddly Smooth Stone"},{"floor":6.0,"key":"ats:Originium"},{"floor":6.0,"key":"jedi:cryingmask"},{"floor":8.0,"key":"ats:Originium"},{"floor":8.0,"key":"StuffTheSpire:Experiment12"}],"event_choices":[],"is_beta":false,"boss_relics":[{"not_picked":["ats:Omniscience","hubris:Spice"],"picked":"Cursed Key"},{"not_picked":[]}],"items_purged_floors":[],"is_endless":false,"potions_floor_spawned":[7,8,16,19,21],"killed_by":"Shelled Parasite and Fungi","ascension_level":0}}