{"host":"kev6uqotw4tlyx8l","time":1609055108,"event":{"mods":["Act Like it!","Aspiration","BaseMod","Colored Powertips","Dota2Spire","Downfall","Hallownest","Infinite Spire","Marisa????????","Minty Spire (QoL Compilation)","Quick Restart","Remilia??????","Replay The Spire","StSLib","The Cursed","The Jungle","The Marked","The Mystic","The Servant 0.9.4"],"gold_per_floor":[210,485,230,255,274,308,308,330,330,349,349,34,34,56,56,56,56],"floor_reached":16,"playtime":1195,"items_purged":[],"score":101,"play_id":"7088cc7a-8e1a-497e-8e8f-d2bdcc0cebd1","local_time":"20201227144508","is_ascension_mode":false,"campfire_choices":[{"data":"TheCursedMod:NeowsMight","floor":7.0,"key":"SMITH"},{"floor":15.0,"key":"REST"}],"circlet_count":0,"master_deck":["TheCursedMod:Strike_TheCursed","TheCursedMod:Strike_TheCursed","TheCursedMod:Strike_TheCursed","TheCursedMod:Strike_TheCursed","TheCursedMod:Defend_TheCursed","TheCursedMod:Defend_TheCursed+1","TheCursedMod:Defend_TheCursed","TheCursedMod:Defend_TheCursed+1","TheCursedMod:CursedWand","TheCursedMod:CleanUpWorkshop","TheCursedMod:Dregs","TheCursedMod:SurpriseAttack","TheCursedMod:CursedAmulet","TheCursedMod:StingEye","TheCursedMod:NeowsMight+1","TheCursedMod:LuckyCharm","expansioncontent:DashGenerateEvil","TheCursedMod:CollectTribute","TheCursedMod:Obscuration"],"relics":["TheCursedMod:BlackMagic101","infinitespire:Midas Blood","War Paint","infinitespire:ShieldingShard","Spirit Poop"],"acts_visited":["Exordium"],"potions_floor_usage":[],"damage_taken":[{"damage":2.0,"enemies":"Small Slimes","floor":1.0,"turns":3.0},{"damage":12.0,"enemies":"Cultist","floor":4.0,"turns":5.0},{"damage":6.0,"enemies":"Jaw Worm","floor":5.0,"turns":3.0},{"damage":17.0,"enemies":"3 Sentries","floor":6.0,"turns":11.0},{"damage":11.0,"enemies":"Exordium Thugs","floor":8.0,"turns":6.0},{"damage":5.0,"enemies":"2 Fungi Beasts","floor":10.0,"turns":4.0},{"damage":1.0,"enemies":"Blue Slaver","floor":14.0,"turns":4.0},{"damage":0,"enemies":"Slime Boss","floor":16,"turns":1}],"seed_played":"-5293651429381600627","potions_obtained":[{"floor":4.0,"key":"FairyPotion"},{"floor":5.0,"key":"SkillPotion"},{"floor":10.0,"key":"FearPotion"}],"is_trial":false,"path_per_floor":["M","?","$","M","M","E","R","M","T","M","?","$","$","M","R","B"],"character_chosen":"THE_CURSED","items_purchased":["infinitespire:Midas Blood","expansioncontent:DashGenerateEvil","TheCursedMod:CollectTribute"],"campfire_rested":1,"item_purchase_floors":[3,12,12],"current_hp_per_floor":[73,73,73,61,55,38,38,27,27,22,22,22,22,21,43,43,43],"gold":56,"neow_bonus":"HUNDRED_GOLD","is_daily":false,"chose_seed":false,"campfire_upgraded":1,"win_rate":0.0,"timestamp":1609055108,"path_taken":["M","?","$","M","M","E","R","?","T","M","?","?","$","M","R","BOSS"],"items_purchased_type":["Relic","Card","Card"],"build_version":"2020-12-22","purchased_purges":0,"victory":false,"max_hp_per_floor":[75,75,75,75,75,75,75,75,75,75,75,75,75,75,75,75,75],"card_choices":[{"not_picked":["TheCursedMod:RapidMovement","TheCursedMod:Stretching"],"picked":"TheCursedMod:SurpriseAttack","floor":1.0},{"not_picked":["TheCursedMod:AbyssShockwave","TheCursedMod:SoulCrush"],"picked":"TheCursedMod:CursedAmulet","floor":4.0},{"not_picked":["TheCursedMod:SoulCrush","TheCursedMod:SmokeScreen"],"picked":"TheCursedMod:StingEye","floor":5.0},{"not_picked":["TheCursedMod:CircleOfFlame","TheCursedMod:Torture"],"picked":"TheCursedMod:NeowsMight","floor":6.0},{"not_picked":["TheCursedMod:CursedMace","TheCursedMod:Stigma"],"picked":"TheCursedMod:LuckyCharm","floor":8.0},{"not_picked":["TheCursedMod:Stigma","TheCursedMod:Obscuration","TheCursedMod:SoulCrush"],"picked":"SKIP","floor":10.0},{"not_picked":["TheCursedMod:CursedShiv","TheCursedMod:CircleOfCorruption"],"picked":"TheCursedMod:Obscuration","floor":14.0}],"player_experience":15865,"relics_obtained":[{"floor":6.0,"key":"War Paint"},{"floor":9.0,"key":"infinitespire:ShieldingShard"}],"event_choices":[{"damage_healed":0.0,"max_hp_gain":0.0,"max_hp_loss":0.0,"gold_gain":275.0,"event_name":"Golden Shrine","player_choice":"Desecrate","floor":2.0,"gold_loss":0.0,"damage_taken":0.0,"cards_obtained":["Regret"]},{"cards_removed":["Regret"],"damage_healed":0.0,"max_hp_gain":0.0,"max_hp_loss":0.0,"gold_gain":0.0,"event_name":"Bonfire Elementals","player_choice":"Offered Curse","floor":11.0,"gold_loss":0.0,"damage_taken":0.0,"relics_obtained":["Spirit Poop"]}],"is_beta":false,"boss_relics":[],"items_purged_floors":[],"is_endless":false,"potions_floor_spawned":[4,5,10],"killed_by":"Slime Boss","ascension_level":0}}