{"host":"cv77zuuuekizn3ic","time":1609076657,"event":{"mods":["AchievementEnabler","BaseMod","Marisa£®ÏF”Í°°ƒß¿Ì…≥£©","Minty Spire (QoL Compilation)","StSLib","Waifu the Spire","everything is the same but u backflip on backflip","slay the spire mod where everything is the same but ironclad has a cowboy hat"],"gold_per_floor":[109,126,126,201,201,201,211,245,270,270,299,299,64,82,82,156,156,167,0,17,34,34,63,63,78,78,113,127,127,127,127],"floor_reached":30,"playtime":4410,"items_purged":["Strike_P"],"score":699,"play_id":"3220ecba-1e02-4a7e-b9c5-bfa458504ded","local_time":"20201227214417","is_ascension_mode":true,"campfire_choices":[{"data":"Vigilance","floor":6.0,"key":"SMITH"},{"data":"Devotion","floor":10.0,"key":"SMITH"},{"data":"Eruption","floor":15.0,"key":"SMITH"}],"circlet_count":0,"master_deck":["AscendersBane","Defend_P","Defend_P","Eruption+1","Vigilance+1","CutThroughFate+1","Prostrate","Devotion+1","EmptyMind","Evaluate","Prostrate","Adaptation","CarveReality","FlurryOfBlows","Vault","CutThroughFate+1","Tantrum+1","Devotion","FlurryOfBlows+1","MentalFortress+1","Ghostly","Ghostly","Ghostly"],"relics":["PureWater","Lantern","Pen Nib","CloakClasp","Empty Cage","Membership Card","Smiling Mask","Nloth\u0027s Gift","Frozen Egg 2","Art of War"],"acts_visited":["Exordium","TheCity"],"potions_floor_usage":[30],"damage_taken":[{"damage":0.0,"enemies":"Cultist","floor":1.0,"turns":1.0},{"damage":0.0,"enemies":"Small Slimes","floor":2.0,"turns":1.0},{"damage":2.0,"enemies":"Jaw Worm","floor":7.0,"turns":2.0},{"damage":6.0,"enemies":"Gremlin Nob","floor":8.0,"turns":4.0},{"damage":0.0,"enemies":"Lagavulin","floor":11.0,"turns":7.0},{"damage":3.0,"enemies":"3 Louse","floor":14.0,"turns":4.0},{"damage":0.0,"enemies":"Slime Boss","floor":16.0,"turns":5.0},{"damage":1.0,"enemies":"2 Thieves","floor":18.0,"turns":5.0},{"damage":0.0,"enemies":"3 Byrds","floor":20.0,"turns":4.0},{"damage":0.0,"enemies":"Cultist and Chosen","floor":21.0,"turns":3.0},{"damage":0.0,"enemies":"Book of Stabbing","floor":23.0,"turns":4.0},{"damage":0.0,"enemies":"Snecko","floor":25.0,"turns":3.0},{"damage":27.0,"enemies":"Slavers","floor":27.0,"turns":7.0},{"damage":15.0,"enemies":"Shelled Parasite and Fungi","floor":28.0,"turns":5.0},{"damage":12,"enemies":"Gremlin Leader","floor":30,"turns":1}],"seed_played":"-1542343140304045593","potions_obtained":[{"floor":1.0,"key":"FearPotion"},{"floor":2.0,"key":"Explosive Potion"},{"floor":8.0,"key":"ColorlessPotion"},{"floor":16.0,"key":"SpeedPotion"},{"floor":21.0,"key":"AttackPotion"},{"floor":25.0,"key":"Dexterity Potion"},{"floor":27.0,"key":"Fire Potion"},{"floor":28.0,"key":"SteroidPotion"}],"is_trial":false,"path_per_floor":["M","M","?","?","?","R","M","E","T","R","E","?","$","M","R","B",null,"M","$","M","M","?","E","?","M","T","E","M","?","E"],"character_chosen":"WATCHER","items_purchased":["Adaptation","CarveReality","Membership Card"],"campfire_rested":0,"item_purchase_floors":[13,13,19],"current_hp_per_floor":[61,61,61,50,43,43,41,35,35,35,35,15,15,12,12,12,54,53,53,53,53,53,53,53,53,53,26,11,11,0,0],"gold":127,"neow_bonus":"THREE_ENEMY_KILL","is_daily":false,"chose_seed":false,"campfire_upgraded":3,"win_rate":0.0,"timestamp":1609076657,"path_taken":["M","?","?","?","?","R","M","E","T","R","E","?","?","?","R","BOSS","M","$","M","M","?","E","?","M","T","E","?","?","E"],"items_purchased_type":["Card","Card","Relic"],"build_version":"2020-12-22","purchased_purges":1,"victory":false,"max_hp_per_floor":[68,68,68,68,68,68,68,68,68,68,68,68,68,68,68,68,68,68,68,68,68,68,68,68,68,68,68,68,34,34,34],"card_choices":[{"not_picked":["DeceiveReality","ClearTheMind"],"picked":"CutThroughFate","floor":1.0},{"not_picked":["SandsOfTime","FollowUp"],"picked":"Prostrate","floor":2.0},{"not_picked":["Halt","ForeignInfluence"],"picked":"EmptyMind","floor":7.0},{"not_picked":["InnerPeace","DeceiveReality"],"picked":"Evaluate","floor":8.0},{"not_picked":["Scrawl","Wireheading"],"picked":"Prostrate","floor":11.0},{"not_picked":["Protect","Crescendo"],"picked":"FlurryOfBlows","floor":14.0},{"not_picked":["Brilliance","Wish"],"picked":"Vault","floor":16.0},{"not_picked":["SignatureMove","EmptyFist"],"picked":"CutThroughFate+1","floor":18.0},{"not_picked":["Halt","Prostrate","Wallop"],"picked":"SKIP","floor":20.0},{"not_picked":["Indignation","JustLucky"],"picked":"Tantrum+1","floor":21.0},{"not_picked":["Crescendo+1","Perseverance","Wish"],"picked":"SKIP","floor":23.0},{"not_picked":["BattleHymn","ReachHeaven"],"picked":"Devotion","floor":25.0},{"not_picked":["ForeignInfluence+1","Tantrum"],"picked":"FlurryOfBlows+1","floor":27.0},{"not_picked":["Protect","Consecrate"],"picked":"MentalFortress+1","floor":28.0}],"player_experience":642934,"relics_obtained":[{"floor":8.0,"key":"Lantern"},{"floor":9.0,"key":"Pen Nib"},{"floor":11.0,"key":"CloakClasp"},{"floor":23.0,"key":"Smiling Mask"},{"floor":26.0,"key":"Frozen Egg 2"},{"floor":27.0,"key":"Art of War"}],"event_choices":[{"damage_healed":0.0,"max_hp_gain":0.0,"max_hp_loss":0.0,"gold_gain":0.0,"cards_transformed":["Defend_P"],"event_name":"Living Wall","player_choice":"Change","floor":3.0,"gold_loss":0.0,"damage_taken":0.0,"cards_obtained":["Devotion"]},{"damage_healed":0.0,"max_hp_gain":0.0,"max_hp_loss":0.0,"gold_gain":75.0,"event_name":"World of Goop","player_choice":"Gather Gold","floor":4.0,"gold_loss":0.0,"damage_taken":11.0},{"cards_removed":["Strike_P"],"damage_healed":0.0,"max_hp_gain":0.0,"max_hp_loss":0.0,"gold_gain":0.0,"event_name":"Golden Wing","player_choice":"Card Removal","floor":5.0,"gold_loss":0.0,"damage_taken":7.0},{"damage_healed":0.0,"max_hp_gain":0.0,"max_hp_loss":0.0,"gold_gain":0.0,"event_name":"Shining Light","player_choice":"Entered Light","floor":12.0,"gold_loss":0.0,"damage_taken":20.0,"cards_upgraded":["CutThroughFate","Strike_P"]},{"cards_removed":["Defend_P"],"damage_healed":0.0,"max_hp_gain":0.0,"max_hp_loss":0.0,"gold_gain":0.0,"event_name":"Back to Basics","player_choice":"Elegance","floor":22.0,"gold_loss":0.0,"damage_taken":0.0},{"damage_healed":0.0,"max_hp_gain":0.0,"max_hp_loss":0.0,"gold_gain":0.0,"event_name":"N\u0027loth","player_choice":"Traded Relic","floor":24.0,"relics_lost":["NeowsBlessing"],"gold_loss":0.0,"damage_taken":0.0,"relics_obtained":["Nloth\u0027s Gift"]},{"damage_healed":0.0,"max_hp_gain":0.0,"max_hp_loss":34.0,"gold_gain":0.0,"event_name":"Ghosts","player_choice":"Became a Ghost","floor":29.0,"gold_loss":0.0,"damage_taken":0.0,"cards_obtained":["Ghostly","Ghostly","Ghostly"]}],"is_beta":false,"boss_relics":[{"not_picked":["SacredBark","Calling Bell"],"picked":"Empty Cage"}],"items_purged_floors":[13],"is_endless":false,"potions_floor_spawned":[1,2,8,16,20,21,25,27,28],"killed_by":"Gremlin Leader","ascension_level":17}}