{"host":"rqd50iigewdjy74u","time":1609060431,"event":{"mods":["AchievementEnabler","BaseMod","BetterRewards","Custom Start","Minty Spire (QoL Compilation)","Replay The Spire","StSLib"],"gold_per_floor":[116,116,116,171,171,197,197],"floor_reached":6,"playtime":523,"items_purged":[],"score":92,"play_id":"0f57ff0a-6c8e-4d44-89a4-e0e9fdaa94c0","local_time":"20201227031351","daily_mods":["Draft"],"is_ascension_mode":false,"campfire_choices":[],"circlet_count":0,"master_deck":["Spot Weakness","Sword Boomerang","Shrug It Off","Armaments","Body Slam","Rupture","Bloodletting","Rage","Hemokinesis","Body Slam","Shrug It Off","Pommel Strike","Intimidate","Flex","Massacre","Demonic Infusion+1","Flex"],"relics":["Burning Blood","HornCleat"],"acts_visited":["Exordium"],"potions_floor_usage":[6],"damage_taken":[{"damage":2,"enemies":"Jaw Worm","floor":1,"turns":2},{"damage":23,"enemies":"Replay:BlueRogue","floor":6,"turns":7}],"seed_played":"-8026113565576982504","potions_obtained":[{"floor":1,"key":"ColorlessPotion"}],"is_trial":true,"path_per_floor":["M","?","?","?","$","E"],"character_chosen":"IRONCLAD","items_purchased":[],"campfire_rested":0,"item_purchase_floors":[],"current_hp_per_floor":[80,80,80,80,80,63,63],"gold":197,"neow_bonus":"","is_daily":false,"chose_seed":false,"campfire_upgraded":0,"win_rate":0.0,"timestamp":1609060431,"path_taken":["M","?","?","?","?","E"],"items_purchased_type":[],"build_version":"2020-12-22","purchased_purges":0,"victory":false,"max_hp_per_floor":[80,80,80,80,80,80,80],"card_choices":[{"not_picked":["Dropkick","Wild Strike"],"picked":"Spot Weakness","floor":0},{"not_picked":["Clothesline","Perfected Strike"],"picked":"Sword Boomerang","floor":0},{"not_picked":["Life Link","Clothesline"],"picked":"Shrug It Off","floor":0},{"not_picked":["Run Through","ReplayTheSpireMod:Stacked"],"picked":"Armaments","floor":0},{"not_picked":["Havoc","Wild Strike"],"picked":"Body Slam","floor":0},{"not_picked":["Cleave","Replay:Undeath\u0027s Touch"],"picked":"Rupture","floor":0},{"not_picked":["ReplayTheSpireMod:Strike From Hell","Evolve"],"picked":"Armaments","floor":0},{"not_picked":["Rampage","Sentinel"],"picked":"Bloodletting","floor":0},{"not_picked":["Entrench","Infernal Blade"],"picked":"Rage","floor":0},{"not_picked":["Iron Wave","Warcry"],"picked":"Hemokinesis","floor":0},{"not_picked":["Wild Strike","Clothesline"],"picked":"Body Slam","floor":0},{"not_picked":["Clash","Warcry"],"picked":"Shrug It Off","floor":0},{"not_picked":["Feel No Pain","Perfected Strike"],"picked":"Pommel Strike","floor":0},{"not_picked":["Pommel Strike","Replay:Undeath\u0027s Touch"],"picked":"Intimidate","floor":0},{"not_picked":["Havoc","Defy Death"],"picked":"Flex","floor":0},{"not_picked":["Perfected Strike","Blood for Blood"],"picked":"Massacre","floor":1},{"not_picked":["Rampage","Double Tap"],"picked":"Flex","floor":6}],"player_experience":112089,"relics_obtained":[{"floor":6,"key":"HornCleat"}],"event_choices":[{"damage_healed":0,"gold_gain":55,"player_choice":"Gained Gold","damage_taken":0,"max_hp_gain":0,"max_hp_loss":0,"event_name":"Golden Wing","floor":4,"gold_loss":0}],"is_beta":false,"boss_relics":[],"items_purged_floors":[],"is_endless":true,"potions_floor_spawned":[1],"killed_by":"Replay:BlueRogue","ascension_level":0}}