{"host":"vdf1n25tgqc7msgq","time":1609031267,"event":{"mods":["ATMod(阿瑾Mod)","AchievementEnabler","BaseMod","BetterRewards","Colored Powertips","KinomotoSakuraMod(木之本樱)","Marisa（F雨　魔理沙）","Minty Spire (QoL Compilation)","Quick Restart","Remilia（蕾米莉亚）","Replay The Spire","StSLib","The Servant 0.9.4","UnlockEverythingMod","Yakumo Yukari mod","Youmu（魂魄妖梦）","Yuyuko","[功能]商店购物价格优惠80%","simple"],"gold_per_floor":[2580,2164,2214,2284,2334,2479,2479,2629,2629,2629,2759,2759,2550,2615,2615,3135,3135,3205,3285,3375,3375,3375,3375,3435,164,164,164,164,80,150,335,395,960,1020,1165,1225,1380,54,1054,1054,855,855,855,955,868,868,923,1583,1583,2083,2083,2083,2042,3197,3822],"floor_reached":56,"playtime":2021,"items_purged":["Accuracy","Defend_G","Survivor","Defend_G","Defend_G","Defend_G","Defend_G","Strike_G","Strike_G","Strike_G","Strike_G","All Out Attack","Slice","Prepared"],"score":1728,"play_id":"04085487-04e3-453d-a65c-e992c44a815a","local_time":"20201226200747","is_ascension_mode":false,"campfire_choices":[{"data":"Strike_G","floor":7,"key":"SMITH"},{"data":"Neutralize","floor":7,"key":"SMITH"},{"data":"Catalyst","floor":7,"key":"SMITH"},{"floor":7,"key":"RECALL"},{"data":"Deadly Poison","floor":12,"key":"SMITH"},{"floor":12,"key":"REST"},{"floor":15,"key":"REST"},{"floor":23,"key":"REST"},{"data":"Adrenaline","floor":28,"key":"SMITH"},{"data":"Strike_G+2","floor":28,"key":"SMITH"},{"data":"Strike_G+3","floor":28,"key":"SMITH"},{"data":"Strike_G+4","floor":28,"key":"SMITH"},{"data":"Strike_G+5","floor":28,"key":"SMITH"},{"data":"Strike_G+6","floor":28,"key":"SMITH"},{"data":"Strike_G+7","floor":28,"key":"SMITH"},{"data":"Strike_G+8","floor":28,"key":"SMITH"},{"data":"Strike_G+9","floor":28,"key":"SMITH"},{"data":"Strike_G+10","floor":28,"key":"SMITH"},{"data":"Strike_G+11","floor":28,"key":"SMITH"},{"data":"Strike_G+12","floor":28,"key":"SMITH"},{"data":"Strike_G+13","floor":28,"key":"SMITH"},{"data":"Strike_G+14","floor":28,"key":"SMITH"},{"floor":28,"key":"DIG"},{"data":"Skewer","floor":32,"key":"SMITH"},{"data":"Strike_G+17","floor":40,"key":"SMITH"},{"floor":40,"key":"DIG"},{"data":"Strike_G+18","floor":42,"key":"SMITH"},{"floor":42,"key":"DIG"},{"data":"Strike_G+19","floor":49,"key":"SMITH"},{"data":"Strike_G+20","floor":49,"key":"SMITH"},{"floor":49,"key":"DIG"},{"floor":52,"key":"DIG"}],"circlet_count":0,"master_deck":["Strike_G+21","Catalyst+1","Deadly Poison+1","Adrenaline+1","Skewer+1","AT_EmpoweredMortalDraw+1","Backstab+1","AT_ChampionStep+1","Backstab+1"],"relics":["Ring of the Snake","Peace Pipe","Ginger","Turnip","Unceasing Top","Omamori","Ice Cream","The Specimen","The Courier","AT_ATBox","PrismaticShard","HornCleat","Bag of Preparation","Art of War","Bronze Scales","Lantern","Bag of Marbles","Mirror","TheAbacus","AT_SunfireAegis","Quantum Egg","Akabeko","Nilry\u0027s Codex","AT_BellDemon","Pocketwatch","Happy Flower","Garlic","Ornamental Fan","Orichalcum","Shovel","Durian","ReplayTheSpireMod:Lightbulb","Pantograph","Replay:Mystery Machine","Replay:Baseball","AT_BladeRuinedKing","Eternal Feather","Simple Rune","AT_RabadonDeathcap","Singing Bowl","Toy Ornithopter","AT_RedTearstoneRing","Oddly Smooth Stone","Cauldron","Boot","AT_TimeSand","Tough Bandages","Strawberry","Lee\u0027s Waffle","Replay:Multitool","MawBank","Pet Ghost","Pen Nib","Ancient Tea Set","AT_MortalBlade","WingedGreaves","Snack Pack","AT_GoldPhoenixTree","Lizard Tail","Potion Belt","ReplayFunnel","AT_ArchangelStaff","Mummified Hand","Whetstone","Centennial Puzzle","AT_TheCollector","AT_ChloranthyRing","AT_EbonyIvory","FossilizedHelix","Snake Skull","Dream Catcher","Blue Candle","White Beast Statue","Medical Kit","Blood Vial","Gremlin Horn","Blue Doll","Nunchaku","InkBottle","BranchBurnRelic","Pear","Letter Opener","AT_GuinsooRageblade","AT_MibuBalloonWealth"],"acts_visited":["Exordium","TheCity","TheBeyond","TheEnding"],"potions_floor_usage":[39,39,39],"damage_taken":[{"damage":0,"enemies":"Cultist","floor":1,"turns":4},{"damage":0,"enemies":"Small Slimes","floor":3,"turns":1},{"damage":0,"enemies":"2 Louse","floor":4,"turns":1},{"damage":0,"enemies":"Large Slime","floor":5,"turns":1},{"damage":0,"enemies":"Gremlin Nob","floor":6,"turns":1},{"damage":0,"enemies":"Lagavulin","floor":11,"turns":1},{"damage":0,"enemies":"Exordium Thugs","floor":14,"turns":1},{"damage":0,"enemies":"Hexaghost","floor":16,"turns":1},{"damage":0,"enemies":"Spheric Guardian","floor":18,"turns":2},{"damage":0,"enemies":"Chosen","floor":19,"turns":1},{"damage":0,"enemies":"Shelled Parasite and Fungi","floor":20,"turns":1},{"damage":0,"enemies":"Chosen and Byrds","floor":24,"turns":1},{"damage":0,"enemies":"3 Cultists","floor":30,"turns":1},{"damage":0,"enemies":"Gremlin Leader","floor":31,"turns":1},{"damage":0,"enemies":"Champ","floor":33,"turns":1},{"damage":0,"enemies":"3 Darklings","floor":35,"turns":1},{"damage":0,"enemies":"Orb Walker","floor":37,"turns":1},{"damage":0,"enemies":"Orb Walker","floor":39,"turns":3},{"damage":0,"enemies":"Sphere and 2 Shapes","floor":44,"turns":1},{"damage":0,"enemies":"Jaw Worm Horde","floor":47,"turns":1},{"damage":0,"enemies":"R_Hoarder","floor":48,"turns":1},{"damage":0,"enemies":"Time Eater","floor":50,"turns":1},{"damage":0,"enemies":"Shield and Spear","floor":54,"turns":1},{"damage":3,"enemies":"The Heart","floor":55,"turns":1}],"seed_played":"6318532987340230479","potions_obtained":[{"floor":3,"key":"LifebloodPotion"},{"floor":5,"key":"LiquidBronze"},{"floor":6,"key":"GhostInAJar"},{"floor":48,"key":"Milkshake"},{"floor":48,"key":"Explosive Potion"}],"is_trial":false,"path_per_floor":["M","$","M","M","M","E","R","?","T","?","E","R","$","M","R","B",null,"M","M","M","?","?","R","M","$","T","?","R","$","M","E","R","B",null,"M","?","M","$","?","R","$","R","T","M","$","?","M","E","R","B",null,"R","$","E","B",null],"character_chosen":"THE_SILENT","items_purchased":["PrismaticShard","HornCleat","Bag of Preparation","Art of War","Bronze Scales","Catalyst","Accuracy","TheAbacus","AT_SunfireAegis","Quantum Egg","Akabeko","AT_BellDemon","Pocketwatch","Happy Flower","Garlic","Ornamental Fan","Orichalcum","Shovel","Durian","ReplayTheSpireMod:Lightbulb","Pantograph","Replay:Mystery Machine","Replay:Baseball","AT_BladeRuinedKing","Eternal Feather","Simple Rune","AT_RabadonDeathcap","Singing Bowl","Toy Ornithopter","AT_RedTearstoneRing","Oddly Smooth Stone","Adrenaline","Prepared","Slice","All Out Attack","Cauldron","Boot","Lee\u0027s Waffle","Replay:Multitool","Skewer","AT_GoldPhoenixTree","Lizard Tail","Dead Branch","Potion Belt","ReplayFunnel","AT_ArchangelStaff","Mummified Hand","Whetstone","Centennial Puzzle","AT_TheCollector","Backstab","AT_EbonyIvory","FossilizedHelix","Snake Skull","Backstab+1","Medical Kit","Blood Vial","Gremlin Horn","AT_GuinsooRageblade"],"campfire_rested":3,"item_purchase_floors":[2,2,2,2,2,2,2,13,13,13,13,25,25,25,25,25,25,25,25,25,25,25,25,25,25,25,25,25,25,25,25,25,25,25,25,25,25,29,29,29,38,38,38,38,38,38,38,38,38,38,38,41,41,41,41,45,45,45,53],"current_hp_per_floor":[70,70,70,70,70,70,70,70,70,70,70,70,70,70,70,70,70,70,70,70,70,54,70,70,75,75,75,82,89,91,93,93,95,95,97,97,99,99,99,99,99,99,99,101,101,101,103,105,115,115,115,115,115,115,115],"gold":3822,"neow_bonus":"HUNDRED_GOLD","is_daily":false,"chose_seed":false,"campfire_upgraded":23,"win_rate":0.0,"timestamp":1609031267,"path_taken":["M","$","M","M","M","E","R","?","T","?","E","R","$","M","R","BOSS","M","M","?","?","?","R","M","$","T","?","R","$","M","E","R","BOSS","M","?","M","?","?","R","$","R","T","M","$","?","M","E","R","BOSS","R","$","E","BOSS"],"items_purchased_type":["Relic","Relic","Relic","Relic","Relic","Card","Card","Relic","Relic","Relic","Relic","Relic","Relic","Relic","Relic","Relic","Relic","Relic","Relic","Relic","Relic","Relic","Relic","Relic","Relic","Relic","Relic","Relic","Relic","Relic","Relic","Card","Card","Card","Card","Relic","Relic","Relic","Relic","Card","Relic","Relic","Relic","Relic","Relic","Relic","Relic","Relic","Relic","Relic","Card","Relic","Relic","Relic","Card","Relic","Relic","Relic","Relic"],"build_version":"2020-12-22","purchased_purges":14,"victory":true,"max_hp_per_floor":[70,70,70,70,70,70,70,70,70,70,70,70,70,70,70,70,70,70,70,70,70,70,70,70,75,75,75,82,89,91,93,93,95,95,97,97,99,99,99,99,99,99,99,101,101,101,103,105,115,115,115,115,115,115,115],"card_choices":[{"not_picked":["Acrobatics","Underhanded Strike","AT_WomanClash"],"picked":"SKIP","floor":1},{"not_picked":["Dropkick","Yakumo_Ran_purple","Protect"],"picked":"SKIP","floor":3},{"not_picked":["DarkMatter","Extrememeaning_purpleEX","Moondial"],"picked":"SKIP","floor":4},{"not_picked":["GalacticHalo","Replay:ManipulateFuture","Replay:AtTheReady"],"picked":"SKIP","floor":5},{"not_picked":["ClowCardTheSand","All Wander","Phantom Butterflies"],"picked":"SKIP","floor":6},{"not_picked":["Clash","Steamed Phantom"],"picked":"Deadly Poison","floor":11},{"not_picked":["PowerUp","ClowCardTheFight","AT_ThunderBolt"],"picked":"SKIP","floor":14},{"not_picked":["ClowCardTheSleep","Yakumo_Ran_purple","VampireKiss+1"],"picked":"SKIP","floor":18},{"not_picked":["Advance","AT_StudyProgram","SpiritCuttingSword"],"picked":"SKIP","floor":19},{"not_picked":["Sentinel","ClowCardThePower+1","Clothesline+1"],"picked":"SKIP","floor":20},{"not_picked":["Clash","Blood for Blood","Realm_recovery_purpleEX"],"picked":"SKIP","floor":24},{"not_picked":["Dodge and Roll+1","ClowCardTheMirror+1","DeceiveReality"],"picked":"Singing Bowl","floor":30},{"not_picked":["UnstableMagic","CharismaGuard","Thunderclap"],"picked":"Singing Bowl","floor":31},{"not_picked":["Grand Finale","ForgedInTime","Dilation"],"picked":"Singing Bowl","floor":33},{"not_picked":["Hologram","FollowUp","Final of Final"],"picked":"Singing Bowl","floor":35},{"not_picked":["Desolation+1","MoonPhase+1","HumanKnowledgeSword"],"picked":"Singing Bowl","floor":37},{"not_picked":["Flex+1","Steam"],"picked":"AT_ChampionStep+1","floor":39},{"not_picked":["Clash+1","Boundary_DreamRealityDamnation_purple","WitchOfGreed+1"],"picked":"Singing Bowl","floor":44},{"not_picked":["Heel Hook+1","AT_StudyProgram","Good Instincts"],"picked":"Singing Bowl","floor":47},{"not_picked":["Sword Boomerang","AT_WaterDrop","HumanRealmSword+1"],"picked":"Singing Bowl","floor":48},{"not_picked":["ReplayReversal","Potential+1","Hologram"],"picked":"SKIP","floor":54}],"player_experience":14325,"relics_obtained":[{"floor":6,"key":"Lantern"},{"floor":11,"key":"Mirror"},{"floor":22,"key":"Nilry\u0027s Codex"},{"floor":26,"key":"AT_TimeSand"},{"floor":28,"key":"Strawberry"},{"floor":30,"key":"MawBank"},{"floor":31,"key":"Pet Ghost"},{"floor":31,"key":"Pen Nib"},{"floor":33,"key":"Ancient Tea Set"},{"floor":35,"key":"WingedGreaves"},{"floor":37,"key":"Snack Pack"},{"floor":40,"key":"AT_ChloranthyRing"},{"floor":42,"key":"Dream Catcher"},{"floor":43,"key":"Blue Candle"},{"floor":44,"key":"White Beast Statue"},{"floor":47,"key":"Blue Doll"},{"floor":48,"key":"Nunchaku"},{"floor":48,"key":"InkBottle"},{"floor":49,"key":"Pear"},{"floor":52,"key":"Letter Opener"},{"floor":54,"key":"AT_MibuBalloonWealth"}],"event_choices":[{"damage_healed":0,"gold_gain":30,"player_choice":"Searched \u00273\u0027 times","damage_taken":0,"relics_obtained":["Bag of Marbles"],"max_hp_gain":0,"max_hp_loss":0,"event_name":"Dead Adventurer","floor":8,"gold_loss":0},{"damage_healed":0,"gold_gain":0,"player_choice":"Ignored","damage_taken":0,"max_hp_gain":0,"max_hp_loss":0,"event_name":"NoteForYourself","floor":10,"gold_loss":0},{"damage_healed":0,"gold_gain":0,"player_choice":"Obtained Book","damage_taken":16,"max_hp_gain":0,"max_hp_loss":0,"event_name":"Cursed Tome","floor":22,"gold_loss":0},{"damage_healed":0,"gold_gain":0,"player_choice":"Opened","damage_taken":0,"relics_obtained":["Tough Bandages"],"max_hp_gain":0,"max_hp_loss":0,"event_name":"The Mausoleum","floor":27,"gold_loss":0,"cards_obtained":["Writhe"]},{"cards_removed":["Neutralize"],"damage_healed":0,"gold_gain":0,"player_choice":"Offered Basic","damage_taken":0,"max_hp_gain":0,"max_hp_loss":0,"event_name":"Bonfire Elementals","floor":36,"gold_loss":0}],"is_beta":false,"boss_relics":[{"not_picked":["Snecko Scales","Ring of Chaos","Fusion Hammer"]},{"not_picked":["Replay:Grab Bag","Snecko Eye"],"picked":"AT_MortalBlade"}],"items_purged_floors":[2,2,2,2,2,2,2,2,2,2,2,25,25,25],"is_endless":false,"potions_floor_spawned":[3,3,4,5,6,6,16,18,18,24,30,31,35,37,44,47,47,48,48,54],"ascension_level":0}}