{"host":"6hzrz31j95f2y1pa","time":1609037462,"event":{"mods":["BaseMod","Colored Map","Downfall","Minty Spire (QoL Compilation)","StSLib"],"gold_per_floor":[99,118,128,128,141,153,206,218,244,284,146,191,203,215,237,346,358,370,398,428,440,452,464,554,583,611,640,21,62,91,91,116,116,116,116],"floor_reached":33,"playtime":1351,"items_purged":[],"score":422,"play_id":"d2604339-b6ad-4c9c-a464-09ee3c398de5","local_time":"20201226215102","is_ascension_mode":true,"campfire_choices":[{"data":"champ:Taunt","floor":1.0,"key":"SMITH"},{"floor":8.0,"key":"RECALL"},{"data":"champ:IronFortress","floor":11.0,"key":"SMITH"},{"floor":13.0,"key":"REST"},{"data":"champ:Devastate","floor":18.0,"key":"SMITH"},{"data":"champ:FocusedDefense","floor":23,"key":"SMITH"}],"circlet_count":0,"master_deck":["AscendersBane","champ:Strike","champ:Defend","champ:Defend","champ:Defend","champ:Execute","champ:Taunt+1","champ:IronFortress+1","champ:GladiatorStyle","champ:AdrenalArmor","champ:BladeFlurry","champ:Haymaker","champ:CrownThrow","champ:ArenaPreparation","champ:FocusedDefense+1","champ:TornadoPunch","champ:SkillfulDodge","champ:Devastate+1","champ:RecklessLeap+1","champ:BerserkersShout","Writhe","champ:FanOfKnives","champ:FlashCut+1","champ:RageSigil","champ:Lariat","champ:CalledShot","champ:Balance+1","champ:IronFortress","champ:FlashCut","champ:Backstep","champ:DancingMaster","champ:RageSigil+1"],"relics":["champ:ChampionCrown","MawBank","Happy Flower","downfall:HeartBlessingGreen","downfall:HeartBlessingRed","Bronze Scales","Cursed Key","Kunai","Lantern","Orrery","CeramicFish"],"acts_visited":["Exordium","TheCity"],"potions_floor_usage":[29,29,29,29,30,33,33],"damage_taken":[{"damage":5.0,"enemies":"Small Slimes","floor":2.0,"turns":4.0},{"damage":11.0,"enemies":"Jaw Worm","floor":3.0,"turns":4.0},{"damage":9.0,"enemies":"2 Louse","floor":5.0,"turns":3.0},{"damage":11.0,"enemies":"Red Slaver","floor":6.0,"turns":3.0},{"damage":5.0,"enemies":"3 Louse","floor":9.0,"turns":5.0},{"damage":32.0,"enemies":"3 Sentries","floor":10.0,"turns":8.0},{"damage":13.0,"enemies":"Lagavulin","floor":12.0,"turns":4.0},{"damage":15.0,"enemies":"Lots of Slimes","floor":15.0,"turns":3.0},{"damage":42.0,"enemies":"downfall:Watcher","floor":16.0,"turns":9.0},{"damage":18,"enemies":"Spheric Guardian","floor":19,"turns":3},{"damage":5,"enemies":"Shell Parasite","floor":20,"turns":3},{"damage":49,"enemies":"Centurion and Healer","floor":25,"turns":7},{"damage":11,"enemies":"Sentry and Sphere","floor":26,"turns":4},{"damage":33,"enemies":"Snake Plant","floor":27,"turns":2},{"damage":64,"enemies":"downfall:FleeingMerchant","floor":28,"turns":4},{"damage":29,"enemies":"Slavers","floor":29,"turns":4},{"damage":9,"enemies":"3 Cultists","floor":30,"turns":3},{"damage":7,"enemies":"Shelled Parasite and Fungi","floor":32,"turns":4},{"damage":27,"enemies":"downfall:Ironclad","floor":33,"turns":4}],"seed_played":"8180330837537121594","potions_obtained":[{"floor":6.0,"key":"FearPotion"},{"floor":9.0,"key":"Explosive Potion"},{"floor":12.0,"key":"Strength Potion"},{"floor":16.0,"key":"champ:OpenerPotion"},{"floor":19,"key":"EntropicBrew"},{"floor":29,"key":"DistilledChaos"},{"floor":32,"key":"Strength Potion"}],"is_trial":false,"path_per_floor":["R","M","M","?","M","M","T","R","M","E","R","E","R","?","M","B",null,"R","M","M","?","?","R","T","M","M","M","$","E","M","?","M","B"],"character_chosen":"THE_CHAMP","items_purchased":["Kunai","Lantern","champ:CalledShot","Orrery"],"campfire_rested":1,"item_purchase_floors":[28,28,28,28],"current_hp_per_floor":[81,81,77,77,75,64,64,64,63,35,35,29,53,53,43,15,65,65,54,51,51,51,51,51,48,48,35,35,24,24,24,24,0,0,0],"gold":116,"neow_bonus":"TRANSFORM_TWO_CARDS","is_daily":false,"chose_seed":false,"campfire_upgraded":4,"win_rate":0.0,"timestamp":1609037462,"path_taken":["R","M","M","?","M","M","T","R","M","E","R","E","R","?","M","BOSS","R","M","M","?","?","R","T","M","M","M","$","E","M","?","M","BOSS"],"items_purchased_type":["Relic","Relic","Card","Relic"],"build_version":"2020-12-22","purchased_purges":0,"victory":false,"max_hp_per_floor":[81,81,81,81,81,81,81,81,81,81,81,81,81,81,81,81,81,81,81,81,81,81,81,81,81,81,81,81,81,81,81,81,81,81,81],"card_choices":[{"not_picked":["champ:GutPunch","champ:DefensiveShout"],"picked":"champ:AdrenalArmor","floor":2.0},{"not_picked":["champ:CrookedStrike","champ:Circumvent"],"picked":"champ:BladeFlurry","floor":3.0},{"not_picked":["champ:HeartStrike","champ:EndlessRage"],"picked":"champ:Haymaker","floor":5.0},{"not_picked":["champ:PerfectedStrike","champ:Encircle"],"picked":"champ:CrownThrow","floor":6.0},{"not_picked":["champ:TornadoPunch","champ:PerfectedStrike"],"picked":"champ:ArenaPreparation","floor":9.0},{"not_picked":["champ:Circumvent","champ:GladiatorsShout"],"picked":"champ:FocusedDefense","floor":10.0},{"not_picked":["champ:FaceSlap","champ:ArenaPreparation"],"picked":"champ:TornadoPunch","floor":12.0},{"not_picked":["champ:Haymaker","champ:PerfectedStrike"],"picked":"champ:SkillfulDodge","floor":15.0},{"not_picked":["champ:HeavySlash","champ:EnchantSword"],"picked":"champ:Devastate","floor":16.0},{"not_picked":["champ:RisingSlash","champ:GladiatorsShout"],"picked":"champ:RecklessLeap+1","floor":19},{"not_picked":["champ:CrookedStrike","champ:Circumvent"],"picked":"champ:BerserkersShout","floor":20},{"not_picked":["champ:BladeFlurry+1","champ:GladiatorStyle"],"picked":"champ:FanOfKnives","floor":25},{"not_picked":["champ:Riposte","champ:Aggression"],"picked":"champ:FlashCut+1","floor":26},{"not_picked":["champ:FalseCounter","champ:RisingSlash"],"picked":"champ:RageSigil","floor":27},{"not_picked":["champ:EnGarde","champ:Duel"],"picked":"champ:Lariat","floor":28},{"not_picked":["champ:FlashCut+1","champ:Riposte"],"picked":"champ:Balance+1","floor":28},{"not_picked":["champ:GladiatorStyle","champ:GladiatorsShout"],"picked":"champ:IronFortress","floor":28},{"not_picked":["champ:Aggression","champ:Control"],"picked":"champ:FlashCut","floor":28},{"not_picked":["champ:FocusedGladiator","champ:RapidStrikes+1"],"picked":"champ:Backstep","floor":29},{"not_picked":["champ:CrookedStrike+1","champ:FocusedGladiator"],"picked":"champ:DancingMaster","floor":30},{"not_picked":["champ:RisingSlash","champ:BringItOn"],"picked":"champ:RageSigil+1","floor":32}],"player_experience":1251644,"relics_obtained":[{"floor":7.0,"key":"MawBank"},{"floor":10.0,"key":"Happy Flower"},{"floor":12.0,"key":"Bronze Scales"},{"floor":29,"key":"CeramicFish"}],"event_choices":[],"is_beta":false,"boss_relics":[{"not_picked":["champ:ChampionCrownUpgraded","Coffee Dripper"],"picked":"Cursed Key"}],"items_purged_floors":[],"is_endless":false,"potions_floor_spawned":[6,9,12,16,19,20,29,32],"killed_by":"downfall:Ironclad","ascension_level":10}}