{"host":"7uuqqk35leady37t","time":1609051727,"event":{"mods":["BaseMod","Downfall","Marisa£®ÏF”Í°°ƒß¿Ì…≥£©","Minty Spire (QoL Compilation)","StSLib","The Bug Knight","The Servant 0.9.4","Waifu the Spire","Yuri Mod","[IsaacMod]“‘»ˆº‚À˛"],"gold_per_floor":[115,115,131,106,106,156,184,216,287,312,168,202,202,213,213,341,341,385,416,435,350,366,416,416,446,469,514,524,524,524],"floor_reached":29,"playtime":1059,"items_purged":["Strike_MRS"],"score":387,"play_id":"934bd1a1-486a-4a91-958d-042f8618e055","local_time":"20201227144847","is_ascension_mode":false,"campfire_choices":[{"data":"UltimateShortwave","floor":13.0,"key":"SMITH"},{"data":"MysteriousBeam","floor":15.0,"key":"SMITH"}],"circlet_count":0,"master_deck":["Defend_MRS","Defend_MRS","Defend_MRS","Defend_MRS","MasterSpark","UpSweep","AlicesGift","Regret","EnergyFlow","WitchOfGreed","LuminesStrike","MysteriousBeam+1","GrandCross","IllusionStar","WitchOfGreed","UltimateShortwave+1","MysteriousBeam","GrandCross","CasketOfStar","MysteriousBeam","CasketOfStar","Singularity","Acceleration","GalacticHalo+1","Bite","Bite","Bite","Bite","Bite","GrandCross","Acceleration"],"relics":["MiniHakkero","HushsDoor","Chaos","NeowsBlessing","ClockworkSouvenir","PillsDrop","DeathBook","White Beast Statue","Membership Card","Bird Faced Urn","SimpleLauncher","BelialBook","JudasShadow","Pocketwatch","BookOfRevelations","Mummified Hand","Mango"],"acts_visited":["Exordium","TheCity"],"potions_floor_usage":[25,27],"damage_taken":[{"damage":0.0,"enemies":"2 Louse","floor":1.0,"turns":1.0},{"damage":0.0,"enemies":"Small Slimes","floor":3.0,"turns":1.0},{"damage":3.0,"enemies":"Lagavulin","floor":6.0,"turns":2.0},{"damage":5.0,"enemies":"Jaw Worm","floor":7.0,"turns":4.0},{"damage":0.0,"enemies":"Gremlin Nob","floor":8.0,"turns":1.0},{"damage":2.0,"enemies":"Lots of Slimes","floor":10.0,"turns":3.0},{"damage":6.0,"enemies":"3 Sentries","floor":12.0,"turns":3.0},{"damage":0.0,"enemies":"Looter","floor":14.0,"turns":1.0},{"damage":45.0,"enemies":"The Guardian","floor":16.0,"turns":4.0},{"damage":10.0,"enemies":"Spheric Guardian","floor":18.0,"turns":3.0},{"damage":8.0,"enemies":"3 Byrds","floor":19.0,"turns":3.0},{"damage":0.0,"enemies":"Shelled Parasite and Fungi","floor":20.0,"turns":1.0},{"damage":0.0,"enemies":"3 Cultists","floor":22.0,"turns":2.0},{"damage":40.0,"enemies":"Book of Stabbing","floor":23.0,"turns":4.0},{"damage":0,"enemies":"HollowMod:Nosk","floor":25,"turns":2},{"damage":0,"enemies":"Snake Plant","floor":27,"turns":1},{"damage":0,"enemies":"Centurion and Healer","floor":28,"turns":1}],"seed_played":"-6793701113111157337","potions_obtained":[{"floor":1.0,"key":"ColorlessPotion"},{"floor":6.0,"key":"PowerPotion"},{"floor":7.0,"key":"Fire Potion"},{"floor":8.0,"key":"AttackPotion"},{"floor":10.0,"key":"ColorlessPotion"},{"floor":10.0,"key":"SteroidPotion"},{"floor":12.0,"key":"BlessingOfTheForge"},{"floor":14.0,"key":"FearPotion"},{"floor":16.0,"key":"Fire Potion"},{"floor":16.0,"key":"LiquidBronze"},{"floor":18.0,"key":"Strength Potion"},{"floor":18.0,"key":"AttackPotion"},{"floor":19.0,"key":"SpeedPotion"},{"floor":19.0,"key":"hexamod:EctoCoolerPotion"},{"floor":20.0,"key":"EntropicBrew"},{"floor":22.0,"key":"LiquidBronze"},{"floor":23.0,"key":"Weak Potion"},{"floor":25,"key":"Fire Potion"},{"floor":27,"key":"Regen Potion"},{"floor":27,"key":"champ:CounterPotion"}],"is_trial":false,"path_per_floor":["M","?","M","$","?","E","M","E","T","M","$","E","R","M","R","B",null,"M","M","M","?","M","E","?","E","T","M","M","?"],"character_chosen":"MARISA","items_purchased":["WitchOfGreed","WitchOfGreed","UltimateShortwave","MysteriousBeam","BelialBook","JudasShadow","ChaosCard"],"campfire_rested":0,"item_purchase_floors":[4,11,11,11,17,17,17],"current_hp_per_floor":[75,75,75,75,60,57,55,55,55,53,53,47,47,49,49,10,46,38,32,37,37,37,1,1,1,15,10,10,0,0],"gold":524,"neow_bonus":"THREE_ENEMY_KILL","is_daily":false,"chose_seed":false,"campfire_upgraded":2,"win_rate":0.0,"timestamp":1609051727,"path_taken":["M","?","M","$","?","E","M","E","T","M","$","E","R","M","R","BOSS","M","M","M","?","M","E","?","E","T","M","M","?"],"items_purchased_type":["Card","Card","Card","Card","Relic","Relic","Card"],"build_version":"2020-12-22","purchased_purges":1,"victory":false,"max_hp_per_floor":[75,75,75,75,75,75,78,78,78,78,78,78,78,78,78,73,46,46,46,49,49,49,1,1,1,15,10,10,10,10],"card_choices":[{"not_picked":[],"picked":"ChaosCard","floor":0.0},{"not_picked":["EventHorizon","GalacticHalo"],"picked":"AlicesGift","floor":1.0},{"not_picked":["AlicesGift","StarBarrage"],"picked":"EnergyFlow","floor":3.0},{"not_picked":["BlazingStar","DoubleSpark"],"picked":"LuminesStrike","floor":6.0},{"not_picked":["FairyDestructionRay","ChargeUpSpray"],"picked":"MysteriousBeam","floor":7.0},{"not_picked":["JA","FairyDestructionRay"],"picked":"GrandCross","floor":8.0},{"not_picked":["MilkyWay","UnstableBomb"],"picked":"IllusionStar","floor":10.0},{"not_picked":["GravityBeat","GalacticHalo","WitchLeyline"],"picked":"SKIP","floor":12.0},{"not_picked":["SporeBomb","6A"],"picked":"GrandCross","floor":14.0},{"not_picked":["StarDustReverie","ManaRampage"],"picked":"CasketOfStar","floor":16.0},{"not_picked":["PropBag","ChargingUp"],"picked":"MysteriousBeam","floor":18.0},{"not_picked":["EnergyRecoil","DoubleSpark"],"picked":"CasketOfStar","floor":19.0},{"not_picked":["GasGiant","Occultation"],"picked":"Singularity","floor":20.0},{"not_picked":["FairyDestructionRay+1","SporeBomb"],"picked":"Acceleration","floor":22.0},{"not_picked":["SporeBomb","ChargeUpSpray"],"picked":"GalacticHalo+1","floor":23.0},{"not_picked":["DragonMeteor","MilkyWay","NonDirectionalLaser"],"picked":"SKIP","floor":25},{"not_picked":["UnstableBomb","SporeBomb"],"picked":"GrandCross","floor":27},{"not_picked":["OpenUniverse","IllusionStar"],"picked":"Acceleration","floor":28}],"player_experience":13717,"relics_obtained":[{"floor":6.0,"key":"DeathBook"},{"floor":8.0,"key":"White Beast Statue"},{"floor":9.0,"key":"Membership Card"},{"floor":12.0,"key":"Bird Faced Urn"},{"floor":23.0,"key":"BookOfRevelations"},{"floor":25,"key":"Mummified Hand"},{"floor":26,"key":"Mango"}],"event_choices":[{"damage_healed":0.0,"max_hp_gain":0.0,"max_hp_loss":0.0,"gold_gain":0.0,"event_name":"Big Fish","player_choice":"Box","floor":2.0,"gold_loss":0.0,"damage_taken":0.0,"relics_obtained":["ClockworkSouvenir"],"cards_obtained":["Regret"]},{"damage_healed":0.0,"max_hp_gain":0.0,"max_hp_loss":0.0,"gold_gain":0.0,"event_name":"Addict","player_choice":"Obtained Relic","floor":21.0,"gold_loss":85.0,"damage_taken":0.0,"relics_obtained":["Pocketwatch"]},{"damage_healed":0.0,"max_hp_gain":0.0,"max_hp_loss":0.0,"gold_gain":0.0,"event_name":"Vampires","player_choice":"Became a vampire","floor":24.0,"gold_loss":0.0,"damage_taken":0.0,"cards_obtained":["Bite","Bite","Bite","Bite","Bite"]}],"is_beta":false,"boss_relics":[{"not_picked":["Torii","HollowMod:LifeEnderRelic"],"picked":"SimpleLauncher"},{"not_picked":[]}],"items_purged_floors":[11],"is_endless":false,"potions_floor_spawned":[1,8,10,12,14,19,20,22,25,27,28],"ascension_level":0}}