{"host":"10b2ljh1rg6srmxa","time":1609074844,"event":{"mods":["AchievementEnabler","BaseMod","Colored Powertips","Infinite Spire","Minty Spire (QoL Compilation)","Replay The Spire","StSLib"],"gold_per_floor":[119,119,119,119,84,84,84,84,109,119,119,119,144,187,187,313,313,338,447,471,53,74,74,117,117,117,131,151,151,167,167,167,301,401,447,497,548,548,548,620,620,695,718,745,745,745,745,811,811,811],"floor_reached":51,"playtime":6900,"items_purged":["ReplayTheSpireMod:Splinters"],"score":1021,"play_id":"70faa789-afa6-4f04-b265-fe077a3c5bf8","local_time":"20201227141404","daily_mods":["SealedDeck","Red Cards","Green Cards","Blue Cards","Purple Cards","Colorless Cards","Heirloom"],"is_ascension_mode":false,"campfire_choices":[{"data":"ReplayReversal","floor":6,"key":"SMITH"},{"data":"Iron Wave","floor":8,"key":"SMITH"},{"data":"Conserve Battery","floor":11,"key":"SMITH"},{"floor":15,"key":"DIG"},{"data":"Panacea","floor":23,"key":"SMITH"},{"data":"Tools of the Trade","floor":25,"key":"SMITH"},{"floor":32,"key":"DIG"},{"floor":41,"key":"REST"},{"floor":49,"key":"DIG"}],"circlet_count":0,"master_deck":["Shockwave","Iron Wave+1","Backflip","Footwork","ReplayReversal+1","Conserve Battery+1","PathToVictory","infinitespire:NeuralNetwork","Discovery","Dodge and Roll","Tools of the Trade+1","Pommel Strike+1","SpiritShield+1","Burning Pact+1","Panacea+1","Cloak And Dagger","Noxious Fumes","Deflect","Shrug It Off+1","Transmutation","Spreading Infection","Reprogram","Madness","Madness","Enlightenment","Jack Of All Trades","PiercingWail+1"],"relics":["Burning Blood","Ice Cream","Paper Frog","Regal Pillow","Golden Idol","ReplayTheSpireMod:TigerMarble","Ancient Tea Set","Astrolabe","Replay:Kaleidoscope","ReplayTheSpireMod:Lightbulb","Shovel","Replay:Baseball","infinitespire:EvilPickle","Replay:Wanted Poster","Ring of Hypnosis","CaptainsWheel","Du-Vu Doll","Lizard Tail","Blue Doll","Replay:Rubber Ducky","Toy Ornithopter"],"acts_visited":["Exordium","TheCity","TheBeyond"],"potions_floor_usage":[24,28,40,42,48,50,50],"damage_taken":[{"damage":0,"enemies":"2 Louse","floor":1,"turns":2},{"damage":0,"enemies":"Small Slimes","floor":10,"turns":5},{"damage":0,"enemies":"Jaw Worm","floor":13,"turns":2},{"damage":0,"enemies":"Replay:BlueRogue","floor":14,"turns":7},{"damage":9,"enemies":"The Guardian","floor":16,"turns":9},{"damage":9,"enemies":"3 Byrds","floor":18,"turns":5},{"damage":2,"enemies":"Chosen","floor":20,"turns":6},{"damage":0,"enemies":"Snecko","floor":22,"turns":6},{"damage":0,"enemies":"Gremlin Leader","floor":24,"turns":9},{"damage":0,"enemies":"Sentry and Sphere","floor":27,"turns":7},{"damage":0,"enemies":"3 Cultists","floor":28,"turns":5},{"damage":16,"enemies":"Shelled Parasite and Fungi","floor":30,"turns":6},{"damage":29,"enemies":"Pondfish","floor":33,"turns":12},{"damage":11,"enemies":"3 Darklings","floor":35,"turns":7},{"damage":0,"enemies":"3 Shapes","floor":36,"turns":6},{"damage":0,"enemies":"Jaw Worm Horde","floor":37,"turns":5},{"damage":43,"enemies":"R_Hoarder","floor":40,"turns":7},{"damage":14,"enemies":"Reptomancer","floor":42,"turns":6},{"damage":3,"enemies":"Writhing Mass","floor":48,"turns":7},{"damage":0,"enemies":"infinitespire:MassOfShapes","floor":50,"turns":16}],"seed_played":"-7392020209341321315","potions_obtained":[{"floor":1,"key":"BlessingOfTheForge"},{"floor":13,"key":"BloodPotion"},{"floor":14,"key":"Explosive Potion"},{"floor":20,"key":"infinitespire:BlackPotion"},{"floor":22,"key":"DistilledChaos"},{"floor":24,"key":"Flashbang"},{"floor":33,"key":"DistilledChaos"},{"floor":40,"key":"Block Potion"}],"is_trial":true,"path_per_floor":["M","?","$","?","?","R","$","R","T","M","R","?","M","E","R","B",null,"M","?","M","$","M","R","E","R","T","M","M","?","M","?","R","B",null,"M","M","M","?","AVR","E","R","E","T","T","?","?","?","M","R","B",null],"character_chosen":"IRONCLAD","items_purchased":["Replay:Kaleidoscope","Cloak And Dagger"],"campfire_rested":1,"item_purchase_floors":[21,21],"current_hp_per_floor":[80,73,73,54,74,74,74,74,74,80,80,80,80,80,80,77,80,77,77,80,80,80,80,80,80,80,80,80,80,70,70,70,47,80,75,80,80,80,80,47,80,72,72,72,62,62,52,55,55,71],"gold":811,"neow_bonus":"","is_daily":false,"chose_seed":false,"campfire_upgraded":5,"win_rate":0.0,"timestamp":1609074844,"path_taken":["M","?","$","?","?","R","?","R","T","M","R","?","?","E","R","BOSS","M","?","M","$","M","R","E","R","T","M","M","?","?","?","R","BOSS","M","M","M","?","AVR","E","R","E","T","?","?","?","?","M","R","BOSS"],"items_purchased_type":["Relic","Card"],"build_version":"2020-12-22","purchased_purges":1,"victory":true,"max_hp_per_floor":[80,80,80,80,80,80,80,80,80,80,80,80,80,80,80,80,80,80,80,80,80,80,80,80,80,80,80,80,80,80,80,80,80,80,80,80,80,80,80,80,80,80,80,80,80,80,80,80,80,80],"card_choices":[{"not_picked":["LikeWater","BowlingBash","Enlightenment"],"picked":"SKIP","floor":1},{"not_picked":["infinitespire:UltimateForm","infinitespire:Menacing"],"picked":"infinitespire:NeuralNetwork","floor":4},{"not_picked":["DeceiveReality","Study"],"picked":"Discovery","floor":10},{"not_picked":["Bane","Coolheaded"],"picked":"Dodge and Roll","floor":13},{"not_picked":["Replay:ManipulateFuture","Rebound","Hologram"],"picked":"SKIP","floor":14},{"not_picked":["Metamorphosis","Night Terror"],"picked":"Tools of the Trade","floor":16},{"not_picked":["Dagger Spray","Acrobatics","Rebound"],"picked":"SKIP","floor":18},{"not_picked":["Swivel+1","Ball Lightning+1"],"picked":"Panacea","floor":19},{"not_picked":["BowlingBash","Anger+1","Rage"],"picked":"SKIP","floor":20},{"not_picked":["Choke","Acrobatics"],"picked":"Noxious Fumes","floor":22},{"not_picked":["ReplaySolidLightProjector","ReplayTheSpireMod:Necrosis"],"picked":"Deflect","floor":24},{"not_picked":["ReplayTheSpireMod:Strike From Hell","Blade Dance"],"picked":"Shrug It Off+1","floor":27},{"not_picked":["Massacre","Meditate","Deadly Poison"],"picked":"SKIP","floor":28},{"not_picked":["True Grit+1","Compile Driver","Deflect+1"],"picked":"SKIP","floor":30},{"not_picked":["Meteor Strike","Biased Cognition"],"picked":"Transmutation","floor":33},{"not_picked":["Pommel Strike+1","Replay:DivineShield+1","Loop"],"picked":"SKIP","floor":35},{"not_picked":["Slice+1","Wild Strike+1","Replay:BluntJabs+1"],"picked":"SKIP","floor":36},{"not_picked":["Replay:ManipulateFuture+1","Coolheaded+1","Blade Dance+1"],"picked":"SKIP","floor":37},{"not_picked":["Combust","JustLucky+1","WheelKick"],"picked":"SKIP","floor":40},{"not_picked":["Compile Driver+1","Streamline+1"],"picked":"Reprogram","floor":42},{"not_picked":["Replay:Dark Deal","Mind Blast"],"picked":"Enlightenment","floor":47},{"not_picked":["Chrysalis","Good Instincts"],"picked":"Jack Of All Trades","floor":47},{"not_picked":["Bane+1","Replay:Undeath\u0027s Touch"],"picked":"PiercingWail+1","floor":48}],"player_experience":249813,"relics_obtained":[{"floor":9,"key":"Regal Pillow"},{"floor":14,"key":"ReplayTheSpireMod:TigerMarble"},{"floor":15,"key":"Ancient Tea Set"},{"floor":24,"key":"ReplayTheSpireMod:Lightbulb"},{"floor":26,"key":"Shovel"},{"floor":32,"key":"Replay:Baseball"},{"floor":38,"key":"Ring of Hypnosis"},{"floor":40,"key":"Du-Vu Doll"},{"floor":42,"key":"Lizard Tail"},{"floor":43,"key":"Blue Doll"},{"floor":44,"key":"Replay:Rubber Ducky"},{"floor":49,"key":"Toy Ornithopter"}],"event_choices":[{"damage_healed":0,"gold_gain":0,"player_choice":"Success","damage_taken":7,"relics_obtained":["Paper Frog"],"max_hp_gain":0,"max_hp_loss":0,"event_name":"Scrap Ooze","floor":2,"gold_loss":0},{"damage_healed":20,"gold_gain":0,"player_choice":"Healed","damage_taken":0,"max_hp_gain":0,"max_hp_loss":0,"event_name":"The Cleric","floor":5,"gold_loss":35},{"damage_healed":0,"gold_gain":0,"player_choice":"Take Wound","damage_taken":0,"relics_obtained":["Golden Idol"],"max_hp_gain":0,"max_hp_loss":0,"event_name":"Golden Idol","floor":12,"gold_loss":0,"cards_obtained":["Injury"]},{"cards_removed":["Injury"],"damage_healed":0,"gold_gain":0,"player_choice":"Card Removal","damage_taken":0,"max_hp_gain":0,"max_hp_loss":0,"event_name":"Wheel of Change","floor":29,"gold_loss":0},{"damage_healed":0,"gold_gain":0,"player_choice":"Ignored","damage_taken":0,"max_hp_gain":0,"max_hp_loss":0,"event_name":"Ghosts","floor":31,"gold_loss":0},{"damage_healed":0,"gold_gain":0,"player_choice":"Embrace Madness","damage_taken":10,"max_hp_gain":0,"max_hp_loss":0,"event_name":"Winding Halls","floor":45,"gold_loss":0,"cards_obtained":["Madness","Madness"]},{"damage_healed":0,"gold_gain":0,"player_choice":"Ignored","damage_taken":0,"max_hp_gain":0,"max_hp_loss":0,"event_name":"Tomb of Lord Red Mask","floor":46,"gold_loss":0},{"damage_healed":0,"gold_gain":0,"player_choice":"Memory 3","damage_taken":10,"max_hp_gain":0,"max_hp_loss":0,"event_name":"SensoryStone","floor":47,"gold_loss":0}],"is_beta":false,"boss_relics":[{"not_picked":["Painkiller Herb","Fusion Hammer"],"picked":"Astrolabe"},{"not_picked":["Electric Blood","Kintsugi"],"picked":"Replay:Wanted Poster"}],"items_purged_floors":[21],"is_endless":false,"potions_floor_spawned":[1,13,14,20,22,24,33,37,40],"ascension_level":0}}