{"host":"k653q14gphaoox56","time":1609108496,"event":{"mods":["BaseMod","Colored Map","Conspire","DeckTracker","Hubris","Infinite Spire","Minty Spire (QoL Compilation)","Replay The Spire","StSLib"],"gold_per_floor":[117,117,131,81,45,45,76,90,90,121,137,137,165,195,195,293,293,304,304,304,304],"floor_reached":20,"playtime":996,"items_purged":[],"score":205,"play_id":"669ff082-0389-4e18-a426-fb8862cbb223","local_time":"20201227173456","is_ascension_mode":false,"campfire_choices":[{"data":"Inflame","floor":6,"key":"SMITH"},{"data":"Demon Form","floor":12,"key":"SMITH"}],"circlet_count":0,"master_deck":["Strike_R","Strike_R","Defend_R","Defend_R","Defend_R","Defend_R","Bash","Inflame+1","Twin Strike","ReplayReversal","ReplayTheSpireMod:Strike From Hell+1","ReplayTheSpireMod:Strike From Hell","Armaments","Flex","Demon Form+1","Dual Wield","Heavy Blade","Flex","Barricade","Seeing Red","Corruption"],"relics":["Burning Blood","NeowsBlessing","Red Skull","conspire:GiftBox","ReplayTheSpireMod:Shallot","Odd Mushroom","Coffee Dripper"],"acts_visited":["Exordium","TheCity"],"potions_floor_usage":[10,13,18],"damage_taken":[{"damage":0,"enemies":"2 Louse","floor":1,"turns":1},{"damage":0,"enemies":"Small Slimes","floor":3,"turns":1},{"damage":0,"enemies":"3 Sentries","floor":7,"turns":2},{"damage":8,"enemies":"conspire:RoseBush","floor":8,"turns":2},{"damage":2,"enemies":"Replay:BlueRogue","floor":10,"turns":6},{"damage":0,"enemies":"Large Slime","floor":11,"turns":5},{"damage":16,"enemies":"The Mushroom Lair","floor":13,"turns":4},{"damage":7,"enemies":"Fading Forest","floor":16,"turns":11},{"damage":26,"enemies":"3 Byrds","floor":18,"turns":6},{"damage":0,"enemies":"Chosen","floor":20,"turns":1}],"seed_played":"7407170657670615174","potions_obtained":[{"floor":1,"key":"PowerPotion"},{"floor":7,"key":"ColorlessPotion"},{"floor":8,"key":"Strength Potion"},{"floor":13,"key":"SpeedPotion"}],"is_trial":false,"path_per_floor":["M","?","M","?","$","R","E","M","T","E","M","R","?","?","R_BF","B",null,"M","?","M"],"character_chosen":"IRONCLAD","items_purchased":["ReplayTheSpireMod:Strike From Hell"],"campfire_rested":0,"item_purchase_floors":[5],"current_hp_per_floor":[80,80,80,80,80,80,80,78,78,80,80,80,70,70,80,79,80,60,60,60,60],"gold":304,"neow_bonus":"THREE_ENEMY_KILL","is_daily":false,"chose_seed":false,"campfire_upgraded":2,"win_rate":0.0,"timestamp":1609108496,"path_taken":["M","?","M","?","$","R","E","M","T","E","M","R","?","?","R_BF","BOSS","M","?","M"],"items_purchased_type":["Card"],"build_version":"2020-12-22","purchased_purges":0,"victory":false,"max_hp_per_floor":[80,80,80,80,80,80,80,80,80,80,80,80,80,80,80,80,80,80,80,80,80],"card_choices":[{"not_picked":["True Grit","Shrug It Off"],"picked":"Inflame","floor":1},{"not_picked":["Burning Pact","Clothesline"],"picked":"ReplayReversal","floor":3},{"not_picked":["Impervious","Anger"],"picked":"Armaments","floor":7},{"not_picked":["hubris:CleavingFinish","Battle Trance"],"picked":"Flex","floor":8},{"not_picked":["Corruption","conspire:Purge"],"picked":"Demon Form","floor":9},{"not_picked":["Run Through","True Grit"],"picked":"Dual Wield","floor":10},{"not_picked":["ReplayTheSpireMod:Strike From Hell","Shrug It Off"],"picked":"Heavy Blade","floor":11},{"not_picked":["Sever Soul","Run Through"],"picked":"Flex","floor":13},{"not_picked":["Corruption","Fiend Fire"],"picked":"Barricade","floor":16},{"not_picked":["Pommel Strike","Body Slam"],"picked":"Seeing Red","floor":18}],"player_experience":117875,"relics_obtained":[{"floor":7,"key":"Red Skull"},{"floor":9,"key":"conspire:GiftBox"},{"floor":10,"key":"ReplayTheSpireMod:Shallot"},{"floor":13,"key":"Odd Mushroom"}],"event_choices":[{"damage_healed":0,"gold_gain":0,"cards_transformed":["Strike_R"],"player_choice":"Change","damage_taken":0,"max_hp_gain":0,"max_hp_loss":0,"event_name":"Living Wall","floor":2,"gold_loss":0,"cards_obtained":["Twin Strike"]},{"cards_removed":["Strike_R"],"damage_healed":0,"gold_gain":0,"player_choice":"Card Removal","damage_taken":0,"max_hp_gain":0,"max_hp_loss":0,"event_name":"The Cleric","floor":4,"gold_loss":50},{"damage_healed":0,"gold_gain":0,"player_choice":"Fought Mushrooms","damage_taken":0,"max_hp_gain":0,"max_hp_loss":0,"event_name":"Mushrooms","floor":13,"gold_loss":0},{"damage_healed":0,"gold_gain":30,"player_choice":"Searched \u00272\u0027 times","damage_taken":0,"max_hp_gain":0,"max_hp_loss":0,"event_name":"Dead Adventurer","floor":14,"gold_loss":0},{"damage_healed":0,"gold_gain":0,"cards_transformed":["Strike_R"],"player_choice":"Transformed","damage_taken":0,"max_hp_gain":0,"max_hp_loss":0,"event_name":"Transmorgrifier","floor":19,"gold_loss":0,"cards_obtained":["Corruption"]}],"is_beta":false,"boss_relics":[{"not_picked":["conspire:SeveredTorchhead","Runic Pyramid"],"picked":"Coffee Dripper"}],"items_purged_floors":[],"is_endless":false,"potions_floor_spawned":[1,7,8,13],"killed_by":"Chosen","ascension_level":0}}