{"host":"s0ikvqhe10eopvjn","time":1609088692,"event":{"mods":["BaseMod","Block Reminder","Colored Map","Colored Powertips","DeckTracker","Hermit","Highlight Path","Minty Spire (QoL Compilation)","Permanent Neow","StSLib","The Blue Laboratory","The Cursed"],"gold_per_floor":[116,134,134,145,200,200,280,306,306,306,306,321,100,115,115,238,238,262,7,7,31,44,44,44,44,44,44,44,85,100,115,115,239,239,257,320,320,338,363,378,378,391,391,416,416,437,437,455,455,455,455],"floor_reached":50,"playtime":2778,"items_purged":["Strike_G"],"score":566,"play_id":"f00c47f8-b938-4866-835e-9edf2519d001","local_time":"20201227170452","is_ascension_mode":false,"campfire_choices":[{"data":"Terror","floor":6,"key":"SMITH"},{"floor":11,"key":"REST"},{"data":"Poisoned Stab","floor":15,"key":"SMITH"},{"floor":23,"key":"REST"},{"floor":27,"key":"REST"},{"floor":32,"key":"REST"},{"floor":41,"key":"REST"},{"floor":45,"key":"REST"},{"floor":49,"key":"REST"}],"circlet_count":0,"master_deck":["Strike_G+1","Strike_G+1","Strike_G+1","Strike_G+1","Defend_G+1","Defend_G+1","Defend_G+1","Defend_G+1","Defend_G+1","Survivor+1","Neutralize","Dagger Spray","Backstab","Backflip","Terror+1","Dagger Throw","Deadly Poison+1","Poisoned Stab+1","Phantasmal Killer","Blade Dance+1","Slice","Dagger Spray+1","Writhe","Blur","All Out Attack+1","Flying Knee","Bullet Time","Blade Dance+1","Backstab","Prepared","Adrenaline","PiercingWail+1","A Thousand Cuts","Deflect+1","Master of Strategy"],"relics":["Ring of the Snake","Pear","Incense Burner","Orichalcum","Golden Idol","Lantern","Fusion Hammer","Ninja Scroll","War Paint","Ancient Tea Set","Ornamental Fan","PreservedInsect","HoveringKite","Ginger","Mercury Hourglass"],"acts_visited":["Exordium","TheCity","TheBeyond"],"potions_floor_usage":[8,8,22,33,33,42,50,50,50],"damage_taken":[{"damage":0,"enemies":"Small Slimes","floor":1,"turns":4},{"damage":1,"enemies":"2 Louse","floor":2,"turns":2},{"damage":0,"enemies":"Jaw Worm","floor":4,"turns":4},{"damage":13,"enemies":"3 Sentries","floor":8,"turns":10},{"damage":0,"enemies":"2 Fungi Beasts","floor":12,"turns":2},{"damage":2,"enemies":"Blue Slaver","floor":14,"turns":2},{"damage":0,"enemies":"Hexaghost","floor":16,"turns":7},{"damage":0,"enemies":"Chosen","floor":18,"turns":3},{"damage":0,"enemies":"3 Byrds","floor":21,"turns":3},{"damage":18,"enemies":"Snake Plant","floor":22,"turns":3},{"damage":0,"enemies":"Slavers","floor":29,"turns":5},{"damage":0,"enemies":"Centurion and Healer","floor":30,"turns":4},{"damage":0,"enemies":"3 Cultists","floor":31,"turns":3},{"damage":43,"enemies":"Champ","floor":33,"turns":9},{"damage":3,"enemies":"3 Shapes","floor":35,"turns":2},{"damage":24,"enemies":"Mind Bloom Boss Battle","floor":36,"turns":5},{"damage":0,"enemies":"Orb Walker","floor":38,"turns":3},{"damage":23,"enemies":"Maw","floor":39,"turns":6},{"damage":17,"enemies":"Sphere and 2 Shapes","floor":40,"turns":5},{"damage":16,"enemies":"Writhing Mass","floor":42,"turns":5},{"damage":2,"enemies":"Transient","floor":44,"turns":5},{"damage":19,"enemies":"3 Darklings","floor":46,"turns":3},{"damage":2,"enemies":"Maw","floor":48,"turns":6},{"damage":50,"enemies":"Time Eater","floor":50,"turns":6}],"seed_played":"4944151312963178085","potions_obtained":[{"floor":2,"key":"blueLaboratory:BottleOfVodka"},{"floor":4,"key":"CunningPotion"},{"floor":18,"key":"Fire Potion"},{"floor":30,"key":"SkillPotion"},{"floor":31,"key":"Regen Potion"},{"floor":36,"key":"blueLaboratory:NinjaPotion"},{"floor":38,"key":"blueLaboratory:SavagePotion"},{"floor":44,"key":"blueLaboratory:PhilterOfMotion"},{"floor":48,"key":"blueLaboratory:LouseDecoction"}],"is_trial":false,"path_per_floor":["M","M","?","M","?","R","T","E","T","?","R","M","$","M","R","B",null,"M","$","?","M","M","R","?","T","T","R","$","E","M","M","R","B",null,"M","?","?","M","M","M","R","M","T","M","R","M","?","M","R","B"],"character_chosen":"THE_SILENT","items_purchased":["Lantern","Ninja Scroll"],"campfire_rested":7,"item_purchase_floors":[13,19],"current_hp_per_floor":[70,69,69,69,69,69,79,66,66,66,74,74,74,72,72,72,74,74,74,74,74,56,74,74,74,74,74,74,74,74,74,74,38,74,71,47,47,47,24,7,29,13,13,11,33,14,14,12,34,0,0],"gold":455,"neow_bonus":"THREE_CARDS","is_daily":false,"chose_seed":false,"campfire_upgraded":2,"win_rate":0.0,"timestamp":1609088692,"path_taken":["M","M","?","M","?","R","?","E","T","?","R","M","$","M","R","BOSS","M","$","?","M","M","R","?","?","T","R","$","E","M","M","R","BOSS","M","?","?","M","M","M","R","M","T","?","R","M","?","M","R","BOSS"],"items_purchased_type":["Relic","Relic"],"build_version":"2020-12-22","purchased_purges":1,"victory":false,"max_hp_per_floor":[70,70,70,70,70,70,80,80,80,74,74,74,74,74,74,74,74,74,74,74,74,74,74,74,74,74,74,74,74,74,74,74,74,74,74,74,74,74,74,74,74,74,74,74,74,74,74,74,74,74,74],"card_choices":[{"not_picked":["Slice","Predator"],"picked":"Dagger Spray","floor":0},{"not_picked":["Flying Knee","Riddle With Holes"],"picked":"Backstab","floor":1},{"not_picked":["Poisoned Stab","Distraction"],"picked":"Backflip","floor":2},{"not_picked":["PiercingWail","Noxious Fumes"],"picked":"Terror","floor":4},{"not_picked":["Calculated Gamble","Endless Agony"],"picked":"Dagger Throw","floor":8},{"not_picked":["Caltrops","Calculated Gamble"],"picked":"Deadly Poison","floor":12},{"not_picked":["Eviscerate","Deadly Poison"],"picked":"Poisoned Stab","floor":14},{"not_picked":["Tools of the Trade","Wraith Form v2"],"picked":"Phantasmal Killer","floor":16},{"not_picked":["Poisoned Stab","Deflect"],"picked":"Blade Dance+1","floor":18},{"not_picked":["Deadly Poison","Bouncing Flask"],"picked":"Slice","floor":21},{"not_picked":["Distraction","Flying Knee"],"picked":"Dagger Spray+1","floor":22},{"not_picked":["Poisoned Stab","Dagger Spray"],"picked":"Blur","floor":29},{"not_picked":["Well Laid Plans","Glass Knife"],"picked":"All Out Attack+1","floor":30},{"not_picked":["Reflex+1","Underhanded Strike+1"],"picked":"Flying Knee","floor":31},{"not_picked":["Doppelganger","Night Terror"],"picked":"Bullet Time","floor":33},{"not_picked":["Slice","Sucker Punch+1","Backflip"],"picked":"SKIP","floor":35},{"not_picked":["Reflex+1","Masterful Stab+1"],"picked":"Blade Dance+1","floor":36},{"not_picked":["Underhanded Strike","Endless Agony"],"picked":"Prepared","floor":38},{"not_picked":["Sucker Punch","Riddle With Holes+1","Leg Sweep"],"picked":"SKIP","floor":39},{"not_picked":["All Out Attack+1","Heel Hook"],"picked":"Adrenaline","floor":40},{"not_picked":["Blade Dance","Underhanded Strike"],"picked":"PiercingWail+1","floor":42},{"not_picked":["Dagger Spray","Poisoned Stab"],"picked":"A Thousand Cuts","floor":44},{"not_picked":["Finisher","Flying Knee"],"picked":"Deflect+1","floor":46},{"not_picked":["The Bomb","Thinking Ahead"],"picked":"Master of Strategy","floor":47},{"not_picked":["Outmaneuver","Dodge and Roll","Dagger Spray"],"picked":"SKIP","floor":48}],"player_experience":39392,"relics_obtained":[{"floor":7,"key":"Pear"},{"floor":8,"key":"Incense Burner"},{"floor":9,"key":"Orichalcum"},{"floor":25,"key":"Ancient Tea Set"},{"floor":26,"key":"Ornamental Fan"},{"floor":29,"key":"PreservedInsect"},{"floor":36,"key":"Ginger"},{"floor":43,"key":"Mercury Hourglass"}],"event_choices":[{"damage_healed":0,"gold_gain":0,"player_choice":"Ignored","damage_taken":0,"max_hp_gain":0,"max_hp_loss":0,"event_name":"Liars Game","floor":3,"gold_loss":0},{"damage_healed":0,"gold_gain":55,"player_choice":"Gained Gold","damage_taken":0,"max_hp_gain":0,"max_hp_loss":0,"event_name":"Golden Wing","floor":5,"gold_loss":0},{"damage_healed":0,"gold_gain":0,"player_choice":"Lose Max HP","damage_taken":0,"relics_obtained":["Golden Idol"],"max_hp_gain":0,"max_hp_loss":6,"event_name":"Golden Idol","floor":10,"gold_loss":0},{"damage_healed":0,"gold_gain":0,"player_choice":"Simplicity","damage_taken":0,"max_hp_gain":0,"max_hp_loss":0,"event_name":"Back to Basics","floor":20,"gold_loss":0,"cards_upgraded":["Strike_G","Strike_G","Strike_G","Strike_G","Defend_G","Defend_G","Defend_G","Defend_G","Defend_G"]},{"damage_healed":0,"gold_gain":0,"player_choice":"Opened","damage_taken":0,"relics_obtained":["War Paint"],"max_hp_gain":0,"max_hp_loss":0,"event_name":"The Mausoleum","floor":24,"gold_loss":0,"cards_obtained":["Writhe"]},{"damage_healed":0,"gold_gain":0,"player_choice":"Fight","damage_taken":0,"max_hp_gain":0,"max_hp_loss":0,"event_name":"MindBloom","floor":36,"gold_loss":0},{"damage_healed":0,"gold_gain":0,"player_choice":"Copied","damage_taken":0,"max_hp_gain":0,"max_hp_loss":0,"event_name":"Duplicator","floor":37,"gold_loss":0,"cards_obtained":["Backstab"]},{"damage_healed":0,"gold_gain":0,"player_choice":"Memory 1","damage_taken":0,"max_hp_gain":0,"max_hp_loss":0,"event_name":"SensoryStone","floor":47,"gold_loss":0}],"is_beta":false,"boss_relics":[{"not_picked":["Runic Dome","Velvet Choker"],"picked":"Fusion Hammer"},{"not_picked":["Calling Bell","Runic Pyramid"],"picked":"HoveringKite"}],"items_purged_floors":[13],"is_endless":false,"potions_floor_spawned":[2,4,18,30,31,36,38,44,48],"killed_by":"Time Eater","ascension_level":0}}