{"host":"q79spna8ofw6hj3r","time":1609055491,"event":{"mods":["Aspiration","Bard","BaseMod","Beaked The Cultist","Bestiary","Better Altar","Better Match","Better Note","Better Sensory Stone","Better Skull","Better Third Choice","Better Vampires","BetterRewards","Block Reminder","Challenge The Spire","Colored Map","Colored Powertips","Conspire","Custom Start","Energized Spire","Friendly Minions","Halation","Hubris","Infinite Spire","Jedi Mod","Mimic Mod","Minty Spire (QoL Compilation)","Permanent Neow","Quick Restart","Relic Filter","Relic Sorter","Replay The Spire","Shop Mod","StSLib","SuperFastMode","Synergy Search","The Cursed","The Hierophant","The Runesmith","slay the spire mod where everything is the same but ironclad has a cowboy hat","vexMod"],"gold_per_floor":[110,110,123,143,143,177,190,190,237,269,281,281,294,312,312,417,417,432,445,445,445,460,476,476,511,511,511,200,200,232,248,248,346,346,365,382,382,382,417,443,187,187,267,283,310,310,343,353,353,448,448,451,451,451,457,470,470,399,401,472,481,489,485,485,487,487,534,534,536,171,168,202,192,200,200,190,225,237,257,269,281,292,304,376,388,390,374,380,394,406,418,420,432,496,508,526,518,521,533,545,622,634,645,666,678,690,702,714,739,741,753,765,795,802,823,823,835,907,919,903,618,618,618,618,623,623,610,610,571,241,241,239,239,239,275,325,322,122,122,102,102,102,71,54,80,44,32,36,10,10,10,99,199,199,458,492,587],"floor_reached":158,"playtime":7074,"items_purged":["Strike_B","Defend_B","Strike_B","Defend_B","jedi:bruteforce+1","jedi:spotbugs","Strike_B+1","Leap+1","Ball Lightning+1","Defragment+1","Zap+1","Darkness+1","Hologram+1"],"score":4777,"play_id":"5b68e4d0-e1c5-497f-ac96-5bd4397075fd","local_time":"20201227095131","is_ascension_mode":true,"campfire_choices":[{"data":"Darkness","floor":12,"key":"SMITH"},{"floor":15,"key":"REST"},{"data":"Hologram","floor":24,"key":"SMITH"},{"data":"infinitespire:SevenWalls","floor":27,"key":"SMITH"},{"data":"Hologram","floor":29,"key":"SMITH"},{"data":"hubris:EnhanceAbility","floor":32,"key":"SMITH"},{"floor":42,"key":"RECALL"},{"data":"hubris:Rewind","floor":46,"key":"SMITH"},{"data":"Echo Form","floor":46,"key":"SMITH"},{"data":"Dualcast","floor":49,"key":"SMITH"},{"data":"jedi:bruteforce","floor":49,"key":"SMITH"},{"data":"Echo Form","floor":57,"key":"SMITH"},{"data":"Leap","floor":57,"key":"SMITH"},{"data":"infinitespire:UltimateForm","floor":66,"key":"SMITH"},{"data":"Zap","floor":66,"key":"SMITH"},{"data":"Ball Lightning","floor":75,"key":"SMITH"},{"data":"Defend_B+1","floor":75,"key":"SMITH"},{"data":"infinitespire:Starlight","floor":80,"key":"SMITH"},{"data":"Defend_B+2","floor":80,"key":"SMITH"},{"data":"Defend_B+3","floor":81,"key":"SMITH"},{"data":"Defend_B+4","floor":81,"key":"SMITH"},{"data":"Defend_B+5","floor":83,"key":"SMITH"},{"data":"Defragment","floor":91,"key":"SMITH"},{"data":"Defend_B+6","floor":91,"key":"SMITH"},{"data":"Defend_B+7","floor":93,"key":"SMITH"},{"data":"Defend_B+8","floor":93,"key":"SMITH"},{"floor":95,"key":"REST"},{"floor":100,"key":"REST"},{"data":"Defend_B+9","floor":106,"key":"SMITH"},{"data":"Defend_B+10","floor":106,"key":"SMITH"},{"data":"Defend_B+11","floor":108,"key":"SMITH"},{"data":"Defend_B+12","floor":108,"key":"SMITH"},{"data":"Buffer","floor":126,"key":"SMITH"},{"data":"hubris:Rewind","floor":126,"key":"SMITH"},{"data":"Defend_B+14","floor":134,"key":"SMITH"},{"data":"Defend_B+15","floor":134,"key":"SMITH"},{"data":"Defend_B+17","floor":142,"key":"SMITH"},{"data":"Defend_B+18","floor":142,"key":"SMITH"},{"floor":151,"key":"REST"},{"data":"Defend_B+19","floor":154,"key":"SMITH"},{"data":"Defend_B+20","floor":154,"key":"SMITH"}],"circlet_count":0,"master_deck":["Defend_B+21","Dualcast+1","Tempest+1","infinitespire:SevenWalls+1","hubris:EnhanceAbility+1","Hologram+1","Echo Form+1","hubris:Rewind+1","Echo Form+1","Rainbow+1","infinitespire:UltimateForm+1","infinitespire:Starlight+1","FIFO Queue+1","infinitespire:Collect+1","Replay:Hysterical Blindness","Buffer+1","hubris:Rewind+1","Parasite","HandOfGreed","hubris:EnhanceAbility+1","AbeCurse"],"relics":["Cracked Core","halation:EternalFortune","aspiration:Lifesprig","jedi:superconductor","Inserter","Nunchaku","halation:PapillonHeart","infinitespire:WardingShard","infinitespire:ShieldingShard","vexMod:TanglingVine","aspiration:Nostalgia","m_CorellonBlood","aspiration:TomeofQuesting","aspiration:EnhancedActuators","Busted Crown","Simple Rune","Quantum Egg","energizedSpire:OgreHead","Painkiller Herb","halation:PenCase","infinitespire:Lucky Rock","jedi:arcanewood","infinitespire:CheckeredPen","infinitespire:BottledMercury","halation:MonkeysPaw","Toy Ornithopter","Singing Bowl","conspire:Dentures","MawBank","Strawberry","Runic Dome","Replay:PocketPolymizer","Orichalcum","halation:VictoryRuler","SacredBark","aspiration:ArtOfWarUpgrade","War Paint","ReplayTheSpireMod:Lightbulb","halation:Jellyphish","ReplayTheSpireMod:SealedPack","Geode","halation:PromiseList","Durian","Blood Vial","infinitespire:Satchel","vexMod:Dragonfruit","Tiny House","DataDisk","Replay:Wanted Poster","NeowsBlessing","hubris:NiceRug","MealTicket","Mercury Hourglass","DollysMirror","Replay:Bottled Snecko"],"acts_visited":["Exordium","TheCity","TheBeyond","Exordium","TheCity","TheBeyond","Exordium","TheCity","TheBeyond","TheEnding"],"potions_floor_usage":[10,10,16,16,25,25,45,74,98,101,101],"damage_taken":[{"damage":0,"enemies":"conspire:RoseBush","floor":1,"turns":3},{"damage":3,"enemies":"infinitespire:Voidling","floor":3,"turns":5},{"damage":0,"enemies":"Small Slimes","floor":4,"turns":3},{"damage":3,"enemies":"Replay:BlueRogue","floor":6,"turns":8},{"damage":7,"enemies":"Looter","floor":7,"turns":4},{"damage":29,"enemies":"Gremlin Nob","floor":10,"turns":5},{"damage":7,"enemies":"Blue Slaver","floor":11,"turns":4},{"damage":33,"enemies":"Exordium Thugs","floor":13,"turns":5},{"damage":0,"enemies":"Exordium Wildlife","floor":14,"turns":3},{"damage":60,"enemies":"Fading Forest","floor":16,"turns":11},{"damage":24,"enemies":"Chosen","floor":18,"turns":5},{"damage":12,"enemies":"Shell Parasite","floor":19,"turns":4},{"damage":9,"enemies":"Centurion and Healer","floor":22,"turns":4},{"damage":5,"enemies":"Shelled Parasite and Fungi","floor":23,"turns":4},{"damage":12,"enemies":"Nightmare","floor":25,"turns":6},{"damage":0,"enemies":"3 Cultists","floor":30,"turns":4},{"damage":0,"enemies":"3 Cultists","floor":31,"turns":4},{"damage":20,"enemies":"Champ","floor":33,"turns":8},{"damage":0,"enemies":"Orb Walker","floor":35,"turns":2},{"damage":8,"enemies":"3 Darklings","floor":36,"turns":3},{"damage":0,"enemies":"Maw","floor":39,"turns":4},{"damage":0,"enemies":"beaked:SuperParasite","floor":40,"turns":5},{"damage":0,"enemies":"Maw","floor":44,"turns":4},{"damage":0,"enemies":"Nemesis","floor":45,"turns":5},{"damage":0,"enemies":"Giant Head","floor":47,"turns":6},{"damage":0,"enemies":"Writhing Mass","floor":48,"turns":4},{"damage":4,"enemies":"Replay:Hell Engine","floor":50,"turns":9},{"damage":8,"enemies":"Small Slimes","floor":52,"turns":3},{"damage":0,"enemies":"Jaw Worm","floor":55,"turns":2},{"damage":0,"enemies":"Cultist","floor":56,"turns":2},{"damage":29,"enemies":"Nightmare","floor":58,"turns":8},{"damage":5,"enemies":"Exordium Thugs","floor":59,"turns":3},{"damage":0,"enemies":"Exordium Wildlife","floor":61,"turns":1},{"damage":0,"enemies":"Large Slime","floor":62,"turns":3},{"damage":8,"enemies":"3 Louse","floor":63,"turns":2},{"damage":1,"enemies":"Looter","floor":65,"turns":3},{"damage":23,"enemies":"Hexaghost","floor":67,"turns":7},{"damage":0,"enemies":"Spheric Guardian","floor":69,"turns":3},{"damage":0,"enemies":"Shell Parasite","floor":71,"turns":4},{"damage":9,"enemies":"Chosen and Byrds","floor":73,"turns":4},{"damage":28,"enemies":"Slavers","floor":74,"turns":4},{"damage":0,"enemies":"Gremlin Leader","floor":76,"turns":3},{"damage":0,"enemies":"Centurion and Healer","floor":79,"turns":3},{"damage":0,"enemies":"Snecko","floor":82,"turns":4},{"damage":0,"enemies":"Collector","floor":84,"turns":5},{"damage":0,"enemies":"Orb Walker","floor":86,"turns":3},{"damage":0,"enemies":"3 Darklings","floor":87,"turns":5},{"damage":0,"enemies":"4 Shapes","floor":88,"turns":3},{"damage":97,"enemies":"Mind Bloom Boss Battle","floor":89,"turns":6},{"damage":0,"enemies":"Jaw Worm Horde","floor":92,"turns":2},{"damage":0,"enemies":"Giant Head","floor":96,"turns":4},{"damage":68,"enemies":"Spire Growth","floor":97,"turns":4},{"damage":10,"enemies":"Writhing Mass","floor":98,"turns":2},{"damage":63,"enemies":"Donu and Deca","floor":101,"turns":6},{"damage":0,"enemies":"2 Louse","floor":103,"turns":3},{"damage":0,"enemies":"Jaw Worm","floor":104,"turns":1},{"damage":0,"enemies":"Small Slimes","floor":109,"turns":2},{"damage":0,"enemies":"2 Fungi Beasts","floor":110,"turns":3},{"damage":0,"enemies":"3 Sentries","floor":113,"turns":3},{"damage":0,"enemies":"Large Slime","floor":114,"turns":3},{"damage":0,"enemies":"Gremlin Nob","floor":115,"turns":3},{"damage":0,"enemies":"Looter","floor":116,"turns":3},{"damage":0,"enemies":"The Guardian","floor":118,"turns":5},{"damage":0,"enemies":"Shell Parasite","floor":120,"turns":5},{"damage":0,"enemies":"Book of Stabbing","floor":125,"turns":2},{"damage":53,"enemies":"Gremlin Leader","floor":127,"turns":6},{"damage":0,"enemies":"conspire:Head Lice","floor":129,"turns":6},{"damage":6,"enemies":"3 Cultists","floor":132,"turns":3},{"damage":0,"enemies":"hubris:MusketHawk","floor":135,"turns":6},{"damage":17,"enemies":"3 Shapes","floor":137,"turns":3},{"damage":0,"enemies":"Orb Walker","floor":139,"turns":3},{"damage":0,"enemies":"Jaw Worm Horde","floor":140,"turns":4},{"damage":0,"enemies":"Maw","floor":143,"turns":5},{"damage":0,"enemies":"Sphere and 2 Shapes","floor":144,"turns":4},{"damage":0,"enemies":"Writhing Mass","floor":146,"turns":5},{"damage":69,"enemies":"4 Shapes","floor":147,"turns":3},{"damage":0,"enemies":"Sphere and 2 Shapes","floor":148,"turns":3},{"damage":19,"enemies":"Spire Growth","floor":149,"turns":7},{"damage":0,"enemies":"conspire:OrnateMirror","floor":152,"turns":6},{"damage":9,"enemies":"hubris:Merchant","floor":155,"turns":5},{"damage":0,"enemies":"Shield and Spear","floor":156,"turns":1},{"damage":0,"enemies":"The Heart","floor":157,"turns":1}],"seed_played":"5857899691950025429","potions_obtained":[{"floor":1,"key":"Block Potion"},{"floor":4,"key":"Block Potion"},{"floor":7,"key":"Ancient Potion"},{"floor":10,"key":"jedi:coolantleak"},{"floor":14,"key":"Death Potion"},{"floor":16,"key":"jedi:tentaclejuice"},{"floor":19,"key":"Swift Potion"},{"floor":23,"key":"Dexterity Potion"},{"floor":31,"key":"FocusPotion"},{"floor":33,"key":"jedi:holywater"},{"floor":36,"key":"Elixir"},{"floor":45,"key":"ColorlessPotion"},{"floor":47,"key":"BlessingOfTheForge"},{"floor":59,"key":"Swift Potion"},{"floor":61,"key":"Swift Potion"},{"floor":74,"key":"jedi:coolantleak"},{"floor":88,"key":"FearPotion"},{"floor":92,"key":"Adrenaline Potion"},{"floor":98,"key":"Regen Potion"},{"floor":110,"key":"jedi:coolantleak"},{"floor":114,"key":"jedi:tentaclejuice"},{"floor":116,"key":"FocusPotion"},{"floor":155,"key":"FocusPotion"}],"is_trial":false,"path_per_floor":["M","?","M","M","?","E","M","?","T","E","M","R","M","M","R","B",null,"M","M","?","AVR","M","M","R","NM","T","R","$","R","MIM","M","R","B",null,"M","M","AVR","?","MIM","E","T","T","T","?","E","T","E","?","T","B",null,"?","?","?","?","?","T","NM","?","T","?","?","?","AVR","?","T","B",null,"?","T","?","?","?","E","T","E","T","AVR","?","T","T","?","T","B",null,"?","?","?","?","?","T","?","T","T","T","E","?","?","AVR","T","B",null,"?","?","?","T","AVR","T","?","?","T","T","E","?","E","?","T","B",null,"?","T","?","?","?","E","T","E","T","E","T","T","?","AVR","T","B",null,"?","T","?","?","T","T","?","?","T","?","?","?","?","T","T","B",null,"T","T","E","B",null],"character_chosen":"DEFECT","items_purchased":["hubris:EnhanceAbility","Hologram","jedi:arcanewood","infinitespire:WardingShard","halation:Jellyphish","infinitespire:Satchel"],"campfire_rested":4,"item_purchase_floors":[28,28,41,70,121,130],"current_hp_per_floor":[75,75,72,72,75,72,65,70,70,41,37,37,4,4,29,42,89,65,53,53,53,44,39,39,30,30,30,30,30,30,30,30,10,92,92,84,84,84,87,87,87,87,87,87,87,87,87,87,87,83,90,85,85,85,85,85,85,56,51,51,53,55,49,49,50,50,29,103,108,108,110,87,80,59,59,61,68,68,70,70,70,109,109,126,133,133,133,135,70,70,70,72,72,72,111,128,68,65,65,106,140,140,142,144,144,144,144,144,146,151,151,151,153,155,157,159,159,161,161,163,163,163,163,167,169,169,165,170,188,188,193,189,189,189,197,204,206,206,208,210,210,210,212,214,214,216,171,175,175,175,222,224,224,224,236,238,240],"gold":587,"neow_bonus":"NOSTALGIA","is_daily":false,"chose_seed":false,"campfire_upgraded":36,"win_rate":0.0,"timestamp":1609055491,"path_taken":["M","?","?","M","?","E","M","?","T","E","M","R","M","M","R","BOSS","M","M","?","AVR","M","?","R","NM","T","R","$","R","?","M","R","BOSS","M","M","AVR","?","?","E","T","T","T","?","E","T","E","?","T","BOSS","?","?","?","?","?","T","NM","?","T","?","?","?","AVR","?","T","BOSS","?","T","?","?","?","E","T","E","T","AVR","?","?","T","?","T","BOSS","?","?","?","?","?","T","?","T","T","T","E","?","?","AVR","T","BOSS","?","?","?","?","AVR","T","?","?","T","T","E","?","E","?","T","BOSS","?","T","?","?","?","E","T","E","T","E","?","?","?","AVR","T","BOSS","?","?","?","?","T","T","?","?","T","?","?","?","?","?","T","BOSS","T","T","E","BOSS"],"items_purchased_type":["Card","Card","Relic","Relic","Relic","Relic"],"build_version":"2020-12-22","purchased_purges":13,"victory":true,"max_hp_per_floor":[75,75,75,75,78,78,78,83,83,83,86,86,86,86,86,89,89,89,89,89,89,89,89,89,92,92,92,92,92,92,92,92,92,92,92,92,92,87,90,90,90,90,90,90,90,90,90,90,90,90,90,93,93,93,93,93,93,93,93,93,95,97,99,99,101,101,103,103,108,108,110,114,116,118,118,120,127,127,129,129,129,131,131,133,133,133,133,135,137,130,130,132,132,132,132,134,136,138,138,138,140,140,142,144,144,144,144,144,146,151,151,151,153,155,157,159,159,161,161,163,163,163,163,167,169,169,181,186,188,188,193,195,195,195,197,204,206,206,208,210,210,210,212,214,214,216,218,220,222,222,222,224,224,224,236,238,240],"card_choices":[{"not_picked":["Sweeping Beam","ReplayTheSpireMod:GoodbyeWorld"],"picked":"Hologram","floor":1},{"not_picked":["ReplayTheSpireMod:GoodbyeWorld","jedi:BurstFrost","Redo"],"picked":"SKIP","floor":3},{"not_picked":["Recycle","Thunderclap","Barrage"],"picked":"SKIP","floor":4},{"not_picked":["Self Repair","BasicCrystalCard"],"picked":"Darkness","floor":6},{"not_picked":["Turbo","Stack"],"picked":"jedi:bruteforce","floor":7},{"not_picked":["ReplayTheSpireMod:Limb From Limb","Thunderclap","Lockon"],"picked":"SKIP","floor":10},{"not_picked":["jedi:markofdeath","jedi:BurstFrost","Thunderclap"],"picked":"SKIP","floor":11},{"not_picked":["BasicCrystalCard","Beam Cell"],"picked":"Leap","floor":13},{"not_picked":["Coolheaded","Go for the Eyes"],"picked":"jedi:spotbugs","floor":14},{"not_picked":[],"picked":"Leap+1","floor":18},{"not_picked":["Panic Button"],"picked":"SKIP","floor":19},{"not_picked":["Go for the Eyes"],"picked":"SKIP","floor":22},{"not_picked":[],"picked":"Tempest+1","floor":23},{"not_picked":[],"picked":"Ball Lightning","floor":25},{"not_picked":["infinitespire:DeathsTouch","infinitespire:Execution"],"picked":"infinitespire:SevenWalls","floor":25},{"not_picked":["Gash"],"picked":"SKIP","floor":31},{"not_picked":[],"picked":"Echo Form","floor":33},{"not_picked":["Cold Snap+1"],"picked":"SKIP","floor":35},{"not_picked":["Redo+1"],"picked":"SKIP","floor":36},{"not_picked":["Sweeping Beam"],"picked":"SKIP","floor":40},{"not_picked":["Streamline"],"picked":"SKIP","floor":44},{"not_picked":["BasicCrystalCard"],"picked":"SKIP","floor":45},{"not_picked":["Barrage"],"picked":"SKIP","floor":47},{"not_picked":["Go for the Eyes"],"picked":"SKIP","floor":48},{"not_picked":[],"picked":"Echo Form","floor":50},{"not_picked":["Hologram"],"picked":"SKIP","floor":52},{"not_picked":["Redo"],"picked":"SKIP","floor":55},{"not_picked":["Rebound"],"picked":"SKIP","floor":56},{"not_picked":["Storm"],"picked":"SKIP","floor":58},{"not_picked":["Streamline"],"picked":"SKIP","floor":59},{"not_picked":["Leap"],"picked":"Singing Bowl","floor":61},{"not_picked":["Rip and Tear"],"picked":"Singing Bowl","floor":62},{"not_picked":["jedi:blockon"],"picked":"Singing Bowl","floor":63},{"not_picked":["ReplayTheSpireMod:Reroute Power"],"picked":"Singing Bowl","floor":65},{"not_picked":["Fission"],"picked":"Singing Bowl","floor":67},{"not_picked":["FTL"],"picked":"Singing Bowl","floor":69},{"not_picked":["Auto Shields+1"],"picked":"Singing Bowl","floor":71},{"not_picked":["Cold Snap"],"picked":"Singing Bowl","floor":72},{"not_picked":["Gash"],"picked":"Singing Bowl","floor":72},{"not_picked":["Rebound+1"],"picked":"Singing Bowl","floor":73},{"not_picked":["Melter+1"],"picked":"Singing Bowl","floor":74},{"not_picked":["Hologram"],"picked":"Singing Bowl","floor":76},{"not_picked":["Panic Button"],"picked":"Singing Bowl","floor":79},{"not_picked":["ReplayTheSpireMod:Dual Polarity+1"],"picked":"Singing Bowl","floor":82},{"not_picked":["jedi:bruteforce"],"picked":"Singing Bowl","floor":84},{"not_picked":[],"picked":"FIFO Queue+1","floor":86},{"not_picked":[],"picked":"Defragment","floor":87},{"not_picked":["BootSequence"],"picked":"Singing Bowl","floor":88},{"not_picked":["jedi:hex+1"],"picked":"Singing Bowl","floor":89},{"not_picked":["Recycle+1"],"picked":"Singing Bowl","floor":92},{"not_picked":["Scrape+1"],"picked":"Singing Bowl","floor":96},{"not_picked":["Streamline+1"],"picked":"Singing Bowl","floor":97},{"not_picked":["Ball Lightning+1"],"picked":"Singing Bowl","floor":98},{"not_picked":["Fission"],"picked":"Singing Bowl","floor":101},{"not_picked":["FTL"],"picked":"Singing Bowl","floor":103},{"not_picked":["Leap"],"picked":"Singing Bowl","floor":104},{"not_picked":["infinitespire:DeathsTouch","ReplayTheSpireMod:??????????????????????"],"picked":"infinitespire:Collect","floor":109},{"not_picked":["Aggregate"],"picked":"Singing Bowl","floor":109},{"not_picked":["Reinforced Body"],"picked":"Singing Bowl","floor":110},{"not_picked":["hubris:PowerSurge"],"picked":"Singing Bowl","floor":113},{"not_picked":["Stack"],"picked":"Singing Bowl","floor":114},{"not_picked":["ReplayTheSpireMod:Repulse"],"picked":"Singing Bowl","floor":115},{"not_picked":["Hologram"],"picked":"Singing Bowl","floor":116},{"not_picked":["hubris:SpecializedCircuitry"],"picked":"Singing Bowl","floor":118},{"not_picked":["Skim"],"picked":"Singing Bowl","floor":120},{"not_picked":["Runesmith:CraftFirestone"],"picked":"Singing Bowl","floor":124},{"not_picked":[],"picked":"Buffer","floor":124},{"not_picked":["vexMod:EmailVexCard"],"picked":"Singing Bowl","floor":124},{"not_picked":[],"picked":"hubris:Rewind","floor":124},{"not_picked":["Streamline"],"picked":"Singing Bowl","floor":125},{"not_picked":["Coolheaded"],"picked":"Singing Bowl","floor":127},{"not_picked":["Tempest+1"],"picked":"Singing Bowl","floor":129},{"not_picked":["Redo"],"picked":"Singing Bowl","floor":132},{"not_picked":["jedi:darknesscall"],"picked":"Singing Bowl","floor":135},{"not_picked":["jedi:blockon"],"picked":"Singing Bowl","floor":136},{"not_picked":["Barrage"],"picked":"Singing Bowl","floor":137},{"not_picked":["Ball Lightning+1"],"picked":"Singing Bowl","floor":139},{"not_picked":["ReplayTheSpireMod:Dual Polarity"],"picked":"Singing Bowl","floor":140},{"not_picked":["Stack"],"picked":"Singing Bowl","floor":143},{"not_picked":["ReplayGash"],"picked":"Singing Bowl","floor":144},{"not_picked":["Compile Driver+1"],"picked":"Singing Bowl","floor":146},{"not_picked":["Combust"],"picked":"Singing Bowl","floor":147},{"not_picked":["Run Through+1"],"picked":"Singing Bowl","floor":148},{"not_picked":["Perfected Strike"],"picked":"Singing Bowl","floor":149},{"not_picked":["hubris:StunningStrike"],"picked":"Singing Bowl","floor":152},{"not_picked":["FTL"],"picked":"Singing Bowl","floor":155},{"not_picked":["Ball Lightning"],"picked":"Singing Bowl","floor":155},{"not_picked":["BasicCrystalCard"],"picked":"Singing Bowl","floor":155},{"not_picked":["Darkness"],"picked":"Singing Bowl","floor":155},{"not_picked":["FIFO Queue"],"picked":"Singing Bowl","floor":155},{"not_picked":["Deep Breath"],"picked":"Singing Bowl","floor":155},{"not_picked":[],"picked":"HandOfGreed","floor":155},{"not_picked":["jedi:BurstLightning+1"],"picked":"Singing Bowl","floor":156},{"not_picked":["jedi:meditation"],"picked":"Singing Bowl","floor":157}],"player_experience":190243,"relics_obtained":[{"floor":6,"key":"aspiration:TomeofQuesting"},{"floor":9,"key":"aspiration:EnhancedActuators"},{"floor":10,"key":"infinitespire:ShieldingShard"},{"floor":11,"key":"halation:EternalFortune"},{"floor":16,"key":"halation:EternalFortune"},{"floor":25,"key":"halation:EternalFortune"},{"floor":25,"key":"Simple Rune"},{"floor":26,"key":"Quantum Egg"},{"floor":39,"key":"halation:PenCase"},{"floor":39,"key":"halation:EternalFortune"},{"floor":40,"key":"infinitespire:Lucky Rock"},{"floor":43,"key":"infinitespire:CheckeredPen"},{"floor":45,"key":"infinitespire:BottledMercury"},{"floor":47,"key":"jedi:superconductor"},{"floor":52,"key":"halation:EternalFortune"},{"floor":58,"key":"Toy Ornithopter"},{"floor":60,"key":"Singing Bowl"},{"floor":69,"key":"halation:EternalFortune"},{"floor":72,"key":"Nunchaku"},{"floor":74,"key":"conspire:Dentures"},{"floor":76,"key":"MawBank"},{"floor":77,"key":"Strawberry"},{"floor":89,"key":"Replay:PocketPolymizer"},{"floor":94,"key":"Orichalcum"},{"floor":96,"key":"halation:VictoryRuler"},{"floor":110,"key":"halation:EternalFortune"},{"floor":111,"key":"Art of War"},{"floor":113,"key":"War Paint"},{"floor":115,"key":"ReplayTheSpireMod:Lightbulb"},{"floor":125,"key":"Geode"},{"floor":127,"key":"halation:PromiseList"},{"floor":128,"key":"Durian"},{"floor":129,"key":"Blood Vial"},{"floor":131,"key":"vexMod:Dragonfruit"},{"floor":145,"key":"DataDisk"},{"floor":155,"key":"MealTicket"},{"floor":155,"key":"Mercury Hourglass"},{"floor":155,"key":"DollysMirror"},{"floor":156,"key":"Replay:Bottled Snecko"}],"event_choices":[{"damage_healed":0,"gold_gain":0,"player_choice":"Bought 0 Potions","damage_taken":0,"max_hp_gain":0,"max_hp_loss":0,"event_name":"The Woman in Blue","floor":2,"gold_loss":0},{"damage_healed":0,"gold_gain":0,"player_choice":"Donut","damage_taken":0,"max_hp_gain":5,"max_hp_loss":0,"event_name":"Big Fish","floor":8,"gold_loss":0},{"cards_removed":["Strike_B"],"damage_healed":0,"gold_gain":0,"player_choice":"Offered Basic","damage_taken":0,"max_hp_gain":0,"max_hp_loss":0,"event_name":"Bonfire Elementals","floor":54,"gold_loss":0},{"damage_healed":0,"gold_gain":0,"player_choice":"Fight","damage_taken":0,"max_hp_gain":0,"max_hp_loss":0,"event_name":"MindBloom","floor":89,"gold_loss":0},{"damage_healed":0,"gold_gain":0,"player_choice":"Max HP","damage_taken":0,"max_hp_gain":0,"max_hp_loss":7,"event_name":"Winding Halls","floor":90,"gold_loss":0},{"cards_removed":["Leap"],"damage_healed":5,"gold_gain":0,"player_choice":"Offered Common","damage_taken":0,"max_hp_gain":0,"max_hp_loss":0,"event_name":"Bonfire Elementals","floor":105,"gold_loss":0},{"cards_removed":["Leap"],"damage_healed":5,"gold_gain":0,"player_choice":"Offered Special","damage_taken":0,"max_hp_gain":0,"max_hp_loss":0,"event_name":"Bonfire Elementals","floor":105,"gold_loss":0},{"damage_healed":0,"gold_gain":0,"player_choice":"Ignored","damage_taken":0,"max_hp_gain":0,"max_hp_loss":0,"event_name":"Ghosts","floor":122,"gold_loss":0}],"is_beta":false,"boss_relics":[{"not_picked":["SacredBark","ReplayTheSpireMod:DimensionalGlitch"],"picked":"Busted Crown"},{"not_picked":["aspiration:MobileForge","halation:PlatinumPhoenix"],"picked":"energizedSpire:OgreHead"},{"not_picked":["Snecko Eye","hubris:BlackHole"],"picked":"halation:MonkeysPaw"},{"not_picked":["aspiration:RunesmithSkillbook","FrozenCore"],"picked":"Inserter"},{"not_picked":["hubris:Stopwatch","Snecko Eye"],"picked":"Runic Dome"},{"not_picked":["aspiration:SilentSkillbook","Fusion Hammer"],"picked":"SacredBark"},{"not_picked":["Ring of Chaos","aspiration:BardSkillbook","aspiration:RitualDagger"]},{"not_picked":["FrozenCore","halation:PlatinumPhoenix"],"picked":"Tiny House"},{"not_picked":["Nuclear Battery","hubris:RunicObelisk"],"picked":"Replay:Wanted Poster"}],"items_purged_floors":[21,28,37,41,64,70,78,99,107,121,130,133,138],"is_endless":true,"potions_floor_spawned":[1,4,7,10,14,16,19,23,31,33,36,40,45,47,56,59,61,65,67,74,76,82,88,92,96,98,110,114,115,116,118,125,127,129,137,139,146,148],"ascension_level":2}}