{"host":"qet1f90jal2qgvlg","time":1609111368,"event":{"mods":["Act Like it!","BaseMod","Better Altar","Better Match","Better Note","Better Sensory Stone","Better Skull","Better Third Choice","Better Vampires","BetterRewards","CapriCore","Colored Map","Colored Powertips","Displayed Cursed Tome","Downfall","Elementarium","Energized Spire","Hallownest","Hermit","Jorbs\u0027s Wanderer Trilogy","Luminous","Mimic Mod","Minty Spire (QoL Compilation)","MostiFishMod","Potionbrewer","Prisma Mod","READ ME - Guardian Mod","Relic Stats","Replay The Spire","Retaliation","Shade Mod","Shop Mod","Spicy Shops","StSLib","The Alterego","The Bladedancer","The Blue Laboratory","The Bug Knight","The Cursed","The Druid","The Hierophant","The Judge","The Jungle","The Necromancer","The Runesmith","The Servant 0.9.4","Thieving Mod","Transform Curses","Wandering Minibosses"],"gold_per_floor":[118,118,118,63,73,73,73,92,92,92,137,172,97,113,113,210,210,221,221,27,40,59,93,93,103,157,157,177,177,184,197,197,292,292,304,316,330,339,352,352,383,383,414,414,414,433,433],"floor_reached":46,"playtime":3498,"items_purged":["theDruid:Defend_O","theDruid:Strike_O"],"score":522,"play_id":"87e83dc9-1aa4-4c4e-ab82-a83997061bcf","local_time":"20201227202248","is_ascension_mode":false,"campfire_choices":[{"data":"theDruid:Thornburst","floor":7.0,"key":"SMITH"},{"data":"theDruid:BriarArmor","floor":10.0,"key":"SMITH"},{"data":"theDruid:WallofRoots","floor":15.0,"key":"SMITH"},{"data":"theDruid:BristlingDefense","floor":24.0,"key":"SMITH"},{"data":"theDruid:WildSlash","floor":27.0,"key":"SMITH"},{"floor":32.0,"key":"REST"},{"data":"theDruid:Rabid","floor":40.0,"key":"SMITH"},{"floor":42.0,"key":"REST"},{"floor":45.0,"key":"REST"}],"circlet_count":8,"master_deck":["theDruid:Strike_O","theDruid:Strike_O","theDruid:Defend_O+1","theDruid:Defend_O","theDruid:Defend_O","theDruid:BriarArmor+1","theDruid:WildSlash+1","theDruid:WallofRoots+1","theDruid:Thornburst+1","theDruid:WallofRoots+1","theDruid:BristlingDefense+1","theDruid:BristlingDefense+1","theDruid:Rabid+1"],"relics":["theDruid:CrownOfTheWilds","DaveBox","Centennial Puzzle","SynthV","Question Card","Circlet","Replay:Accelerometer","Bronze Scales","CeramicFish","Busted Crown","Vajra","Regal Pillow","Runesmith:AutoHammer","Elementarium:ElementariumTrophy","Membership Card"],"acts_visited":[],"potions_floor_usage":[],"damage_taken":[{"damage":1.0,"enemies":"Jaw Worm","floor":1.0,"turns":3.0},{"damage":0.0,"enemies":"Small Slimes","floor":5.0,"turns":2.0},{"damage":0.0,"enemies":"2 Louse","floor":8.0,"turns":2.0},{"damage":5.0,"enemies":"Replay:BlueRogue","floor":12.0,"turns":3.0},{"damage":0.0,"enemies":"Blue Slaver","floor":14.0,"turns":2.0},{"damage":0.0,"enemies":"Slime Boss","floor":16.0,"turns":8.0},{"damage":0.0,"enemies":"Elementarium:2_ELEMENTALS","floor":18.0,"turns":4.0},{"damage":0.0,"enemies":"Elementarium:VoidCorruption","floor":21.0,"turns":3.0},{"damage":0.0,"enemies":"Elementarium:RubyGolem","floor":22.0,"turns":3.0},{"damage":8.0,"enemies":"Elementarium:WarGolem","floor":23.0,"turns":5.0},{"damage":14.0,"enemies":"Elementarium:VOID_CORRUPTION_AND_ORB_OF_FIRE","floor":25.0,"turns":5.0},{"damage":0.0,"enemies":"Elementarium:STONE_GOLEMS","floor":28.0,"turns":3.0},{"damage":10.0,"enemies":"Elementarium:CYCLONE_AND_ORB_OF_FIRE","floor":30.0,"turns":2.0},{"damage":0.0,"enemies":"Elementarium:3_ELEMENTALS","floor":31.0,"turns":4.0},{"damage":1.0,"enemies":"Elementarium:GoldenDragon","floor":33.0,"turns":7.0},{"damage":12.0,"enemies":"Orb Walker","floor":35.0,"turns":4.0},{"damage":0.0,"enemies":"3 Darklings","floor":36.0,"turns":6.0},{"damage":0.0,"enemies":"Transient","floor":37.0,"turns":5.0},{"damage":6.0,"enemies":"Spire Growth","floor":39.0,"turns":5.0},{"damage":36.0,"enemies":"Reptomancer","floor":41.0,"turns":6.0},{"damage":0.0,"enemies":"Sphere and 2 Shapes","floor":43.0,"turns":9.0},{"damage":0.0,"enemies":"Sphere and 2 Shapes","floor":46.0,"turns":8.0}],"seed_played":"2550578761041298706","potions_obtained":[{"floor":8.0,"key":"PowerPotion"},{"floor":16.0,"key":"SteroidPotion"},{"floor":21.0,"key":"Fruit Juice"},{"floor":22.0,"key":"AttackPotion"},{"floor":30.0,"key":"sneckomod:MuddlingPotion"},{"floor":35.0,"key":"Fire Potion"},{"floor":36.0,"key":"Cursed Concoction"},{"floor":41.0,"key":"blueLaboratory:LouseDecoction"},{"floor":46,"key":"blueLaboratory:AbyssPotion"}],"is_trial":false,"path_per_floor":["M","?","?","$","M","?","R","M","T","R","T","E","$","M","R","B",null,"M","?","$","M","M","E","R","M","T","R","M","?","M","M","R","B",null,"M","M","M","?","M","R","E","R","MIM","?","R","M"],"character_chosen":"DRUID","items_purchased":["theDruid:WallofRoots+1","theDruid:BristlingDefense"],"campfire_rested":3,"item_purchase_floors":[4,20],"current_hp_per_floor":[74,74,67,67,67,67,67,67,67,67,67,62,62,62,62,62,75,75,75,75,75,75,67,67,58,58,58,58,23,13,13,52,51,80,68,68,68,68,62,62,26,65,65,65,80,80,80],"gold":433,"neow_bonus":"RANDOM_COMMON_RELIC","is_daily":false,"chose_seed":false,"campfire_upgraded":6,"win_rate":0.0,"timestamp":1609111368,"path_taken":["M","?","?","$","M","?","R","M","T","R","?","E","$","M","R","BOSS","M","?","$","M","M","E","R","M","T","R","M","?","M","?","R","BOSS","M","?","M","?","?","R","E","R","MIM","?","R","M"],"items_purchased_type":["Card","Card"],"build_version":"2020-12-22","purchased_purges":2,"victory":false,"max_hp_per_floor":[75,75,75,75,75,75,75,75,75,75,75,75,75,75,75,75,75,75,75,75,75,75,75,75,80,80,80,80,80,80,80,80,80,80,80,80,80,80,80,80,80,80,80,80,80,80,80],"relic_stats":{"Centennial Puzzle":[27],"Regal Pillow":30,"Busted Crown":34,"counters":[22,99],"Bronze Scales":[221],"CeramicFish":36,"Question Card":22,"obtain_stats":[{"Replay:Accelerometer":9,"Regal Pillow":29,"DaveBox":0,"SynthV":0,"CeramicFish":12,"Vajra":26,"Circlet":0,"Question Card":1,"conspire:TopHat":23,"theDruid:CrownOfTheWilds":0,"Centennial Puzzle":0,"Busted Crown":17,"hubris:Backtick":34,"hubris:Icosahedron":44,"Elementarium:ElementariumTrophy":33,"Bronze Scales":11,"hubris:CuriousFeather":43,"YidongShenshe:ReiMu":2,"conspire:BottledYoYo":41,"Runesmith:AutoHammer":29,"Membership Card":34},{"Replay:Accelerometer":3,"Regal Pillow":12,"DaveBox":0,"SynthV":0,"CeramicFish":4,"Vajra":11,"Circlet":0,"Question Card":1,"conspire:TopHat":10,"theDruid:CrownOfTheWilds":0,"Centennial Puzzle":0,"Busted Crown":6,"hubris:Backtick":15,"hubris:Icosahedron":21,"Elementarium:ElementariumTrophy":15,"Bronze Scales":3,"hubris:CuriousFeather":21,"YidongShenshe:ReiMu":1,"conspire:BottledYoYo":20,"Runesmith:AutoHammer":12,"Membership Card":15},{"Replay:Accelerometer":7,"Regal Pillow":43,"DaveBox":0,"SynthV":0,"CeramicFish":10,"Vajra":40,"Circlet":0,"Question Card":3,"conspire:TopHat":35,"theDruid:CrownOfTheWilds":0,"Centennial Puzzle":0,"Busted Crown":20,"hubris:Backtick":56,"hubris:Icosahedron":91,"Elementarium:ElementariumTrophy":56,"Bronze Scales":7,"hubris:CuriousFeather":91,"YidongShenshe:ReiMu":3,"conspire:BottledYoYo":82,"Runesmith:AutoHammer":43,"Membership Card":56}]},"card_choices":[{"not_picked":["theDruid:PlagueClaw","theDruid:ExposingSlash","theDruid:IronClaw"],"picked":"SKIP","floor":1.0},{"not_picked":["theDruid:TakeShelter","theDruid:FelineGrace","theDruid:TwilightsCall"],"picked":"theDruid:Thornburst","floor":5.0},{"not_picked":["theDruid:Slingshot","theDruid:Recoil","theDruid:Adaptation","theDruid:Entangle"],"picked":"SKIP","floor":8.0},{"not_picked":["theDruid:Starfall","theDruid:ThickHide","theDruid:TwinStars"],"picked":"theDruid:WallofRoots","floor":12.0},{"not_picked":["theDruid:FaerieFire","theDruid:Guidance","theDruid:PlagueClaw","theDruid:Prowl"],"picked":"SKIP","floor":14.0},{"not_picked":["theDruid:Recoil","theDruid:PlagueClaw"],"picked":"SKIP","floor":18.0},{"not_picked":["theDruid:ThornStrike+1","theDruid:Stampede"],"picked":"SKIP","floor":21.0},{"not_picked":["theDruid:Swipe+1","theDruid:Recoil"],"picked":"SKIP","floor":22.0},{"not_picked":["theDruid:Resupply","theDruid:ThickHide"],"picked":"SKIP","floor":23.0},{"not_picked":["theDruid:Entangle","theDruid:ThickHide"],"picked":"SKIP","floor":25.0},{"not_picked":["theDruid:Swipe"],"picked":"theDruid:BristlingDefense+1","floor":28.0},{"not_picked":["theDruid:Slingshot","theDruid:Rummage"],"picked":"SKIP","floor":30.0},{"not_picked":["theDruid:ThickHide+1","theDruid:SurvivalInstincts"],"picked":"SKIP","floor":31.0},{"not_picked":["theDruid:Adaptation","theDruid:FeralPlants"],"picked":"SKIP","floor":35.0},{"not_picked":["theDruid:ForestGuard+1","theDruid:Swipe"],"picked":"SKIP","floor":36.0},{"not_picked":["theDruid:WildArmor","theDruid:FelineGrace+1"],"picked":"SKIP","floor":37.0},{"not_picked":["theDruid:Gore","theDruid:RockSlide"],"picked":"SKIP","floor":39.0},{"not_picked":["theDruid:Earthquake","theDruid:BagofTricks"],"picked":"SKIP","floor":41.0}],"player_experience":198545,"relics_obtained":[{"floor":1.0,"key":"Question Card"},{"floor":9.0,"key":"Replay:Accelerometer"},{"floor":11.0,"key":"Bronze Scales"},{"floor":12.0,"key":"CeramicFish"},{"floor":23.0,"key":"conspire:TopHat"},{"floor":26.0,"key":"Vajra"},{"floor":41.0,"key":"conspire:BottledYoYo"},{"floor":43.0,"key":"hubris:CuriousFeather"}],"event_choices":[{"damage_healed":0.0,"max_hp_gain":0.0,"max_hp_loss":0.0,"gold_gain":0.0,"event_name":"yidonshenshe","player_choice":"Take Tiny Shrine away","floor":2.0,"gold_loss":0.0,"damage_taken":0.0,"relics_obtained":["YidongShenshe:ReiMu"],"cards_obtained":["Poor:ReiMu"]},{"cards_removed":["Poor:ReiMu"],"damage_healed":0.0,"max_hp_gain":0.0,"max_hp_loss":0.0,"gold_gain":0.0,"event_name":"Golden Wing","player_choice":"Card Removal","floor":3.0,"gold_loss":0.0,"damage_taken":7.0},{"damage_healed":0.0,"max_hp_gain":0.0,"max_hp_loss":0.0,"gold_gain":0.0,"event_name":"conspire:LoneGhost","player_choice":"Agree","floor":6.0,"gold_loss":0.0,"damage_taken":0.0},{"damage_healed":0.0,"max_hp_gain":0.0,"max_hp_loss":0.0,"gold_gain":0.0,"event_name":"Elementarium:VoidShrine","player_choice":"Pray","floor":19.0,"gold_loss":0.0,"damage_taken":0.0,"cards_upgraded":["theDruid:Defend_O"]},{"damage_healed":0.0,"max_hp_gain":0.0,"max_hp_loss":0.0,"gold_gain":0.0,"event_name":"betterSkull:BetterSkull","player_choice":"RE RE ","floor":29.0,"gold_loss":0.0,"damage_taken":39.0,"cards_upgraded":[],"relics_obtained":["Regal Pillow","Runesmith:AutoHammer"]},{"damage_healed":0.0,"max_hp_gain":0.0,"max_hp_loss":0.0,"gold_gain":0.0,"cards_transformed":["theDruid:Strike_O"],"event_name":"Transmorgrifier","player_choice":"Transformed","floor":38.0,"gold_loss":0.0,"damage_taken":0.0,"cards_obtained":["theDruid:Rabid"]}],"is_beta":false,"boss_relics":[{"not_picked":["conspire:SlowCooker","xbg"],"picked":"Busted Crown"},{"not_picked":["energizedSpire:SpiderWeb","Astrolabe"],"picked":"hubris:Backtick"}],"items_purged_floors":[13,20],"is_endless":false,"potions_floor_spawned":[8,16,21,22,30,35,36,41,46],"killed_by":"Sphere and 2 Shapes","ascension_level":0}}