{"host":"KYO","time":1609034825,"event":{"mods":["BaseMod","BetterRewards","Minty Spire (QoL Compilation)","Remove Card Discount Mod","Shop Mod","StSLib","SuperFastMode","[IsaacMod]ÒÔÈö¼âËþ","noobMod"],"gold_per_floor":[115,115,174,184,194,230,2,32,112,139,153,153,164,164,164,249,249,261,261,279,279,292,325,325,30,30,64,80,80,113,141,141,228,228,238,257,270,291,291,322,348,376,376,376,389,407,407,742,742,767,568,583,583,596,628,170,202,278,278,309,319,351,181,181,181,181,181,181,35,70,147],"floor_reached":57,"playtime":3066,"items_purged":["Defend_B","Strike_B","Strike_B","Strike_B","Strike_B","Defend_B","Defend_B","Defend_B","SuicideKing","Zap","Cold Snap","Double Energy+1"],"score":4779,"play_id":"ba474d3a-1d74-44f1-9b84-a36a3912858a","local_time":"20201227100705","is_ascension_mode":true,"campfire_choices":[{"data":"Defragment","floor":12.0,"key":"SMITH"},{"data":"Coolheaded","floor":15.0,"key":"SMITH"},{"data":"Rainbow","floor":29.0,"key":"SMITH"},{"data":"Capacitor","floor":32.0,"key":"SMITH"},{"floor":44.0,"key":"RECALL"},{"data":"Capacitor","floor":47.0,"key":"SMITH"},{"data":"Coolheaded","floor":49.0,"key":"SMITH"},{"data":"Loop","floor":49.0,"key":"SMITH"},{"data":"Defragment","floor":53,"key":"SMITH"}],"circlet_count":0,"master_deck":["AscendersBane","Glacier+1","Defragment+1","Capacitor+1","Echo Form","Coolheaded+1","Defragment+1","Echo Form","Coolheaded+1","Storm","Consume+1","Biased Cognition","Rainbow+1","Loop+1","Loop+1","Capacitor+1","Blizzard+1"],"relics":["Cracked Core","HushsDoor","StoneCalendar","ice","TheAbacus","Sundial","Chemical X","Shovel","DataDisk","OrangePellets","PreservedInsect","Art of War","Letter Opener","Medical Kit","InkBottle","TheBean","ClockworkSouvenir","GnawedLeaf","Incense Burner","MerchantsRug","Mummified Hand","GuppysHead","Coffee Dripper","BookOfRevelations","Anchor","Nuclear Battery","GuppysTail","GuppysHairball","MealTicket","Boot","SatanicBible","Orichalcum","Blood Vial","Centennial Puzzle","Mercury Hourglass","Nunchaku","Gremlin Horn","Membership Card","Membership Card","Thread and Needle","Bag of Marbles","SalivaCoin"],"acts_visited":["Exordium","TheCity","TheBeyond","TheEnding"],"potions_floor_usage":[51,56,56],"damage_taken":[{"damage":0.0,"enemies":"Jaw Worm","floor":1.0,"turns":3.0},{"damage":23.0,"enemies":"Hiden Room Battle","floor":3.0,"turns":3.0},{"damage":9.0,"enemies":"2 Louse","floor":4.0,"turns":3.0},{"damage":0.0,"enemies":"Cultist","floor":5.0,"turns":4.0},{"damage":0.0,"enemies":"Lagavulin","floor":6.0,"turns":4.0},{"damage":0.0,"enemies":"Gremlin Nob","floor":8.0,"turns":3.0},{"damage":2.0,"enemies":"3 Sentries","floor":10.0,"turns":3.0},{"damage":0.0,"enemies":"Gremlin Gang","floor":11.0,"turns":3.0},{"damage":0.0,"enemies":"3 Louse","floor":13.0,"turns":2.0},{"damage":4.0,"enemies":"The Guardian","floor":16.0,"turns":7.0},{"damage":0.0,"enemies":"Chosen","floor":18.0,"turns":2.0},{"damage":4.0,"enemies":"2 Thieves","floor":20.0,"turns":2.0},{"damage":0.0,"enemies":"Cultist and Chosen","floor":22.0,"turns":4.0},{"damage":9.0,"enemies":"Book of Stabbing","floor":23.0,"turns":2.0},{"damage":0.0,"enemies":"Slavers","floor":27.0,"turns":4.0},{"damage":0.0,"enemies":"Centurion and Healer","floor":28.0,"turns":3.0},{"damage":0.0,"enemies":"Book of Stabbing","floor":30.0,"turns":2.0},{"damage":0.0,"enemies":"3 Cultists","floor":31.0,"turns":3.0},{"damage":0.0,"enemies":"Champ","floor":33.0,"turns":4.0},{"damage":0.0,"enemies":"3 Shapes","floor":35.0,"turns":2.0},{"damage":0.0,"enemies":"Orb Walker","floor":36.0,"turns":2.0},{"damage":0.0,"enemies":"Jaw Worm Horde","floor":37.0,"turns":3.0},{"damage":0.0,"enemies":"Maw","floor":38.0,"turns":4.0},{"damage":0.0,"enemies":"Nemesis","floor":40.0,"turns":3.0},{"damage":0.0,"enemies":"Spire Growth","floor":41.0,"turns":2.0},{"damage":0.0,"enemies":"Reptomancer","floor":42.0,"turns":3.0},{"damage":0.0,"enemies":"3 Darklings","floor":45.0,"turns":2.0},{"damage":0.0,"enemies":"Maw","floor":46.0,"turns":3.0},{"damage":0.0,"enemies":"Nemesis","floor":48.0,"turns":3.0},{"damage":0.0,"enemies":"3 Shapes","floor":35.0,"turns":1.0},{"damage":0.0,"enemies":"Orb Walker","floor":37.0,"turns":2.0},{"damage":0.0,"enemies":"Transient","floor":39.0,"turns":3.0},{"damage":0.0,"enemies":"Reptomancer","floor":40.0,"turns":3.0},{"damage":0.0,"enemies":"Giant Head","floor":42.0,"turns":3.0},{"damage":0.0,"enemies":"Reptomancer","floor":45.0,"turns":2.0},{"damage":0.0,"enemies":"Writhing Mass","floor":46.0,"turns":2.0},{"damage":0.0,"enemies":"Nemesis","floor":47.0,"turns":3.0},{"damage":0,"enemies":"Time Eater","floor":50,"turns":4},{"damage":0,"enemies":"Awakened One","floor":51,"turns":3},{"damage":9,"enemies":"Shield and Spear","floor":55,"turns":3},{"damage":0,"enemies":"The Heart","floor":56,"turns":5}],"seed_played":"-4038499309882683833","potions_obtained":[{"floor":1.0,"key":"FocusPotion"},{"floor":5.0,"key":"Strength Potion"},{"floor":11.0,"key":"Dexterity Potion"},{"floor":20.0,"key":"GamblersBrew"},{"floor":28.0,"key":"Swift Potion"},{"floor":37.0,"key":"PowerPotion"}],"is_trial":false,"path_per_floor":["M","?","?","M","M","E","$","E","T","E","M","R","M","T","R","B",null,"M","?","M","?","M","E","T","$","T","E","M","R","E","M","R","B",null,"M","M","M","M","?","E","M","E","T","R","M","M","R","E","R","M","$","M","?","M","E","$","E","T","T","E","M","E","$","R","B","B",null,"R","$","E","B",null],"character_chosen":"DEFECT","items_purchased":["Vajra","TheAbacus","Cold Snap","Glacier","Defragment","Sundial","Chemical X","Shovel","DataDisk","Capacitor","OrangePellets","PreservedInsect","Echo Form","Art of War","Letter Opener","Medical Kit","Coolheaded","InkBottle","CeramicFish","Orrery","Storm","TheBean","ClockworkSouvenir","Tiny Chest","MerchantsRug","War Paint","BookOfRevelations","Lee\u0027s Waffle","GuppysTail","GuppysHairball","SatanicBible","Blood Vial","UnicornStump","Gremlin Horn","Membership Card","Thread and Needle","Bag of Marbles","FocusPotion"],"campfire_rested":0,"item_purchase_floors":[0,0,0,0,0,0,0,0,0,0,0,0,0,0,0,0,0,0,0,0,0,0,0,0,7,7,25,25,34,34,36,41,41,48,54,54,54,54],"current_hp_per_floor":[64,43,20,11,11,11,11,11,11,9,9,9,9,9,9,11,56,58,58,55,55,59,51,51,78,78,78,78,78,92,92,92,92,72,72,72,72,72,72,72,72,72,72,72,72,72,72,72,72,72,72,72,72,72,72,72,72,72,72,72,72,72,72,72,72,72,72,72,72,63,65],"gold":147,"neow_bonus":"","is_daily":false,"chose_seed":false,"campfire_upgraded":8,"win_rate":0.0,"timestamp":1609034825,"path_taken":["M","?","?","M","M","E","$","E","T","E","M","R","?","?","R","BOSS","M","?","M","?","?","E","?","$","T","E","M","R","E","M","R","BOSS","M","M","M","M","?","E","M","E","T","R","?","M","R","E","R","M","$","M","?","M","E","$","E","T","?","E","M","E","?","R","BOSS","BOSS","R","$","E","BOSS"],"items_purchased_type":["Relic","Relic","Card","Card","Card","Relic","Relic","Relic","Relic","Card","Relic","Relic","Card","Relic","Relic","Relic","Card","Relic","Relic","Relic","Card","Relic","Relic","Relic","Relic","Relic","Relic","Relic","Relic","Relic","Relic","Relic","Relic","Relic","Relic","Relic","Relic","Potion"],"build_version":"2020-12-18","purchased_purges":12,"victory":true,"max_hp_per_floor":[71,71,71,71,71,71,71,71,71,71,71,71,71,71,71,71,71,71,71,71,71,71,71,71,78,78,78,78,78,92,92,92,92,72,72,72,72,72,72,72,72,72,72,72,72,72,72,72,72,72,72,72,72,72,72,72,72,72,72,72,72,72,72,72,72,72,72,72,72,72,72],"card_choices":[{"not_picked":[],"picked":"SuicideKing","floor":0.0},{"not_picked":["Hello World","Pulse"],"picked":"Bomb","floor":0.0},{"not_picked":["Chill","Auto Shields"],"picked":"Double Energy","floor":0.0},{"not_picked":["Leap","Heatsinks"],"picked":"Defragment","floor":0.0},{"not_picked":["Leap","Turbo"],"picked":"Echo Form","floor":0.0},{"not_picked":["Rebound","Fan"],"picked":"Coolheaded","floor":0.0},{"not_picked":["Reinforced Body","Compile Driver","Leap"],"picked":"SKIP","floor":1.0},{"not_picked":["Go for the Eyes","Barrage"],"picked":"Consume","floor":3.0},{"not_picked":["Fan","Sunder","Cold Snap"],"picked":"SKIP","floor":4.0},{"not_picked":["Pulse","BootSequence","Gash"],"picked":"SKIP","floor":5.0},{"not_picked":["Undo","Barrage"],"picked":"Biased Cognition","floor":6.0},{"not_picked":["Ball Lightning","Consume","Compile Driver"],"picked":"SKIP","floor":8.0},{"not_picked":["Hello World","Beam Cell","Go for the Eyes"],"picked":"SKIP","floor":10.0},{"not_picked":["Turbo","Gash","Stack"],"picked":"SKIP","floor":11.0},{"not_picked":["Turbo","Gash","Stack"],"picked":"SKIP","floor":11.0},{"not_picked":["Consume","Cold Snap","Gash"],"picked":"SKIP","floor":13.0},{"not_picked":["Hyperbeam","All For One"],"picked":"Rainbow","floor":16.0},{"not_picked":["Barrage","Leap","Sweeping Beam+1"],"picked":"SKIP","floor":18.0},{"not_picked":["Cancel","Barrage","Cold Snap"],"picked":"SKIP","floor":20.0},{"not_picked":["Rip and Tear","Rebound","Hologram"],"picked":"SKIP","floor":22.0},{"not_picked":["Compile Driver","Melter+1","Cold Snap"],"picked":"SKIP","floor":23.0},{"not_picked":["Reinforced Body","Gash","Go for the Eyes"],"picked":"SKIP","floor":27.0},{"not_picked":["Redo","Capacitor","All For One"],"picked":"SKIP","floor":28.0},{"not_picked":["Self Repair","Doom and Gloom","Turbo+1"],"picked":"SKIP","floor":30.0},{"not_picked":["White Noise","Go for the Eyes"],"picked":"Loop","floor":31.0},{"not_picked":["Reboot","Biased Cognition"],"picked":"ElectricPowerLearning","floor":33.0},{"not_picked":["Ball Lightning","Rebound","Streamline+1"],"picked":"SKIP","floor":35.0},{"not_picked":["Stack+1","Cold Snap","Sweeping Beam"],"picked":"SKIP","floor":36.0},{"not_picked":["Cold Snap","Streamline","Turbo"],"picked":"SKIP","floor":37.0},{"not_picked":["Aggregate","White Noise"],"picked":"Loop+1","floor":38.0},{"not_picked":["Reprogram+1","Consume","Streamline"],"picked":"SKIP","floor":40.0},{"not_picked":["Hologram+1","Ball Lightning"],"picked":"Capacitor","floor":41.0},{"not_picked":["Chaos","Double Energy","Hologram"],"picked":"SKIP","floor":42.0},{"not_picked":["Coolheaded+1","Core Surge","Barrage"],"picked":"SKIP","floor":45.0},{"not_picked":["Tempest+1","Chill","Go for the Eyes"],"picked":"SKIP","floor":46.0},{"not_picked":["Fusion","Skim+1","Cold Snap"],"picked":"SKIP","floor":48.0},{"not_picked":["Blizzard+1","Coolheaded+1","Compile Driver"],"picked":"SKIP","floor":35.0},{"not_picked":["Coolheaded+1","Compile Driver"],"picked":"Blizzard+1","floor":35.0},{"not_picked":["Beam Cell","BootSequence","Compile Driver"],"picked":"SKIP","floor":37.0},{"not_picked":["Compile Driver","BootSequence","Undo"],"picked":"SKIP","floor":39.0},{"not_picked":["Streamline","Loop+1","Buffer"],"picked":"SKIP","floor":40.0},{"not_picked":["Sweeping Beam+1","Fusion","Scrape+1"],"picked":"SKIP","floor":42.0},{"not_picked":["Hello World","Chaos","Steam"],"picked":"SKIP","floor":45.0},{"not_picked":["Aggregate","Gash+1","Tempest"],"picked":"SKIP","floor":46.0},{"not_picked":["Sweeping Beam","All For One","Genetic Algorithm+1"],"picked":"SKIP","floor":47.0},{"not_picked":["Chaos","Compile Driver","Aggregate"],"picked":"SKIP","floor":55}],"player_experience":553960,"relics_obtained":[{"floor":3.0,"key":"GnawedLeaf"},{"floor":3.0,"key":"Smiling Mask"},{"floor":6.0,"key":"Incense Burner"},{"floor":8.0,"key":"Toy Ornithopter"},{"floor":9.0,"key":"Mummified Hand"},{"floor":10.0,"key":"GuppysHead"},{"floor":14.0,"key":"Leech"},{"floor":23.0,"key":"MoneyPower"},{"floor":24.0,"key":"Diplopia"},{"floor":26.0,"key":"ForgetMeNow"},{"floor":27.0,"key":"Anchor"},{"floor":30.0,"key":"Mango"},{"floor":40.0,"key":"MealTicket"},{"floor":42.0,"key":"Boot"},{"floor":48.0,"key":"Old Coin"},{"floor":40.0,"key":"Orichalcum"},{"floor":42.0,"key":"Centennial Puzzle"},{"floor":43.0,"key":"Mercury Hourglass"},{"floor":44.0,"key":"DoctorsRemote"},{"floor":45.0,"key":"Nunchaku"},{"floor":47.0,"key":"Dream Catcher"},{"floor":55,"key":"SalivaCoin"}],"event_choices":[{"damage_healed":0.0,"max_hp_gain":0.0,"max_hp_loss":0.0,"gold_gain":0.0,"event_name":"Shining Light","player_choice":"Entered Light","floor":2.0,"gold_loss":0.0,"damage_taken":21.0,"cards_upgraded":["Double Energy","Dualcast"]},{"damage_healed":0.0,"max_hp_gain":0.0,"max_hp_loss":0.0,"gold_gain":0.0,"event_name":"HidenRoomEvent","player_choice":"Fight","floor":3.0,"gold_loss":0.0,"damage_taken":0.0},{"damage_healed":0.0,"max_hp_gain":0.0,"max_hp_loss":0.0,"gold_gain":0.0,"event_name":"Ghosts","player_choice":"Ignored","floor":19.0,"gold_loss":0.0,"damage_taken":0.0},{"cards_removed":["Dualcast"],"damage_healed":0.0,"max_hp_gain":0.0,"max_hp_loss":0.0,"gold_gain":0.0,"event_name":"Back to Basics","player_choice":"Elegance","floor":21.0,"gold_loss":0.0,"damage_taken":0.0},{"damage_healed":0.0,"max_hp_gain":0.0,"max_hp_loss":0.0,"gold_gain":0.0,"event_name":"Tomb of Lord Red Mask","player_choice":"Ignored","floor":39.0,"gold_loss":0.0,"damage_taken":0.0},{"cards_removed":["ElectricPowerLearning"],"damage_healed":0.0,"max_hp_gain":0.0,"max_hp_loss":0.0,"gold_gain":0.0,"event_name":"Falling","player_choice":"Removed Power","floor":38.0,"gold_loss":0.0,"damage_taken":0.0}],"is_beta":true,"boss_relics":[{"not_picked":["Runic Pyramid","Velvet Choker"],"picked":"Coffee Dripper"},{"not_picked":[]},{"not_picked":["Pandora\u0027s Box","SlaversCollar"],"picked":"Nuclear Battery"},{"not_picked":[]}],"items_purged_floors":[0,0,0,0,0,0,0,0,0,7,7,41],"is_endless":false,"potions_floor_spawned":[1,5,11,16,20,23,28,30,31,33,35,37,40,42,45,35,39,46],"ascension_level":20}}