{"host":"fhwr1fuluf6086fh","time":1609099982,"event":{"mods":["2.2 Compatiblity","Act Like it!","BaseMod","Elementarium","Hermit","Minty Spire (QoL Compilation)","Robot Space Explorer","StSLib","The Blue Laboratory","The Dragon Tamer","The Factory","The Hierophant","TheLocksmith"],"gold_per_floor":[164,180,194,204,219,252,269,269,294,294,329,346,346,369,369,473,473,495,516,516,229,47,47,88,88,141,178,212,224,236,272,284,405,417,452,486,498,567,579,591,603,650,740,774,786,387,387,429,429,429],"floor_reached":51,"playtime":6642,"items_purged":["hierophant:Defend_Hierophant","hierophant:Defend_Hierophant","hierophant:Strike_Hierophant"],"score":902,"play_id":"7b410149-80e2-4115-9812-419485eadd34","local_time":"20201227151302","is_ascension_mode":true,"campfire_choices":[{"floor":8,"key":"REST"},{"floor":10,"key":"REST"},{"data":"hierophant:Kindle","floor":15,"key":"SMITH"},{"floor":23,"key":"REST"},{"floor":25,"key":"REST"},{"data":"hierophant:ArchangelShield","floor":32,"key":"SMITH"},{"data":"hierophant:ArchangelShield","floor":40,"key":"SMITH"},{"data":"1","floor":45,"key":"LIFT"},{"data":"2","floor":47,"key":"LIFT"},{"data":"3","floor":49,"key":"LIFT"}],"circlet_count":0,"master_deck":["hierophant:Strike_Hierophant","hierophant:Strike_Hierophant","hierophant:Punish","hierophant:Defend_Hierophant+1","hierophant:Defend_Hierophant","hierophant:ChurchCoffers","hierophant:Community","hierophant:ThreeLashes","hierophant:ArchangelShield+1","hierophant:Zeal","hierophant:Batter","hierophant:Shelter","hierophant:OrnateJavelin","hierophant:SealAway","hierophant:Kindle+1","hierophant:OrnateBuckler","hierophant:MirrorShield","hierophant:HammerAndAnvil","hierophant:Batter","hierophant:RepressedViolence","hierophant:OrnateJavelin","hierophant:MirrorShield","hierophant:Batter","hierophant:FieryStrike","hierophant:SealAway+1","hierophant:SealAway+1","hierophant:Determination","hierophant:ArchangelShield+1","hierophant:Sermon+1","hierophant:Kindle","hierophant:Shelter+1","hierophant:SealAway","hierophant:Shelter+1","hierophant:ThreeLashes","hierophant:ThreeLashes","hierophant:ArchangelShield","Flash of Steel","hierophant:Martyrdom"],"relics":["Tiny House","Unceasing Top","Dream Catcher","Darkstone Periapt","Ancient Tea Set","Black Star","HandDrill","MealTicket","Calipers","Bag of Preparation","MawBank","Boot","Elementarium:ElementariumTrophy","Sozu","Girya","PreservedInsect","Orichalcum","Letter Opener","Vajra","Sundial","Regal Pillow"],"acts_visited":["Exordium","Elementarium:Elementarium","TheBeyond"],"potions_floor_usage":[6,16,16,33,50],"damage_taken":[{"damage":5,"enemies":"Cultist","floor":1,"turns":4},{"damage":6,"enemies":"2 Louse","floor":2,"turns":2},{"damage":7,"enemies":"Jaw Worm","floor":3,"turns":6},{"damage":2,"enemies":"Exordium Thugs","floor":4,"turns":6},{"damage":5,"enemies":"Red Slaver","floor":5,"turns":3},{"damage":22,"enemies":"Gremlin Nob","floor":6,"turns":5},{"damage":8,"enemies":"Blue Slaver","floor":7,"turns":5},{"damage":10,"enemies":"Lagavulin","floor":11,"turns":7},{"damage":12,"enemies":"Exordium Thugs","floor":12,"turns":4},{"damage":6,"enemies":"Looter","floor":14,"turns":3},{"damage":29,"enemies":"Hexaghost","floor":16,"turns":11},{"damage":11,"enemies":"Elementarium:VoidCorruption","floor":18,"turns":4},{"damage":20,"enemies":"Elementarium:MUD_AND_TAR_GOLEMS","floor":19,"turns":7},{"damage":40,"enemies":"Elementarium:ElementalPortal","floor":24,"turns":8},{"damage":0,"enemies":"Elementarium:WarGolem","floor":27,"turns":3},{"damage":1,"enemies":"Elementarium:3_ELEMENTALS","floor":28,"turns":3},{"damage":0,"enemies":"Elementarium:RubyGolem","floor":31,"turns":2},{"damage":35,"enemies":"Elementarium:PHOENIXES","floor":33,"turns":13},{"damage":49,"enemies":"3 Shapes","floor":35,"turns":9},{"damage":37,"enemies":"3 Darklings","floor":36,"turns":8},{"damage":2,"enemies":"Mind Bloom Boss Battle","floor":38,"turns":9},{"damage":0,"enemies":"Nemesis","floor":42,"turns":7},{"damage":20,"enemies":"Transient","floor":44,"turns":5},{"damage":1,"enemies":"Giant Head","floor":48,"turns":5},{"damage":20,"enemies":"Time Eater","floor":50,"turns":12}],"seed_played":"5159802656310272058","potions_obtained":[{"floor":0,"key":"BlessingOfTheForge"},{"floor":1,"key":"BlessingOfTheForge"},{"floor":6,"key":"blueLaboratory:BottleOfVodka"},{"floor":7,"key":"Block Potion"},{"floor":11,"key":"Dexterity Potion"},{"floor":19,"key":"Block Potion"},{"floor":28,"key":"blueLaboratory:NullPotion"}],"is_trial":false,"path_per_floor":["M","M","M","M","M","E","M","R","T","R","E","M","?","M","R","B",null,"M","M","?","$","$","R","E","R","T","E","M","?","$","M","R","B",null,"M","M","?","?","?","R","?","E","T","M","R","$","R","E","R","B",null],"character_chosen":"HIEROPHANT","items_purchased":["HandDrill","hierophant:MirrorShield","hierophant:Batter","hierophant:ArchangelShield","Vajra","Flash of Steel"],"campfire_rested":4,"item_purchase_floors":[21,21,22,46,46,46],"current_hp_per_floor":[75,69,62,60,55,33,25,49,49,73,63,51,51,45,45,16,80,69,55,39,39,39,66,26,53,53,53,55,55,70,70,70,35,91,45,9,9,7,80,80,80,80,80,60,60,75,75,74,74,54],"gold":429,"neow_bonus":"BOSS_RELIC","is_daily":false,"chose_seed":false,"campfire_upgraded":3,"win_rate":0.0,"timestamp":1609099982,"path_taken":["M","M","M","M","M","E","?","R","T","R","E","?","?","M","R","BOSS","M","?","?","?","$","R","E","R","T","E","?","?","$","M","R","BOSS","M","M","?","?","?","R","?","E","T","?","R","$","R","E","R","BOSS"],"items_purchased_type":["Relic","Card","Card","Card","Relic","Card"],"build_version":"2020-12-22","purchased_purges":3,"victory":true,"max_hp_per_floor":[80,80,80,80,80,80,80,80,80,80,80,80,80,80,80,80,80,80,86,91,91,91,91,91,91,91,91,91,91,91,91,91,91,91,91,91,91,91,80,80,80,80,80,80,80,80,80,80,80,80],"card_choices":[{"not_picked":["hierophant:EyeForCoin","hierophant:Sermon"],"picked":"hierophant:Community","floor":0},{"not_picked":["hierophant:Doubloon","hierophant:TollTheBells"],"picked":"hierophant:ThreeLashes","floor":1},{"not_picked":["hierophant:OrnateBuckler","hierophant:RustyCrate"],"picked":"hierophant:ArchangelShield","floor":2},{"not_picked":["hierophant:Endure","hierophant:FlamingChariot"],"picked":"hierophant:Zeal","floor":3},{"not_picked":["hierophant:RepressedViolence","hierophant:Flagellation"],"picked":"hierophant:Batter","floor":4},{"not_picked":["hierophant:Prophecy","hierophant:Embezzle"],"picked":"hierophant:Shelter","floor":5},{"not_picked":["hierophant:SecretStash","hierophant:PristineSoul"],"picked":"hierophant:OrnateJavelin","floor":6},{"not_picked":["hierophant:RepressedViolence","hierophant:MorningPrayer"],"picked":"hierophant:SealAway","floor":7},{"not_picked":["hierophant:Empathy","hierophant:PristineSoul"],"picked":"hierophant:Kindle","floor":10},{"not_picked":["hierophant:Prophecy","hierophant:MorningPrayer"],"picked":"hierophant:OrnateBuckler","floor":11},{"not_picked":["hierophant:AuricBeam","hierophant:Glossolalia"],"picked":"hierophant:MirrorShield","floor":12},{"not_picked":["hierophant:DisplayOfPower","hierophant:PassingBell"],"picked":"hierophant:HammerAndAnvil","floor":14},{"not_picked":["hierophant:Levitation","hierophant:WrathOfGod"],"picked":"hierophant:Batter","floor":16},{"not_picked":["hierophant:Doubloon","hierophant:Encroach"],"picked":"hierophant:RepressedViolence","floor":18},{"not_picked":["hierophant:HolyVerse","hierophant:RecallFunds"],"picked":"hierophant:OrnateJavelin","floor":19},{"not_picked":["hierophant:Patience","hierophant:FlamingChariot+1"],"picked":"hierophant:FieryStrike","floor":23},{"not_picked":["hierophant:Sermon","hierophant:Charity+1"],"picked":"hierophant:SealAway+1","floor":24},{"not_picked":["hierophant:Shelter","hierophant:Alms"],"picked":"hierophant:SealAway+1","floor":25},{"not_picked":["hierophant:TollTheBells","hierophant:MorningPrayer"],"picked":"hierophant:Determination","floor":27},{"not_picked":["hierophant:PristineSoul+1","hierophant:Purify","hierophant:Remorse"],"picked":"SKIP","floor":28},{"not_picked":["hierophant:Smite+1","hierophant:Mercenaries+1"],"picked":"hierophant:Sermon+1","floor":31},{"not_picked":["hierophant:Batter","hierophant:WrathOfGod"],"picked":"hierophant:Kindle","floor":33},{"not_picked":["hierophant:FlamingChariot","hierophant:HolyVerse"],"picked":"hierophant:Shelter+1","floor":35},{"not_picked":["hierophant:HammerAndAnvil","hierophant:FlamingChariot"],"picked":"hierophant:SealAway","floor":36},{"not_picked":["hierophant:Doubloon","hierophant:ThreeLashes+1"],"picked":"hierophant:Shelter+1","floor":38},{"not_picked":["hierophant:AuricBeam+1","hierophant:Doubloon+1"],"picked":"hierophant:ThreeLashes","floor":42},{"not_picked":["hierophant:ConvertCurrency+1","hierophant:FaithHealing+1"],"picked":"hierophant:ThreeLashes","floor":44},{"not_picked":["hierophant:FieryStrike","hierophant:CoinFling"],"picked":"hierophant:Martyrdom","floor":48}],"player_experience":862736,"relics_obtained":[{"floor":6,"key":"Unceasing Top"},{"floor":9,"key":"Dream Catcher"},{"floor":11,"key":"Darkstone Periapt"},{"floor":24,"key":"MealTicket"},{"floor":24,"key":"Calipers"},{"floor":26,"key":"Bag of Preparation"},{"floor":27,"key":"MawBank"},{"floor":27,"key":"Boot"},{"floor":38,"key":"Girya"},{"floor":42,"key":"PreservedInsect"},{"floor":42,"key":"Orichalcum"},{"floor":43,"key":"Letter Opener"},{"floor":48,"key":"Sundial"},{"floor":48,"key":"Regal Pillow"}],"event_choices":[{"damage_healed":0,"gold_gain":0,"player_choice":"Gave Potion","damage_taken":0,"relics_obtained":["Ancient Tea Set"],"max_hp_gain":0,"max_hp_loss":0,"event_name":"WeMeetAgain","floor":13,"gold_loss":0},{"damage_healed":0,"gold_gain":0,"player_choice":"Sacrifice","damage_taken":21,"max_hp_gain":5,"max_hp_loss":0,"event_name":"Elementarium:RadiantAltar","floor":20,"gold_loss":0},{"damage_healed":0,"gold_gain":0,"player_choice":"Read","damage_taken":0,"max_hp_gain":0,"max_hp_loss":0,"event_name":"Elementarium:LostScrolls","floor":29,"gold_loss":0,"cards_obtained":["hierophant:ArchangelShield"]},{"damage_healed":0,"gold_gain":0,"player_choice":"Ignored","damage_taken":0,"max_hp_gain":0,"max_hp_loss":0,"event_name":"Elementarium:ChestOfTheGoldenMirage","floor":37,"gold_loss":0},{"damage_healed":0,"gold_gain":0,"player_choice":"Fight","damage_taken":0,"max_hp_gain":0,"max_hp_loss":0,"event_name":"MindBloom","floor":38,"gold_loss":0},{"damage_healed":80,"gold_gain":0,"player_choice":"Heal","damage_taken":0,"max_hp_gain":0,"max_hp_loss":11,"event_name":"The Moai Head","floor":39,"gold_loss":0},{"cards_removed":["hierophant:Strike_Hierophant"],"damage_healed":0,"gold_gain":0,"player_choice":"Purged","damage_taken":0,"max_hp_gain":0,"max_hp_loss":0,"event_name":"Purifier","floor":41,"gold_loss":0}],"is_beta":false,"boss_relics":[{"not_picked":["Pandora\u0027s Box","Coffee Dripper"],"picked":"Black Star"},{"not_picked":["SlaversCollar","Snecko Eye"],"picked":"Sozu"}],"items_purged_floors":[21,22,46],"is_endless":false,"potions_floor_spawned":[1,6,7,11,12,19,28,36,38],"ascension_level":2}}