{"host":"2461dio7vetlq1z3","time":1609068814,"event":{"mods":["2.2 Compatiblity","AchievementEnabler","Aspiration","BaseMod","Better Third Choice","Friendly Minions","Hermit","Minty Spire (QoL Compilation)","Relic Stats","Spicy Shops","StSLib","The Animator","Waifu the Spire"],"gold_per_floor":[110,11,86,33,33,67,67,94,94,124,135,167,179,179,179,293,293,312,411,431,447,465,516,516,516],"floor_reached":24,"playtime":1799,"items_purged":[],"score":386,"play_id":"fa98a7bb-c0ca-4c00-9450-c0b141c19eb5","local_time":"20201227123334","is_ascension_mode":true,"campfire_choices":[{"data":"animator:Emonzaemon","floor":7,"key":"SMITH"},{"data":"animator:KrulTepes","floor":15,"key":"SMITH"}],"circlet_count":0,"master_deck":["animator:Strike_Katanagatari+1","animator:Defend_Katanagatari","animator:Azekura","animator:Emonzaemon+1","animator:Elsword","animator:Strike_HitsugiNoChaika","animator:Strike_AccelWorld","animator:Strike_OwariNoSeraph","animator:Defend_Elsword","animator:Defend_AccelWorld","animator:Defend_TenSura","animator:Konayuki+1","animator:Benimaru","animator:Millim+1","animator:UneriGinkaku","animator:KrulTepes+1","animator:ZankiKiguchi","animator:HigakiRinne","animator:Shichika","animator:Togame"],"relics":["animator:LivingPicture","animator:TheMissingPiece","NeowsBlessing","animator:BattleDrones","aspiration:VileToxins","Oddly Smooth Stone","aspiration:ChemicalBlood","Strawberry","Blood Vial","Philosopher\u0027s Stone","Blue Candle"],"acts_visited":["Exordium","TheCity"],"potions_floor_usage":[16,16,21],"damage_taken":[{"damage":0,"enemies":"Jaw Worm","floor":1,"turns":1},{"damage":0,"enemies":"Lagavulin","floor":6,"turns":1},{"damage":0,"enemies":"Gremlin Nob","floor":8,"turns":1},{"damage":0,"enemies":"Small Slimes","floor":10,"turns":3},{"damage":1,"enemies":"2 Louse","floor":11,"turns":3},{"damage":12,"enemies":"3 Sentries","floor":12,"turns":6},{"damage":0,"enemies":"2 Fungi Beasts","floor":13,"turns":3},{"damage":2,"enemies":"Slime Boss","floor":16,"turns":7},{"damage":0,"enemies":"Shell Parasite","floor":18,"turns":3},{"damage":4,"enemies":"Spheric Guardian","floor":20,"turns":3},{"damage":0,"enemies":"Snake Plant","floor":21,"turns":3},{"damage":1,"enemies":"Cultist and Chosen","floor":22,"turns":4},{"damage":14,"enemies":"Gremlin Leader","floor":23,"turns":4},{"damage":0,"enemies":"Centurion and Healer","floor":24,"turns":1}],"seed_played":"95343145916780290","potions_obtained":[{"floor":8,"key":"FearPotion"},{"floor":11,"key":"Fire Potion"},{"floor":12,"key":"AttackPotion"},{"floor":16,"key":"DistilledChaos"},{"floor":22,"key":"FearPotion"}],"is_trial":false,"path_per_floor":["M","?","?","$","?","E","R","E","T","M","M","E","M","?","R","B",null,"M","?","M","M","M","E","M"],"character_chosen":"THE_ANIMATOR","items_purchased":["animator:Konayuki"],"campfire_rested":0,"item_purchase_floors":[4],"current_hp_per_floor":[59,59,48,48,35,35,35,35,35,35,34,22,23,27,27,25,62,64,64,62,65,66,54,56,56],"gold":516,"neow_bonus":"THREE_ENEMY_KILL","is_daily":false,"chose_seed":false,"campfire_upgraded":2,"win_rate":0.0,"timestamp":1609068814,"path_taken":["M","?","?","$","?","E","R","E","T","M","M","E","M","?","R","BOSS","M","?","M","M","M","E","M"],"items_purchased_type":["Card"],"build_version":"2020-12-22","purchased_purges":0,"victory":false,"max_hp_per_floor":[66,66,66,66,66,66,66,66,66,66,66,66,67,74,74,74,74,74,74,74,75,75,75,75,75],"relic_stats":{"Blood Vial":12,"counters":[14,43],"Blue Candle":[0],"obtain_stats":[{"aspiration:VileToxins":8,"Blood Vial":16,"NeowsBlessing":0,"animator:TheMissingPiece":0,"animator:BattleDrones":6,"Strawberry":14,"Blue Candle":23,"Oddly Smooth Stone":9,"Philosopher\u0027s Stone":17,"animator:LivingPicture":0,"aspiration:ChemicalBlood":12},{"aspiration:VileToxins":3,"Blood Vial":8,"NeowsBlessing":0,"animator:TheMissingPiece":0,"animator:BattleDrones":2,"Strawberry":7,"Blue Candle":13,"Oddly Smooth Stone":3,"Philosopher\u0027s Stone":8,"animator:LivingPicture":0,"aspiration:ChemicalBlood":6},{"aspiration:VileToxins":3,"Blood Vial":25,"NeowsBlessing":0,"animator:TheMissingPiece":0,"animator:BattleDrones":2,"Strawberry":18,"Blue Candle":42,"Oddly Smooth Stone":3,"Philosopher\u0027s Stone":25,"animator:LivingPicture":0,"aspiration:ChemicalBlood":15}]},"card_choices":[{"not_picked":["animator:Aisha","animator:Yoichi"],"picked":"animator:Elsword","floor":1},{"not_picked":["animator:Rena","animator:Vesta"],"picked":"animator:Benimaru","floor":6},{"not_picked":["animator:GazelDwargon","animator:Lancer"],"picked":"animator:Millim","floor":8},{"not_picked":["animator:Emonzaemon","animator:ZankiKiguchi"],"picked":"animator:UneriGinkaku","floor":10},{"not_picked":["animator:Caster","animator:ElricAlphonse","animator:Pride"],"picked":"SKIP","floor":11},{"not_picked":["animator:MaesHughes","animator:Envy"],"picked":"animator:KrulTepes","floor":12},{"not_picked":["animator:WinryRockbell","animator:Emonzaemon"],"picked":"animator:ZankiKiguchi","floor":13},{"not_picked":["animator:Envy","animator:Eve"],"picked":"animator:HigakiRinne","floor":16},{"not_picked":["animator:Kaijin","animator:Shuna"],"picked":"animator:Millim","floor":18},{"not_picked":["animator:Ain+1","animator:Ciel","animator:Kaijin"],"picked":"SKIP","floor":20},{"not_picked":["animator:Ciel","animator:Assassin"],"picked":"animator:Shichika","floor":21},{"not_picked":["animator:Greed","animator:ZankiKiguchi","animator:ShinjiMatou"],"picked":"SKIP","floor":22},{"not_picked":["animator:Greed","animator:ZankiKiguchi","animator:ShinjiMatou"],"picked":"SKIP","floor":22},{"not_picked":["animator:Emonzaemon","animator:ZankiKiguchi"],"picked":"animator:Togame","floor":23}],"player_experience":1006405,"relics_obtained":[{"floor":6,"key":"animator:BattleDrones"},{"floor":8,"key":"aspiration:VileToxins"},{"floor":9,"key":"Oddly Smooth Stone"},{"floor":12,"key":"aspiration:ChemicalBlood"},{"floor":16,"key":"Blood Vial"},{"floor":23,"key":"Blue Candle"}],"event_choices":[{"damage_healed":0,"gold_gain":75,"player_choice":"Gold","damage_taken":11,"max_hp_gain":0,"max_hp_loss":0,"event_name":"betterThird:BetterGoop","floor":3,"gold_loss":0},{"damage_healed":48,"gold_gain":0,"player_choice":"Upgrade","damage_taken":13,"max_hp_gain":0,"max_hp_loss":66,"event_name":"betterThird:BetterShining","floor":5,"gold_loss":0,"cards_upgraded":["animator:Konayuki","animator:Strike_Katanagatari"]},{"damage_healed":0,"gold_gain":1,"player_choice":"Relic ","damage_taken":3,"max_hp_gain":0,"max_hp_loss":0,"event_name":"betterThird:BetterScrap","floor":14,"gold_loss":0,"cards_obtained":["Rampage"]},{"damage_healed":0,"gold_gain":99,"player_choice":"Steal","damage_taken":0,"max_hp_gain":0,"max_hp_loss":0,"event_name":"betterThird:BetterNest","floor":19,"gold_loss":0}],"is_beta":false,"boss_relics":[{"not_picked":["animator:HolyGrailRelic","aspiration:SecretTechniqueScroll"],"picked":"Philosopher\u0027s Stone"}],"items_purged_floors":[],"is_endless":false,"potions_floor_spawned":[8,11,12,16,22,23],"killed_by":"Centurion and Healer","ascension_level":7}}