{"host":"ou23awlgcm0pi7o1","time":1609095956,"event":{"mods":["BaseMod","Colored Map","Downfall","Minty Spire (QoL Compilation)","StSLib","Unceasing Turn Reminder"],"gold_per_floor":[99,115,115,115,25,45,45,45,65,79,96,125,143,143,162,162,162,162],"floor_reached":16,"playtime":865,"items_purged":["Regret"],"score":198,"play_id":"7d92c02d-7f85-4c5a-89c8-413c589bb299","local_time":"20201227190556","is_ascension_mode":true,"campfire_choices":[{"data":"expansioncontent:StudyTheSpire","floor":1,"key":"SMITH"}],"circlet_count":0,"master_deck":["AscendersBane","hexamod:Strike","hexamod:Strike+1","hexamod:Strike+1","hexamod:Strike","hexamod:Defend","hexamod:Defend","hexamod:Defend","hexamod:Defend+1","hexamod:Sear","hexamod:Float","expansioncontent:StudyTheSpire+1","hexamod:AdvancingGuard","hexamod:BacktrackSmack+1","hexamod:GhostOfSpirePresent+1","hexamod:GhostShield","hexamod:Haunt","hexamod:Again+1","hexamod:EmpoweredFlame","hexamod:ShieldOfDarkness+1"],"relics":["hexamod:SpiritBrand","Question Card","Toxic Egg 2"],"acts_visited":["Exordium"],"potions_floor_usage":[16],"damage_taken":[{"damage":2,"enemies":"Small Slimes","floor":2,"turns":5},{"damage":12,"enemies":"downfall:FleeingMerchant","floor":5,"turns":4},{"damage":0,"enemies":"Jaw Worm","floor":6,"turns":4},{"damage":0,"enemies":"2 Louse","floor":9,"turns":2},{"damage":2,"enemies":"Exordium Thugs","floor":10,"turns":9},{"damage":6,"enemies":"2 Fungi Beasts","floor":11,"turns":4},{"damage":2,"enemies":"Lagavulin","floor":12,"turns":7},{"damage":27,"enemies":"Exordium Wildlife","floor":13,"turns":6},{"damage":7,"enemies":"Blue Slaver","floor":15,"turns":4},{"damage":7,"enemies":"downfall:Watcher","floor":16,"turns":1}],"seed_played":"5255130313488761234","potions_obtained":[{"floor":10,"key":"FearPotion"},{"floor":11,"key":"DuplicationPotion"},{"floor":12,"key":"Swift Potion"}],"is_trial":false,"path_per_floor":["R","M","?","?","$","M","T","?","M","M","M","E","M","?","M","B"],"character_chosen":"THE_SPIRIT","items_purchased":[],"campfire_rested":0,"item_purchase_floors":[],"current_hp_per_floor":[57,55,55,60,48,48,48,48,48,46,40,38,11,11,4,0,0,0],"gold":162,"neow_bonus":"RANDOM_COLORLESS_2","is_daily":false,"chose_seed":false,"campfire_upgraded":1,"win_rate":0.0,"timestamp":1609095956,"path_taken":["R","M","?","?","?","M","T","?","M","M","?","E","M","?","M","BOSS"],"items_purchased_type":[],"build_version":"2020-12-22","purchased_purges":1,"victory":false,"max_hp_per_floor":[57,57,57,62,62,62,62,62,62,62,62,62,62,62,62,62,62,62],"card_choices":[{"not_picked":["Panache","Master of Strategy"],"picked":"expansioncontent:StudyTheSpire","floor":0},{"not_picked":["hexamod:NightmareStrike","hexamod:Incineration"],"picked":"hexamod:AdvancingGuard","floor":2},{"not_picked":["hexamod:ShieldOfDarkness","hexamod:NightmareGuise","hexamod:SwordOfDarkness"],"picked":"SKIP","floor":5},{"not_picked":["hexamod:SwordOfDarkness","hexamod:NightmareGuise"],"picked":"hexamod:BacktrackSmack","floor":6},{"not_picked":["hexamod:Toasty","hexamod:PowerFromBeyond","hexamod:StepThrough"],"picked":"hexamod:GhostOfSpirePresent","floor":9},{"not_picked":["hexamod:SpectralAdrenaline","hexamod:FourthSeal","hexamod:ThermalTransfer"],"picked":"hexamod:GhostShield","floor":10},{"not_picked":["hexamod:BurningTouch","hexamod:GhostLash","hexamod:NightmareStrike"],"picked":"hexamod:Haunt","floor":11},{"not_picked":["hexamod:UnlimitedPower+1","hexamod:NightmareStrike","hexamod:SpectralAdrenaline+1"],"picked":"hexamod:Again+1","floor":12},{"not_picked":["hexamod:NightmareStrike","hexamod:ShieldOfDarkness+1","hexamod:BacktrackSmack"],"picked":"hexamod:EmpoweredFlame","floor":13},{"not_picked":["hexamod:Incineration","hexamod:RadiantFlame","hexamod:RainOfEmbers"],"picked":"hexamod:ShieldOfDarkness+1","floor":15}],"player_experience":348499,"relics_obtained":[{"floor":7,"key":"Question Card"},{"floor":12,"key":"Toxic Egg 2"}],"event_choices":[{"damage_healed":0,"gold_gain":0,"player_choice":"Donut","damage_taken":0,"max_hp_gain":5,"max_hp_loss":0,"event_name":"Big Fish","floor":4,"gold_loss":0},{"damage_healed":0,"gold_gain":0,"player_choice":"Upgraded","damage_taken":0,"max_hp_gain":0,"max_hp_loss":0,"event_name":"Upgrade Shrine","floor":8,"gold_loss":0,"cards_upgraded":["hexamod:BacktrackSmack"]},{"damage_healed":0,"gold_gain":0,"player_choice":"Grow","damage_taken":0,"max_hp_gain":0,"max_hp_loss":0,"event_name":"Living Wall","floor":14,"gold_loss":0,"cards_upgraded":["hexamod:GhostOfSpirePresent"]}],"is_beta":false,"boss_relics":[],"items_purged_floors":[5],"is_endless":false,"potions_floor_spawned":[10,11,12,13],"killed_by":"downfall:Watcher","ascension_level":18}}