{"host":"hgkb2zpbo2dcws21","time":1609063087,"event":{"mods":["AchievementEnabler","BaseMod","Colored Map","Colored Powertips","Custom Start","DeckTracker","KOR Keyword Fix","Minty Spire (QoL Compilation)","Relic Stats","StSLib","SuperFastMode"],"gold_per_floor":[109,109,109,34,52,52,109,109,109,109,126,154,174,192,192,192,192],"floor_reached":16,"playtime":276,"items_purged":["Strike_R"],"score":200,"play_id":"38d983ce-5ec1-4c6c-b9e7-7d9cfe0d01fe","local_time":"20201227185807","is_ascension_mode":true,"campfire_choices":[{"data":"Searing Blow","floor":6.0,"key":"SMITH"},{"floor":10,"key":"REST"},{"data":"Searing Blow+1","floor":15,"key":"SMITH"}],"circlet_count":0,"master_deck":["AscendersBane","Strike_R+1","Strike_R+1","Strike_R","Defend_R","Defend_R","Defend_R","Defend_R","Bash","Searing Blow+2","Headbutt","Shrug It Off","Flex"],"relics":["Burning Blood","Magic Flower","Charon\u0027s Ashes","Ancient Tea Set","Whetstone"],"acts_visited":["Exordium"],"potions_floor_usage":[13,16],"damage_taken":[{"damage":4.0,"enemies":"Small Slimes","floor":1.0,"turns":4.0},{"damage":6.0,"enemies":"2 Louse","floor":5.0,"turns":3.0},{"damage":56.0,"enemies":"Gremlin Nob","floor":7.0,"turns":5.0},{"damage":0,"enemies":"Jaw Worm","floor":11,"turns":2},{"damage":32,"enemies":"Gremlin Nob","floor":12,"turns":4},{"damage":15,"enemies":"Gremlin Gang","floor":13,"turns":4},{"damage":9,"enemies":"Looter","floor":14,"turns":3},{"damage":26,"enemies":"The Guardian","floor":16,"turns":8}],"seed_played":"-36853193346431490","potions_obtained":[{"floor":7.0,"key":"ColorlessPotion"},{"floor":14,"key":"EssenceOfSteel"}],"is_trial":false,"path_per_floor":["M","?","?","$","M","R","?","?","T","R","M","E","M","M","R","B"],"character_chosen":"IRONCLAD","items_purchased":[],"campfire_rested":1,"item_purchase_floors":[],"current_hp_per_floor":[68,73,66,66,69,69,22,22,22,43,52,29,23,23,23,0,0],"gold":192,"neow_bonus":"ONE_RARE_RELIC","is_daily":false,"chose_seed":false,"campfire_upgraded":2,"win_rate":0.0,"timestamp":1609063087,"path_taken":["M","?","?","?","?","R","?","?","T","R","?","E","?","M","R","BOSS"],"items_purchased_type":[],"build_version":"2020-12-22","purchased_purges":1,"victory":false,"max_hp_per_floor":[68,73,73,73,73,73,73,73,73,73,73,73,73,73,73,73,73],"relic_stats":{"counters":[8,33],"Magic Flower":[18],"Charon\u0027s Ashes":[30],"Whetstone":["Strike_R","Strike_R"],"obtain_stats":[{"Magic Flower":0,"Charon\u0027s Ashes":7,"Whetstone":12,"Ancient Tea Set":9,"Burning Blood":0},{"Magic Flower":0,"Charon\u0027s Ashes":3,"Whetstone":5,"Ancient Tea Set":3,"Burning Blood":0},{"Magic Flower":0,"Charon\u0027s Ashes":12,"Whetstone":18,"Ancient Tea Set":12,"Burning Blood":0}],"Burning Blood":58},"card_choices":[{"not_picked":["Havoc","Iron Wave"],"picked":"Searing Blow","floor":1.0},{"not_picked":["Cleave","Iron Wave"],"picked":"Headbutt","floor":5.0},{"not_picked":["Shockwave","Iron Wave"],"picked":"Shrug It Off","floor":7.0},{"not_picked":["Pommel Strike","Perfected Strike","True Grit"],"picked":"SKIP","floor":11},{"not_picked":["Anger","Bloodletting"],"picked":"Flex","floor":12},{"not_picked":["Body Slam","Headbutt","Entrench"],"picked":"SKIP","floor":13},{"not_picked":["Clash","Clothesline","Iron Wave"],"picked":"SKIP","floor":14}],"player_experience":1111515,"relics_obtained":[{"floor":7.0,"key":"Charon\u0027s Ashes"},{"floor":9,"key":"Ancient Tea Set"},{"floor":12,"key":"Whetstone"}],"event_choices":[{"damage_healed":0.0,"max_hp_gain":5.0,"max_hp_loss":0.0,"gold_gain":0.0,"event_name":"Big Fish","player_choice":"Donut","floor":2.0,"gold_loss":0.0,"damage_taken":0.0},{"cards_removed":["Strike_R"],"damage_healed":0.0,"max_hp_gain":0.0,"max_hp_loss":0.0,"gold_gain":0.0,"event_name":"Golden Wing","player_choice":"Card Removal","floor":3.0,"gold_loss":0.0,"damage_taken":7.0},{"damage_healed":0.0,"max_hp_gain":0.0,"max_hp_loss":0.0,"gold_gain":30.0,"event_name":"Dead Adventurer","player_choice":"Searched \u00272\u0027 times","floor":7.0,"gold_loss":0.0,"damage_taken":0.0},{"damage_healed":0,"gold_gain":0,"player_choice":"Leave","damage_taken":0,"max_hp_gain":0,"max_hp_loss":0,"event_name":"FaceTrader","floor":8,"gold_loss":0}],"is_beta":false,"boss_relics":[],"items_purged_floors":[4],"is_endless":false,"potions_floor_spawned":[7,14],"killed_by":"The Guardian","ascension_level":20}}