{"host":"Rich","time":1609041559,"event":{"mods":["AchievementEnabler","BaseMod","Highlight Path","Minty Spire (QoL Compilation)","Relic Stats"],"gold_per_floor":[119,119,119,135,135,135,135],"floor_reached":6,"playtime":157,"items_purged":[],"score":68,"play_id":"477f3dd4-4372-4249-96d6-b3b2416046f5","local_time":"20201226225919","is_ascension_mode":true,"campfire_choices":[],"circlet_count":0,"master_deck":["AscendersBane","Strike_R","Strike_R","Strike_R","Strike_R","Defend_R","Defend_R","Defend_R","Defend_R","Bash","Pommel Strike","Body Slam"],"relics":["Burning Blood","Lizard Tail","Golden Idol","Champion Belt"],"acts_visited":["Exordium"],"potions_floor_usage":[6],"damage_taken":[{"damage":26,"enemies":"Jaw Worm","floor":1,"turns":6},{"damage":1,"enemies":"2 Louse","floor":4,"turns":3},{"damage":30,"enemies":"Lagavulin","floor":6,"turns":6}],"seed_played":"-2959682624052162762","potions_obtained":[{"floor":1,"key":"PowerPotion"}],"is_trial":false,"path_per_floor":["M","?","T","M","?","E"],"character_chosen":"IRONCLAD","items_purchased":[],"campfire_rested":0,"item_purchase_floors":[],"current_hp_per_floor":[30,30,30,35,28,34,34],"gold":135,"neow_bonus":"ONE_RARE_RELIC","is_daily":false,"chose_seed":false,"campfire_upgraded":0,"win_rate":0.0,"timestamp":1609041559,"path_taken":["M","?","?","M","?","E"],"items_purchased_type":[],"build_version":"2020-12-18","purchased_purges":0,"victory":false,"max_hp_per_floor":[75,68,68,68,68,68,68],"relic_stats":{"Lizard Tail":34,"counters":[3,15],"Golden Idol":3,"Champion Belt":[2],"obtain_stats":[{"Lizard Tail":0,"Golden Idol":2,"Champion Belt":3,"Burning Blood":0},{"Lizard Tail":0,"Golden Idol":1,"Champion Belt":1,"Burning Blood":0},{"Lizard Tail":0,"Golden Idol":6,"Champion Belt":6,"Burning Blood":0}],"Burning Blood":12},"card_choices":[{"not_picked":["Reckless Charge","Armaments"],"picked":"Pommel Strike","floor":1},{"not_picked":["Fiend Fire","Heavy Blade"],"picked":"Body Slam","floor":4}],"player_experience":1933972,"relics_obtained":[{"floor":3,"key":"Champion Belt"}],"event_choices":[{"damage_healed":0,"gold_gain":0,"player_choice":"Lose Max HP","damage_taken":0,"relics_obtained":["Golden Idol"],"max_hp_gain":0,"max_hp_loss":7,"event_name":"Golden Idol","floor":2,"gold_loss":0},{"cards_removed":["Strike_R"],"damage_healed":0,"gold_gain":0,"player_choice":"Card Removal","damage_taken":7,"max_hp_gain":0,"max_hp_loss":0,"event_name":"Golden Wing","floor":5,"gold_loss":0}],"is_beta":true,"boss_relics":[],"items_purged_floors":[],"is_endless":false,"potions_floor_spawned":[1],"killed_by":"Lagavulin","ascension_level":20}}