{"host":"s1gi8xs3so6zkrm7","time":1609082706,"event":{"mods":["BaseMod","Filter the Spire","Minty Spire (QoL Compilation)"],"gold_per_floor":[113,288,288,288,304,304,337,337,337,45,45,45,12,12,12,133,133,158,8,31,31,31,31,31,31,31,45,45,88,106,129,129,129,129],"floor_reached":33,"playtime":1588,"items_purged":[],"score":391,"play_id":"d5503cba-6784-411b-90ca-5cbaa6ac8608","local_time":"20201227092506","is_ascension_mode":true,"campfire_choices":[{"data":"Inflame","floor":6.0,"key":"SMITH"},{"floor":8.0,"key":"REST"},{"data":"True Grit","floor":12.0,"key":"SMITH"},{"data":"Seeing Red","floor":15.0,"key":"SMITH"},{"floor":23.0,"key":"REST"},{"floor":25.0,"key":"REST"},{"data":"Shockwave","floor":28.0,"key":"SMITH"},{"data":"Feed","floor":32.0,"key":"SMITH"}],"circlet_count":0,"master_deck":["Defend_R","Defend_R","Defend_R","Bash","Armaments+1","Inflame+1","Shockwave+1","Doubt","Inflame+1","Warcry","True Grit+1","Seeing Red+1","Juggernaut","Twin Strike+1","Ghostly","Ghostly","Ghostly","Ghostly","Ghostly","Bite","Bite","Bite","Bite","Bite","Havoc+1","Heavy Blade","Feed+1","Sentinel"],"relics":["Astrolabe","Art of War","Charon\u0027s Ashes","Anchor","Gremlin Horn","Golden Idol","Runic Cube","HandDrill","MealTicket","Pen Nib"],"acts_visited":["Exordium","TheCity"],"potions_floor_usage":[33],"damage_taken":[{"damage":10.0,"enemies":"Small Slimes","floor":1.0,"turns":4.0},{"damage":9.0,"enemies":"Jaw Worm","floor":5.0,"turns":4.0},{"damage":37.0,"enemies":"Gremlin Nob","floor":7.0,"turns":5.0},{"damage":37.0,"enemies":"The Guardian","floor":16.0,"turns":13.0},{"damage":40.0,"enemies":"Spheric Guardian","floor":18.0,"turns":6.0},{"damage":18.0,"enemies":"2 Thieves","floor":20.0,"turns":3.0},{"damage":6.0,"enemies":"3 Cultists","floor":27.0,"turns":4.0},{"damage":19.0,"enemies":"Book of Stabbing","floor":29.0,"turns":7.0},{"damage":10.0,"enemies":"Shelled Parasite and Fungi","floor":30.0,"turns":6.0},{"damage":2.0,"enemies":"Sentry and Sphere","floor":31.0,"turns":5.0},{"damage":3,"enemies":"Collector","floor":33,"turns":6}],"seed_played":"3175284465642331385","potions_obtained":[{"floor":1.0,"key":"Strength Potion"},{"floor":16.0,"key":"SpeedPotion"},{"floor":27.0,"key":"Weak Potion"},{"floor":30.0,"key":"ColorlessPotion"}],"is_trial":false,"path_per_floor":["M","?","?","?","M","R","E","R","T","$","?","R","$","?","R","B",null,"M","$","M","?","?","R","$","R","T","M","R","E","M","M","R","B"],"character_chosen":"IRONCLAD","items_purchased":["True Grit","Gremlin Horn","Seeing Red","HandDrill"],"campfire_rested":3,"item_purchase_floors":[10,10,13,19],"current_hp_per_floor":[70,70,67,60,51,51,14,38,38,38,38,38,38,74,74,37,74,34,34,16,16,16,23,23,25,25,25,25,18,18,28,28,28,28],"gold":129,"neow_bonus":"BOSS_RELIC","is_daily":false,"chose_seed":false,"campfire_upgraded":5,"win_rate":0.0,"timestamp":1609082706,"path_taken":["M","?","?","?","M","R","E","R","T","$","?","R","$","?","R","BOSS","M","$","?","?","?","R","?","R","T","M","R","E","?","M","R","BOSS"],"items_purchased_type":["Card","Relic","Card","Relic"],"build_version":"2020-12-22","purchased_purges":0,"victory":false,"max_hp_per_floor":[80,80,80,80,80,80,80,80,80,80,74,74,74,74,74,74,74,74,74,74,37,25,25,25,25,25,25,25,25,25,28,28,28,28],"card_choices":[{"not_picked":["Warcry","Sword Boomerang"],"picked":"Shockwave","floor":1.0},{"not_picked":["Headbutt","Thunderclap"],"picked":"Inflame","floor":5.0},{"not_picked":["Armaments","Perfected Strike"],"picked":"Warcry","floor":7.0},{"not_picked":["Fiend Fire","Immolate"],"picked":"Juggernaut","floor":16.0},{"not_picked":["Iron Wave","Whirlwind+1"],"picked":"Twin Strike+1","floor":18.0},{"not_picked":["Clash","Headbutt","Twin Strike+1"],"picked":"SKIP","floor":20.0},{"not_picked":["Body Slam","Headbutt"],"picked":"Havoc+1","floor":27.0},{"not_picked":["True Grit","Pummel"],"picked":"Heavy Blade","floor":29.0},{"not_picked":["Clothesline","Heavy Blade"],"picked":"Feed","floor":30.0},{"not_picked":["Armaments","Hemokinesis"],"picked":"Sentinel","floor":31.0}],"player_experience":192191,"relics_obtained":[{"floor":7.0,"key":"Charon\u0027s Ashes"},{"floor":9.0,"key":"Anchor"},{"floor":26.0,"key":"MealTicket"},{"floor":29.0,"key":"Pen Nib"}],"event_choices":[{"damage_healed":0.0,"max_hp_gain":0.0,"max_hp_loss":0.0,"gold_gain":175.0,"event_name":"Liars Game","player_choice":"AGREE","floor":2.0,"gold_loss":0.0,"damage_taken":0.0,"cards_obtained":["Doubt"]},{"damage_healed":0.0,"max_hp_gain":0.0,"max_hp_loss":0.0,"gold_gain":0.0,"event_name":"Scrap Ooze","player_choice":"Success","floor":3.0,"gold_loss":0.0,"damage_taken":3.0,"relics_obtained":["Art of War"]},{"cards_removed":["Strike_R"],"damage_healed":0.0,"max_hp_gain":0.0,"max_hp_loss":0.0,"gold_gain":0.0,"event_name":"Golden Wing","player_choice":"Card Removal","floor":4.0,"gold_loss":0.0,"damage_taken":7.0},{"damage_healed":0.0,"max_hp_gain":0.0,"max_hp_loss":6.0,"gold_gain":0.0,"event_name":"Golden Idol","player_choice":"Lose Max HP","floor":11.0,"gold_loss":0.0,"damage_taken":0.0,"relics_obtained":["Golden Idol"]},{"cards_removed":["Fire Breathing"],"damage_healed":36.0,"max_hp_gain":0.0,"max_hp_loss":0.0,"gold_gain":0.0,"event_name":"Bonfire Elementals","player_choice":"Offered Uncommon","floor":14.0,"gold_loss":0.0,"damage_taken":0.0},{"damage_healed":0.0,"max_hp_gain":0.0,"max_hp_loss":37.0,"gold_gain":0.0,"event_name":"Ghosts","player_choice":"Became a Ghost","floor":21.0,"gold_loss":0.0,"damage_taken":0.0,"cards_obtained":["Ghostly","Ghostly","Ghostly","Ghostly","Ghostly"]},{"damage_healed":0.0,"max_hp_gain":0.0,"max_hp_loss":12.0,"gold_gain":0.0,"event_name":"Vampires","player_choice":"Became a vampire","floor":22.0,"gold_loss":0.0,"damage_taken":0.0,"cards_obtained":["Bite","Bite","Bite","Bite","Bite"]}],"is_beta":false,"boss_relics":[{"not_picked":["Pandora\u0027s Box","Ectoplasm"],"picked":"Runic Cube"}],"items_purged_floors":[],"is_endless":false,"potions_floor_spawned":[1,16,27,30],"killed_by":"Collector","ascension_level":4}}