{"host":"48zyk7qbyaqvksy3","time":1609076879,"event":{"mods":["Act Like it!","BaseMod","GifTheSpireLib","Marisa£®ÏF”Í°°ƒß¿Ì…≥£©","Minty Spire (QoL Compilation)","StSLib","The Servant 0.9.4","Waifu the Spire"],"gold_per_floor":[116,70,70,81,94,127,127,144,171,198,47,57,57,5,5,109,109,124,134,59,75,8,41,41,41,41],"floor_reached":25,"playtime":662,"items_purged":[],"score":243,"play_id":"dc0d6ba6-b186-4f3c-98a8-d0ecfad9fa6c","local_time":"20201227214759","is_ascension_mode":true,"campfire_choices":[{"data":"Limit Break","floor":7.0,"key":"SMITH"},{"floor":15.0,"key":"REST"}],"circlet_count":0,"master_deck":["Strike_R","Strike_R","Strike_R","Strike_R","Defend_R","Defend_R","Defend_R","Defend_R","Bash","Flex","Perfected Strike","Brutality","Flex","Pommel Strike","Limit Break+1","Limit Break+1","Heavy Blade","Perfected Strike","Demon Form","Battle Trance","Infernal Blade"],"relics":["Mark of Pain","PreservedInsect","Regal Pillow","Odd Mushroom","DollysMirror","Busted Crown","Tiny Chest"],"acts_visited":["Exordium","TheCity"],"potions_floor_usage":[],"damage_taken":[{"damage":6.0,"enemies":"Cultist","floor":1.0,"turns":3.0},{"damage":14.0,"enemies":"Small Slimes","floor":4.0,"turns":2.0},{"damage":0.0,"enemies":"2 Louse","floor":5.0,"turns":2.0},{"damage":14.0,"enemies":"Gremlin Nob","floor":6.0,"turns":4.0},{"damage":8.0,"enemies":"Large Slime","floor":8.0,"turns":4.0},{"damage":29.0,"enemies":"The Mushroom Lair","floor":10.0,"turns":4.0},{"damage":6.0,"enemies":"Blue Slaver","floor":12.0,"turns":3.0},{"damage":7.0,"enemies":"Slime Boss","floor":16.0,"turns":7.0},{"damage":12.0,"enemies":"Chosen","floor":18.0,"turns":3.0},{"damage":42.0,"enemies":"3 Byrds","floor":19.0,"turns":5.0},{"damage":1.0,"enemies":"Centurion and Healer","floor":21.0,"turns":3.0},{"damage":12.0,"enemies":"Gremlin Leader","floor":23.0,"turns":4.0},{"damage":14,"enemies":"Slavers","floor":25,"turns":1}],"seed_played":"3425421840702801622","potions_obtained":[{"floor":4.0,"key":"FearPotion"},{"floor":5.0,"key":"FearPotion"},{"floor":10.0,"key":"SneckoOil"},{"floor":12.0,"key":"EntropicBrew"},{"floor":16.0,"key":"Dexterity Potion"}],"is_trial":false,"path_per_floor":["M","$","?","M","M","E","R","M","T","?","$","M","?","$","R","B",null,"M","M","?","M","$","E","?","E"],"character_chosen":"IRONCLAD","items_purchased":["Perfected Strike","DollysMirror","Perfected Strike","Battle Trance"],"campfire_rested":1,"item_purchase_floors":[2,11,14,22],"current_hp_per_floor":[74,74,74,60,60,46,46,38,38,9,9,3,29,29,68,61,80,68,26,26,25,25,13,13,0,0],"gold":41,"neow_bonus":"BOSS_RELIC","is_daily":false,"chose_seed":false,"campfire_upgraded":1,"win_rate":0.0,"timestamp":1609076879,"path_taken":["M","?","?","M","M","E","R","?","T","?","$","M","?","$","R","BOSS","M","M","?","M","$","E","?","E"],"items_purchased_type":["Card","Relic","Card","Card"],"build_version":"2020-12-22","purchased_purges":0,"victory":false,"max_hp_per_floor":[80,80,80,80,80,80,80,80,80,80,80,80,80,80,80,80,80,80,80,80,80,80,80,80,80,80],"card_choices":[{"not_picked":["Whirlwind","Clothesline"],"picked":"Flex","floor":1.0},{"not_picked":["Anger","Blood for Blood"],"picked":"Flex","floor":4.0},{"not_picked":["Blood for Blood","Warcry"],"picked":"Pommel Strike","floor":5.0},{"not_picked":["Dual Wield","Wild Strike"],"picked":"Limit Break","floor":6.0},{"not_picked":["Burning Pact","Dropkick","Pommel Strike"],"picked":"SKIP","floor":8.0},{"not_picked":["Evolve","Bloodletting"],"picked":"Heavy Blade","floor":12.0},{"not_picked":["Corruption","Barricade"],"picked":"Demon Form","floor":16.0},{"not_picked":["Flame Barrier"],"picked":"SKIP","floor":18.0},{"not_picked":["Wild Strike+1"],"picked":"SKIP","floor":19.0},{"not_picked":["Sever Soul"],"picked":"SKIP","floor":21.0},{"not_picked":[],"picked":"Infernal Blade","floor":23.0}],"player_experience":254336,"relics_obtained":[{"floor":6.0,"key":"PreservedInsect"},{"floor":9.0,"key":"Regal Pillow"},{"floor":10.0,"key":"Odd Mushroom"},{"floor":23.0,"key":"Tiny Chest"}],"event_choices":[{"damage_healed":0.0,"max_hp_gain":0.0,"max_hp_loss":0.0,"gold_gain":0.0,"event_name":"Match and Keep!","player_choice":"1 cards matched","floor":3.0,"gold_loss":0.0,"damage_taken":0.0,"cards_obtained":["Brutality"]},{"damage_healed":0.0,"max_hp_gain":0.0,"max_hp_loss":0.0,"gold_gain":0.0,"event_name":"Mushrooms","player_choice":"Fought Mushrooms","floor":10.0,"gold_loss":0.0,"damage_taken":0.0},{"damage_healed":26.0,"max_hp_gain":0.0,"max_hp_loss":0.0,"gold_gain":0.0,"event_name":"Big Fish","player_choice":"Banana","floor":13.0,"gold_loss":0.0,"damage_taken":0.0},{"cards_removed":["Strike_R"],"damage_healed":0.0,"max_hp_gain":0.0,"max_hp_loss":0.0,"gold_gain":0.0,"event_name":"Beggar","player_choice":"Gave Gold","floor":20.0,"gold_loss":75.0,"damage_taken":0.0}],"is_beta":false,"boss_relics":[{"not_picked":["Sozu","Runic Pyramid"],"picked":"Busted Crown"}],"items_purged_floors":[],"is_endless":false,"potions_floor_spawned":[4,5,10,12,16],"killed_by":"Slavers","ascension_level":2}}