{"host":"i9o21tdcc8l3o4rw","time":1609029122,"event":{"mods":["2.2 Compatiblity","Act Like it!","BaseMod","BetterRewards","Colored Map","Colored Powertips","Hubris","Infinite Spire","Jorbs\u0027s Wanderer Trilogy","Marisa????????","Menagerie","Minty Spire (QoL Compilation)","Replay The Spire","Shop Mod","StSLib","The Bladedancer","The Exalted","The Servant 0.9.4","??????REMEMod"],"gold_per_floor":[117,117,133,233,243,243,277,181,181,181,199,217,232,0,0,108,108,124,124,132,152,152,152,183,183,207,225,245,245,263,32,32,156,156,190,210,210],"floor_reached":36,"playtime":18106,"items_purged":[],"score":559,"play_id":"7639b128-ddf4-4db4-9cbc-13051a60fba9","local_time":"20201227013202","is_ascension_mode":false,"campfire_choices":[{"data":"Poisoned Stab","floor":6,"key":"SMITH"},{"floor":10,"key":"REST"},{"floor":15,"key":"REST"},{"floor":23,"key":"REST"},{"floor":29,"key":"REST"},{"floor":32,"key":"REST"}],"circlet_count":0,"master_deck":["Strike_G","Strike_G","Strike_G","Strike_G","Strike_G","Defend_G","Defend_G","Defend_G","Defend_G","Defend_G","Survivor","Neutralize","Poisoned Stab+1","Dagger Throw","ReplayTheSpireMod:Speed Training","Glass Knife","Noxious Fumes","Deflect","Quick Slash","Deflect","REME_ShadowStrike","Violence","Riddle With Holes","Poison Darts","Dagger Throw","infinitespire:DeathsTouch","Dagger Throw","Acrobatics+1","Dagger Throw","infinitespire:Neurotoxin","Backstab","Infinite Blades","Distraction+1"],"relics":["Ring of the Snake","REME_ComplimentaryCards","Centennial Puzzle","Torii","infinitespire:Midas Blood","hubris:Backtick","TwistedFunnel","Enchiridion","hubris:Towel","Bottled Tornado","Nunchaku","OrangePellets","infinitespire:EvilPickle"],"acts_visited":["Exordium","TheCity","TheBeyond"],"potions_floor_usage":[7,21,24,24,27,33,36],"damage_taken":[{"damage":20,"enemies":"Jaw Worm","floor":1,"turns":4},{"damage":0,"enemies":"Small Slimes","floor":3,"turns":4},{"damage":1,"enemies":"Cultist","floor":5,"turns":3},{"damage":22,"enemies":"Gremlin Nob","floor":7,"turns":5},{"damage":1,"enemies":"Large Slime","floor":11,"turns":7},{"damage":2,"enemies":"Exordium Thugs","floor":12,"turns":5},{"damage":7,"enemies":"Exordium Wildlife","floor":13,"turns":3},{"damage":34,"enemies":"Fading Forest","floor":16,"turns":11},{"damage":18,"enemies":"Spheric Guardian","floor":18,"turns":4},{"damage":5,"enemies":"3 Byrds","floor":21,"turns":3},{"damage":16,"enemies":"Gremlin Leader","floor":24,"turns":5},{"damage":2,"enemies":"Cultist and Chosen","floor":27,"turns":4},{"damage":18,"enemies":"Sentry and Sphere","floor":28,"turns":4},{"damage":1,"enemies":"3 Cultists","floor":30,"turns":3},{"damage":15,"enemies":"Pondfish","floor":33,"turns":7},{"damage":24,"enemies":"Orb Walker","floor":35,"turns":3},{"damage":47,"enemies":"3 Darklings","floor":36,"turns":12}],"seed_played":"-3451043931069211688","potions_obtained":[{"floor":3,"key":"Block Potion"},{"floor":11,"key":"Energy Potion"},{"floor":12,"key":"CultistPotion"},{"floor":16,"key":"Adrenaline Potion"},{"floor":21,"key":"SkillPotion"},{"floor":24,"key":"SkillPotion"},{"floor":33,"key":"Explosive Potion"}],"is_trial":false,"path_per_floor":["M","?","M","?","M","R","E","$","T","R","M","M","M","$","R","B",null,"M","AVR","?","M","?","R","E","?","T","M","M","R","M","$","R","B",null,"M","M"],"character_chosen":"THE_SILENT","items_purchased":["Noxious Fumes","Deflect","Violence","Riddle With Holes","Infinite Blades","OrangePellets"],"campfire_rested":5,"item_purchase_floors":[8,8,14,14,31,31],"current_hp_per_floor":[50,50,50,50,49,49,27,27,27,48,47,45,38,38,59,35,70,52,52,36,31,31,52,36,36,36,34,16,37,36,36,57,42,70,46,0,0],"gold":210,"neow_bonus":"RANDOM_COMMON_RELIC","is_daily":false,"chose_seed":false,"campfire_upgraded":1,"win_rate":0.0,"timestamp":1609029122,"path_taken":["M","?","M","?","?","R","E","$","T","R","M","M","M","$","R","BOSS","M","AVR","?","M","?","R","E","?","T","M","?","R","M","$","R","BOSS","M","M"],"items_purchased_type":["Card","Card","Card","Card","Card","Relic"],"build_version":"2020-11-29","purchased_purges":0,"victory":false,"max_hp_per_floor":[70,70,70,70,70,70,70,70,70,70,70,70,70,70,70,70,70,70,70,70,70,70,70,70,70,70,70,70,70,70,70,70,70,70,70,70,70],"card_choices":[{"not_picked":["Bane","Blade Dance"],"picked":"Poisoned Stab","floor":1},{"not_picked":["Blur","Prepared"],"picked":"Dagger Throw","floor":3},{"not_picked":["hubris:TrickCloak","Prepared"],"picked":"ReplayTheSpireMod:Speed Training","floor":5},{"not_picked":["Acrobatics","Dagger Throw"],"picked":"Glass Knife","floor":7},{"not_picked":["Underhanded Strike","Acrobatics"],"picked":"Quick Slash","floor":11},{"not_picked":["Acrobatics","Backflip"],"picked":"Deflect","floor":12},{"not_picked":["PiercingWail","ReplayTheSpireMod:Scrap Shanks"],"picked":"REME_ShadowStrike","floor":13},{"not_picked":["Doppelganger","Malaise"],"picked":"Poison Darts","floor":16},{"not_picked":["Flying Knee","Underhanded Strike"],"picked":"Dagger Throw","floor":18},{"not_picked":["hubris:SlightOfHand","Outmaneuver"],"picked":"Dagger Throw","floor":21},{"not_picked":["Unload","Expertise"],"picked":"Acrobatics+1","floor":24},{"not_picked":["Reflex+1","Outmaneuver+1"],"picked":"Dagger Throw","floor":27},{"not_picked":["Finisher","ReplayTheSpireMod:Tripwire"],"picked":"infinitespire:Neurotoxin","floor":28},{"not_picked":["Sucker Punch+1","hubris:SlightOfHand"],"picked":"Backstab","floor":30},{"not_picked":["Quick Slash+1","Sneak Up+1"],"picked":"Distraction+1","floor":35}],"player_experience":96037,"relics_obtained":[{"floor":7,"key":"Torii"},{"floor":9,"key":"infinitespire:Midas Blood"},{"floor":20,"key":"Enchiridion"},{"floor":24,"key":"Bottled Tornado"},{"floor":26,"key":"Nunchaku"}],"event_choices":[{"damage_healed":0,"gold_gain":100,"player_choice":"Pray","damage_taken":0,"max_hp_gain":0,"max_hp_loss":0,"event_name":"Golden Shrine","floor":4,"gold_loss":0},{"damage_healed":0,"gold_gain":0,"player_choice":"Obtained Book","damage_taken":16,"max_hp_gain":0,"max_hp_loss":0,"event_name":"Cursed Tome","floor":20,"gold_loss":0}],"is_beta":false,"boss_relics":[{"not_picked":["Velvet Choker","Coffee Dripper"],"picked":"hubris:Backtick"},{"not_picked":["hubris:BlackHole","hubris:TerracottaHorce","hubris:ScarierMask"]}],"items_purged_floors":[],"is_endless":false,"potions_floor_spawned":[3,11,12,16,21,24,33],"killed_by":"3 Darklings","ascension_level":0}}