{"host":"28p8ce41sjwa6lzf","time":1609029730,"event":{"mods":["AchievementEnabler","BaseMod","Colored Map","Colored Powertips","Highlight Path","Minty Spire (QoL Compilation)","Permanent Neow","Quick Restart","Random Character Button","Rare Cards Sparkle","Relic Stats","StSLib"],"gold_per_floor":[114,189,40,40,40,40,73,73,73,100,112,123,137,151,151,228,228,247,286,302,302,302,302],"floor_reached":22,"playtime":957,"items_purged":["Strike_P"],"score":492,"play_id":"edef7ce2-c72f-4966-afcb-ae8fab885916","local_time":"20201226184210","is_ascension_mode":true,"campfire_choices":[{"data":"Vault","floor":6.0,"key":"SMITH"},{"data":"Fasting2","floor":8.0,"key":"SMITH"},{"floor":15,"key":"REST"}],"circlet_count":0,"master_deck":["AscendersBane","Strike_P","Strike_P","Defend_P","Defend_P","Defend_P","Eruption","Vigilance","Judgement","EmptyFist","Fasting2+1","Vault+1","Wireheading","Weave","CutThroughFate","Prostrate","Prostrate","FollowUp","Wish","WaveOfTheHand+1","ReachHeaven","Adaptation+1"],"relics":["HolyWater","Smiling Mask","Shuriken","Darkstone Periapt"],"acts_visited":["Exordium","TheCity"],"potions_floor_usage":[14,16,16,16,20],"damage_taken":[{"damage":0.0,"enemies":"Cultist","floor":1.0,"turns":1.0},{"damage":14.0,"enemies":"3 Sentries","floor":7.0,"turns":8.0},{"damage":28,"enemies":"Gremlin Nob","floor":10,"turns":4},{"damage":0,"enemies":"Small Slimes","floor":11,"turns":2},{"damage":0,"enemies":"Jaw Worm","floor":12,"turns":3},{"damage":0,"enemies":"2 Fungi Beasts","floor":13,"turns":3},{"damage":0,"enemies":"3 Louse","floor":14,"turns":3},{"damage":0,"enemies":"Slime Boss","floor":16,"turns":4},{"damage":0,"enemies":"Spheric Guardian","floor":18,"turns":1},{"damage":3,"enemies":"3 Byrds","floor":19,"turns":5},{"damage":35,"enemies":"Shelled Parasite and Fungi","floor":20,"turns":5}],"seed_played":"-7022858773289279367","potions_obtained":[{"floor":10,"key":"Ancient Potion"},{"floor":12,"key":"SpeedPotion"},{"floor":14,"key":"EntropicBrew"},{"floor":19,"key":"Fire Potion"}],"is_trial":false,"path_per_floor":["M","?","$","?","?","R","E","R","T","E","M","M","M","M","R","B",null,"M","M","M","?","?"],"character_chosen":"WATCHER","items_purchased":["Fasting2"],"campfire_rested":1,"item_purchase_floors":[3],"current_hp_per_floor":[61,50,50,43,43,43,29,29,29,1,1,1,1,1,21,21,56,56,53,18,18,0,0],"gold":302,"neow_bonus":"ONE_RANDOM_RARE_CARD","is_daily":false,"chose_seed":false,"campfire_upgraded":2,"win_rate":0.0,"timestamp":1609029730,"path_taken":["M","?","$","?","?","R","E","R","T","E","M","M","?","M","R","BOSS","M","?","M","?","?"],"items_purchased_type":["Card"],"build_version":"2020-12-22","purchased_purges":1,"victory":false,"max_hp_per_floor":[68,68,68,68,68,68,68,68,68,68,68,68,68,68,68,68,68,68,68,68,68,73,73],"relic_stats":{"Darkstone Periapt":0,"counters":[11,39],"Shuriken":[4],"Smiling Mask":0,"obtain_stats":[{"Darkstone Periapt":10,"Shuriken":9,"HolyWater":17,"PureWater":0,"Smiling Mask":7},{"Darkstone Periapt":3,"Shuriken":2,"HolyWater":8,"PureWater":0,"Smiling Mask":2},{"Darkstone Periapt":13,"Shuriken":9,"HolyWater":28,"PureWater":0,"Smiling Mask":9}]},"card_choices":[{"not_picked":["BowlingBash","EmptyBody"],"picked":"EmptyFist","floor":1.0},{"not_picked":["Nirvana","FlyingSleeves"],"picked":"Wireheading","floor":7.0},{"not_picked":["Ragnarok","ClearTheMind"],"picked":"Weave","floor":10},{"not_picked":["BowlingBash","EmptyBody"],"picked":"CutThroughFate","floor":11},{"not_picked":["Meditate","Wireheading"],"picked":"Prostrate","floor":12},{"not_picked":["Protect","SignatureMove"],"picked":"Prostrate","floor":13},{"not_picked":["InnerPeace","SashWhip"],"picked":"FollowUp","floor":14},{"not_picked":["Establishment","MasterReality"],"picked":"Wish","floor":16},{"not_picked":["ThirdEye+1","Halt+1"],"picked":"WaveOfTheHand+1","floor":18},{"not_picked":["SandsOfTime+1","Protect"],"picked":"ReachHeaven","floor":19},{"not_picked":["InnerPeace","EmptyFist"],"picked":"Adaptation+1","floor":20}],"player_experience":1048390,"relics_obtained":[{"floor":7.0,"key":"Smiling Mask"},{"floor":9.0,"key":"Shuriken"},{"floor":10,"key":"Darkstone Periapt"}],"event_choices":[{"damage_healed":0.0,"max_hp_gain":0.0,"max_hp_loss":0.0,"gold_gain":75.0,"event_name":"World of Goop","player_choice":"Gather Gold","floor":2.0,"gold_loss":0.0,"damage_taken":11.0},{"cards_removed":["Defend_P"],"damage_healed":0.0,"max_hp_gain":0.0,"max_hp_loss":0.0,"gold_gain":0.0,"event_name":"Golden Wing","player_choice":"Card Removal","floor":4.0,"gold_loss":0.0,"damage_taken":7.0},{"damage_healed":0.0,"max_hp_gain":0.0,"max_hp_loss":0.0,"gold_gain":0.0,"cards_transformed":["Strike_P"],"event_name":"Transmorgrifier","player_choice":"Transformed","floor":5.0,"gold_loss":0.0,"damage_taken":0.0,"cards_obtained":["Vault"]},{"damage_healed":0,"gold_gain":0,"player_choice":"Ignored","damage_taken":0,"max_hp_gain":0,"max_hp_loss":0,"event_name":"Cursed Tome","floor":21,"gold_loss":0}],"is_beta":false,"boss_relics":[{"not_picked":["Fusion Hammer","Empty Cage"],"picked":"HolyWater"}],"items_purged_floors":[3],"is_endless":false,"potions_floor_spawned":[10,12,14,19],"ascension_level":20}}