{"host":"9tch52zpouts7b2p","time":1609051635,"event":{"mods":["BaseMod","Colored Map","Minty Spire (QoL Compilation)","StSLib","UnlockEverythingMod","noobMod"],"gold_per_floor":[114,114,114,139,139,139,186,186,186,186,220,265,289,389,389,519,519,542,545,460,110,133,133,162,162,186,232,271,73,102,144,144,282,282,314,314,100,0,27,27,27],"floor_reached":40,"playtime":3003,"items_purged":[],"score":516,"play_id":"18d50d78-42f8-46c4-9a24-6e6572fd7623","local_time":"20201227144715","is_ascension_mode":false,"campfire_choices":[{"floor":8.0,"key":"REST"},{"data":"Electrodynamics","floor":15.0,"key":"SMITH"},{"floor":23.0,"key":"REST"},{"floor":25.0,"key":"REST"},{"floor":32.0,"key":"REST"}],"circlet_count":0,"master_deck":["Defend_B","Defend_B","Defend_B+1","Defend_B","Zap","Dualcast","Stack","Auto Shields","Sunder","Coolheaded","Blizzard","Electrodynamics+1","Stack","Amplify","Melter","Storm+1","Capacitor","Defragment","Static Discharge","Hello World","Heatsinks","Turbo","Electrodynamics+1","Chill","Cold Snap","Creative AI","Aggregate","Tempest","Ball Lightning+1"],"relics":["Cracked Core","ice","NeowsBlessing","Golden Idol","CeramicFish","Symbiotic Virus","Strawberry","Juzu Bracelet","Inserter","Incense Burner","Medical Kit","MawBank","DollysMirror","Anchor","Empty Cage","OrangePellets","Red Mask"],"acts_visited":["Exordium","TheCity","TheBeyond"],"potions_floor_usage":[33,33,40],"damage_taken":[{"damage":0.0,"enemies":"Small Slimes","floor":1.0,"turns":1.0},{"damage":0.0,"enemies":"Jaw Worm","floor":4.0,"turns":1.0},{"damage":0.0,"enemies":"Gremlin Nob","floor":7.0,"turns":1.0},{"damage":0.0,"enemies":"2 Louse","floor":11.0,"turns":2.0},{"damage":0.0,"enemies":"3 Sentries","floor":12.0,"turns":9.0},{"damage":0.0,"enemies":"Large Slime","floor":13.0,"turns":4.0},{"damage":0.0,"enemies":"Slime Boss","floor":16.0,"turns":9.0},{"damage":10.0,"enemies":"Chosen","floor":18.0,"turns":4.0},{"damage":14.0,"enemies":"2 Thieves","floor":19.0,"turns":4.0},{"damage":16.0,"enemies":"Cultist and Chosen","floor":22.0,"turns":4.0},{"damage":9.0,"enemies":"Chosen and Byrds","floor":24.0,"turns":7.0},{"damage":21.0,"enemies":"Centurion and Healer","floor":27.0,"turns":6.0},{"damage":11.0,"enemies":"Cultist and Chosen","floor":28.0,"turns":6.0},{"damage":13.0,"enemies":"Snake Plant","floor":30.0,"turns":3.0},{"damage":19.0,"enemies":"Slavers","floor":31.0,"turns":2.0},{"damage":39,"enemies":"Collector","floor":33,"turns":8},{"damage":27,"enemies":"3 Darklings","floor":35,"turns":3},{"damage":19,"enemies":"3 Shapes","floor":39,"turns":4},{"damage":91,"enemies":"Giant Head","floor":40,"turns":10}],"seed_played":"-4981460341520758017","potions_obtained":[{"floor":7.0,"key":"ColorlessPotion"},{"floor":11.0,"key":"EssenceOfSteel"},{"floor":12.0,"key":"Explosive Potion"},{"floor":13.0,"key":"Dexterity Potion"},{"floor":18.0,"key":"Dexterity Potion"},{"floor":24.0,"key":"SneckoOil"},{"floor":30.0,"key":"SneckoOil"},{"floor":31.0,"key":"Swift Potion"},{"floor":33,"key":"Block Potion"}],"is_trial":false,"path_per_floor":["M","?","?","M","?","?","E","R","T","?","M","E","M","?","R","B",null,"M","M","?","$","M","R","M","R","T","M","M","$","M","E","R","B",null,"M","?","$","?","M","E"],"character_chosen":"DEFECT","items_purchased":["Medical Kit","FocusPotion","DuplicationPotion","LiquidBronze","Heatsinks","Turbo","DollysMirror","OrangePellets","Tempest"],"campfire_rested":4,"item_purchase_floors":[21,21,21,21,29,29,29,37,37],"current_hp_per_floor":[75,60,42,42,42,30,30,52,59,82,82,82,82,82,82,82,82,72,58,58,58,42,66,57,81,81,60,49,49,36,17,41,2,82,55,55,55,55,36,7,7],"gold":27,"neow_bonus":"THREE_ENEMY_KILL","is_daily":false,"chose_seed":false,"campfire_upgraded":1,"win_rate":0.0,"timestamp":1609051635,"path_taken":["M","?","?","M","?","?","E","R","T","?","?","E","M","?","R","BOSS","M","M","?","$","M","R","M","R","T","M","M","$","M","E","R","BOSS","M","?","$","?","M","E"],"items_purchased_type":["Relic","Potion","Potion","Potion","Card","Card","Relic","Relic","Card"],"build_version":"2020-12-22","purchased_purges":0,"victory":false,"max_hp_per_floor":[75,75,75,75,75,75,75,75,82,82,82,82,82,82,82,82,82,82,82,82,82,82,82,82,82,82,82,82,82,82,82,82,82,82,82,82,82,82,82,84,84],"card_choices":[{"not_picked":["Tempest","Steam"],"picked":"Stack","floor":1.0},{"not_picked":["Steam","Hologram"],"picked":"Auto Shields","floor":4.0},{"not_picked":["Doom and Gloom","Conserve Battery"],"picked":"Coolheaded","floor":7.0},{"not_picked":["Hologram","Steam Power"],"picked":"Blizzard","floor":11.0},{"not_picked":["Aggregate","Sweeping Beam"],"picked":"Electrodynamics","floor":12.0},{"not_picked":["Coolheaded","Barrage"],"picked":"Stack","floor":13.0},{"not_picked":["Hyperbeam","Biased Cognition"],"picked":"Amplify","floor":16.0},{"not_picked":["Turbo","Barrage+1"],"picked":"Melter","floor":18.0},{"not_picked":["Stack","Steam"],"picked":"Storm+1","floor":19.0},{"not_picked":["Conserve Battery","Beam Cell"],"picked":"Capacitor","floor":22.0},{"not_picked":["Reinforced Body","Coolheaded"],"picked":"Defragment","floor":24.0},{"not_picked":["Coolheaded","Go for the Eyes"],"picked":"Static Discharge","floor":27.0},{"not_picked":["Sweeping Beam","Go for the Eyes"],"picked":"Hello World","floor":28.0},{"not_picked":["Rip and Tear+1","Go for the Eyes+1"],"picked":"Chill","floor":30.0},{"not_picked":["Gash","Sweeping Beam+1"],"picked":"Cold Snap","floor":31.0},{"not_picked":["Meteor Strike","All For One"],"picked":"Creative AI","floor":33},{"not_picked":["Storm+1","Sweeping Beam"],"picked":"Aggregate","floor":35},{"not_picked":["Coolheaded+1","Steam+1"],"picked":"Ball Lightning+1","floor":39}],"player_experience":68603,"relics_obtained":[{"floor":7.0,"key":"Symbiotic Virus"},{"floor":9.0,"key":"Strawberry"},{"floor":12.0,"key":"Juzu Bracelet"},{"floor":26.0,"key":"MawBank"},{"floor":31.0,"key":"Anchor"}],"event_choices":[{"damage_healed":0.0,"max_hp_gain":0.0,"max_hp_loss":0.0,"gold_gain":0.0,"event_name":"Shining Light","player_choice":"Entered Light","floor":2.0,"gold_loss":0.0,"damage_taken":15.0,"cards_upgraded":["Defend_B","Strike_B"]},{"damage_healed":0.0,"max_hp_gain":0.0,"max_hp_loss":0.0,"gold_gain":0.0,"event_name":"Golden Idol","player_choice":"Take Damage","floor":3.0,"gold_loss":0.0,"damage_taken":18.0,"relics_obtained":["Golden Idol"]},{"damage_healed":0.0,"max_hp_gain":0.0,"max_hp_loss":0.0,"gold_gain":0.0,"cards_transformed":["Strike_B"],"event_name":"Living Wall","player_choice":"Change","floor":5.0,"gold_loss":0.0,"damage_taken":0.0,"cards_obtained":["Sunder"]},{"damage_healed":0.0,"max_hp_gain":0.0,"max_hp_loss":0.0,"gold_gain":0.0,"event_name":"Scrap Ooze","player_choice":"Success","floor":6.0,"gold_loss":0.0,"damage_taken":12.0,"relics_obtained":["CeramicFish"]},{"damage_healed":27.0,"max_hp_gain":0.0,"max_hp_loss":0.0,"gold_gain":0.0,"event_name":"Big Fish","player_choice":"Banana","floor":10.0,"gold_loss":0.0,"damage_taken":0.0},{"damage_healed":0.0,"max_hp_gain":0.0,"max_hp_loss":0.0,"gold_gain":100.0,"event_name":"Golden Shrine","player_choice":"Pray","floor":14.0,"gold_loss":0.0,"damage_taken":0.0},{"damage_healed":0.0,"max_hp_gain":0.0,"max_hp_loss":0.0,"gold_gain":0.0,"event_name":"Addict","player_choice":"Obtained Relic","floor":20.0,"gold_loss":85.0,"damage_taken":0.0,"relics_obtained":["Incense Burner"]},{"cards_removed":["Strike_B"],"damage_healed":0,"gold_gain":0,"player_choice":"Removed Attack","damage_taken":0,"max_hp_gain":0,"max_hp_loss":0,"event_name":"Falling","floor":36,"gold_loss":0},{"damage_healed":0,"gold_gain":0,"player_choice":"Paid","damage_taken":0,"relics_obtained":["Red Mask"],"max_hp_gain":0,"max_hp_loss":0,"event_name":"Tomb of Lord Red Mask","floor":38,"gold_loss":100}],"is_beta":false,"boss_relics":[{"not_picked":["Runic Dome","Runic Pyramid"],"picked":"Inserter"},{"not_picked":["Velvet Choker","Snecko Eye"],"picked":"Empty Cage"}],"items_purged_floors":[],"is_endless":false,"potions_floor_spawned":[7,11,12,13,18,24,30,31,33],"killed_by":"Giant Head","ascension_level":0}}