{"host":"yer03dsd277nstsn","time":1609064538,"event":{"mods":["BaseMod","Minty Spire (QoL Compilation)"],"gold_per_floor":[114,114,124,144,158,158,191,191,191,207,240,254,269,283,283,283,283],"floor_reached":16,"playtime":766,"items_purged":[],"score":145,"play_id":"b4a5ced2-6df2-49f9-be0b-65a2a1f824df","local_time":"20201227042218","is_ascension_mode":true,"campfire_choices":[{"data":"Zap","floor":6,"key":"SMITH"},{"data":"Go for the Eyes","floor":8,"key":"SMITH"},{"data":"Echo Form","floor":15,"key":"SMITH"}],"circlet_count":0,"master_deck":["Strike_B","Strike_B","Strike_B","Strike_B","Defend_B","Defend_B","Defend_B","Defend_B","Zap+1","Gash","Rebound","Beam Cell","Go for the Eyes+1","Rebound","Conserve Battery","Echo Form+1","Melter","Auto Shields"],"relics":["Coffee Dripper","Bag of Preparation","Orichalcum","Matryoshka"],"acts_visited":["Exordium"],"potions_floor_usage":[7,13,13,16],"damage_taken":[{"damage":1,"enemies":"2 Louse","floor":1,"turns":3},{"damage":0,"enemies":"Cultist","floor":3,"turns":3},{"damage":0,"enemies":"Small Slimes","floor":4,"turns":2},{"damage":9,"enemies":"2 Fungi Beasts","floor":5,"turns":3},{"damage":37,"enemies":"Lagavulin","floor":7,"turns":8},{"damage":11,"enemies":"3 Louse","floor":10,"turns":4},{"damage":15,"enemies":"Gremlin Nob","floor":11,"turns":4},{"damage":6,"enemies":"Looter","floor":12,"turns":2},{"damage":0,"enemies":"Large Slime","floor":13,"turns":4},{"damage":6,"enemies":"Exordium Wildlife","floor":14,"turns":3},{"damage":2,"enemies":"Hexaghost","floor":16,"turns":9}],"seed_played":"-4384588686752002653","potions_obtained":[{"floor":1,"key":"LiquidMemories"},{"floor":4,"key":"Regen Potion"},{"floor":7,"key":"PowerPotion"},{"floor":11,"key":"Swift Potion"}],"is_trial":false,"path_per_floor":["M","?","M","M","M","R","E","R","T","M","E","M","M","M","R","B"],"character_chosen":"DEFECT","items_purchased":[],"campfire_rested":0,"item_purchase_floors":[],"current_hp_per_floor":[74,74,74,74,65,65,40,40,40,29,14,8,8,2,2,0,0],"gold":283,"neow_bonus":"BOSS_RELIC","is_daily":false,"chose_seed":false,"campfire_upgraded":3,"win_rate":0.0,"timestamp":1609064538,"path_taken":["M","?","M","M","M","R","E","R","T","M","E","?","M","M","R","BOSS"],"items_purchased_type":[],"build_version":"2020-12-22","purchased_purges":0,"victory":false,"max_hp_per_floor":[75,75,75,75,75,75,75,75,75,75,75,75,75,75,75,75,75],"card_choices":[{"not_picked":["Hello World","Stack"],"picked":"Gash","floor":1},{"not_picked":["Stack","Fusion"],"picked":"Beam Cell","floor":3},{"not_picked":["Beam Cell","Sweeping Beam"],"picked":"Go for the Eyes","floor":4},{"not_picked":["Heatsinks","Coolheaded"],"picked":"Rebound","floor":5},{"not_picked":["Tempest","Skim","Redo"],"picked":"SKIP","floor":7},{"not_picked":["Streamline","Chaos"],"picked":"Conserve Battery","floor":10},{"not_picked":["Rebound","Barrage"],"picked":"Echo Form","floor":11},{"not_picked":["Genetic Algorithm","Capacitor"],"picked":"Melter","floor":12},{"not_picked":["Sweeping Beam","Genetic Algorithm","Loop"],"picked":"SKIP","floor":13},{"not_picked":["Compile Driver","Coolheaded"],"picked":"Auto Shields","floor":14}],"player_experience":368589,"relics_obtained":[{"floor":7,"key":"Bag of Preparation"},{"floor":9,"key":"Orichalcum"},{"floor":11,"key":"Matryoshka"}],"event_choices":[{"damage_healed":0,"gold_gain":0,"cards_transformed":["Dualcast"],"player_choice":"Transformed","damage_taken":0,"max_hp_gain":0,"max_hp_loss":0,"event_name":"Transmorgrifier","floor":2,"gold_loss":0,"cards_obtained":["Rebound"]}],"is_beta":false,"boss_relics":[],"items_purged_floors":[],"is_endless":false,"potions_floor_spawned":[1,4,7,11],"killed_by":"Hexaghost","ascension_level":5}}