{"host":"6pgtslebjnyv5xmi","time":1609068619,"event":{"mods":["AchievementEnabler","BaseMod","Colored Map","Minty Spire (QoL Compilation)","Rare Cards Sparkle","StSLib","SuperFastMode","everything is the same but u backflip on backflip"],"gold_per_floor":[368,368,220,232,248,248,282,282,282,282,282,299,312,262,262,262,262],"floor_reached":16,"playtime":631,"items_purged":["Strike_R"],"score":145,"play_id":"c53ca364-0086-4433-803e-9a32a0ac1a11","local_time":"20201227203019","is_ascension_mode":true,"campfire_choices":[{"data":"Body Slam","floor":6,"key":"SMITH"},{"data":"Offering","floor":8,"key":"SMITH"},{"floor":11,"key":"REST"},{"floor":15,"key":"REST"}],"circlet_count":0,"master_deck":["Strike_R","Strike_R","Strike_R","Defend_R","Defend_R","Defend_R","Bash","Offering+1","Body Slam+1","Shrug It Off","Headbutt","Metallicize","Reaper"],"relics":["Burning Blood","Kunai","Dream Catcher"],"acts_visited":["Exordium"],"potions_floor_usage":[7,13],"damage_taken":[{"damage":17,"enemies":"Jaw Worm","floor":1,"turns":4},{"damage":1,"enemies":"Cultist","floor":4,"turns":3},{"damage":2,"enemies":"Small Slimes","floor":5,"turns":5},{"damage":37,"enemies":"Lagavulin","floor":7,"turns":7},{"damage":6,"enemies":"Blue Slaver","floor":12,"turns":2},{"damage":6,"enemies":"Lots of Slimes","floor":13,"turns":3},{"damage":90,"enemies":"Slime Boss","floor":16,"turns":14}],"seed_played":"411520853713868939","potions_obtained":[{"floor":5,"key":"Strength Potion"},{"floor":12,"key":"DistilledChaos"},{"floor":13,"key":"BlessingOfTheForge"}],"is_trial":false,"path_per_floor":["M","?","$","M","M","R","E","R","T","?","R","M","M","?","R","B"],"character_chosen":"IRONCLAD","items_purchased":["Offering"],"campfire_rested":2,"item_purchase_floors":[3],"current_hp_per_floor":[61,61,61,66,70,70,39,39,39,32,56,56,56,56,80,0,0],"gold":262,"neow_bonus":"TWO_FIFTY_GOLD","is_daily":false,"chose_seed":false,"campfire_upgraded":2,"win_rate":0.0,"timestamp":1609068619,"path_taken":["M","?","$","?","M","R","E","R","T","?","R","M","M","?","R","BOSS"],"items_purchased_type":["Card"],"build_version":"2020-12-22","purchased_purges":1,"victory":false,"max_hp_per_floor":[80,80,80,80,80,80,80,80,80,80,80,80,80,80,80,80,80],"card_choices":[{"not_picked":["Hemokinesis","Iron Wave","Armaments"],"picked":"SKIP","floor":1},{"not_picked":["Dual Wield","Sever Soul"],"picked":"Body Slam","floor":4},{"not_picked":["Cleave","Wild Strike"],"picked":"Shrug It Off","floor":5},{"not_picked":["Dropkick","Rupture","Flex"],"picked":"SKIP","floor":7},{"not_picked":["Havoc","Iron Wave"],"picked":"Headbutt","floor":11},{"not_picked":["Evolve","Iron Wave","Bloodletting"],"picked":"SKIP","floor":12},{"not_picked":["Wild Strike","Twin Strike"],"picked":"Metallicize","floor":13},{"not_picked":["Twin Strike","Cleave"],"picked":"Reaper","floor":15}],"player_experience":516382,"relics_obtained":[{"floor":7,"key":"Kunai"},{"floor":9,"key":"Dream Catcher"}],"event_choices":[{"cards_removed":["Decay"],"damage_healed":0,"gold_gain":0,"player_choice":"Card Removal","damage_taken":0,"max_hp_gain":0,"max_hp_loss":0,"event_name":"Wheel of Change","floor":2,"gold_loss":0},{"cards_removed":["Defend_R"],"damage_healed":0,"gold_gain":0,"player_choice":"Card Removal","damage_taken":7,"max_hp_gain":0,"max_hp_loss":0,"event_name":"Golden Wing","floor":10,"gold_loss":0},{"cards_removed":["Strike_R"],"damage_healed":0,"gold_gain":0,"player_choice":"Card Removal","damage_taken":0,"max_hp_gain":0,"max_hp_loss":0,"event_name":"The Cleric","floor":14,"gold_loss":50}],"is_beta":false,"boss_relics":[],"items_purged_floors":[3],"is_endless":false,"potions_floor_spawned":[5,12,13],"killed_by":"Slime Boss","ascension_level":9}}