{"host":"5g4swet0bj9kkdb5","time":1609098175,"event":{"mods":["Aspiration","BaseMod","Better Altar","Better Note","BetterRewards","Colored Map","Colored Powertips","DeckTracker","Highlight Path","Hubris","Infinite Spire","Minty Spire (QoL Compilation)","Quick Restart","Random Character Button","Rare Cards Sparkle","Relic Sorter","Replay The Spire","StSLib","SuperFastMode","Synergy Search","The Bug Knight","The Cursed","The Disciple","The IronCluck","The Jungle","The Runesmith","The Servant 0.9.4","Waifu the Spire"],"gold_per_floor":[117,132,148,39,39,64,64,83,83,83,99,99,124,124,124,229,229,246,246,246,246,256,275,286,286,286,286,340,353,367,367,386,404,404,507,507,518,537,537,537,537],"floor_reached":40,"playtime":5213,"items_purged":[],"score":425,"play_id":"74a4a811-a120-4ccc-8a0e-cd9283bdfafd","local_time":"20201227144255","is_ascension_mode":false,"campfire_choices":[{"floor":10,"key":"REST"},{"floor":25,"key":"REST"},{"floor":31,"key":"REST"},{"floor":34,"key":"REST"}],"circlet_count":0,"master_deck":["HollowMod:NailStrikeStart","HollowMod:NailStrikeStart","HollowMod:NailStrikeStart","HollowMod:NailStrikeStart","HollowMod:QuickDashStart","HollowMod:QuickDashStart","HollowMod:QuickDashStart","HollowMod:QuickDashStart","HollowMod:FocusHealStart","HollowMod:PogoStrike","HollowMod:ShadowDash","HollowMod:DesolateDive+1","HollowMod:HeavyBlow","HollowMod:GrimmsGift","HollowMod:CoiledNail","HollowMod:Weaversong","HollowMod:FallenFury","HollowMod:GoodIntentions","HollowMod:CoiledNail","HollowMod:QuirrelsAssistance","HollowMod:DoubleDash","HollowMod:SharpenedNail","HollowMod:SlysStrikes","HollowMod:HeavyBlow","HollowMod:SharpenedNail","HollowMod:PerfectDash","HollowMod:QuirrelsAssistance","infinitespire:Gouge","Defend_G","HollowMod:CloakDash","HollowMod:HowlingWraiths","HollowMod:MawleksShell+1","HollowMod:CoiledNail","HollowMod:SoulMaster","HollowMod:CornifersMapStart","HollowMod:ShapeofUnn+1","Replay:Parry","Jack Of All Trades"],"relics":["HollowMod:VesselMask","NeowsBlessing","HollowMod:LifeEnderRelic","Gremlin Horn","Anchor","infinitespire:Satchel","Busted Crown","infinitespire:Lucky Rock","Strawberry","hubris:VirtuousBlindfold"],"acts_visited":["Exordium","TheCity","TheBeyond"],"potions_floor_usage":[30,35],"damage_taken":[{"damage":0,"enemies":"2 Louse","floor":1,"turns":1},{"damage":0,"enemies":"Jaw Worm","floor":2,"turns":1},{"damage":0,"enemies":"Cultist","floor":3,"turns":1},{"damage":25,"enemies":"Replay:BlueRogue","floor":6,"turns":8},{"damage":8,"enemies":"Blue Slaver","floor":8,"turns":5},{"damage":7,"enemies":"2 Fungi Beasts","floor":11,"turns":3},{"damage":11,"enemies":"Gremlin Nob","floor":13,"turns":3},{"damage":39,"enemies":"Fading Forest","floor":16,"turns":11},{"damage":17,"enemies":"Spheric Guardian","floor":18,"turns":4},{"damage":0,"enemies":"Chosen","floor":22,"turns":3},{"damage":31,"enemies":"Shelled Parasite and Fungi","floor":23,"turns":5},{"damage":38,"enemies":"Snecko","floor":24,"turns":7},{"damage":14,"enemies":"Sentry and Sphere","floor":29,"turns":4},{"damage":9,"enemies":"Centurion and Healer","floor":30,"turns":3},{"damage":15,"enemies":"Shelled Parasite and Fungi","floor":32,"turns":3},{"damage":9,"enemies":"3 Cultists","floor":33,"turns":4},{"damage":32,"enemies":"Automaton","floor":35,"turns":8},{"damage":0,"enemies":"Orb Walker","floor":37,"turns":2},{"damage":7,"enemies":"3 Darklings","floor":38,"turns":4},{"damage":26,"enemies":"infinitespire:Three Voidlings","floor":40,"turns":4},{"damage":56,"enemies":"Nightmare_Alpha","floor":40,"turns":4}],"seed_played":"4649624970582680169","potions_obtained":[{"floor":1,"key":"Dexterity Potion"},{"floor":8,"key":"Swift Potion"},{"floor":13,"key":"Doom Potion"},{"floor":16,"key":"ColorlessPotion"},{"floor":24,"key":"PowerPotion"},{"floor":30,"key":"Elixir"},{"floor":35,"key":"Swift Potion"},{"floor":38,"key":"Strength Potion"}],"is_trial":false,"path_per_floor":["M","M","M","$","?","E","?","M","T","R","M","?","E","?","R_BF","B",null,"M","?","PTL","PTL","M","M","M","R","AVR","?","T","M","M","R","M","M","R","B",null,"M","M","?","?"],"character_chosen":"THE_BUGKNIGHT","items_purchased":["HollowMod:GrimmsGift","HollowMod:CoiledNail"],"campfire_rested":4,"item_purchase_floors":[4,4],"current_hp_per_floor":[75,75,75,75,75,56,56,54,54,75,68,68,57,57,57,38,75,58,75,75,75,75,44,16,38,38,38,45,31,22,46,31,22,46,14,82,82,75,70,0,0],"gold":537,"neow_bonus":"THREE_ENEMY_KILL","is_daily":false,"chose_seed":false,"campfire_upgraded":0,"win_rate":0.0,"timestamp":1609098175,"path_taken":["M","M","M","$","?","E","?","?","T","R","M","?","E","?","R_BF","BOSS","M","?","PTL","PTL","?","M","M","R","AVR","?","T","?","M","R","M","M","R","BOSS","M","M","?","?"],"items_purchased_type":["Card","Card"],"build_version":"2020-12-22","purchased_purges":0,"victory":false,"max_hp_per_floor":[75,75,75,75,75,75,75,75,75,75,75,75,75,75,75,75,75,75,75,75,75,75,75,75,75,75,75,82,82,82,82,82,82,82,82,82,82,82,82,82,82],"card_choices":[{"not_picked":["HollowMod:InfectedCysts","HollowMod:SoulStrike"],"picked":"HollowMod:ShadowDash","floor":1},{"not_picked":["HollowMod:SoulShaman","HollowMod:Grubsong"],"picked":"HollowMod:DesolateDive","floor":2},{"not_picked":["HollowMod:WraithStrike","HollowMod:ShadowDash"],"picked":"HollowMod:HeavyBlow","floor":3},{"not_picked":["HollowMod:NewLittleFool","HollowMod:DreamGate"],"picked":"HollowMod:Weaversong","floor":6},{"not_picked":["HollowMod:SiblingsSouls","HollowMod:TaintedHusks"],"picked":"HollowMod:QuirrelsAssistance","floor":8},{"not_picked":["HollowMod:MawleksShell","HollowMod:BlackTendrils"],"picked":"HollowMod:DoubleDash","floor":11},{"not_picked":["HollowMod:SiblingsSouls","HollowMod:VengefulVoid"],"picked":"HollowMod:SharpenedNail","floor":13},{"not_picked":["HollowMod:Hiveblood","HollowMod:SoulMaster"],"picked":"HollowMod:SlysStrikes","floor":16},{"not_picked":[],"picked":"HollowMod:HeavyBlow","floor":18},{"not_picked":[],"picked":"HollowMod:SharpenedNail","floor":22},{"not_picked":[],"picked":"HollowMod:PerfectDash","floor":23},{"not_picked":[],"picked":"HollowMod:QuirrelsAssistance","floor":24},{"not_picked":[],"picked":"HollowMod:CloakDash","floor":29},{"not_picked":[],"picked":"HollowMod:HowlingWraiths","floor":30},{"not_picked":[],"picked":"HollowMod:MawleksShell+1","floor":32},{"not_picked":[],"picked":"HollowMod:CoiledNail","floor":33},{"not_picked":[],"picked":"HollowMod:SoulMaster","floor":35},{"not_picked":[],"picked":"HollowMod:CornifersMapStart","floor":37},{"not_picked":[],"picked":"HollowMod:ShapeofUnn+1","floor":38},{"not_picked":[],"picked":"Replay:Parry","floor":39},{"not_picked":[],"picked":"Jack Of All Trades","floor":39}],"player_experience":121954,"relics_obtained":[{"floor":6,"key":"HollowMod:LifeEnderRelic"},{"floor":9,"key":"Gremlin Horn"},{"floor":13,"key":"Anchor"},{"floor":28,"key":"Strawberry"}],"event_choices":[{"damage_healed":0,"gold_gain":0,"player_choice":"3 cards matched","damage_taken":0,"max_hp_gain":0,"max_hp_loss":0,"event_name":"Match and Keep!","floor":7,"gold_loss":0,"cards_obtained":["HollowMod:FallenFury","HollowMod:GoodIntentions","HollowMod:CoiledNail"]},{"damage_healed":0,"gold_gain":0,"player_choice":"Grow","damage_taken":0,"max_hp_gain":0,"max_hp_loss":0,"event_name":"Living Wall","floor":12,"gold_loss":0,"cards_upgraded":["HollowMod:DesolateDive"]},{"damage_healed":0,"gold_gain":0,"player_choice":"Bought 0 Potions","damage_taken":0,"max_hp_gain":0,"max_hp_loss":0,"event_name":"The Woman in Blue","floor":14,"gold_loss":0},{"damage_healed":0,"gold_gain":0,"player_choice":"Gave Potion","damage_taken":0,"relics_obtained":["infinitespire:Satchel"],"max_hp_gain":0,"max_hp_loss":0,"event_name":"WeMeetAgain","floor":15,"gold_loss":0},{"damage_healed":17,"gold_gain":0,"player_choice":"Full Heal","damage_taken":0,"max_hp_gain":0,"max_hp_loss":0,"event_name":"Wheel of Change","floor":19,"gold_loss":0},{"cards_removed":["HollowMod:SharpenedNail"],"damage_healed":0,"gold_gain":0,"player_choice":"Take \u0026 Give","damage_taken":0,"max_hp_gain":0,"max_hp_loss":0,"event_name":"betterNote:BetterNote","floor":27,"gold_loss":0,"cards_obtained":["Defend_G"]},{"damage_healed":0,"gold_gain":0,"player_choice":"Memory 2","damage_taken":5,"max_hp_gain":0,"max_hp_loss":0,"event_name":"SensoryStone","floor":39,"gold_loss":0}],"is_beta":false,"boss_relics":[{"not_picked":["Philosopher\u0027s Stone","Coffee Dripper"],"picked":"Busted Crown"},{"not_picked":["aspiration:FutureDiary","ReplayTheSpireMod:DimensionalGlitch"],"picked":"hubris:VirtuousBlindfold"}],"items_purged_floors":[],"is_endless":false,"potions_floor_spawned":[1,8,13,16,23,24,30,35,38,40],"killed_by":"Nightmare_Alpha","ascension_level":0}}