{"host":"w0w6jcqjdtkzk2bw","time":1609034563,"event":{"mods":["2.2 Compatiblity","AchievementEnabler","BaseMod","BetterRewards","Colored Map","Colored Powertips","DeckTracker","Downfall","Energized Spire","Friendly Minions","Highlight Path","Hubris","Infinite Spire","Marisa????????","Minty Spire (QoL Compilation)","Permanent Neow","Quick Restart","Shade Mod","StSLib","Synergy Search","Td1madao Mod","The Administrix","The Gatherer","The Runesmith","The Spell Scribe","TheFirefly"],"gold_per_floor":[114,131,3,3,18,18,18,3,28,59,59,75,25,25,25,125,125,137,149,168,168,187,214,214,229,179,213,163,188,138,153,103,208,208,222,232,250,267,267,294,294,310,339,357,389,407,132,182,132,132],"floor_reached":51,"playtime":3785,"items_purged":[],"score":951,"play_id":"0bd326dc-3a2f-410f-8c8d-a0672bc5c810","local_time":"20201226210243","is_ascension_mode":true,"campfire_choices":[{"floor":13,"key":"REST"},{"floor":15,"key":"REST"},{"data":"Slimebound:MassFeed","floor":26,"key":"SMITH"},{"data":"Slimebound:LeadByExample","floor":28,"key":"SMITH"},{"data":"hubris:DuctTapeCard","floor":30,"key":"SMITH"},{"floor":32,"key":"RECALL"},{"floor":47,"key":"REST"},{"data":"Slimebound:OozeBath","floor":49,"key":"SMITH"}],"circlet_count":0,"master_deck":["Slimebound:Strike_Slimebound","Slimebound:Strike_Slimebound","Slimebound:Strike_Slimebound","Slimebound:Tackle","Slimebound:Defend_Slimebound","Slimebound:Defend_Slimebound","Slimebound:Defend_Slimebound","Slimebound:Defend_Slimebound","Slimebound:Split+1","Slimebound:CorrosiveSpit","Slimebound:RejuvenatingLick","Slimebound:FormOfPuddle","Slimebound:LeadByExample+1","Slimebound:SplitBruiser","Pain","Slimebound:SplitAcid","Slimebound:LeechEnergy","Slimebound:LeadByExample","Slimebound:FormOfPuddle+1","Slimebound:RollThrough","Slimebound:MassFeed+1","Slimebound:ComboTackle","Slimebound:Schlurp","Slimebound:DisruptingSlam","Slimebound:CheckThePlaybook","Slimebound:LevelUp","infinitespire:Gouge","Slimebound:ComboTackle+1","Slimebound:Schlurp+1","Slimebound:GoopSpray","hubris:DuctTapeCard+2","Slimebound:FinishingTackle","Slimebound:MassFeed","Slimebound:RollThrough+1","Slimebound:SplitAcid","Slimebound:FormOfPuddle","Slimebound:FormOfPuddle+1","Slimebound:Replication","Slimebound:AcidTongue","Slimebound:OozeBath+1","Slimebound:ComboTackle+1","Slimebound:SplitMire","Slimebound:SplitMire","Slimebound:AcidTongue"],"relics":["Slimebound:AbsorbEndCombat","WarpedTongs","Slimebound:GreedOozeRelic","WingedGreaves","Centennial Puzzle","Bronze Scales","hubris:BlackHole","hubris:PeanutButter","infinitespire:EmpoweringShard","Letter Opener","hubris:DuctTape","Snecko Eye","hubris:Metronome","infinitespire:PuzzleCube","MealTicket","downfall:HeartBlessingRed","downfall:HeartBlessingGreen","downfall:HeartBlessingBlue","Ginger"],"acts_visited":["Exordium","TheCity","TheBeyond"],"potions_floor_usage":[10,12,27,37,43,44,50],"damage_taken":[{"damage":9,"enemies":"Cultist","floor":1,"turns":4},{"damage":11,"enemies":"Small Slimes","floor":2,"turns":3},{"damage":9,"enemies":"downfall:FleeingMerchant","floor":3,"turns":4},{"damage":14,"enemies":"2 Louse","floor":5,"turns":2},{"damage":32,"enemies":"downfall:FleeingMerchant","floor":8,"turns":4},{"damage":26,"enemies":"3 Sentries","floor":9,"turns":3},{"damage":38,"enemies":"Lagavulin","floor":10,"turns":4},{"damage":17,"enemies":"Lots of Slimes","floor":12,"turns":3},{"damage":26,"enemies":"downfall:Silent","floor":16,"turns":6},{"damage":10,"enemies":"3 Byrds","floor":18,"turns":2},{"damage":3,"enemies":"Cultist and Chosen","floor":19,"turns":3},{"damage":22,"enemies":"Snake Plant","floor":20,"turns":3},{"damage":33,"enemies":"Centurion and Healer","floor":22,"turns":4},{"damage":25,"enemies":"Nightmare","floor":23,"turns":4},{"damage":20,"enemies":"Cultist and Chosen","floor":25,"turns":3},{"damage":8,"enemies":"Book of Stabbing","floor":27,"turns":3},{"damage":0,"enemies":"Gremlin Leader","floor":29,"turns":2},{"damage":2,"enemies":"Chosen and Byrds","floor":31,"turns":2},{"damage":10,"enemies":"downfall:Ironclad","floor":33,"turns":3},{"damage":0,"enemies":"3 Darklings","floor":35,"turns":2},{"damage":0,"enemies":"Orb Walker","floor":36,"turns":1},{"damage":17,"enemies":"Maw","floor":37,"turns":2},{"damage":0,"enemies":"4 Shapes","floor":38,"turns":2},{"damage":2,"enemies":"Reptomancer","floor":40,"turns":3},{"damage":24,"enemies":"Transient","floor":42,"turns":5},{"damage":0,"enemies":"Nemesis","floor":43,"turns":3},{"damage":2,"enemies":"Maw","floor":44,"turns":3},{"damage":60,"enemies":"Nightmare","floor":45,"turns":5},{"damage":0,"enemies":"Spire Growth","floor":46,"turns":1},{"damage":4,"enemies":"Mind Bloom Boss Battle","floor":48,"turns":1},{"damage":4,"enemies":"downfall:Watcher","floor":50,"turns":3}],"seed_played":"5457178174709059338","potions_obtained":[{"floor":9,"key":"Slimebound:SlimedPotion"},{"floor":10,"key":"SkillPotion"},{"floor":16,"key":"Regen Potion"},{"floor":18,"key":"AttackPotion"},{"floor":22,"key":"Swift Potion"},{"floor":29,"key":"Slimebound:SpawnSlimePotion"},{"floor":31,"key":"DuplicationPotion"},{"floor":37,"key":"DistilledChaos"},{"floor":38,"key":"EntropicBrew"},{"floor":43,"key":"Swift Potion"},{"floor":45,"key":"AttackPotion"}],"is_trial":false,"path_per_floor":["M","M","$","?","M","?","T","$","E","E","?","M","R","?","R","B",null,"M","M","M","?","M","NM","T","M","R","E","R","E","R","M","R","B",null,"M","M","M","M","?","E","T","M","E","M","NM","M","R","?","R","B",null],"character_chosen":"SLIMEBOUND","items_purchased":["Slimebound:LeadByExample","Slimebound:SplitBruiser"],"campfire_rested":3,"item_purchase_floors":[3,3],"current_hp_per_floor":[60,60,60,60,56,56,56,44,36,20,20,17,35,35,53,47,60,60,66,54,54,47,40,40,40,40,40,40,50,50,52,52,52,60,60,60,58,60,60,63,63,63,67,63,17,19,52,68,68,77],"gold":132,"neow_bonus":"UPGRADE_CARD","is_daily":false,"chose_seed":false,"campfire_upgraded":4,"win_rate":0.0,"timestamp":1609034563,"path_taken":["M","M","$","?","?","?","T","$","E","E","?","?","R","?","R","BOSS","M","M","M","?","M","NM","T","M","R","E","R","E","R","M","R","BOSS","M","M","M","M","?","E","T","M","E","M","NM","M","R","?","R","BOSS"],"items_purchased_type":["Card","Card"],"build_version":"2020-12-22","purchased_purges":0,"victory":true,"max_hp_per_floor":[60,60,60,60,60,60,60,60,60,60,60,60,60,60,60,60,60,66,66,66,60,60,60,60,60,60,60,60,60,60,60,60,60,60,60,60,60,60,60,63,63,63,67,67,67,67,77,77,77,77],"card_choices":[{"not_picked":["Slimebound:SplitBruiser","Slimebound:GrowthPunch"],"picked":"Slimebound:RejuvenatingLick","floor":1},{"not_picked":["Slimebound:HauntingLick","Slimebound:RollThrough"],"picked":"Slimebound:FormOfPuddle","floor":2},{"not_picked":["Slimebound:SpikyOuterGoop","Slimebound:GrowthPunch"],"picked":"Slimebound:Overexert","floor":3},{"not_picked":["Slimebound:ComboTackle","Slimebound:Schlurp"],"picked":"Slimebound:SplitAcid","floor":5},{"not_picked":["Slimebound:FinishingTackle","Slimebound:PressTheAttack"],"picked":"Slimebound:LeechEnergy","floor":8},{"not_picked":["Slimebound:SplitLeeching","Slimebound:DisruptingSlam"],"picked":"Slimebound:LeadByExample","floor":9},{"not_picked":["Slimebound:Prepare","Slimebound:GoopSpray"],"picked":"Slimebound:FormOfPuddle","floor":10},{"not_picked":["Slimebound:ForwardTackle","Slimebound:PressTheAttack"],"picked":"Slimebound:RollThrough","floor":12},{"not_picked":["Slimebound:Teamwork","Slimebound:LeechLife"],"picked":"Slimebound:MassFeed","floor":16},{"not_picked":["Slimebound:Chomp+1","Slimebound:GrowthPunch"],"picked":"Slimebound:ComboTackle","floor":18},{"not_picked":["Slimebound:LeechingTouch","Slimebound:PressTheAttack"],"picked":"Slimebound:Schlurp","floor":19},{"not_picked":["Slimebound:SplitBruiser+1","Slimebound:LeechEnergy"],"picked":"Slimebound:DisruptingSlam","floor":20},{"not_picked":["Slimebound:ProtectTheBoss","Slimebound:ViciousTackle"],"picked":"Slimebound:LevelUp","floor":22},{"not_picked":["infinitespire:FinalStrike","infinitespire:Fortify"],"picked":"infinitespire:Gouge","floor":23},{"not_picked":["Slimebound:ItLooksTasty","Slimebound:MassRepurpose"],"picked":"Slimebound:ComboTackle+1","floor":23},{"not_picked":["Slimebound:Gluttony","Slimebound:RollThrough"],"picked":"Slimebound:Schlurp+1","floor":25},{"not_picked":["Slimebound:Gluttony","Slimebound:SplitBruiser"],"picked":"Slimebound:GoopSpray","floor":27},{"not_picked":["Slimebound:SlimeSpikes+1","Slimebound:FinishingTackle"],"picked":"Slimebound:AcidTongue","floor":29},{"not_picked":["Slimebound:PressTheAttack","Slimebound:SlimeSpikes"],"picked":"Slimebound:FinishingTackle","floor":31},{"not_picked":["Slimebound:LeechLife","Slimebound:Overexert"],"picked":"Slimebound:MassFeed","floor":33},{"not_picked":["Slimebound:GrowthPunch","Slimebound:PressTheAttack+1"],"picked":"Slimebound:RollThrough+1","floor":35},{"not_picked":["Slimebound:ItLooksTasty","Slimebound:SamplingLick"],"picked":"Slimebound:SplitAcid","floor":36},{"not_picked":["Slimebound:Equalize","Slimebound:LevelUp+1"],"picked":"Slimebound:FormOfPuddle","floor":37},{"not_picked":["Slimebound:SplitMire","Slimebound:FinishingTackle+1"],"picked":"Slimebound:FormOfPuddle+1","floor":38},{"not_picked":["Slimebound:SplitBruiser+1","Slimebound:GrowthPunch+1"],"picked":"Slimebound:Replication","floor":40},{"not_picked":["Slimebound:SplitLeeching+1","Slimebound:SlimeSpikes"],"picked":"Slimebound:AcidTongue","floor":42},{"not_picked":["Slimebound:RollThrough","Slimebound:SplitLeeching+1"],"picked":"Slimebound:OozeBath","floor":43},{"not_picked":["Slimebound:Nibble","Slimebound:SpikyOuterGoop"],"picked":"Slimebound:ComboTackle+1","floor":44},{"not_picked":["Slimebound:SplitAcid+1","Slimebound:SamplingLick"],"picked":"Slimebound:SplitMire","floor":45},{"not_picked":["Slimebound:SplitAcid","Slimebound:PressTheAttack"],"picked":"Slimebound:SplitMire","floor":46},{"not_picked":["Slimebound:FinishingTackle","Slimebound:SplitAcid+1"],"picked":"Slimebound:AcidTongue","floor":48}],"player_experience":408559,"relics_obtained":[{"floor":7,"key":"WingedGreaves"},{"floor":9,"key":"Centennial Puzzle"},{"floor":10,"key":"Bronze Scales"},{"floor":23,"key":"hubris:PeanutButter"},{"floor":24,"key":"infinitespire:EmpoweringShard"},{"floor":27,"key":"Letter Opener"},{"floor":29,"key":"hubris:DuctTape"},{"floor":40,"key":"hubris:Metronome"},{"floor":43,"key":"infinitespire:PuzzleCube"},{"floor":45,"key":"MealTicket"},{"floor":48,"key":"Ginger"}],"event_choices":[{"damage_healed":0,"gold_gain":0,"player_choice":"Rummage","damage_taken":0,"relics_obtained":["WarpedTongs"],"max_hp_gain":0,"max_hp_loss":0,"event_name":"Accursed Blacksmith","floor":4,"gold_loss":0,"cards_obtained":["Pain"]},{"damage_healed":0,"gold_gain":0,"player_choice":"Upgraded","damage_taken":0,"max_hp_gain":0,"max_hp_loss":0,"event_name":"Upgrade Shrine","floor":11,"gold_loss":0,"cards_upgraded":["Slimebound:FormOfPuddle"]}],"is_beta":false,"boss_relics":[{"not_picked":["hubris:HollowSoul","SlaversCollar"],"picked":"hubris:BlackHole"},{"not_picked":["hubris:GrandSneckoEye","energizedSpire:RedRose"],"picked":"Snecko Eye"}],"items_purged_floors":[],"is_endless":false,"potions_floor_spawned":[9,10,16,18,22,25,29,31,33,37,38,43,45],"ascension_level":1}}