{"host":"q79spna8ofw6hj3r","time":1609094148,"event":{"mods":["Aspiration","Bard","BaseMod","Beaked The Cultist","Bestiary","Better Altar","Better Match","Better Note","Better Sensory Stone","Better Skull","Better Third Choice","Better Vampires","BetterRewards","Block Reminder","Challenge The Spire","Colored Map","Colored Powertips","Conspire","Custom Start","Energized Spire","Friendly Minions","Halation","Hubris","Infinite Spire","Jedi Mod","Mimic Mod","Minty Spire (QoL Compilation)","Permanent Neow","Quick Restart","Relic Filter","Relic Sorter","Replay The Spire","Shop Mod","StSLib","SuperFastMode","Synergy Search","The Cursed","The Hierophant","The Runesmith","slay the spire mod where everything is the same but ironclad has a cowboy hat","vexMod"],"gold_per_floor":[114,114,11,21,41,41,74,87,113,113,113,220,220,220,220,220,220,220,220,220,135,135,135,135,135,135,135,135,135,135,135,135,201,201,213,213,244,42,55,105,135,135,135,162,174,206,218,242,254,266],"floor_reached":51,"playtime":1590,"items_purged":["Injury","Draining Mist+1","Atom Bomb"],"score":932,"play_id":"f6ede24f-a719-4618-bcd3-1bceda3145a5","local_time":"20201227203548","is_ascension_mode":true,"campfire_choices":[{"data":"Neutralize","floor":6,"key":"SMITH"},{"data":"Blade Dance","floor":10,"key":"SMITH"},{"data":"After Image","floor":13,"key":"SMITH"},{"floor":15,"key":"REST"},{"data":"Envenom","floor":23,"key":"SMITH"},{"floor":32,"key":"REST"},{"data":"Accuracy","floor":45,"key":"SMITH"},{"floor":47,"key":"RECALL"},{"data":"Wraith Form v2","floor":49,"key":"SMITH"}],"circlet_count":0,"master_deck":["Survivor","Neutralize+1","Blade Dance+1","Accuracy+1","Cloak And Dagger+1","Backflip+1","Backflip+1","After Image+1","Envenom+1","Cloak And Dagger+1","Backflip+1","Cloak And Dagger+1","Outmaneuver+1","Tactician+1","Tactician+1","ReplayTheSpireMod:Tripwire+1","Bane+1","Doppelganger+1","Wraith Form v2+1","Accuracy+1","Cloak And Dagger+1","Prepared+1","Hidden Blade+1"],"relics":["Ring of the Snake","hubris:Icosahedron","Toxic Egg 2","Replay:Bottled Snecko","jedi:arcanewood","jedi:ominousloannote","halation:PromiseList","WristBlade","hubris:BottledRain","infinitespire:Lucky Rock","Letter Opener","Tiny Chest","vexMod:PlasmaPancake","Replay:Grab Bag","energizedSpire:OgreHead","aspiration:RandomNobGenerator","conspire:RunicOctahedron","Pandora\u0027s Box","vexMod:RedPlottingStone","Tiny House","jedi:angrymask","aspiration:StickyExplosives_weak","MawBank"],"acts_visited":["Exordium","TheCity","TheBeyond"],"potions_floor_usage":[16,48],"damage_taken":[{"damage":8,"enemies":"Jaw Worm","floor":1,"turns":5},{"damage":0,"enemies":"2 Louse","floor":4,"turns":2},{"damage":1,"enemies":"Small Slimes","floor":5,"turns":3},{"damage":16,"enemies":"Gremlin Nob","floor":7,"turns":3},{"damage":1,"enemies":"Blue Slaver","floor":8,"turns":3},{"damage":2,"enemies":"3 Sentries","floor":14,"turns":9},{"damage":5,"enemies":"Slime Boss","floor":16,"turns":8},{"damage":0,"enemies":"Chosen","floor":18,"turns":4},{"damage":4,"enemies":"3 Byrds","floor":19,"turns":6},{"damage":3,"enemies":"Centurion and Healer","floor":20,"turns":4},{"damage":0,"enemies":"Chosen and Byrds","floor":24,"turns":4},{"damage":6,"enemies":"3 Cultists","floor":25,"turns":4},{"damage":0,"enemies":"Snecko","floor":27,"turns":4},{"damage":11,"enemies":"Book of Stabbing","floor":28,"turns":3},{"damage":0,"enemies":"Centurion and Healer","floor":29,"turns":3},{"damage":0,"enemies":"Sentry and Sphere","floor":30,"turns":2},{"damage":12,"enemies":"Gremlin Leader","floor":31,"turns":3},{"damage":0,"enemies":"Automaton","floor":33,"turns":6},{"damage":0,"enemies":"Orb Walker","floor":35,"turns":1},{"damage":0,"enemies":"3 Shapes","floor":37,"turns":3},{"damage":0,"enemies":"3 Shapes","floor":39,"turns":1},{"damage":0,"enemies":"Nightmare","floor":41,"turns":4},{"damage":0,"enemies":"Sphere and 2 Shapes","floor":44,"turns":2},{"damage":0,"enemies":"Spire Growth","floor":46,"turns":2},{"damage":3,"enemies":"Writhing Mass","floor":48,"turns":2},{"damage":62,"enemies":"conspire:OrnateMirror","floor":50,"turns":3}],"seed_played":"-5405812308181670714","potions_obtained":[{"floor":1,"key":"Poison Potion"},{"floor":8,"key":"Fire Potion"},{"floor":16,"key":"LifebloodPotion"},{"floor":20,"key":"BlessingOfTheForge"},{"floor":29,"key":"Energy Potion"},{"floor":40,"key":"PowerPotion"},{"floor":41,"key":"infinitespire:BlackPotion"},{"floor":48,"key":"BlessingOfTheForge"}],"is_trial":false,"path_per_floor":["M","?","$","M","M","R","E","M","T","R","?","$","R","E","R","B",null,"M","M","M","?","T","R","M","M","T","M","E","M","M","E","R","B",null,"M","?","MIM","$","M","AVR","NM","T","T","M","R","M","R","M","R","B",null],"character_chosen":"THE_SILENT","items_purchased":["Accuracy+1","Cloak And Dagger+1","jedi:ominousloannote","Backflip+1","After Image","Accuracy","Cloak And Dagger+1"],"campfire_rested":2,"item_purchase_floors":[3,3,12,12,12,38,38],"current_hp_per_floor":[62,62,62,62,61,61,45,44,44,44,44,44,44,42,63,58,70,70,66,63,63,63,63,63,57,57,57,46,46,46,40,62,62,76,76,76,76,76,76,81,81,81,81,81,81,81,81,78,78,16],"gold":278,"neow_bonus":"RANDOM_EVENT","is_daily":false,"chose_seed":false,"campfire_upgraded":6,"win_rate":0.0,"timestamp":1609094148,"path_taken":["M","?","$","M","M","R","E","M","T","R","?","$","R","E","R","BOSS","M","M","M","?","?","R","M","M","T","?","E","?","M","E","R","BOSS","M","?","?","$","M","AVR","NM","?","T","M","R","M","?","?","R","BOSS"],"items_purchased_type":["Card","Card","Relic","Card","Card","Card","Card"],"build_version":"2020-12-22","purchased_purges":3,"victory":true,"max_hp_per_floor":[70,70,70,70,70,70,70,70,70,70,70,70,70,70,70,70,70,70,70,70,70,70,70,70,70,70,70,70,70,70,76,76,76,76,76,76,76,76,76,81,81,81,81,81,81,81,81,81,81,81],"card_choices":[{"not_picked":["Outmaneuver","Masterful Stab"],"picked":"Blade Dance","floor":1},{"not_picked":["Sucker Punch","Hidden Blade+1"],"picked":"Backflip+1","floor":4},{"not_picked":["Sucker Punch","ReplayTheSpireMod:Speed Training+1","Poisoned Stab"],"picked":"SKIP","floor":5},{"not_picked":["ReplayTheSpireMod:Exploit Weakness+1","ReplayTheSpireMod:Tripwire+1","Toxin Wave+1"],"picked":"SKIP","floor":7},{"not_picked":["Flying Knee","Bane","jedi:collectorvenom+1"],"picked":"SKIP","floor":8},{"not_picked":["ReplayTheSpireMod:Speed Training+1","Dagger Throw","Poisoned Stab"],"picked":"SKIP","floor":14},{"not_picked":["jedi:brewingpoison+1","Doppelganger+1"],"picked":"Envenom","floor":16},{"not_picked":["Prepared+1","Dodge and Roll+1","jedi:pocketpoison+1"],"picked":"SKIP","floor":18},{"not_picked":["Dagger Throw","Underhanded Strike+1"],"picked":"Cloak And Dagger+1","floor":19},{"not_picked":["Dodge and Roll+1","Toxin Wave+1"],"picked":"Backflip+1","floor":20},{"not_picked":["PiercingWail+1","Bane+1","Blade Dance+1"],"picked":"SKIP","floor":24},{"not_picked":["Poisoned Stab","Expertise+1","Prepared+1"],"picked":"SKIP","floor":25},{"not_picked":["jedi:acidrain+1","Dagger Spray","Flying Knee"],"picked":"SKIP","floor":27},{"not_picked":["Dagger Spray","Deadly Poison+1"],"picked":"Cloak And Dagger+1","floor":28},{"not_picked":["Deflect+1","Prepared+1","hubris:SlightOfHand+1"],"picked":"SKIP","floor":29},{"not_picked":["jedi:acidrain+1","hubris:SlightOfHand+1","ReplayTheSpireMod:Necrosis+1"],"picked":"SKIP","floor":30},{"not_picked":["Toxin Wave+1","ReplayTheSpireMod:Shiv Toss+1","hubris:SlightOfHand+1"],"picked":"SKIP","floor":31},{"not_picked":["Underhanded Strike+1","jedi:collectorvenom+1","Toxin Wave+1"],"picked":"SKIP","floor":35},{"not_picked":["Sucker Punch+1","Backstab","conspire:DoublingDagger+1"],"picked":"SKIP","floor":39},{"not_picked":["Deflect+1","ReplayTheSpireMod:Exploit Weakness+1"],"picked":"Prepared+1","floor":41},{"not_picked":["Deadly Poison+1","Poisoned Stab+1","Distraction+1"],"picked":"SKIP","floor":44},{"not_picked":["Backflip+1","Dagger Throw","Unload"],"picked":"SKIP","floor":46},{"not_picked":["Setup+1","Flechettes"],"picked":"Hidden Blade+1","floor":48}],"player_experience":197317,"relics_obtained":[{"floor":7,"key":"Replay:Bottled Snecko"},{"floor":9,"key":"jedi:arcanewood"},{"floor":14,"key":"halation:PromiseList"},{"floor":22,"key":"infinitespire:Lucky Rock"},{"floor":26,"key":"Letter Opener"},{"floor":28,"key":"Tiny Chest"},{"floor":31,"key":"vexMod:PlasmaPancake"},{"floor":37,"key":"vexMod:RedPlottingStone"},{"floor":41,"key":"jedi:angrymask"},{"floor":42,"key":"aspiration:StickyExplosives_weak"},{"floor":43,"key":"MawBank"}],"event_choices":[{"cards_removed":["Strike_G"],"damage_healed":0,"gold_gain":0,"player_choice":"Forget","damage_taken":0,"max_hp_gain":0,"max_hp_loss":0,"event_name":"Living Wall","floor":0,"gold_loss":0},{"damage_healed":0,"gold_gain":0,"player_choice":"Obtained Relic","damage_taken":0,"relics_obtained":["hubris:BottledRain"],"max_hp_gain":0,"max_hp_loss":0,"event_name":"Addict","floor":21,"gold_loss":85},{"damage_healed":0,"gold_gain":0,"player_choice":"Leave","damage_taken":0,"max_hp_gain":0,"max_hp_loss":0,"event_name":"conspire:Investor","floor":36,"gold_loss":0}],"is_beta":false,"boss_relics":[{"not_picked":["SacredBark","halation:Prosthetics"],"picked":"WristBlade"},{"not_picked":["halation:Risk","energizedSpire:PogoStick"],"picked":"Replay:Grab Bag"},{"not_picked":["vexMod:DeviousBotling","hubris:TerracottaHorce"],"picked":"energizedSpire:OgreHead"},{"not_picked":["jedi:hotpepper","jedi:paperlyon"],"picked":"aspiration:RandomNobGenerator"},{"not_picked":["SlaversCollar","hubris:Backtick"],"picked":"conspire:RunicOctahedron"},{"not_picked":["beaked:SacredDeck","Astrolabe"],"picked":"Pandora\u0027s Box"}],"items_purged_floors":[12,38,40],"is_endless":false,"potions_floor_spawned":[1,8,16,20,27,29,30,31,33,39,41,44,48],"ascension_level":2}}