{"host":"wl47xhfxme4nig5w","time":1609107154,"event":{"mods":["BaseMod","Colored Map","Colored Powertips","Googly Eyes","Minty Spire (QoL Compilation)","StSLib","SuperFastMode","everything is the same but u backflip on backflip","slay the spire mod where everything is the same but ironclad has a cowboy hat"],"gold_per_floor":[110,110,126,126,126,126,161,161,185,204,240,240,240,261,261,380,380,398,411,435,66,87,87,87],"floor_reached":23,"playtime":697,"items_purged":["Defend_R"],"score":271,"play_id":"1496449e-3fd8-4d10-865a-fb482a78729e","local_time":"20201227141234","is_ascension_mode":true,"campfire_choices":[{"data":"Anger","floor":6,"key":"SMITH"},{"data":"Bash","floor":8,"key":"SMITH"},{"data":"Thunderclap","floor":12,"key":"SMITH"},{"data":"Dropkick","floor":15,"key":"SMITH"}],"circlet_count":0,"master_deck":["Strike_R","Strike_R","Strike_R","Strike_R","Strike_R","Defend_R","Defend_R","Bash+1","Anger+1","Dropkick+1","Thunderclap+1","Pommel Strike+1","Clash+1","Demon Form","Inflame","Headbutt+1"],"relics":["Burning Blood","NeowsBlessing","Golden Idol","Singing Bowl","Ancient Tea Set","Strawberry","Molten Egg 2","Nunchaku","Sozu","HandDrill","Orichalcum"],"acts_visited":["Exordium","TheCity"],"potions_floor_usage":[11,18,19],"damage_taken":[{"damage":0,"enemies":"Small Slimes","floor":1,"turns":1},{"damage":0,"enemies":"2 Louse","floor":3,"turns":1},{"damage":0,"enemies":"Lagavulin","floor":7,"turns":1},{"damage":0,"enemies":"Cultist","floor":10,"turns":2},{"damage":47,"enemies":"3 Sentries","floor":11,"turns":8},{"damage":15,"enemies":"3 Louse","floor":14,"turns":2},{"damage":11,"enemies":"Hexaghost","floor":16,"turns":5},{"damage":16,"enemies":"Shell Parasite","floor":18,"turns":3},{"damage":6,"enemies":"Spheric Guardian","floor":19,"turns":3},{"damage":24,"enemies":"Snake Plant","floor":20,"turns":3},{"damage":6,"enemies":"Sentry and Sphere","floor":22,"turns":3},{"damage":64,"enemies":"Slavers","floor":23,"turns":4}],"seed_played":"-7961062010777258412","potions_obtained":[{"floor":1,"key":"PowerPotion"},{"floor":3,"key":"Weak Potion"},{"floor":11,"key":"GamblersBrew"},{"floor":16,"key":"LiquidMemories"}],"is_trial":false,"path_per_floor":["M","?","M","?","?","R","E","R","T","M","E","R","?","M","R","B",null,"M","M","M","$","M","E"],"character_chosen":"IRONCLAD","items_purchased":["HandDrill","Orichalcum"],"campfire_rested":0,"item_purchase_floors":[21,21],"current_hp_per_floor":[80,60,66,66,66,66,72,72,79,85,44,44,44,35,35,30,87,77,79,61,61,63,0,0],"gold":87,"neow_bonus":"THREE_ENEMY_KILL","is_daily":false,"chose_seed":false,"campfire_upgraded":4,"win_rate":0.0,"timestamp":1609107154,"path_taken":["M","?","M","?","?","R","E","R","T","?","E","R","?","M","R","BOSS","M","M","M","$","M","E"],"items_purchased_type":["Relic","Relic"],"build_version":"2020-12-22","purchased_purges":1,"victory":false,"max_hp_per_floor":[80,80,80,80,80,80,80,80,87,87,87,87,87,87,87,87,87,87,89,89,89,91,91,91],"card_choices":[{"not_picked":["Searing Blow","Body Slam","Uppercut"],"picked":"SKIP","floor":1},{"not_picked":["Armaments","Metallicize"],"picked":"Anger","floor":3},{"not_picked":["Twin Strike","Flame Barrier"],"picked":"Dropkick","floor":7},{"not_picked":["Havoc","Shrug It Off"],"picked":"Thunderclap","floor":10},{"not_picked":["Headbutt+1","Brutality"],"picked":"Pommel Strike+1","floor":11},{"not_picked":["Sword Boomerang+1","Rage"],"picked":"Clash+1","floor":14},{"not_picked":["Limit Break","Juggernaut"],"picked":"Demon Form","floor":16},{"not_picked":["Armaments","Clash+1"],"picked":"Inflame","floor":18},{"not_picked":["Intimidate","Flex","Perfected Strike+1"],"picked":"Singing Bowl","floor":19},{"not_picked":["Twin Strike+1","Perfected Strike+1"],"picked":"Headbutt+1","floor":20},{"not_picked":["Armaments+1","Impervious","Body Slam+1"],"picked":"Singing Bowl","floor":22}],"player_experience":336567,"relics_obtained":[{"floor":7,"key":"Ancient Tea Set"},{"floor":9,"key":"Strawberry"},{"floor":11,"key":"Molten Egg 2"},{"floor":13,"key":"Nunchaku"}],"event_choices":[{"damage_healed":0,"gold_gain":0,"player_choice":"Take Damage","damage_taken":20,"relics_obtained":["Golden Idol"],"max_hp_gain":0,"max_hp_loss":0,"event_name":"Golden Idol","floor":2,"gold_loss":0},{"cards_removed":["Defend_R"],"damage_healed":0,"gold_gain":0,"player_choice":"Forget","damage_taken":0,"max_hp_gain":0,"max_hp_loss":0,"event_name":"Living Wall","floor":4,"gold_loss":0},{"damage_healed":0,"gold_gain":0,"player_choice":"Gave Potion","damage_taken":0,"relics_obtained":["Singing Bowl"],"max_hp_gain":0,"max_hp_loss":0,"event_name":"WeMeetAgain","floor":5,"gold_loss":0},{"damage_healed":0,"gold_gain":0,"player_choice":"Relic","damage_taken":0,"max_hp_gain":0,"max_hp_loss":0,"event_name":"Wheel of Change","floor":13,"gold_loss":0}],"is_beta":false,"boss_relics":[{"not_picked":["Pandora\u0027s Box","Busted Crown"],"picked":"Sozu"}],"items_purged_floors":[21],"is_endless":false,"potions_floor_spawned":[1,3,11,16,22],"killed_by":"Slavers","ascension_level":4}}