{"host":"8k64rvi83ijr822k","time":1609085231,"event":{"mods":["BaseMod","Downfall","Googly Eyes","Hermit","Hero for Fun","Minty Spire (QoL Compilation)","Quick Restart","Replay The Spire","Shop Mod","StSLib","The Animator","The Bug Knight","The Construct","The Wild Card","everything is the same but u backflip on backflip"],"gold_per_floor":[126,126,126,136,136,136,155,155,155,171,249,249,267,2,2,2,2],"floor_reached":16,"playtime":814,"items_purged":[],"score":90,"play_id":"c54003f3-d785-43e1-bf3e-2b6687e346da","local_time":"20201227110711","is_ascension_mode":false,"campfire_choices":[{"data":"animator:Defend_NoGameNoLife","floor":6,"key":"SMITH"},{"data":"animator:DolaSchwi","floor":8,"key":"SMITH"},{"data":"animator:Millim","floor":12,"key":"SMITH"},{"floor":15,"key":"REST"}],"circlet_count":0,"master_deck":["animator:Strike_NoGameNoLife","animator:Defend_NoGameNoLife+1","animator:Strike+1","animator:Strike","animator:Strike","animator:Defend","animator:Defend","animator:Defend","animator:DolaSchwi+1","animator:DolaCouronne","animator:Melzalgald+1","animator:SilverFang","animator:Strike","animator:YaoHaDucy","animator:Millim+1","animator:GazelDwargon","animator:Kira","animator:Layla","animator:Tet"],"relics":["animator:LivingPicture","animator:TheMissingPiece","NeowsBlessing","ReplayTheSpireMod:Ring of Exchange","Ring of Fury","Replay:Accelerometer"],"acts_visited":["Exordium"],"potions_floor_usage":[],"damage_taken":[{"damage":0,"enemies":"Cultist","floor":1,"turns":1},{"damage":0,"enemies":"2 Louse","floor":4,"turns":2},{"damage":0,"enemies":"Small Slimes","floor":7,"turns":2},{"damage":13,"enemies":"2 Fungi Beasts","floor":10,"turns":3},{"damage":4,"enemies":"Gremlin Gang","floor":13,"turns":5},{"damage":88,"enemies":"Fading Forest","floor":16,"turns":9}],"seed_played":"8316150301048845823","potions_obtained":[{"floor":1,"key":"Guardian:BlockOnCardUsePotion"},{"floor":7,"key":"BlessingOfTheForge"}],"is_trial":false,"path_per_floor":["M","?","?","M","?","R","M","R","T","M","?","R","M","$","R","B"],"character_chosen":"THE_ANIMATOR","items_purchased":["animator:Kira","animator:Layla","animator:Tet"],"campfire_rested":1,"item_purchase_floors":[14,14,14],"current_hp_per_floor":[66,53,53,54,54,54,54,54,54,41,41,41,37,37,57,0,0],"gold":2,"neow_bonus":"THREE_ENEMY_KILL","is_daily":false,"chose_seed":false,"campfire_upgraded":3,"win_rate":0.0,"timestamp":1609085231,"path_taken":["M","?","?","M","?","R","?","R","T","M","?","R","M","$","R","BOSS"],"items_purchased_type":["Card","Card","Card"],"build_version":"2020-12-22","purchased_purges":0,"victory":false,"max_hp_per_floor":[66,66,66,67,67,67,67,67,67,67,67,67,67,67,67,67,67],"card_choices":[{"not_picked":["animator:YaoHaDucy","animator:DolaSchwi"],"picked":"animator:Melzalgald","floor":1},{"not_picked":["animator:FielNirvalen","animator:DolaSchwi"],"picked":"animator:SilverFang","floor":4},{"not_picked":["animator:ZankiKiguchi","animator:DolaCouronne"],"picked":"animator:YaoHaDucy","floor":7},{"not_picked":["animator:Benimaru","animator:Shion"],"picked":"animator:Millim","floor":10},{"not_picked":["animator:Shuna","animator:Shion"],"picked":"animator:GazelDwargon","floor":13}],"player_experience":86702,"relics_obtained":[{"floor":3,"key":"ReplayTheSpireMod:Ring of Exchange"},{"floor":3,"key":"Ring of Fury"},{"floor":9,"key":"Replay:Accelerometer"}],"event_choices":[{"damage_healed":0,"gold_gain":0,"player_choice":"Entered Light","damage_taken":13,"max_hp_gain":0,"max_hp_loss":0,"event_name":"Shining Light","floor":2,"gold_loss":0,"cards_upgraded":["animator:Melzalgald","animator:Strike"]},{"cards_removed":["Looming Evil"],"damage_healed":0,"gold_gain":0,"player_choice":"Took Card","damage_taken":0,"max_hp_gain":0,"max_hp_loss":0,"event_name":"NoteForYourself","floor":5,"gold_loss":0,"cards_obtained":["animator:Strike"]},{"damage_healed":0,"gold_gain":78,"player_choice":"Gained Gold","damage_taken":0,"max_hp_gain":0,"max_hp_loss":0,"event_name":"Golden Wing","floor":11,"gold_loss":0}],"is_beta":false,"boss_relics":[],"items_purged_floors":[],"is_endless":false,"potions_floor_spawned":[1,7],"killed_by":"Fading Forest","ascension_level":0}}