{"host":"i58uscbei3sy5089","time":1609061802,"event":{"mods":["Act Like it!","BaseMod","Challenge The Spire","Colored Powertips","Conspire","Infinite Spire","Koishi","Lobotomy","Minty Spire (QoL Compilation)","Prisma Mod","Quick Restart","Reimu£®≤©¿ˆ¡È√Œ£©","Replay The Spire","Shop Mod","StSLib","TestMod","The Construct","UnlockEverythingMod","[IsaacMod]“‘»ˆº‚À˛","vexMod","°æπ¶ƒ‹Mod°øªÏ„Á÷Æª∑–ﬁ∏¥≤π∂°","ÛÙª÷∏ƒœ"],"gold_per_floor":[117,42,54,66,83,109,126,126,196,206,206,225,258,54,54,151,151,168,218,55,68,87,87,99,117,143,21,21,21,21],"floor_reached":29,"playtime":1856,"items_purged":["Strike_R","Strike_R"],"score":339,"play_id":"3bb10423-f0a0-480c-86de-daa9f5992324","local_time":"20201227173642","is_ascension_mode":false,"campfire_choices":[{"data":"Bash","floor":8,"key":"SMITH"},{"data":"Dual Wield","floor":11,"key":"SMITH"},{"data":"Strike_R","floor":15,"key":"PURGE"},{"data":"Evolve","floor":23,"key":"SMITH"}],"circlet_count":0,"master_deck":["Strike_R","Defend_R","Defend_R","Defend_R","Defend_R","Bash+1","Pummel","Headbutt","Dual Wield+1","Evolve+1","Wild Strike","Demon Form","Seeing Red+1","Armaments+1","infinitespire:Collect+1"],"relics":["Burning Blood","testmod-TestBox","HushsDoor","testmod-GiftOfSatan","Counterbalance","Sundial","MerchantsRug","vexMod:TanglingVine","Toxic Egg 2","Tea:ReiMu"],"acts_visited":["Exordium","TheCity"],"potions_floor_usage":[],"damage_taken":[{"damage":0,"enemies":"Cultist","floor":1,"turns":2},{"damage":7,"enemies":"Small Slimes","floor":3,"turns":3},{"damage":5,"enemies":"Jaw Worm","floor":4,"turns":4},{"damage":0,"enemies":"Exordium Thugs","floor":5,"turns":2},{"damage":27,"enemies":"Gremlin Nob","floor":6,"turns":3},{"damage":7,"enemies":"conspire:2 RoseBushes","floor":7,"turns":3},{"damage":14,"enemies":"Exordium Wildlife","floor":10,"turns":3},{"damage":13,"enemies":"Lots of Slimes","floor":12,"turns":4},{"damage":0,"enemies":"3 Sentries","floor":13,"turns":1},{"damage":50,"enemies":"Fading Forest","floor":16,"turns":9},{"damage":27,"enemies":"Shell Parasite","floor":18,"turns":4},{"damage":40,"enemies":"Spheric Guardian","floor":21,"turns":5},{"damage":30,"enemies":"Centurion and Healer","floor":22,"turns":3},{"damage":21,"enemies":"Snecko","floor":24,"turns":3},{"damage":14,"enemies":"Chosen and Byrds","floor":25,"turns":4},{"damage":13,"enemies":"Slavers","floor":29,"turns":1}],"seed_played":"-3238888864321112690","potions_obtained":[{"floor":1,"key":"Fire Potion"},{"floor":5,"key":"Weak Potion"},{"floor":6,"key":"Weak Potion"},{"floor":10,"key":"Strength Potion"},{"floor":18,"key":"GamblersBrew"},{"floor":22,"key":"Adrenaline Potion"},{"floor":24,"key":"GrandPatriotsElixir:ReiMu"}],"is_trial":false,"path_per_floor":["M","$","M","M","M","E","M","R","T","M","R","M","E","$","R","B",null,"M","?","$","M","M","R","M","M","T","$","?","E"],"character_chosen":"IRONCLAD","items_purchased":["MerchantsRug","Toxic Egg 2","Tea:ReiMu"],"campfire_rested":0,"item_purchase_floors":[14,20,27],"current_hp_per_floor":[85,85,84,90,90,69,68,68,68,60,60,98,104,104,104,76,115,94,79,79,51,27,27,20,41,41,41,11,0,0],"gold":21,"neow_bonus":"REMOVE_CARD","is_daily":false,"chose_seed":false,"campfire_upgraded":3,"win_rate":0.0,"timestamp":1609061802,"path_taken":["M","?","M","M","M","E","M","R","T","M","R","M","E","$","R","BOSS","M","?","$","M","M","R","M","?","T","?","?","E"],"items_purchased_type":["Relic","Relic","Relic"],"build_version":"2020-12-22","purchased_purges":2,"victory":false,"max_hp_per_floor":[85,85,85,90,90,90,90,90,90,90,90,115,115,115,115,115,115,115,115,115,120,120,120,120,125,125,125,125,125,125],"card_choices":[{"not_picked":[],"picked":"ChaosCard","floor":0},{"not_picked":["True Grit","Run Through","Entrench"],"picked":"SKIP","floor":1},{"not_picked":["Sever Soul","Cleave"],"picked":"Pummel","floor":3},{"not_picked":["Shrug It Off","Blood for Blood"],"picked":"Headbutt","floor":4},{"not_picked":["Wild Strike","Thunderclap","Anger"],"picked":"SKIP","floor":5},{"not_picked":["Reaper","Shrug It Off"],"picked":"Dual Wield","floor":6},{"not_picked":["Iron Wave","Havoc","Perfected Strike"],"picked":"SKIP","floor":7},{"not_picked":["Cleave","conspire:Charge"],"picked":"Evolve","floor":10},{"not_picked":["Blood for Blood","Clash","Body Slam"],"picked":"SKIP","floor":12},{"not_picked":["Hemogenesis","Flame Barrier"],"picked":"Wild Strike","floor":13},{"not_picked":["Reaper","Replay:Many Hands"],"picked":"Demon Form","floor":16},{"not_picked":["Uppercut","Pommel Strike","Intimidate"],"picked":"SKIP","floor":18},{"not_picked":["Havoc+1","Combust","Defy Death+1"],"picked":"SKIP","floor":21},{"not_picked":["Perfected Strike+1","ReplayTheSpireMod:Strike From Hell"],"picked":"Seeing Red+1","floor":22},{"not_picked":["Clothesline+1","ReplayTheSpireMod:Strike From Hell","Replay:Undeath\u0027s Touch"],"picked":"SKIP","floor":24},{"not_picked":["Feed","Wild Strike"],"picked":"Armaments+1","floor":25},{"not_picked":["infinitespire:Gouge","infinitespire:Menacing"],"picked":"infinitespire:Collect","floor":28}],"player_experience":625277,"relics_obtained":[{"floor":6,"key":"Counterbalance"},{"floor":9,"key":"Sundial"},{"floor":13,"key":"BelialBook"},{"floor":26,"key":"Pet Ghost"}],"event_choices":[],"is_beta":false,"boss_relics":[{"not_picked":["conspire:SpecialSausage","Replay:Bronze Core"],"picked":"vexMod:TanglingVine"},{"not_picked":[]}],"items_purged_floors":[2,14],"is_endless":false,"potions_floor_spawned":[1,5,6,10,18,22,24],"killed_by":"Slavers","ascension_level":0}}