{"host":"qhhcmep1unj6mpf7","time":1609047929,"event":{"mods":["2.2 Compatiblity","AchievementEnabler","BaseMod","Colored Map","DeckTracker","Highlight Path","Keyboard Shortcuts","Minty Spire (QoL Compilation)","Permanent Neow","Quick Restart","Random Character Button","StSLib","SuperFastMode","everything is the same but u backflip on backflip"],"gold_per_floor":[111,126,143,143,161,161,171,184,184,39,39,59,93,93,93,196,196,211,224,224,244,73,73,73,73],"floor_reached":24,"playtime":920,"items_purged":["Strike_B","Strike_B"],"score":210,"play_id":"a3154a3a-faa1-4273-b64c-b0fc5869f2c2","local_time":"20201227144529","is_ascension_mode":true,"campfire_choices":[{"data":"Zap","floor":6.0,"key":"SMITH"},{"floor":11.0,"key":"REST"},{"data":"Loop","floor":15.0,"key":"SMITH"},{"floor":23,"key":"REST"}],"circlet_count":0,"master_deck":["Strike_B","Defend_B","Defend_B","Defend_B","Defend_B","Zap+1","Dualcast","Cold Snap","Loop+1","Coolheaded","Blizzard","Creative AI+1","Undo","Defragment"],"relics":["Cracked Core","Calipers","Mummified Hand","Boot","Black Star"],"acts_visited":["Exordium","TheCity"],"potions_floor_usage":[16,21],"damage_taken":[{"damage":1.0,"enemies":"Jaw Worm","floor":1.0,"turns":4.0},{"damage":0.0,"enemies":"Cultist","floor":2.0,"turns":4.0},{"damage":7.0,"enemies":"Small Slimes","floor":3.0,"turns":3.0},{"damage":0.0,"enemies":"Blue Slaver","floor":5.0,"turns":4.0},{"damage":0.0,"enemies":"Red Slaver","floor":7.0,"turns":4.0},{"damage":21.0,"enemies":"Gremlin Gang","floor":8.0,"turns":6.0},{"damage":9.0,"enemies":"Large Slime","floor":12.0,"turns":5.0},{"damage":7.0,"enemies":"Lagavulin","floor":13.0,"turns":7.0},{"damage":18,"enemies":"The Guardian","floor":16,"turns":13},{"damage":6,"enemies":"Shell Parasite","floor":18,"turns":7},{"damage":9,"enemies":"Chosen","floor":19,"turns":5},{"damage":60,"enemies":"3 Cultists","floor":21,"turns":6},{"damage":0,"enemies":"Centurion and Healer","floor":24,"turns":1}],"seed_played":"-3522465835012873478","potions_obtained":[{"floor":1.0,"key":"Fire Potion"},{"floor":5.0,"key":"SteroidPotion"},{"floor":13.0,"key":"FearPotion"},{"floor":16,"key":"Explosive Potion"},{"floor":18,"key":"Weak Potion"},{"floor":21,"key":"AttackPotion"}],"is_trial":false,"path_per_floor":["M","M","M","?","M","R","M","M","T","$","R","M","E","?","R","B",null,"M","M","?","M","$","R","M"],"character_chosen":"DEFECT","items_purchased":["Loop","Defragment"],"campfire_rested":2,"item_purchase_floors":[10,22],"current_hp_per_floor":[53,53,46,46,46,46,46,25,25,25,47,38,31,36,36,18,80,74,65,65,5,5,29,29,29],"gold":73,"neow_bonus":"ONE_RARE_RELIC","is_daily":false,"chose_seed":false,"campfire_upgraded":2,"win_rate":0.0,"timestamp":1609047929,"path_taken":["M","M","M","?","?","R","M","M","T","$","R","M","E","?","R","BOSS","M","M","?","M","$","R","?"],"items_purchased_type":["Card","Card"],"build_version":"2020-12-22","purchased_purges":2,"victory":false,"max_hp_per_floor":[75,75,75,75,75,75,75,75,75,75,75,75,75,80,80,80,80,80,80,80,80,80,80,80,80],"card_choices":[{"not_picked":["Static Discharge","Beam Cell","Hologram"],"picked":"SKIP","floor":1.0},{"not_picked":["Lockon","Stack","Rebound"],"picked":"SKIP","floor":2.0},{"not_picked":["Melter","Tempest","Hello World"],"picked":"SKIP","floor":3.0},{"not_picked":["Steam Power","Sunder"],"picked":"Cold Snap","floor":5.0},{"not_picked":["Storm","Melter","Conserve Battery"],"picked":"SKIP","floor":7.0},{"not_picked":["Stack","Streamline","Steam Power"],"picked":"SKIP","floor":8.0},{"not_picked":["Leap","Loop"],"picked":"Coolheaded","floor":12.0},{"not_picked":["Hologram","Compile Driver"],"picked":"Blizzard","floor":13.0},{"not_picked":["Amplify","Hyperbeam"],"picked":"Creative AI","floor":16},{"not_picked":["Turbo","Sunder","Steam+1"],"picked":"SKIP","floor":18},{"not_picked":["Hologram","Go for the Eyes"],"picked":"Undo","floor":19},{"not_picked":["Meteor Strike","Auto Shields","Barrage"],"picked":"SKIP","floor":21}],"player_experience":328819,"relics_obtained":[{"floor":9.0,"key":"Mummified Hand"},{"floor":13.0,"key":"Boot"}],"event_choices":[{"cards_removed":["Strike_B"],"damage_healed":0.0,"max_hp_gain":0.0,"max_hp_loss":0.0,"gold_gain":0.0,"event_name":"Bonfire Elementals","player_choice":"Offered Basic","floor":4.0,"gold_loss":0.0,"damage_taken":0.0},{"damage_healed":0.0,"max_hp_gain":5.0,"max_hp_loss":0.0,"gold_gain":0.0,"event_name":"Big Fish","player_choice":"Donut","floor":14.0,"gold_loss":0.0,"damage_taken":0.0},{"damage_healed":0,"gold_gain":0,"player_choice":"Upgraded","damage_taken":0,"max_hp_gain":0,"max_hp_loss":0,"event_name":"Upgrade Shrine","floor":20,"gold_loss":0,"cards_upgraded":["Creative AI"]}],"is_beta":false,"boss_relics":[{"not_picked":["SacredBark","Fusion Hammer"],"picked":"Black Star"}],"items_purged_floors":[10,22],"is_endless":false,"potions_floor_spawned":[1,5,13,16,18,21],"killed_by":"Centurion and Healer","ascension_level":1}}