{"host":"a464imauj9yqom7y","time":1609061804,"event":{"mods":["AchievementEnabler","BaseMod","Better Altar","Better Match","Better Note","Better Sensory Stone","Better Skull","BetterRewards","Colored Map","Colored Powertips","Hubris","Minty Spire (QoL Compilation)","Rare Cards Sparkle","Shade Mod","StSLib"],"gold_per_floor":[115,115,115,95,109,109,123,123,176,188,188,35,64,96,108,120,120],"floor_reached":16,"playtime":567,"items_purged":[],"score":100,"play_id":"9689be09-18e9-433d-9c2a-9873132ddb52","local_time":"20201227033644","is_ascension_mode":false,"campfire_choices":[{"data":"Loop","floor":6,"key":"SMITH"},{"floor":15,"key":"REST"}],"circlet_count":0,"master_deck":["Strike_B","Strike_B","Strike_B","Strike_B","Defend_B","Defend_B","Defend_B","Zap","Dualcast","Loop+1","Storm","Steam Power","Sweeping Beam","Machine Learning","Fission","Redo"],"relics":["Cracked Core","NeowsBlessing","hubris:Reverence","hubris:Towel","Smiling Mask","MawBank"],"acts_visited":["Exordium"],"potions_floor_usage":[13,16],"damage_taken":[{"damage":0,"enemies":"Small Slimes","floor":1,"turns":1},{"damage":0,"enemies":"Jaw Worm","floor":5,"turns":1},{"damage":0,"enemies":"2 Louse","floor":7,"turns":1},{"damage":21,"enemies":"Lots of Slimes","floor":10,"turns":4},{"damage":26,"enemies":"Lagavulin","floor":13,"turns":5},{"damage":14,"enemies":"Looter","floor":14,"turns":4},{"damage":24,"enemies":"Slime Boss","floor":16,"turns":6}],"seed_played":"3894211715746934361","potions_obtained":[{"floor":1,"key":"Swift Potion"},{"floor":4,"key":"Fire Potion"},{"floor":5,"key":"DistilledChaos"}],"is_trial":false,"path_per_floor":["M","?","?","?","M","R","M","?","T","M","?","$","E","M","R","B"],"character_chosen":"DEFECT","items_purchased":["Machine Learning"],"campfire_rested":1,"item_purchase_floors":[12],"current_hp_per_floor":[75,63,63,63,63,63,63,63,63,42,42,42,16,2,24,0,0],"gold":120,"neow_bonus":"THREE_ENEMY_KILL","is_daily":false,"chose_seed":false,"campfire_upgraded":1,"win_rate":0.0,"timestamp":1609061804,"path_taken":["M","?","?","?","M","R","?","?","T","M","?","$","E","?","R","BOSS"],"items_purchased_type":["Card"],"build_version":"2020-12-22","purchased_purges":0,"victory":false,"max_hp_per_floor":[75,75,75,75,75,75,75,75,75,75,75,75,75,75,75,75,75],"card_choices":[{"not_picked":["hubris:PowerSurge","Steam"],"picked":"Loop","floor":1},{"not_picked":["Leap","Redo"],"picked":"Storm","floor":5},{"not_picked":["Rip and Tear","Hologram"],"picked":"Steam Power","floor":7},{"not_picked":["Leap","Compile Driver"],"picked":"Sweeping Beam","floor":10},{"not_picked":["Genetic Algorithm","Streamline"],"picked":"Fission","floor":13},{"not_picked":["Go for the Eyes","Ball Lightning"],"picked":"Redo","floor":14}],"player_experience":9966,"relics_obtained":[{"floor":9,"key":"Smiling Mask"},{"floor":13,"key":"MawBank"}],"event_choices":[{"damage_healed":0,"gold_gain":0,"player_choice":"Success","damage_taken":12,"relics_obtained":["hubris:Reverence"],"max_hp_gain":0,"max_hp_loss":0,"event_name":"Scrap Ooze","floor":2,"gold_loss":0},{"damage_healed":0,"gold_gain":0,"player_choice":"Bought 1 Potion","damage_taken":0,"max_hp_gain":0,"max_hp_loss":0,"event_name":"The Woman in Blue","floor":4,"gold_loss":0},{"damage_healed":0,"gold_gain":0,"player_choice":"Ignored","damage_taken":0,"max_hp_gain":0,"max_hp_loss":0,"event_name":"Shining Light","floor":8,"gold_loss":0},{"cards_removed":["Defend_B"],"damage_healed":0,"gold_gain":0,"player_choice":"Card Removal","damage_taken":0,"max_hp_gain":0,"max_hp_loss":0,"event_name":"Wheel of Change","floor":11,"gold_loss":0}],"is_beta":false,"boss_relics":[],"items_purged_floors":[],"is_endless":false,"potions_floor_spawned":[1,5],"killed_by":"Slime Boss","ascension_level":0}}