{"host":"1c52r9kaxdyo25eq","time":1609078968,"event":{"mods":["AchievementEnabler","BaseMod","Minty Spire (QoL Compilation)","Rare Cards Sparkle","SuperFastMode","everything is the same but u backflip on backflip"],"gold_per_floor":[111,52,64,23,73,83,83,93,93,93,93,110,126,126,126,204,204,223,193,193,193],"floor_reached":20,"playtime":410,"items_purged":[],"score":332,"play_id":"bf470ecc-8b5c-45ed-a649-5eeef7fd8148","local_time":"20201227232248","is_ascension_mode":true,"campfire_choices":[{"data":"Predator","floor":7,"key":"SMITH"},{"data":"Caltrops","floor":11,"key":"SMITH"},{"data":"Neutralize","floor":15,"key":"SMITH"}],"circlet_count":0,"master_deck":["AscendersBane","Strike_G","Strike_G","Strike_G","Strike_G","Defend_G","Defend_G","Defend_G","Defend_G","Defend_G","Survivor","Neutralize+1","Acrobatics","Caltrops+1","Predator+1","Quick Slash","PiercingWail","Venomology"],"relics":["Ring of the Snake","MealTicket","Pear","Runic Pyramid"],"acts_visited":["Exordium","TheCity"],"potions_floor_usage":[16,18,19,19],"damage_taken":[{"damage":6,"enemies":"Cultist","floor":1,"turns":6},{"damage":5,"enemies":"Small Slimes","floor":3,"turns":4},{"damage":0,"enemies":"2 Louse","floor":6,"turns":3},{"damage":6,"enemies":"Looter","floor":8,"turns":3},{"damage":21,"enemies":"Exordium Thugs","floor":12,"turns":4},{"damage":14,"enemies":"Exordium Wildlife","floor":13,"turns":3},{"damage":11,"enemies":"Hexaghost","floor":16,"turns":9},{"damage":46,"enemies":"Spheric Guardian","floor":18,"turns":5},{"damage":11,"enemies":"2 Thieves","floor":19,"turns":4},{"damage":0,"enemies":"3 Cultists","floor":20,"turns":2}],"seed_played":"-3201635283597684837","potions_obtained":[{"floor":1,"key":"GamblersBrew"},{"floor":8,"key":"SneckoOil"},{"floor":13,"key":"PowerPotion"},{"floor":18,"key":"ColorlessPotion"}],"is_trial":false,"path_per_floor":["M","$","M","$","?","M","R","M","T","?","R","M","M","?","R","B",null,"M","M","M"],"character_chosen":"THE_SILENT","items_purchased":["Acrobatics","Predator"],"campfire_rested":0,"item_purchase_floors":[2,4],"current_hp_per_floor":[53,66,61,66,66,66,66,60,70,70,70,49,35,35,35,24,63,17,6,6,6],"gold":193,"neow_bonus":"RANDOM_COMMON_RELIC","is_daily":false,"chose_seed":false,"campfire_upgraded":3,"win_rate":0.0,"timestamp":1609078968,"path_taken":["M","?","M","?","?","?","R","M","T","?","R","M","M","?","R","BOSS","M","M","M"],"items_purchased_type":["Card","Card"],"build_version":"2020-12-22","purchased_purges":0,"victory":false,"max_hp_per_floor":[66,66,66,66,66,66,66,66,76,76,76,76,76,76,76,76,76,76,76,76,76],"card_choices":[{"not_picked":["Outmaneuver","Dash","Flying Knee"],"picked":"SKIP","floor":1},{"not_picked":["Terror","Quick Slash"],"picked":"Caltrops","floor":3},{"not_picked":["Dash","Backflip"],"picked":"Quick Slash","floor":6},{"not_picked":["Prepared","Cloak And Dagger","Blade Dance"],"picked":"SKIP","floor":8},{"not_picked":["Cloak And Dagger","PiercingWail","All Out Attack"],"picked":"SKIP","floor":12},{"not_picked":["Cloak And Dagger","All Out Attack"],"picked":"PiercingWail","floor":12},{"not_picked":["Prepared","Blade Dance","Accuracy"],"picked":"SKIP","floor":13},{"not_picked":["Prepared","Blade Dance","Accuracy"],"picked":"SKIP","floor":13},{"not_picked":["Tools of the Trade","Wraith Form v2"],"picked":"Venomology","floor":16},{"not_picked":["PiercingWail","Outmaneuver+1","Blade Dance"],"picked":"SKIP","floor":18},{"not_picked":["Outmaneuver","Blade Dance","Caltrops"],"picked":"SKIP","floor":19}],"player_experience":522504,"relics_obtained":[{"floor":9,"key":"Pear"}],"event_choices":[{"damage_healed":0,"gold_gain":50,"player_choice":"Pray","damage_taken":0,"max_hp_gain":0,"max_hp_loss":0,"event_name":"Golden Shrine","floor":5,"gold_loss":0},{"cards_removed":["Strike_G"],"damage_healed":0,"gold_gain":0,"player_choice":"Forget","damage_taken":0,"max_hp_gain":0,"max_hp_loss":0,"event_name":"Living Wall","floor":10,"gold_loss":0},{"damage_healed":0,"gold_gain":0,"player_choice":"Ignored","damage_taken":0,"max_hp_gain":0,"max_hp_loss":0,"event_name":"Liars Game","floor":14,"gold_loss":0}],"is_beta":false,"boss_relics":[{"not_picked":["Ring of the Serpent","Runic Dome"],"picked":"Runic Pyramid"}],"items_purged_floors":[],"is_endless":false,"potions_floor_spawned":[1,8,13,18],"killed_by":"3 Cultists","ascension_level":20}}