{"host":"aukiz5jlacd3g5yc","time":1609051159,"event":{"mods":["2.2 Compatiblity","BaseMod","Bestiary","Colored Map","Colored Powertips","Downfall","GifTheSpireLib","Hermit","Highlight Path","Hubris","Infinite Spire","Minty Spire (QoL Compilation)","Permanent Neow","Quick Restart","Random Character Button","Rare Cards Sparkle","Relic Sorter","Relic Stats","Replay The Spire","StSLib","Unknown Chances","everything is the same but u backflip on backflip","slay the spire mod where everything is the same but ironclad has a cowboy hat"],"gold_per_floor":[116,9,9,9,36,46,46,46],"floor_reached":8,"playtime":226,"items_purged":[],"score":57,"play_id":"710cbd77-d387-4ea1-ad6a-9302233ab6ec","local_time":"20201227003919","is_ascension_mode":true,"campfire_choices":[],"circlet_count":0,"master_deck":["hermit:Strike_Hermit","hermit:Strike_Hermit","hermit:Strike_Hermit","hermit:Strike_Hermit","hermit:Defend_Hermit","hermit:Defend_Hermit","hermit:Defend_Hermit","hermit:Defend_Hermit","hermit:Snapshot","hermit:Covet","Regret","hermit:GoldenBullet","hermit:WideOpen","hermit:WideOpen","hermit:GoldenBullet","Pot Of Greed","Pot Of Greed","hermit:Spite","hermit:Grudge"],"relics":["hermit:Momento","hubris:Teleporter","Art of War","Grinning Jar"],"acts_visited":["Exordium"],"potions_floor_usage":[],"damage_taken":[{"damage":18,"enemies":"Jaw Worm","floor":1,"turns":3},{"damage":31,"enemies":"Gremlin Nob","floor":6,"turns":5},{"damage":14,"enemies":"Small Slimes","floor":7,"turns":3},{"damage":13,"enemies":"3 Sentries","floor":8,"turns":2}],"seed_played":"3297402431127953894","potions_obtained":[],"is_trial":false,"path_per_floor":["M","$","?","$","E","M","E"],"character_chosen":"HERMIT","items_purchased":["hermit:WideOpen","hermit:GoldenBullet"],"campfire_rested":0,"item_purchase_floors":[2,2],"current_hp_per_floor":[57,57,57,57,26,12,0,0],"gold":46,"neow_bonus":"ONE_RARE_RELIC","is_daily":false,"chose_seed":false,"campfire_upgraded":0,"win_rate":0.0,"timestamp":1609051159,"path_taken":["M","$","?","$","E","M","E"],"items_purchased_type":["Card","Card"],"build_version":"2020-12-22","purchased_purges":0,"victory":false,"max_hp_per_floor":[75,75,75,75,75,75,75,75],"relic_stats":{"counters":[4,13],"Art of War":[1],"obtain_stats":[{"hubris:Teleporter":0,"Art of War":4,"Grinning Jar":6,"hermit:Momento":0},{"hubris:Teleporter":0,"Art of War":1,"Grinning Jar":2,"hermit:Momento":0},{"hubris:Teleporter":0,"Art of War":3,"Grinning Jar":8,"hermit:Momento":0}]},"card_choices":[{"not_picked":["hermit:TakeAim","hermit:WideOpen"],"picked":"hermit:GoldenBullet","floor":1},{"not_picked":["hermit:Scavenge","hermit:Glare"],"picked":"hermit:Spite","floor":6},{"not_picked":["hermit:ShadowCloak","hermit:EyeOfTheStorm"],"picked":"hermit:Grudge","floor":7}],"player_experience":351281,"relics_obtained":[{"floor":4,"key":"Art of War"},{"floor":6,"key":"Grinning Jar"}],"event_choices":[],"is_beta":false,"boss_relics":[],"items_purged_floors":[],"is_endless":false,"potions_floor_spawned":[],"killed_by":"3 Sentries","ascension_level":1}}