{"host":"1jyvlwrg3lqf29t2","time":1609071100,"event":{"mods":["BaseMod","Colored Powertips","Downfall","Hermit","Minty Spire (QoL Compilation)","StSLib","The Blackbeard","The Cursed","The Poker Player","TheBandit"],"gold_per_floor":[113,288,288,388,400,432,444,470,470,487,487,223,298,315,315,419,419,431,431,445,462,462,462],"floor_reached":22,"playtime":1013,"items_purged":["Doubt"],"score":246,"play_id":"ce240789-1f82-479f-9245-4a0d95e3e811","local_time":"20201227061140","is_ascension_mode":false,"campfire_choices":[{"data":"Ragnarok","floor":11.0,"key":"SMITH"},{"floor":15.0,"key":"REST"}],"circlet_count":0,"master_deck":["Strike_P","Strike_P","Strike_P","Strike_P","Defend_P","Defend_P","Defend_P","Defend_P","Eruption","Vigilance","BattleHymn","Ragnarok+1","Protect"],"relics":["PureWater","NeowsBlessing","Blue Candle","Singing Bowl","InkBottle","MealTicket","SlaversCollar","Mercury Hourglass"],"acts_visited":["Exordium","TheCity"],"potions_floor_usage":[16,21],"damage_taken":[{"damage":0.0,"enemies":"2 Louse","floor":1.0,"turns":1.0},{"damage":0.0,"enemies":"Small Slimes","floor":5.0,"turns":1.0},{"damage":0.0,"enemies":"Lagavulin","floor":6.0,"turns":1.0},{"damage":3.0,"enemies":"Cultist","floor":7.0,"turns":3.0},{"damage":16.0,"enemies":"Gremlin Nob","floor":8.0,"turns":4.0},{"damage":25.0,"enemies":"Exordium Thugs","floor":10.0,"turns":5.0},{"damage":1.0,"enemies":"Lots of Slimes","floor":14.0,"turns":3.0},{"damage":18,"enemies":"Slime Boss","floor":16,"turns":6},{"damage":57,"enemies":"Shell Parasite","floor":18,"turns":13},{"damage":29,"enemies":"Chosen","floor":20,"turns":6},{"damage":2,"enemies":"Snecko","floor":21,"turns":4},{"damage":8,"enemies":"Masked Bandits","floor":22,"turns":2}],"seed_played":"1142849471446573344","potions_obtained":[{"floor":1.0,"key":"SkillPotion"},{"floor":5.0,"key":"Block Potion"},{"floor":16,"key":"PowerPotion"}],"is_trial":false,"path_per_floor":["M","?","?","?","M","E","M","E","T","M","R","$","?","M","R","B",null,"M","?","M","M","?"],"character_chosen":"WATCHER","items_purchased":["MealTicket","Protect"],"campfire_rested":1,"item_purchase_floors":[12,12],"current_hp_per_floor":[72,72,77,77,77,77,74,60,60,37,37,37,29,30,54,38,85,30,30,3,3,0,0],"gold":462,"neow_bonus":"THREE_ENEMY_KILL","is_daily":false,"chose_seed":false,"campfire_upgraded":1,"win_rate":0.0,"timestamp":1609071100,"path_taken":["M","?","?","?","M","E","M","E","T","?","R","$","?","?","R","BOSS","M","?","M","M","?"],"items_purchased_type":["Relic","Card"],"build_version":"2020-12-22","purchased_purges":1,"victory":false,"max_hp_per_floor":[72,72,77,77,77,77,77,79,79,81,81,81,81,83,83,85,85,87,87,89,91,91,91],"card_choices":[{"not_picked":["WindmillStrike","SashWhip"],"picked":"BattleHymn","floor":1.0},{"not_picked":["Prostrate","Consecrate","ClearTheMind"],"picked":"SKIP","floor":5.0},{"not_picked":["Tantrum","Indignation","CarveReality"],"picked":"SKIP","floor":6.0},{"not_picked":["BowlingBash","SashWhip"],"picked":"Ragnarok","floor":7.0},{"not_picked":["Prostrate","Crescendo","FlyingSleeves"],"picked":"Singing Bowl","floor":8.0},{"not_picked":["FlyingSleeves","BattleHymn","Pray"],"picked":"Singing Bowl","floor":10.0},{"not_picked":["FlurryOfBlows","WaveOfTheHand","EmptyMind"],"picked":"Singing Bowl","floor":14.0},{"not_picked":["Vault","Blasphemy","Scrawl"],"picked":"Singing Bowl","floor":16},{"not_picked":["FlyingSleeves","Prostrate","Worship"],"picked":"Singing Bowl","floor":18},{"not_picked":["Consecrate","EmptyMind","Protect"],"picked":"Singing Bowl","floor":20},{"not_picked":["Pray","Weave+1","Consecrate"],"picked":"Singing Bowl","floor":21}],"player_experience":375864,"relics_obtained":[{"floor":6.0,"key":"Blue Candle"},{"floor":8.0,"key":"Singing Bowl"},{"floor":9.0,"key":"InkBottle"}],"event_choices":[{"damage_healed":0.0,"max_hp_gain":0.0,"max_hp_loss":0.0,"gold_gain":175.0,"event_name":"Liars Game","player_choice":"AGREE","floor":2.0,"gold_loss":0.0,"damage_taken":0.0,"cards_obtained":["Doubt"]},{"damage_healed":0.0,"max_hp_gain":5.0,"max_hp_loss":0.0,"gold_gain":0.0,"event_name":"Big Fish","player_choice":"Donut","floor":3.0,"gold_loss":0.0,"damage_taken":0.0},{"damage_healed":0.0,"max_hp_gain":0.0,"max_hp_loss":0.0,"gold_gain":100.0,"event_name":"Golden Shrine","player_choice":"Pray","floor":4.0,"gold_loss":0.0,"damage_taken":0.0},{"damage_healed":0.0,"max_hp_gain":0.0,"max_hp_loss":0.0,"gold_gain":75.0,"event_name":"FaceTrader","player_choice":"Touch","floor":13.0,"gold_loss":0.0,"damage_taken":8.0},{"damage_healed":0,"gold_gain":0,"player_choice":"Opened","damage_taken":0,"relics_obtained":["Mercury Hourglass"],"max_hp_gain":0,"max_hp_loss":0,"event_name":"The Mausoleum","floor":19,"gold_loss":0},{"damage_healed":0,"gold_gain":0,"player_choice":"Fought Bandits","damage_taken":0,"max_hp_gain":0,"max_hp_loss":0,"event_name":"Masked Bandits","floor":22,"gold_loss":0}],"is_beta":false,"boss_relics":[{"not_picked":["HolyWater","Cursed Key"],"picked":"SlaversCollar"}],"items_purged_floors":[12],"is_endless":false,"potions_floor_spawned":[1,5,16],"killed_by":"Masked Bandits","ascension_level":0}}