{"host":"h5acbxt0wmjo1kpm","time":1609054989,"event":{"mods":["2.2 Compatiblity","Act Like it!","AlwaysNeverKeys","Aspiration","Bartender","BaseMod","Better Third Choice","Colored Map","Elementarium","Gensokyo","GifTheSpireLib","Hallownest","Marisa????????","Minty Spire (QoL Compilation)","Permanent Neow","Potionbrewer","Relic Filter","Replay The Spire","Robot Space Explorer","RumiaBox-????????","Shade Mod","Spicy Shops","StSLib","Strawberry Spire","The Blackbeard","The Dragon Tamer","The Forsaken","The Gatherer","The Problem Sleuth","The Servant 0.9.4","Wandering Minibosses","vexMod"],"gold_per_floor":[111,111,129,153,153,181,181,214,284,301,312,312,27,22,22,17,17],"floor_reached":16,"playtime":862,"items_purged":["Pride"],"score":176,"play_id":"b9b6c048-2e8f-45ec-9ffd-c6a6e08ee4ad","local_time":"20201226234309","is_ascension_mode":true,"campfire_choices":[{"data":"Steam","floor":7,"key":"SMITH"},{"data":"EmptyBody","floor":12,"key":"SMITH"},{"floor":15,"key":"REST"}],"circlet_count":0,"master_deck":["AscendersBane","Strike_P","Defend_P","Defend_P","Defend_P","Eruption","Vigilance","Replay:BluntJabs","ForeignInfluence+1","Steam+1","Crescendo","CutThroughFate","Replay:AllIn","Consecrate","EmptyBody+1","FollowUp","MasterReality+1","Pray+1"],"relics":["Replay:Bronze Core","potionbrewer:AlchemistFlask","Unceasing Top","Tiny Chest","Replay:Bottled Flurry","strawberrySpire:GlyphStone","vexMod:Cooldron"],"acts_visited":["Exordium"],"potions_floor_usage":[3],"damage_taken":[{"damage":8,"enemies":"Small Slimes","floor":1,"turns":4},{"damage":0,"enemies":"Jaw Worm","floor":3,"turns":2},{"damage":41,"enemies":"Gremlin Nob","floor":6,"turns":4},{"damage":2,"enemies":"3 Sentries","floor":8,"turns":5},{"damage":0,"enemies":"2 Louse","floor":10,"turns":2},{"damage":6,"enemies":"Large Slime","floor":11,"turns":4},{"damage":0,"enemies":"Exordium Wildlife","floor":14,"turns":7},{"damage":4,"enemies":"Fading Forest","floor":16,"turns":5}],"seed_played":"-777050658334309233","potions_obtained":[{"floor":1,"key":"FearPotion"},{"floor":8,"key":"potionbrewer:CleansingPotion"}],"is_trial":false,"path_per_floor":["M","?","M","?","?","E","R","E","T","M","M","R","$","M","R","B"],"character_chosen":"WATCHER","items_purchased":["strawberrySpire:GlyphStone","vexMod:Cooldron"],"campfire_rested":1,"item_purchase_floors":[13,13],"current_hp_per_floor":[57,57,57,57,57,16,16,14,14,14,8,8,8,8,29,33,33],"gold":17,"neow_bonus":"BOSS_RELIC","is_daily":false,"chose_seed":false,"campfire_upgraded":2,"win_rate":0.0,"timestamp":1609054989,"path_taken":["M","?","M","?","?","E","R","E","T","M","?","R","$","M","R","BOSS"],"items_purchased_type":["Relic","Relic"],"build_version":"2020-12-22","purchased_purges":1,"victory":false,"max_hp_per_floor":[72,72,72,72,72,72,72,72,72,72,72,72,72,72,72,72,72],"card_choices":[{"not_picked":["EmptyBody","Replay:ManipulateFuture"],"picked":"Replay:BluntJabs","floor":1},{"not_picked":["Replay:AtTheReady","Conclude"],"picked":"Crescendo","floor":3},{"not_picked":["JustLucky","EmptyBody"],"picked":"CutThroughFate","floor":4},{"not_picked":["Replay:LoomingThreat","Replay:AtTheReady"],"picked":"Replay:AllIn","floor":6},{"not_picked":["LikeWater","Replay:Vibes"],"picked":"Consecrate","floor":8},{"not_picked":["Halt","Crescendo"],"picked":"EmptyBody","floor":10},{"not_picked":["Replay:Hum","Replay:BluntJabs"],"picked":"FollowUp","floor":11},{"not_picked":["JustLucky","CrushJoints","Tantrum"],"picked":"SKIP","floor":14}],"player_experience":1954879,"relics_obtained":[{"floor":4,"key":"potionbrewer:AlchemistFlask"},{"floor":6,"key":"Unceasing Top"},{"floor":8,"key":"Tiny Chest"},{"floor":9,"key":"Replay:Bottled Flurry"}],"event_choices":[{"damage_healed":0,"gold_gain":0,"player_choice":"Grow","damage_taken":0,"max_hp_gain":0,"max_hp_loss":0,"event_name":"Living Wall","floor":5,"gold_loss":0,"cards_upgraded":["ForeignInfluence"]}],"is_beta":false,"boss_relics":[],"items_purged_floors":[13],"is_endless":false,"potions_floor_spawned":[1,8],"killed_by":"Fading Forest","ascension_level":12}}