{"host":"liqblz7tpw2jrdl0","time":1609063867,"event":{"mods":["ATMod(°¢èªMod)","BaseMod","Better-Laid Plans","Colored Map","HololiveMod","Minty Spire (QoL Compilation)","Relic Stats","StSLib","óô»ðÖ¸ÄÏ"],"gold_per_floor":[81,97,97,122,122,162,242,242,312,346,370,403,106,129,129,253,253,272,272,100,100,123,162,178,178,178,178,212,212,246,17,17,120,120,139,139,14,29,41,72,38,56,83,119,154,212,130,170,20,27],"floor_reached":51,"playtime":1953,"items_purged":["Hololive_Defend","Shame","Hololive_Strike","Hololive_Strike"],"score":1975,"play_id":"2556de37-4e75-47ef-90f6-b5467863f63c","local_time":"20201227181107","is_ascension_mode":true,"campfire_choices":[{"data":"Hololive_CallDoris","floor":15,"key":"SMITH"},{"data":"Hololive_CallMurasakiShion","floor":25,"key":"SMITH"},{"data":"Hololive_Yoholoon","floor":32,"key":"SMITH"}],"circlet_count":0,"master_deck":["AscendersBane","Hololive_Defend","Hololive_ILoveYou","Hololive_CallAmaneKanata+1","Hololive_CallTokinoSora","Hololive_CallRosalyn","Hololive_CallOkamiMio","Hololive_CallHimemoriLuna","AT_FamilyPortrait","Hololive_CallYukihanaLamy","Hololive_CallAkiRosenthal","Hololive_CallInugamiKorone","Hololive_CallYozoraMel","Hololive_CallMurasakiShion+1","Hololive_OvertimeWork","Hololive_CallMomosuzuNene+13","Hololive_FlyingPonyTail","Hololive_Rebound","Hololive_CallDoris+1","Hololive_CallTsunomakiWatame","Hololive_Nanodesu","Hololive_HuntDinosaur+1","Hololive_Yoholoon+1","AT_FamilyPortrait","Hololive_CallNatsuiroMatsuri","Hololive_CocoNews+1","Hololive_Rebound+1","Hololive_LuckPotion","Hololive_CallNekomataOkayu+1","Hololive_CallFriendA+1","Hololive_CallShiroganeNoel","Hololive_AWSL","CurseOfTheBell","Hololive_CallMinatoAqua","Hololive_CallKiryuuCoco","Hololive_CallHoushouMarine","Hololive_RevenueBasedLive+1","Hololive_CallManoAloe","Hololive_Watashimo+1","Hololive_HuntDinosaur+1","Hololive_CallNakiriAyame+1","Hololive_BringToTrial+1","Hololive_CallShiranuiFlare","Hololive_BeCareful+1"],"relics":["Hololive_TheStar","AT_ATBox","NeowsBlessing","Bloody Idol","AT_ChloranthyRing","Vajra","Toy Ornithopter","Ornamental Fan","Bag of Preparation","AT_ArcaneBoots","AT_EbonyIvory","SlaversCollar","Orichalcum","Shuriken","Pear","Meat on the Bone","AT_SilvercatRing","AT_RedTearstoneRing","Calling Bell","Potion Belt","Toxic Egg 2","Unceasing Top","Boot","Pen Nib","InkBottle","Incense Burner","AT_BellowingDragoncrestRing"],"acts_visited":["Exordium","TheCity","TheBeyond"],"potions_floor_usage":[6,10,10,23,23,40,40,40,50,50,50],"damage_taken":[{"damage":0,"enemies":"Small Slimes","floor":1,"turns":1},{"damage":0,"enemies":"Jaw Worm","floor":2,"turns":1},{"damage":0,"enemies":"2 Louse","floor":4,"turns":1},{"damage":0,"enemies":"Lagavulin","floor":6,"turns":5},{"damage":0,"enemies":"Gremlin Nob","floor":7,"turns":4},{"damage":0,"enemies":"3 Sentries","floor":10,"turns":4},{"damage":0,"enemies":"2 Fungi Beasts","floor":11,"turns":4},{"damage":0,"enemies":"Gremlin Nob","floor":12,"turns":3},{"damage":0,"enemies":"Red Slaver","floor":14,"turns":2},{"damage":0,"enemies":"Slime Boss","floor":16,"turns":4},{"damage":0,"enemies":"Shell Parasite","floor":18,"turns":3},{"damage":0,"enemies":"Spheric Guardian","floor":22,"turns":3},{"damage":0,"enemies":"Gremlin Leader","floor":23,"turns":3},{"damage":0,"enemies":"Chosen and Byrds","floor":24,"turns":3},{"damage":10,"enemies":"Slavers","floor":28,"turns":3},{"damage":0,"enemies":"Book of Stabbing","floor":30,"turns":4},{"damage":0,"enemies":"Automaton","floor":33,"turns":5},{"damage":0,"enemies":"3 Shapes","floor":35,"turns":3},{"damage":0,"enemies":"3 Darklings","floor":38,"turns":3},{"damage":0,"enemies":"4 Shapes","floor":39,"turns":3},{"damage":0,"enemies":"Nemesis","floor":40,"turns":3},{"damage":0,"enemies":"Maw","floor":42,"turns":3},{"damage":0,"enemies":"Reptomancer","floor":44,"turns":6},{"damage":0,"enemies":"3 Darklings","floor":45,"turns":4},{"damage":0,"enemies":"2 Orb Walkers","floor":46,"turns":3},{"damage":0,"enemies":"Giant Head","floor":48,"turns":4},{"damage":0,"enemies":"Time Eater","floor":50,"turns":6}],"seed_played":"-4430385435844752075","potions_obtained":[{"floor":1,"key":"Block Potion"},{"floor":2,"key":"Dexterity Potion"},{"floor":7,"key":"EssenceOfSteel"},{"floor":11,"key":"PowerPotion"},{"floor":18,"key":"Strength Potion"},{"floor":22,"key":"Explosive Potion"},{"floor":28,"key":"Block Potion"},{"floor":38,"key":"SteroidPotion"},{"floor":39,"key":"SkillPotion"},{"floor":40,"key":"Fire Potion"},{"floor":46,"key":"AttackPotion"}],"is_trial":false,"path_per_floor":["M","M","?","M","?","E","?","?","T","E","M","E","R","M","R","B",null,"M","?","$","?","M","E","M","R","T","?","E","?","E","$","R","B",null,"M","?","$","M","M","E","$","M","T","E","M","?","R","E","R","B",null],"character_chosen":"Hololive_HololiveCharacter","items_purchased":["AT_EbonyIvory","Hololive_CallDoris","Hololive_Yoholoon","Hololive_CallShiroganeNoel","AT_RedTearstoneRing","PowerPotion","Hololive_CallManoAloe","Hololive_CallShiranuiFlare"],"campfire_rested":0,"item_purchase_floors":[13,13,20,31,31,31,41,47],"current_hp_per_floor":[32,32,32,32,25,25,25,25,25,33,33,33,33,33,33,33,33,33,33,33,33,33,33,33,33,43,43,38,38,43,43,43,43,43,44,44,44,45,46,47,47,48,48,49,50,51,51,52,52,53],"gold":27,"neow_bonus":"THREE_ENEMY_KILL","is_daily":false,"chose_seed":false,"campfire_upgraded":3,"win_rate":0.0,"timestamp":1609063867,"path_taken":["M","M","?","M","?","E","?","?","T","E","M","E","R","M","R","BOSS","M","?","$","?","M","E","?","R","T","?","E","?","E","?","R","BOSS","M","?","$","M","M","E","$","M","T","E","M","?","R","E","R","BOSS"],"items_purchased_type":["Relic","Card","Card","Card","Relic","Potion","Card","Card"],"build_version":"2020-12-22","purchased_purges":4,"victory":true,"max_hp_per_floor":[35,35,33,33,33,33,33,33,33,33,33,33,33,33,33,33,33,33,33,33,33,33,33,33,33,43,43,43,43,43,43,43,43,43,44,44,44,45,46,47,47,48,48,49,50,51,51,52,52,53],"relic_stats":{"counters":[27,91],"Pen Nib":[2],"Bag of Preparation":[42],"Orichalcum":[84],"Boot":[1],"Ornamental Fan":[36],"Shuriken":[7],"Bloody Idol":10,"obtain_stats":[{"AT_ATBox":0,"Vajra":6,"AT_ArcaneBoots":33,"Bag of Preparation":10,"Incense Burner":46,"Boot":40,"Toxic Egg 2":34,"InkBottle":44,"AT_ChloranthyRing":5,"Potion Belt":34,"AT_RedTearstoneRing":31,"Pear":26,"NeowsBlessing":0,"Golden Idol":3,"AT_EbonyIvory":13,"Pen Nib":43,"Orichalcum":19,"AT_SilvercatRing":30,"Calling Bell":34,"SlaversCollar":17,"AT_SpeedBoots":12,"AT_BellowingDragoncrestRing":48,"Ornamental Fan":9,"Shuriken":23,"Bloody Idol":27,"Hololive_TheStar":0,"Toy Ornithopter":7,"Unceasing Top":34,"Meat on the Bone":28},{"AT_ATBox":0,"Vajra":4,"AT_ArcaneBoots":17,"Bag of Preparation":6,"Incense Burner":25,"Boot":21,"Toxic Egg 2":17,"InkBottle":23,"AT_ChloranthyRing":3,"Potion Belt":17,"AT_RedTearstoneRing":16,"Pear":14,"NeowsBlessing":0,"Golden Idol":2,"AT_EbonyIvory":8,"Pen Nib":22,"Orichalcum":11,"AT_SilvercatRing":16,"Calling Bell":17,"SlaversCollar":10,"AT_SpeedBoots":8,"AT_BellowingDragoncrestRing":26,"Ornamental Fan":5,"Shuriken":13,"Bloody Idol":14,"Hololive_TheStar":0,"Toy Ornithopter":4,"Unceasing Top":17,"Meat on the Bone":15},{"AT_ATBox":0,"Vajra":8,"AT_ArcaneBoots":50,"Bag of Preparation":16,"Incense Burner":81,"Boot":65,"Toxic Egg 2":53,"InkBottle":74,"AT_ChloranthyRing":3,"Potion Belt":53,"AT_RedTearstoneRing":48,"Pear":41,"NeowsBlessing":0,"Golden Idol":2,"AT_EbonyIvory":23,"Pen Nib":68,"Orichalcum":32,"AT_SilvercatRing":48,"Calling Bell":53,"SlaversCollar":29,"AT_SpeedBoots":23,"AT_BellowingDragoncrestRing":85,"Ornamental Fan":12,"Shuriken":38,"Bloody Idol":41,"Hololive_TheStar":0,"Toy Ornithopter":8,"Unceasing Top":53,"Meat on the Bone":44}],"Toy Ornithopter":8,"Unceasing Top":[9],"InkBottle":[10],"Meat on the Bone":0},"card_choices":[{"not_picked":["Hololive_CallAkaiHaato","Hololive_CocoNews","Hololive_CallOmaruPolka"],"picked":"Hololive_CallYukihanaLamy","floor":1},{"not_picked":["Hololive_Trident","Hololive_Sequa","Hololive_Rebound"],"picked":"Hololive_CallAkiRosenthal","floor":2},{"not_picked":["Hololive_CocoNews","Hololive_StrengthChampion","Hololive_BringToTrial"],"picked":"Hololive_CallInugamiKorone","floor":4},{"not_picked":["Hololive_DevilCharm","Hololive_CallNekomataOkayu","Hololive_HuntDinosaur"],"picked":"Hololive_CallYozoraMel","floor":6},{"not_picked":["Hololive_Thief","Hololive_Breathe","Hololive_Sequa"],"picked":"Hololive_CallMurasakiShion","floor":7},{"not_picked":["Hololive_CallRosalyn","Hololive_Breathe","Hololive_Teleport"],"picked":"Hololive_CallMomosuzuNene","floor":10},{"not_picked":["Hololive_Sequa","Hololive_HuntDinosaur","Hololive_Drill"],"picked":"Hololive_FlyingPonyTail","floor":11},{"not_picked":["Hololive_RevenueBasedLive","Hololive_Breathe","Hololive_OvertimeWork"],"picked":"Hololive_Rebound","floor":12},{"not_picked":["Hololive_Breathe","Hololive_CallAmaneKanata","Hololive_LuckPotion"],"picked":"Hololive_CallTsunomakiWatame","floor":14},{"not_picked":["Hololive_StarCraft","Hololive_WolfAndLamb","Hololive_DiamondStrike"],"picked":"Hololive_Nanodesu","floor":16},{"not_picked":["Hololive_Rebound","Hololive_Psychosis","Hololive_Drill"],"picked":"Hololive_HuntDinosaur+1","floor":18},{"not_picked":["Hololive_CallAkaiHaato","Hololive_OvertimeWork","Hololive_CallYuzukiChoco"],"picked":"Hololive_CallNatsuiroMatsuri","floor":22},{"not_picked":["Hololive_CallAkiRosenthal","Hololive_Sequa","Hololive_Trident"],"picked":"Hololive_CocoNews+1","floor":23},{"not_picked":["Hololive_OvertimeWork","Hololive_SoulCatcher","Hololive_ManjiGathering"],"picked":"Hololive_Rebound+1","floor":24},{"not_picked":["Hololive_Drill+1","Hololive_StrengthChampion","Hololive_BeCareful"],"picked":"Hololive_LuckPotion","floor":28},{"not_picked":["Hololive_CallAiraniIofifteen","Hololive_RevenueBasedLive","Hololive_CallDoris"],"picked":"Hololive_CallFriendA+1","floor":30},{"not_picked":["Hololive_StarCraft","Hololive_BeCareful","Hololive_ScarfAndHalo"],"picked":"Hololive_AWSL","floor":33},{"not_picked":["Hololive_CallTsunomakiWatame+1","Hololive_Rebound+1","Hololive_Trident+1"],"picked":"Hololive_CallMinatoAqua","floor":35},{"not_picked":["Hololive_StrengthChampion","Hololive_LuckPotion+1","Hololive_OvertimeWork"],"picked":"Hololive_CallKiryuuCoco","floor":38},{"not_picked":["Hololive_StrengthChampion+1","Hololive_Breathe+1","Hololive_BringToTrial+1"],"picked":"Hololive_CallHoushouMarine","floor":39},{"not_picked":["Hololive_CallMomosuzuNene","Hololive_Psychosis","Hololive_Yoholoon+1"],"picked":"Hololive_RevenueBasedLive+1","floor":40},{"not_picked":["Hololive_SummonFox+1","Hololive_Psychosis","Hololive_CocoNews+1"],"picked":"Hololive_Watashimo+1","floor":42},{"not_picked":["Hololive_StrengthChampion+1","Hololive_Breathe+1","Hololive_ASMR"],"picked":"Hololive_HuntDinosaur+1","floor":44},{"not_picked":["Hololive_FlyingPonyTail+1","Hololive_DevilCharm+1","Hololive_Trident"],"picked":"Hololive_CallNakiriAyame+1","floor":45},{"not_picked":["Hololive_Drill+1","Hololive_LuckPotion+1","Hololive_CocoNews+1"],"picked":"Hololive_BringToTrial+1","floor":46},{"not_picked":["Hololive_Drill","Hololive_CallKiryuuCoco","Hololive_HuntDinosaur+1"],"picked":"Hololive_BeCareful+1","floor":48}],"player_experience":39134,"relics_obtained":[{"floor":6,"key":"Vajra"},{"floor":9,"key":"Ornamental Fan"},{"floor":10,"key":"Bag of Preparation"},{"floor":12,"key":"AT_SpeedBoots"},{"floor":23,"key":"Shuriken"},{"floor":26,"key":"Pear"},{"floor":28,"key":"Meat on the Bone"},{"floor":30,"key":"AT_SilvercatRing"},{"floor":34,"key":"Potion Belt"},{"floor":34,"key":"Toxic Egg 2"},{"floor":34,"key":"Unceasing Top"},{"floor":40,"key":"Boot"},{"floor":43,"key":"Pen Nib"},{"floor":44,"key":"InkBottle"},{"floor":46,"key":"Incense Burner"},{"floor":48,"key":"AT_BellowingDragoncrestRing"}],"event_choices":[{"damage_healed":0,"gold_gain":0,"player_choice":"Lose Max HP","damage_taken":0,"relics_obtained":["Golden Idol"],"max_hp_gain":0,"max_hp_loss":2,"event_name":"Golden Idol","floor":3,"gold_loss":0},{"damage_healed":0,"gold_gain":0,"player_choice":"Success","damage_taken":7,"relics_obtained":["AT_ChloranthyRing"],"max_hp_gain":0,"max_hp_loss":0,"event_name":"Scrap Ooze","floor":5,"gold_loss":0},{"damage_healed":0,"gold_gain":0,"player_choice":"Searched \u00272\u0027 times","damage_taken":0,"relics_obtained":["Toy Ornithopter"],"max_hp_gain":0,"max_hp_loss":0,"event_name":"Dead Adventurer","floor":7,"gold_loss":0},{"damage_healed":0,"gold_gain":0,"player_choice":"2 cards matched","damage_taken":0,"max_hp_gain":0,"max_hp_loss":0,"event_name":"Match and Keep!","floor":8,"gold_loss":0,"cards_obtained":["Hololive_OvertimeWork","Hololive_OvertimeWork"]},{"damage_healed":0,"gold_gain":0,"player_choice":"Stole Relic","damage_taken":0,"relics_obtained":["Orichalcum"],"max_hp_gain":0,"max_hp_loss":0,"event_name":"Addict","floor":19,"gold_loss":0,"cards_obtained":["Shame"]},{"damage_healed":0,"gold_gain":0,"player_choice":"Copied","damage_taken":0,"max_hp_gain":0,"max_hp_loss":0,"event_name":"Duplicator","floor":21,"gold_loss":0,"cards_obtained":["AT_FamilyPortrait"]},{"damage_healed":0,"gold_gain":0,"player_choice":"Gave Idol","damage_taken":0,"relics_obtained":["Bloody Idol"],"max_hp_gain":0,"max_hp_loss":0,"event_name":"Forgotten Altar","floor":27,"relics_lost":["Golden Idol"],"gold_loss":0},{"damage_healed":0,"gold_gain":0,"player_choice":"Read","damage_taken":0,"max_hp_gain":0,"max_hp_loss":0,"event_name":"The Library","floor":29,"gold_loss":0,"cards_obtained":["Hololive_CallNekomataOkayu"]},{"cards_removed":["Hololive_OvertimeWork"],"damage_healed":0,"gold_gain":0,"player_choice":"Removed Attack","damage_taken":0,"max_hp_gain":0,"max_hp_loss":0,"event_name":"Falling","floor":36,"gold_loss":0},{"damage_healed":0,"gold_gain":0,"player_choice":"Fight","damage_taken":0,"max_hp_gain":0,"max_hp_loss":0,"event_name":"Mysterious Sphere","floor":46,"gold_loss":0}],"is_beta":false,"boss_relics":[{"not_picked":["Astrolabe","Runic Pyramid"],"picked":"SlaversCollar"},{"not_picked":["Tiny House","Sozu"],"picked":"Calling Bell"}],"items_purged_floors":[13,20,37,49],"is_endless":false,"potions_floor_spawned":[1,2,4,7,11,18,22,28,38,39,40,46],"ascension_level":11}}