{"host":"id4dtnaxob941dwk","time":1609032598,"event":{"mods":["AchievementEnabler","BaseMod","BetterRewards","Colored Powertips","Minty Spire (QoL Compilation)","Quick Restart","Rare Cards Sparkle","Replay The Spire","StSLib","Synergy Search","The Runesmith","The Servant 0.9.4"],"gold_per_floor":[111,131,131,2,12,12,12,12],"floor_reached":7,"playtime":787,"items_purged":[],"score":41,"play_id":"02548168-cb06-4f3c-88ff-d94936112d9e","local_time":"20201226232958","is_ascension_mode":false,"campfire_choices":[{"floor":6.0,"key":"DIG"}],"circlet_count":0,"master_deck":["Runesmith:Strike_RS","Runesmith:Strike_RS","Runesmith:Strike_RS","Runesmith:Defend_RS","Runesmith:Defend_RS","Runesmith:Defend_RS","Runesmith:Defend_RS","Runesmith:CraftFirestone","Runesmith:Fortify","Runesmith:Augment","Runesmith:Firestorm","Finesse","Runesmith:Permafrost","Runesmith:Terraform","Runesmith:CraftProtectio","Runesmith:PoweredAnvil","Runesmith:NanitesCloud"],"relics":["Runesmith:BrokenRuby","Shovel","Strange Spoon","Runesmith:MiniCore","Strawberry"],"acts_visited":["Exordium"],"potions_floor_usage":[7],"damage_taken":[{"damage":5.0,"enemies":"Cultist","floor":1.0,"turns":5.0},{"damage":10.0,"enemies":"Small Slimes","floor":2.0,"turns":5.0},{"damage":8.0,"enemies":"Jaw Worm","floor":5.0,"turns":6.0},{"damage":38,"enemies":"Gremlin Nob","floor":7,"turns":6}],"seed_played":"-7695801374514530161","potions_obtained":[{"floor":2.0,"key":"SpeedPotion"},{"floor":5.0,"key":"Elixir"}],"is_trial":false,"path_per_floor":["M","M","?","$","M","R","E"],"character_chosen":"RUNESMITH_CLASS","items_purchased":["Runesmith:Firestorm","Strange Spoon","Runesmith:MiniCore","Finesse","Runesmith:CraftProtectio","Runesmith:PoweredAnvil"],"campfire_rested":0,"item_purchase_floors":[0,0,0,0,4,4],"current_hp_per_floor":[44,34,34,34,26,33,0,0],"gold":12,"neow_bonus":"","is_daily":false,"chose_seed":false,"campfire_upgraded":0,"win_rate":0.0,"timestamp":1609032598,"path_taken":["M","M","?","$","?","R","E"],"items_purchased_type":["Card","Relic","Relic","Card","Card","Card"],"build_version":"2020-12-22","purchased_purges":0,"victory":false,"max_hp_per_floor":[70,70,70,70,70,77,77,77],"card_choices":[{"not_picked":["Runesmith:Terraform","Runesmith:LithiumIon"],"picked":"Runesmith:Permafrost","floor":1.0},{"not_picked":["Runesmith:HammerThrow","Runesmith:ChiselStab"],"picked":"Runesmith:Terraform","floor":2.0},{"not_picked":["Runesmith:Accelerate","Runesmith:EnergizedChisel"],"picked":"Runesmith:NanitesCloud","floor":5.0}],"player_experience":195439,"relics_obtained":[{"floor":6.0,"key":"Strawberry"}],"event_choices":[{"cards_removed":["Runesmith:Strike_RS"],"damage_healed":0.0,"max_hp_gain":0.0,"max_hp_loss":0.0,"gold_gain":0.0,"event_name":"Wheel of Change","player_choice":"Card Removal","floor":3.0,"gold_loss":0.0,"damage_taken":0.0}],"is_beta":false,"boss_relics":[],"items_purged_floors":[],"is_endless":false,"potions_floor_spawned":[2,5],"killed_by":"Gremlin Nob","ascension_level":0}}