{"host":"qc8h4lvnd2c314ki","time":1609036143,"event":{"mods":["ATMod(°¢èªMod)","AchievementEnabler","Act Like it!","Ascension Reborn","Aspiration","BaseMod","Better Note","Better Third Choice","Curses Come First","Friendly Minions","GifTheSpireLib","Highlight Path","Mimic Mod","Minty Spire (QoL Compilation)","Random Character Button","Robot Space Explorer","StSLib"],"gold_per_floor":[115,115,115,139,139,139,154,168,194,194,48,48,48,66,66,185,185,210,210,210,231,249,249,100,133,176,192,192,211,211,230,230,351,351,372,372,390,415,433,433,452,452,452,475,475,148,148,148,148,253,253,264,274,274,274,293,293,333,333,373,373,396,396,396,421,421,547,547,561,579,614,441,441,441,461,461,505,518,518,543,561,561,561,687,687,702,702,454,454,474,474,493,512,578,274,274,312,331,356,356,476,476,501,676,676,690,713,713,713,747,782,782,797,797,554,578,578,697,697,721,721],"floor_reached":120,"playtime":7349,"items_purged":["Pain"],"score":3045,"play_id":"bba6e184-1d8a-4e25-b419-61eefe3628d4","local_time":"20201227102902","daily_mods":["SealedDeck","Binary"],"is_ascension_mode":true,"campfire_choices":[{"data":"Rampage","floor":6.0,"key":"SMITH"},{"data":"AT_ShrugMaster","floor":10.0,"key":"SMITH"},{"data":"Flame Barrier","floor":13.0,"key":"SMITH"},{"data":"Fire Breathing","floor":15.0,"key":"SMITH"},{"data":"Evolve","floor":23.0,"key":"SMITH"},{"data":"Anger","floor":28.0,"key":"SMITH"},{"data":"AT_CaressingTears","floor":30.0,"key":"SMITH"},{"data":"AT_BodySlamDance","floor":32.0,"key":"SMITH"},{"data":"AT_Dispersion","floor":40.0,"key":"SMITH"},{"data":"AT_DrawKnifeCut","floor":42.0,"key":"SMITH"},{"data":"Magnetism","floor":49.0,"key":"SMITH"},{"data":"Bandage Up","floor":57.0,"key":"SMITH"},{"data":"Ghostly Armor","floor":59.0,"key":"SMITH"},{"data":"Berserk","floor":61.0,"key":"SMITH"},{"data":"AT_DarkMatter","floor":64.0,"key":"SMITH"},{"data":"Entrench","floor":66.0,"key":"SMITH"},{"data":"Shockwave","floor":74.0,"key":"SMITH"},{"data":"Power Through","floor":76.0,"key":"SMITH"},{"data":"Barricade","floor":79.0,"key":"SMITH"},{"data":"Dropkick","floor":83.0,"key":"SMITH"},{"data":"Reckless Charge","floor":91.0,"key":"SMITH"},{"data":"Thunderclap","floor":96.0,"key":"SMITH"},{"data":"Iron Wave","floor":100.0,"key":"SMITH"},{"data":"Shrug It Off","floor":108,"key":"SMITH"},{"floor":112,"key":"REST"},{"data":"Infernal Blade","floor":117,"key":"SMITH"}],"circlet_count":0,"master_deck":["AT_DrawKnifeCut+1","AT_CaressingTears+1","Power Through+1","Fire Breathing+1","Ghostly Armor+1","Rampage+1","Thunderclap+1","Shrug It Off+1","Iron Wave+1","Flame Barrier+1","Anger+1","AT_ShrugMaster+1","Metallicize+1","Evolve+1","Reckless Charge+1","AT_BodySlamDance+1","AT_Dispersion+1","Uppercut+1","Dual Wield+1","Rage+1","Bandage Up+1","Magnetism+1","Sword Boomerang+1","Berserk+1","Shockwave+1","AT_DarkMatter+1","Amplify+1","Entrench+1","Headbutt+1","Cleave+1","Barricade+1","AT_EmpoweredMortalDraw+1","Trip+1","Dropkick+1","Apotheosis+1","Regret","Infernal Blade+1","Calculated Gamble+1","Alpha+1","Blind","AT_IchimonjiDouble+1","Immolate+1"],"relics":["Burning Blood","AT_ATBox","Bloody Idol","CultistMask","Blood Vial","AT_SeraphEmbrace","WarpedTongs","SacredBark","Akabeko","aspiration:Lifesprig","Lantern","FossilizedHelix","Runic Cube","Gremlin Horn","Molten Egg 2","Mark of Pain","Golden Idol","AT_BladeRuinedKing","Orichalcum","Red Mask","Membership Card","AT_MortalBlade","HandDrill","Mercury Hourglass","aspiration:HatOfInfinitePower","Nunchaku","Strange Spoon","aspiration:FutureDiary","Bronze Scales","Pen Nib","Paper Frog","War Paint","aspiration:SecretTechniqueScroll"],"acts_visited":["Exordium","TheCity","TheBeyond","TheCity","TheBeyond","TheCity"],"potions_floor_usage":[],"damage_taken":[{"damage":1.0,"enemies":"Jaw Worm","floor":1.0,"turns":3.0},{"damage":0.0,"enemies":"Small Slimes","floor":4.0,"turns":3.0},{"damage":0.0,"enemies":"Cultist","floor":7.0,"turns":4.0},{"damage":0.0,"enemies":"2 Fungi Beasts","floor":8.0,"turns":3.0},{"damage":11.0,"enemies":"Exordium Thugs","floor":14.0,"turns":3.0},{"damage":18.0,"enemies":"Hexaghost","floor":16.0,"turns":8.0},{"damage":2.0,"enemies":"3 Byrds","floor":18.0,"turns":2.0},{"damage":7.0,"enemies":"Shell Parasite","floor":21.0,"turns":5.0},{"damage":11.0,"enemies":"Centurion and Healer","floor":22.0,"turns":6.0},{"damage":10.0,"enemies":"Book of Stabbing","floor":25.0,"turns":7.0},{"damage":7.0,"enemies":"3 Cultists","floor":26.0,"turns":6.0},{"damage":5.0,"enemies":"3 Cultists","floor":27.0,"turns":4.0},{"damage":22.0,"enemies":"Shelled Parasite and Fungi","floor":29.0,"turns":5.0},{"damage":8.0,"enemies":"Snake Plant","floor":31.0,"turns":4.0},{"damage":20.0,"enemies":"Champ","floor":33.0,"turns":7.0},{"damage":6.0,"enemies":"Orb Walker","floor":35.0,"turns":4.0},{"damage":28.0,"enemies":"3 Darklings","floor":37.0,"turns":4.0},{"damage":15.0,"enemies":"Jaw Worm Horde","floor":38.0,"turns":3.0},{"damage":12.0,"enemies":"Maw","floor":39.0,"turns":5.0},{"damage":7.0,"enemies":"Sphere and 2 Shapes","floor":41.0,"turns":4.0},{"damage":6.0,"enemies":"Spire Growth","floor":44.0,"turns":4.0},{"damage":10.0,"enemies":"Donu and Deca","floor":50.0,"turns":5.0},{"damage":0.0,"enemies":"Small Slimes","floor":52.0,"turns":2.0},{"damage":0.0,"enemies":"Jaw Worm","floor":53.0,"turns":1.0},{"damage":0.0,"enemies":"2 Louse","floor":56.0,"turns":1.0},{"damage":0.0,"enemies":"Gremlin Nob","floor":58.0,"turns":4.0},{"damage":3.0,"enemies":"3 Sentries","floor":60.0,"turns":3.0},{"damage":0.0,"enemies":"Blue Slaver","floor":62.0,"turns":2.0},{"damage":0.0,"enemies":"3 Louse","floor":65.0,"turns":1.0},{"damage":0.0,"enemies":"Hexaghost","floor":67.0,"turns":3.0},{"damage":0.0,"enemies":"Spheric Guardian","floor":69.0,"turns":3.0},{"damage":7.0,"enemies":"Chosen","floor":70.0,"turns":2.0},{"damage":0.0,"enemies":"Masked Bandits","floor":71.0,"turns":3.0},{"damage":0.0,"enemies":"Snake Plant","floor":75.0,"turns":3.0},{"damage":25.0,"enemies":"Slavers","floor":77.0,"turns":4.0},{"damage":0.0,"enemies":"Snecko","floor":78.0,"turns":2.0},{"damage":12.0,"enemies":"Centurion and Healer","floor":80.0,"turns":3.0},{"damage":0.0,"enemies":"3 Cultists","floor":81.0,"turns":2.0},{"damage":21.0,"enemies":"Automaton","floor":84.0,"turns":6.0},{"damage":0.0,"enemies":"Orb Walker","floor":86.0,"turns":3.0},{"damage":0.0,"enemies":"3 Shapes","floor":90.0,"turns":2.0},{"damage":24.0,"enemies":"Sphere and 2 Shapes","floor":92.0,"turns":2.0},{"damage":10.0,"enemies":"3 Darklings","floor":93.0,"turns":2.0},{"damage":0.0,"enemies":"Nemesis","floor":94.0,"turns":5.0},{"damage":0.0,"enemies":"Reptomancer","floor":97.0,"turns":3.0},{"damage":0.0,"enemies":"4 Shapes","floor":98.0,"turns":2.0},{"damage":0.0,"enemies":"Maw","floor":99.0,"turns":3.0},{"damage":61.0,"enemies":"Donu and Deca","floor":101.0,"turns":4.0},{"damage":0,"enemies":"2 Louse","floor":103,"turns":1},{"damage":0,"enemies":"Cultist","floor":106,"turns":2},{"damage":0,"enemies":"Jaw Worm","floor":107,"turns":2},{"damage":0,"enemies":"Lagavulin","floor":110,"turns":2},{"damage":0,"enemies":"3 Sentries","floor":111,"turns":2},{"damage":0,"enemies":"2 Fungi Beasts","floor":113,"turns":1},{"damage":0,"enemies":"Gremlin Gang","floor":116,"turns":1},{"damage":4,"enemies":"The Guardian","floor":118,"turns":5},{"damage":20,"enemies":"2 Thieves","floor":120,"turns":2}],"seed_played":"-6070948644015296451","potions_obtained":[{"floor":4.0,"key":"Energy Potion"},{"floor":7.0,"key":"SteroidPotion"},{"floor":21.0,"key":"Energy Potion"},{"floor":22.0,"key":"SkillPotion"},{"floor":37.0,"key":"EssenceOfSteel"},{"floor":41.0,"key":"BloodPotion"},{"floor":103,"key":"FairyPotion"}],"is_trial":true,"path_per_floor":["M","?","$","M","?","R","M","M","T","R","$","?","R","M","R","B",null,"M","?","?","M","M","R","$","E","MIM","M","R","M","R","M","R","B",null,"M","?","M","M","M","R","M","R","T","M","?","$","?","?","R","B",null,"M","M","?","$","M","R","E","R","E","R","M","?","R","M","R","B",null,"M","M","?","$","?","R","M","R","E","M","R","M","M","?","R","B",null,"M","?","$","?","M","R","M","M","E","$","R","E","M","M","R","B",null,"M","?","?","M","M","R","?","E","E","R","M","?","$","M","R","B",null,"M"],"character_chosen":"IRONCLAD","items_purchased":["AT_ArchangelStaff","aspiration:Lifesprig","Molten Egg 2","Membership Card","Cleave+1","HandDrill","Mercury Hourglass","Trip","aspiration:HatOfInfinitePower","Nunchaku","Strange Spoon","Paper Frog","War Paint","Blind"],"campfire_rested":1,"item_purchase_floors":[11,24,46,72,72,88,88,88,95,95,95,115,115,115],"current_hp_per_floor":[80,60,60,66,66,66,72,78,78,78,78,78,78,75,75,65,80,80,80,80,79,75,75,75,73,74,77,77,63,63,63,63,51,80,80,80,58,51,57,57,58,58,58,60,55,55,55,55,55,64,80,80,80,60,60,73,73,80,80,80,80,80,45,45,58,58,77,80,80,80,80,80,80,80,80,80,66,79,79,80,80,80,80,70,80,80,80,80,80,80,80,73,76,80,80,80,80,80,80,80,46,80,80,80,80,80,80,80,80,80,80,80,80,66,66,79,79,80,80,76,76],"gold":721,"neow_bonus":"","is_daily":false,"chose_seed":false,"campfire_upgraded":25,"win_rate":0.0,"timestamp":1609036142,"path_taken":["M","?","$","M","?","R","?","M","T","R","$","?","R","?","R","BOSS","M","?","?","?","M","R","$","E","MIM","M","R","M","R","M","R","BOSS","M","?","M","M","?","R","M","R","T","?","?","$","?","?","R","BOSS","M","?","?","$","M","R","E","R","E","R","M","?","R","M","R","BOSS","M","M","?","$","?","R","M","R","E","?","R","M","M","?","R","BOSS","M","?","$","?","?","R","M","M","E","$","R","?","M","M","R","BOSS","M","?","?","M","M","R","?","?","E","R","?","?","$","M","R","BOSS","M"],"items_purchased_type":["Relic","Relic","Relic","Relic","Card","Relic","Relic","Card","Relic","Relic","Relic","Relic","Relic","Card"],"build_version":"2020-12-22","purchased_purges":1,"victory":false,"max_hp_per_floor":[80,80,80,80,80,80,80,80,80,80,80,80,80,80,80,80,80,80,80,80,80,80,80,80,80,80,80,80,80,80,80,80,80,80,80,80,80,80,80,80,80,80,80,80,80,80,80,80,80,80,80,80,80,80,80,80,80,80,80,80,80,80,80,80,80,80,80,80,80,80,80,80,80,80,80,80,80,80,80,80,80,80,80,80,80,80,80,80,80,80,80,80,80,80,80,80,80,80,80,80,80,80,80,80,80,80,80,80,80,80,80,80,80,80,80,80,80,80,80,80,80],"card_choices":[{"not_picked":["Havoc","True Grit"],"picked":"SKIP","floor":1.0},{"not_picked":["AT_IchimonjiDouble"],"picked":"Flame Barrier","floor":4.0},{"not_picked":["Dark Embrace"],"picked":"Anger","floor":7.0},{"not_picked":["Perfected Strike"],"picked":"AT_ShrugMaster","floor":8.0},{"not_picked":["True Grit"],"picked":"Wild Strike","floor":14.0},{"not_picked":["Shrug It Off"],"picked":"Metallicize+1","floor":18.0},{"not_picked":["Iron Wave+1","Pommel Strike"],"picked":"SKIP","floor":21.0},{"not_picked":["AT_IchimonjiDouble"],"picked":"Evolve","floor":22.0},{"not_picked":["Flex"],"picked":"Reckless Charge","floor":25.0},{"not_picked":["Carnage","Battle Trance"],"picked":"SKIP","floor":27.0},{"not_picked":["Wild Strike","Thunderclap"],"picked":"SKIP","floor":29.0},{"not_picked":["Sword Boomerang"],"picked":"AT_BodySlamDance","floor":31.0},{"not_picked":["Double Tap"],"picked":"AT_Dispersion","floor":33.0},{"not_picked":["Reckless Charge+1","Warcry"],"picked":"SKIP","floor":35.0},{"not_picked":["Infernal Blade","Heavy Blade+1"],"picked":"SKIP","floor":37.0},{"not_picked":["Ghostly Armor+1"],"picked":"Uppercut+1","floor":38.0},{"not_picked":["Wild Strike"],"picked":"Dual Wield+1","floor":39.0},{"not_picked":["Clash","Anger"],"picked":"SKIP","floor":41.0},{"not_picked":["Twin Strike"],"picked":"Rage+1","floor":44.0},{"not_picked":["Magnetism"],"picked":"Bandage Up","floor":45.0},{"not_picked":["PanicButton"],"picked":"Magnetism","floor":45.0},{"not_picked":["Intimidate","Power Through"],"picked":"SKIP","floor":52.0},{"not_picked":["Heavy Blade+1","Thunderclap+1"],"picked":"SKIP","floor":53.0},{"not_picked":["AT_IchimonjiDouble+1"],"picked":"Sword Boomerang+1","floor":56.0},{"not_picked":["Anger+1","Warcry"],"picked":"SKIP","floor":58.0},{"not_picked":["Blood for Blood+1"],"picked":"Berserk","floor":60.0},{"not_picked":["Headbutt+1"],"picked":"Shockwave","floor":62.0},{"not_picked":["Hemokinesis+1"],"picked":"Entrench","floor":65.0},{"not_picked":["Clothesline+1"],"picked":"Headbutt+1","floor":69.0},{"not_picked":["Seeing Red+1","True Grit+1"],"picked":"SKIP","floor":70.0},{"not_picked":["Dual Wield","Dropkick+1"],"picked":"SKIP","floor":75.0},{"not_picked":["Clash+1","Body Slam+1"],"picked":"SKIP","floor":77.0},{"not_picked":["Twin Strike+1"],"picked":"Barricade","floor":78.0},{"not_picked":["True Grit","Heavy Blade+1"],"picked":"SKIP","floor":80.0},{"not_picked":["Havoc","Thunderclap+1"],"picked":"SKIP","floor":81.0},{"not_picked":["Infernal Blade","Iron Wave+1"],"picked":"SKIP","floor":86.0},{"not_picked":["Dark Embrace","Pummel+1"],"picked":"SKIP","floor":90.0},{"not_picked":["Combust+1","Shockwave"],"picked":"SKIP","floor":92.0},{"not_picked":["Perfected Strike+1","Reckless Charge+1"],"picked":"SKIP","floor":93.0},{"not_picked":["Pommel Strike+1","Warcry"],"picked":"SKIP","floor":94.0},{"not_picked":["Entrench","Fire Breathing"],"picked":"SKIP","floor":97.0},{"not_picked":["Warcry+1","Clothesline+1"],"picked":"SKIP","floor":98.0},{"not_picked":["AT_CaressingTears+1"],"picked":"Dropkick+1","floor":99.0},{"not_picked":["Inflame","Iron Wave+1"],"picked":"SKIP","floor":103},{"not_picked":["Wild Strike+1","AT_BodySlamDance"],"picked":"SKIP","floor":106},{"not_picked":["Clothesline+1","Sword Boomerang+1"],"picked":"SKIP","floor":107},{"not_picked":["Flex","Clash+1"],"picked":"SKIP","floor":110},{"not_picked":["Offering","True Grit"],"picked":"SKIP","floor":111},{"not_picked":["Thunderclap+1"],"picked":"Infernal Blade","floor":113},{"not_picked":["Battle Trance"],"picked":"AT_IchimonjiDouble+1","floor":116},{"not_picked":["Fiend Fire+1"],"picked":"Immolate+1","floor":118}],"player_experience":478265,"relics_obtained":[{"floor":9.0,"key":"Blood Vial"},{"floor":25.0,"key":"Lantern"},{"floor":26.0,"key":"FossilizedHelix"},{"floor":43.0,"key":"Gremlin Horn"},{"floor":71.0,"key":"Red Mask"}],"event_choices":[{"damage_healed":0.0,"max_hp_gain":0.0,"max_hp_loss":0.0,"gold_gain":0.0,"event_name":"Golden Idol","player_choice":"Take Damage","floor":2.0,"gold_loss":0.0,"damage_taken":20.0,"relics_obtained":["Golden Idol"]},{"damage_healed":0.0,"max_hp_gain":0.0,"max_hp_loss":0.0,"gold_gain":0.0,"event_name":"FaceTrader","player_choice":"Trade","floor":5.0,"gold_loss":0.0,"damage_taken":0.0,"relics_obtained":["CultistMask"]},{"damage_healed":0.0,"max_hp_gain":0.0,"max_hp_loss":0.0,"gold_gain":0.0,"event_name":"Accursed Blacksmith","player_choice":"Rummage","floor":12.0,"gold_loss":0.0,"damage_taken":0.0,"relics_obtained":["WarpedTongs"],"cards_obtained":["Pain"]},{"damage_healed":0.0,"max_hp_gain":0.0,"max_hp_loss":0.0,"gold_gain":0.0,"event_name":"Transmorgrifier","player_choice":"Ignored","floor":19.0,"gold_loss":0.0,"damage_taken":0.0},{"damage_healed":0.0,"max_hp_gain":0.0,"max_hp_loss":0.0,"gold_gain":0.0,"event_name":"WeMeetAgain","player_choice":"Gave Potion","floor":20.0,"gold_loss":0.0,"damage_taken":0.0,"relics_obtained":["Akabeko"]},{"damage_healed":0.0,"max_hp_gain":0.0,"max_hp_loss":0.0,"gold_gain":0.0,"event_name":"Transmorgrifier","player_choice":"Ignored","floor":36.0,"gold_loss":0.0,"damage_taken":0.0},{"damage_healed":0.0,"max_hp_gain":0.0,"max_hp_loss":0.0,"gold_gain":0.0,"event_name":"SensoryStone","player_choice":"Memory 2","floor":45.0,"gold_loss":0.0,"damage_taken":5.0},{"cards_removed":["Wild Strike"],"damage_healed":0.0,"max_hp_gain":0.0,"max_hp_loss":0.0,"gold_gain":0.0,"event_name":"Falling","player_choice":"Removed Attack","floor":47.0,"gold_loss":0.0,"damage_taken":0.0},{"damage_healed":0.0,"max_hp_gain":0.0,"max_hp_loss":0.0,"gold_gain":0.0,"event_name":"betterThird:BetterPortal","player_choice":"Random: Violet","floor":48.0,"gold_loss":0.0,"damage_taken":0.0},{"damage_healed":0.0,"max_hp_gain":0.0,"max_hp_loss":0.0,"gold_gain":0.0,"event_name":"Forgotten Altar","player_choice":"Gave Idol","floor":48.0,"relics_lost":["Golden Idol"],"gold_loss":0.0,"damage_taken":0.0,"relics_obtained":["Bloody Idol"]},{"damage_healed":0.0,"max_hp_gain":0.0,"max_hp_loss":0.0,"gold_gain":0.0,"event_name":"Golden Idol","player_choice":"Take Damage","floor":54.0,"gold_loss":0.0,"damage_taken":20.0,"relics_obtained":["Golden Idol"]},{"damage_healed":0.0,"max_hp_gain":0.0,"max_hp_loss":0.0,"gold_gain":0.0,"event_name":"Masked Bandits","player_choice":"Fought Bandits","floor":71.0,"gold_loss":0.0,"damage_taken":0.0},{"damage_healed":0.0,"max_hp_gain":0.0,"max_hp_loss":0.0,"gold_gain":0.0,"event_name":"The Woman in Blue","player_choice":"Bought 0 Potions","floor":73.0,"gold_loss":0.0,"damage_taken":0.0},{"damage_healed":0.0,"max_hp_gain":0.0,"max_hp_loss":0.0,"gold_gain":0.0,"event_name":"Ghosts","player_choice":"Ignored","floor":82.0,"gold_loss":0.0,"damage_taken":0.0},{"cards_removed":["Dropkick"],"damage_healed":0.0,"max_hp_gain":0.0,"max_hp_loss":0.0,"gold_gain":0.0,"event_name":"Falling","player_choice":"Removed Attack","floor":87.0,"gold_loss":0.0,"damage_taken":0.0},{"damage_healed":0.0,"max_hp_gain":0.0,"max_hp_loss":0.0,"gold_gain":0.0,"event_name":"Accursed Blacksmith","player_choice":"Forge","floor":89.0,"gold_loss":0.0,"damage_taken":0.0,"cards_upgraded":["Trip"]},{"damage_healed":0,"gold_gain":175,"player_choice":"AGREE","damage_taken":501,"max_hp_gain":0,"max_hp_loss":0,"event_name":"betterThird:BetterSerpent","floor":104,"gold_loss":0},{"damage_healed":80,"gold_gain":0,"player_choice":"Embrace","damage_taken":0,"max_hp_gain":0,"max_hp_loss":80,"event_name":"betterThird:BetterShining","floor":105,"gold_loss":0},{"damage_healed":0,"gold_gain":0,"cards_transformed":["Doubt"],"player_choice":"Change","damage_taken":0,"max_hp_gain":0,"max_hp_loss":0,"event_name":"Living Wall","floor":109,"gold_loss":0,"cards_obtained":["Regret"]}],"is_beta":false,"boss_relics":[{"not_picked":["aspiration:SilentSkillbook","aspiration:PoetsPen_weak"],"picked":"SacredBark"},{"not_picked":["aspiration:RunicSpoon","Tiny House"],"picked":"Runic Cube"},{"not_picked":["aspiration:RitualDagger","Black Star"],"picked":"Mark of Pain"},{"not_picked":["aspiration:RunicSpoon","Velvet Choker","Coffee Dripper"]},{"not_picked":["Philosopher\u0027s Stone","aspiration:SilentSkillbook"],"picked":"AT_MortalBlade"},{"not_picked":["Empty Cage","Runic Dome"],"picked":"aspiration:FutureDiary"},{"not_picked":["Astrolabe","Tiny House"],"picked":"aspiration:SecretTechniqueScroll"}],"items_purged_floors":[46],"is_endless":true,"potions_floor_spawned":[4,7,21,22,29,33,35,37,38,41,53,56,62,75,78,81,84,90,93,98,101,103,107,113,116,118],"killed_by":"2 Thieves","ascension_level":0}}