{"host":"vfg9szunmpjwj08o","time":1609081890,"event":{"mods":["Act Like it!","BaseMod","Challenge The Spire","Colored Map","Colored Powertips","Minty Spire (QoL Compilation)","StSLib","Waifu the Spire"],"gold_per_floor":[114,129,148,148,73,108,127,127,127,155,155,174,174,185,185,185,185],"floor_reached":16,"playtime":670,"items_purged":["Strike_B"],"score":218,"play_id":"8be0656c-6d29-4ee2-8a88-21779ea8d08d","local_time":"20201227161130","is_ascension_mode":true,"campfire_choices":[{"data":"Zap","floor":8,"key":"SMITH"},{"data":"Chaos","floor":13,"key":"SMITH"},{"floor":15,"key":"REST"}],"circlet_count":0,"master_deck":["AscendersBane","Strike_B","Strike_B","Defend_B","Defend_B","Defend_B","Defend_B","Zap+1","Dualcast+1","Swift Strike","Hologram","Chill","Aggregate","Chaos+1","Storm+1","Coolheaded","Echo Form+1"],"relics":["Cracked Core","Unceasing Top","Frozen Egg 2","Sundial"],"acts_visited":["Exordium"],"potions_floor_usage":[6,10,10],"damage_taken":[{"damage":0.0,"enemies":"Small Slimes","floor":1.0,"turns":2.0},{"damage":8.0,"enemies":"2 Louse","floor":2.0,"turns":2.0},{"damage":1.0,"enemies":"Cultist","floor":3.0,"turns":3.0},{"damage":9,"enemies":"3 Sentries","floor":6,"turns":7},{"damage":1,"enemies":"3 Louse","floor":7,"turns":4},{"damage":7,"enemies":"Gremlin Nob","floor":10,"turns":3},{"damage":22,"enemies":"Exordium Thugs","floor":12,"turns":6},{"damage":15,"enemies":"Lots of Slimes","floor":14,"turns":5},{"damage":27,"enemies":"Slime Boss","floor":16,"turns":6}],"seed_played":"-6853766989069592870","potions_obtained":[{"floor":1.0,"key":"Swift Potion"},{"floor":2.0,"key":"AttackPotion"},{"floor":7,"key":"Explosive Potion"},{"floor":14,"key":"GamblersBrew"}],"is_trial":false,"path_per_floor":["M","M","M","?","$","E","M","R","T","E","?","M","R","M","R","B"],"character_chosen":"DEFECT","items_purchased":[],"campfire_rested":1,"item_purchase_floors":[],"current_hp_per_floor":[64,56,55,55,55,46,45,45,45,38,38,16,16,1,22,0,0],"gold":185,"neow_bonus":"RANDOM_COLORLESS","is_daily":false,"chose_seed":false,"campfire_upgraded":2,"win_rate":0.0,"timestamp":1609081890,"path_taken":["M","M","M","?","$","E","M","R","T","E","?","M","R","?","R","BOSS"],"items_purchased_type":[],"build_version":"2020-12-22","purchased_purges":1,"victory":false,"max_hp_per_floor":[71,71,71,71,71,71,71,71,71,71,71,71,71,71,71,71,71],"card_choices":[{"not_picked":["Blind","Panacea"],"picked":"Swift Strike","floor":0.0},{"not_picked":["Double Energy","Turbo"],"picked":"Hologram","floor":1.0},{"not_picked":["Sweeping Beam","Cold Snap","Leap"],"picked":"SKIP","floor":2.0},{"not_picked":["Aggregate","BootSequence"],"picked":"Chill","floor":3.0},{"not_picked":["Doom and Gloom","Streamline"],"picked":"Aggregate","floor":6},{"not_picked":["Melter","Rebound"],"picked":"Chaos","floor":7},{"not_picked":["Rebound","Darkness"],"picked":"Storm+1","floor":10},{"not_picked":["Aggregate","Genetic Algorithm"],"picked":"Coolheaded","floor":12},{"not_picked":["Barrage","Gash"],"picked":"Echo Form+1","floor":14}],"player_experience":1014707,"relics_obtained":[{"floor":6,"key":"Unceasing Top"},{"floor":9,"key":"Frozen Egg 2"},{"floor":10,"key":"Sundial"}],"event_choices":[{"cards_removed":["Strike_B"],"damage_healed":0.0,"max_hp_gain":0.0,"max_hp_loss":0.0,"gold_gain":0.0,"event_name":"Living Wall","player_choice":"Forget","floor":4.0,"gold_loss":0.0,"damage_taken":0.0},{"damage_healed":0,"gold_gain":0,"player_choice":"Upgraded","damage_taken":0,"max_hp_gain":0,"max_hp_loss":0,"event_name":"Upgrade Shrine","floor":11,"gold_loss":0,"cards_upgraded":["Dualcast"]}],"is_beta":false,"boss_relics":[],"items_purged_floors":[5],"is_endless":false,"potions_floor_spawned":[1,2,7,14],"killed_by":"Slime Boss","ascension_level":19}}