{"host":"4qkvkh7pd9qr2mca","time":1609038914,"event":{"mods":["AchievementEnabler","BaseMod","Colored Map","Colored Powertips","Highlight Path","Minty Spire (QoL Compilation)","Permanent Neow","Quick Restart","StSLib","SuperFastMode"],"gold_per_floor":[119,135,9,20,36,65,65,91,91,104,104,179,199,216,216,295,295,310,324,142,142,142,175,191,191,191,226,226,251,176,210,210,282,282,301,301,313,313,325,325,357,357,382,382,395,426,444,462,462,462,462],"floor_reached":52,"playtime":4070,"items_purged":["Strike_G"],"score":2304,"play_id":"877e451e-c18d-47d1-9a8d-cdf9260613a9","local_time":"20201227041514","is_ascension_mode":true,"campfire_choices":[{"floor":11,"key":"REST"},{"floor":15,"key":"REST"},{"floor":25,"key":"REST"},{"data":"Well Laid Plans","floor":28,"key":"SMITH"},{"data":"Discovery","floor":32,"key":"SMITH"},{"data":"Catalyst","floor":40,"key":"SMITH"},{"floor":42,"key":"REST"},{"data":"After Image","floor":49,"key":"SMITH"}],"circlet_count":0,"master_deck":["AscendersBane","Defend_G+1","Defend_G+1","Defend_G+1","Defend_G+1","Defend_G+1","Survivor","Neutralize","Backflip","Dagger Spray","Endless Agony+1","Well Laid Plans+1","Crippling Poison","Deadly Poison","Corpse Explosion","Dash","PiercingWail","Noxious Fumes","Deflect","Endless Agony","Tools of the Trade","PiercingWail+1","Endless Agony+1","Infinite Blades","Discovery+1","Bite","Bite","Bite","Bite","Acrobatics","PiercingWail","Cloak And Dagger","Backflip+1","Storm of Steel","CurseOfTheBell","Catalyst+1","Blade Dance","Blade Dance","Acrobatics+1","Endless Agony","PiercingWail+1","Leg Sweep","After Image+1","Cloak And Dagger+1","Bouncing Flask+1"],"relics":["Ring of the Snake","Prayer Wheel","Dead Branch","Bottled Tornado","InkBottle","Happy Flower","Cursed Key","Calipers","Whetstone","Snake Skull","Bottled Flame","Blue Candle","Calling Bell","Omamori","Sundial","Incense Burner","Pear","Thread and Needle","Blood Vial","The Courier"],"acts_visited":["Exordium","TheCity","TheBeyond"],"potions_floor_usage":[10,14,19,41,45,51],"damage_taken":[{"damage":3.0,"enemies":"Cultist","floor":1.0,"turns":4.0},{"damage":2.0,"enemies":"Small Slimes","floor":2.0,"turns":4.0},{"damage":1.0,"enemies":"Jaw Worm","floor":4.0,"turns":6.0},{"damage":4.0,"enemies":"Blue Slaver","floor":5.0,"turns":5.0},{"damage":25.0,"enemies":"Lagavulin","floor":6.0,"turns":8.0},{"damage":8.0,"enemies":"3 Sentries","floor":8.0,"turns":4.0},{"damage":0,"enemies":"Exordium Thugs","floor":10,"turns":4},{"damage":7,"enemies":"Large Slime","floor":13,"turns":7},{"damage":4,"enemies":"Exordium Wildlife","floor":14,"turns":3},{"damage":10,"enemies":"The Guardian","floor":16,"turns":12},{"damage":21,"enemies":"Chosen","floor":18,"turns":5},{"damage":4,"enemies":"2 Thieves","floor":19,"turns":3},{"damage":17,"enemies":"Slavers","floor":23,"turns":3},{"damage":2,"enemies":"Cultist and Chosen","floor":24,"turns":4},{"damage":15,"enemies":"Gremlin Leader","floor":27,"turns":8},{"damage":11,"enemies":"Book of Stabbing","floor":29,"turns":5},{"damage":0,"enemies":"Gremlin Leader","floor":31,"turns":4},{"damage":2,"enemies":"Champ","floor":33,"turns":9},{"damage":1,"enemies":"Orb Walker","floor":35,"turns":3},{"damage":1,"enemies":"3 Shapes","floor":37,"turns":3},{"damage":11,"enemies":"3 Darklings","floor":39,"turns":6},{"damage":20,"enemies":"Reptomancer","floor":41,"turns":7},{"damage":8,"enemies":"Jaw Worm Horde","floor":45,"turns":4},{"damage":0,"enemies":"Nemesis","floor":46,"turns":5},{"damage":1,"enemies":"Transient","floor":47,"turns":6},{"damage":1,"enemies":"Sphere and 2 Shapes","floor":48,"turns":5},{"damage":1,"enemies":"Donu and Deca","floor":50,"turns":8},{"damage":10,"enemies":"Time Eater","floor":51,"turns":6}],"seed_played":"-3738206387470014139","potions_obtained":[{"floor":5.0,"key":"CultistPotion"},{"floor":6.0,"key":"Explosive Potion"},{"floor":8.0,"key":"Poison Potion"},{"floor":13,"key":"Poison Potion"},{"floor":18,"key":"PowerPotion"},{"floor":23,"key":"Block Potion"},{"floor":33,"key":"DuplicationPotion"},{"floor":41,"key":"Regen Potion"}],"is_trial":false,"path_per_floor":["M","M","$","M","M","E","T","E","T","M","R","?","M","M","R","B",null,"M","M","$","?","?","E","M","R","T","E","R","E","?","E","R","B",null,"M","?","M","T","M","R","E","R","T","?","M","E","M","M","R","B","B",null],"character_chosen":"THE_SILENT","items_purchased":["Well Laid Plans","Crippling Poison","Discovery"],"campfire_rested":4,"item_purchase_floors":[3,3,20],"current_hp_per_floor":[41,39,39,38,34,9,9,1,1,1,20,20,13,9,28,18,54,33,29,29,29,29,14,22,35,35,40,40,35,35,43,43,45,46,46,46,46,56,47,47,33,49,49,49,49,55,55,55,55,56,54],"gold":462,"neow_bonus":"ONE_RARE_RELIC","is_daily":false,"chose_seed":false,"campfire_upgraded":4,"win_rate":0.0,"timestamp":1609038914,"path_taken":["M","M","$","M","M","E","?","E","T","?","R","?","M","M","R","BOSS","M","M","$","?","?","E","M","R","T","E","R","E","?","E","R","BOSS","M","?","M","?","M","R","E","R","T","?","M","E","M","?","R","BOSS","BOSS"],"items_purchased_type":["Card","Card","Card"],"build_version":"2020-12-22","purchased_purges":1,"victory":true,"max_hp_per_floor":[66,66,66,66,66,66,66,66,66,66,66,66,66,66,66,66,66,66,66,66,66,46,46,46,46,46,46,46,46,46,46,46,46,46,46,46,46,56,56,56,56,56,56,56,56,56,56,56,56,56,56],"card_choices":[{"not_picked":["Quick Slash","Expertise"],"picked":"Backflip","floor":1.0},{"not_picked":["Slice","Quick Slash"],"picked":"Dagger Spray","floor":1.0},{"not_picked":["Poisoned Stab","Catalyst"],"picked":"Endless Agony","floor":2.0},{"not_picked":["Bane","Eviscerate","Cloak And Dagger"],"picked":"SKIP","floor":2.0},{"not_picked":["Prepared","Sucker Punch"],"picked":"Deadly Poison","floor":4.0},{"not_picked":["Blade Dance","Backstab"],"picked":"Corpse Explosion","floor":4.0},{"not_picked":["Choke","Heel Hook"],"picked":"Dash","floor":5.0},{"not_picked":["Bane","Quick Slash","Poisoned Stab"],"picked":"SKIP","floor":5.0},{"not_picked":["Dagger Spray","Escape Plan"],"picked":"PiercingWail","floor":6.0},{"not_picked":["Flechettes","Acrobatics","Well Laid Plans"],"picked":"SKIP","floor":8.0},{"not_picked":["Skewer","Poisoned Stab"],"picked":"Noxious Fumes","floor":10},{"not_picked":["Riddle With Holes","Cloak And Dagger","Dagger Spray"],"picked":"SKIP","floor":10},{"not_picked":["Riddle With Holes","Dagger Throw"],"picked":"Deflect","floor":13},{"not_picked":["Well Laid Plans","Outmaneuver","Underhanded Strike"],"picked":"SKIP","floor":13},{"not_picked":["Infinite Blades","Dagger Throw"],"picked":"Endless Agony","floor":14},{"not_picked":["Masterful Stab","Backstab","Bane"],"picked":"SKIP","floor":14},{"not_picked":["Wraith Form v2","Grand Finale"],"picked":"Tools of the Trade","floor":16},{"not_picked":["Acrobatics","Backflip"],"picked":"PiercingWail+1","floor":18},{"not_picked":["Riddle With Holes+1","Dash","Bane"],"picked":"SKIP","floor":18},{"not_picked":["Quick Slash","Deflect"],"picked":"Endless Agony","floor":19},{"not_picked":["Tools of the Trade","Deflect"],"picked":"Infinite Blades","floor":19},{"not_picked":["Bane","Dash"],"picked":"Acrobatics","floor":23},{"not_picked":["Glass Knife","Acrobatics","Poisoned Stab"],"picked":"SKIP","floor":24},{"not_picked":["Dodge and Roll","Bane","Eviscerate"],"picked":"SKIP","floor":24},{"not_picked":["Bane","Calculated Gamble"],"picked":"PiercingWail","floor":27},{"not_picked":["Acrobatics","Underhanded Strike","Cloak And Dagger"],"picked":"SKIP","floor":29},{"not_picked":["Acrobatics","Underhanded Strike"],"picked":"Cloak And Dagger","floor":29},{"not_picked":["Calculated Gamble","Dagger Throw"],"picked":"Backflip+1","floor":31},{"not_picked":["Grand Finale","Die Die Die"],"picked":"Storm of Steel","floor":33},{"not_picked":["Backflip","Terror+1"],"picked":"Catalyst","floor":35},{"not_picked":["Grand Finale","Dagger Spray","Cloak And Dagger"],"picked":"SKIP","floor":35},{"not_picked":["Tactician","Setup+1"],"picked":"Blade Dance","floor":37},{"not_picked":["Underhanded Strike","Eviscerate"],"picked":"Blade Dance","floor":37},{"not_picked":["Sucker Punch","Quick Slash"],"picked":"Acrobatics+1","floor":39},{"not_picked":["Cloak And Dagger","Flying Knee+1"],"picked":"Endless Agony","floor":39},{"not_picked":["Expertise","Crippling Poison","Riddle With Holes"],"picked":"SKIP","floor":41},{"not_picked":["Riddle With Holes","Noxious Fumes"],"picked":"PiercingWail+1","floor":45},{"not_picked":["Crippling Poison","Distraction"],"picked":"Leg Sweep","floor":45},{"not_picked":["Wraith Form v2","Endless Agony+1"],"picked":"After Image","floor":46},{"not_picked":["Deadly Poison","Acrobatics"],"picked":"Cloak And Dagger+1","floor":47},{"not_picked":["Acrobatics","Blade Dance"],"picked":"Bouncing Flask+1","floor":47},{"not_picked":["Sucker Punch","Bane","Flying Knee"],"picked":"SKIP","floor":48},{"not_picked":["All Out Attack","Flechettes+1","Acrobatics"],"picked":"SKIP","floor":48}],"player_experience":501530,"relics_obtained":[{"floor":6.0,"key":"Dead Branch"},{"floor":7.0,"key":"Bottled Tornado"},{"floor":8.0,"key":"InkBottle"},{"floor":9.0,"key":"Happy Flower"},{"floor":23,"key":"Calipers"},{"floor":26,"key":"Whetstone"},{"floor":27,"key":"Snake Skull"},{"floor":29,"key":"Bottled Flame"},{"floor":31,"key":"Blue Candle"},{"floor":34,"key":"Omamori"},{"floor":34,"key":"Sundial"},{"floor":34,"key":"Incense Burner"},{"floor":38,"key":"Pear"},{"floor":41,"key":"Thread and Needle"},{"floor":43,"key":"Blood Vial"},{"floor":46,"key":"The Courier"}],"event_choices":[{"damage_healed":0,"gold_gain":75,"player_choice":"Gained Gold","damage_taken":0,"max_hp_gain":0,"max_hp_loss":0,"event_name":"Golden Wing","floor":12,"gold_loss":0},{"damage_healed":0,"gold_gain":0,"player_choice":"Simplicity","damage_taken":0,"max_hp_gain":0,"max_hp_loss":0,"event_name":"Back to Basics","floor":21,"gold_loss":0,"cards_upgraded":["Strike_G","Strike_G","Strike_G","Strike_G","Defend_G","Defend_G","Defend_G","Defend_G","Defend_G"]},{"damage_healed":0,"gold_gain":0,"player_choice":"Became a vampire","damage_taken":0,"max_hp_gain":0,"max_hp_loss":20,"event_name":"Vampires","floor":22,"gold_loss":0,"cards_obtained":["Bite","Bite","Bite","Bite","Bite"]},{"cards_removed":["Pain"],"damage_healed":0,"gold_gain":0,"player_choice":"Gave Gold","damage_taken":0,"max_hp_gain":0,"max_hp_loss":0,"event_name":"Beggar","floor":30,"gold_loss":75},{"cards_removed":["Bite"],"damage_healed":0,"gold_gain":0,"player_choice":"Removed Attack","damage_taken":0,"max_hp_gain":0,"max_hp_loss":0,"event_name":"Falling","floor":36,"gold_loss":0},{"damage_healed":0,"gold_gain":0,"player_choice":"Ignored","damage_taken":0,"max_hp_gain":0,"max_hp_loss":0,"event_name":"Tomb of Lord Red Mask","floor":44,"gold_loss":0}],"is_beta":false,"boss_relics":[{"not_picked":["Velvet Choker","Tiny House"],"picked":"Cursed Key"},{"not_picked":["WristBlade","Empty Cage"],"picked":"Calling Bell"}],"items_purged_floors":[20],"is_endless":false,"potions_floor_spawned":[5,6,8,13,18,23,33,35,37,41],"ascension_level":20}}