{"host":"ee5exjejqz6r5zx9","time":1609082311,"event":{"mods":["Act Like it!","BaseMod","Card Forge","Colored Powertips","Custom Start","Gensokyo","HololiveMod","Minty Spire (QoL Compilation)","MostiFishMod","Pale of the Ancients","Quick Restart","Rare Cards Sparkle","Remove Card Discount Mod","Replay The Spire","RumiaBox-露米娅的神秘盒子","Ryuuou龙王","Shop Mod","StSLib","TestMod","Yakumo Yukari mod","【功能Mod】混沌之环修复补丁","【遗物卡牌】REMEMod"],"gold_per_floor":[117,117,3329,2822,2841,2841,2871,2871,2895,2960,2979,3008,2933,2963,2963,3044,3044,3062,3062,3083,3104,3122,3152,3168,3168,3168,3568,3076,3094,3132,3240,3240,3327,3327,3342,2772,2772,2621,2636,2670,2580,2611,2611,2644,2663,2700,2718,2795,2795,2810,2818,2818,2818,2652,2691,2703],"floor_reached":57,"playtime":1322,"items_purged":["Defend_P","Strike_P","Strike_P+1","Defend_P"],"score":3777,"play_id":"2a75b27d-28a3-4295-bfc7-ef39c6e08394","local_time":"20201227231831","is_ascension_mode":true,"campfire_choices":[{"floor":6,"key":"RECALL"},{"floor":8,"key":"REST"},{"data":"Prostrate","floor":15,"key":"SMITH"},{"data":"Strike_P","floor":32,"key":"SMITH"},{"floor":49,"key":"REST"},{"floor":53,"key":"REST"}],"circlet_count":0,"master_deck":["AscendersBane","Eruption+1","Vigilance+1","Predator+1","Tantrum+1","Evaluate+1","BowlingBash+1","FlurryOfBlows+1","Prostrate+1","Ragnarok+1","FearNoEvil+1","Brilliance+1","Prostrate+1","Scrawl+1","Wallop+1","Blasphemy+1","Gensokyo:CustomPotion"],"relics":["PureWater","Hammer of Thor","Seething Fire","Anvil of the Gods","testmod-TestBox","REME_ComplimentaryCards","DaveBox","testmod-DeterminationOfClimber","ThornShield","SynthV:TestCard","Molten Egg 2","Orichalcum","testmod-BlackFramedGlasses","Bag of Marbles","Juzu Bracelet","Nunchaku","Shuriken","Replay:Ancient Bell","Happy Flower","MagicDraw1","SecretRecord","MutagenicStrength","testmod-Antiphasic","Vajra","Toy Ornithopter","TheAbacus","Centennial Puzzle","testmod-Nyarlathotep","testmod-IntensifyImprint","ReplayTheSpireMod:Shallot","OneHitWonderSystem","TeardropLocket","Bottled Lightning","Gensokyo:EmptyGrave","HandDrill","Pantograph","Boot","Replay:Ringing Soul","Singing Bowl","Gremlin Food","Lantern","Anchor"],"acts_visited":["Exordium","TheCity","Gensokyo:Gensokyoest","TheEnding"],"potions_floor_usage":[10,16,56],"damage_taken":[{"damage":0,"enemies":"2 Louse","floor":1,"turns":1},{"damage":0,"enemies":"Cultist","floor":5,"turns":1},{"damage":0,"enemies":"Gremlin Nob","floor":7,"turns":1},{"damage":0,"enemies":"3 Sentries","floor":10,"turns":3},{"damage":0,"enemies":"Jaw Worm","floor":11,"turns":1},{"damage":0,"enemies":"Gremlin Nob","floor":12,"turns":1},{"damage":0,"enemies":"Lagavulin","floor":14,"turns":1},{"damage":0,"enemies":"The Guardian","floor":16,"turns":2},{"damage":0,"enemies":"3 Byrds","floor":18,"turns":1},{"damage":0,"enemies":"Spheric Guardian","floor":20,"turns":1},{"damage":0,"enemies":"Chosen and Byrds","floor":21,"turns":1},{"damage":0,"enemies":"Centurion and Healer","floor":22,"turns":1},{"damage":0,"enemies":"Book of Stabbing","floor":23,"turns":1},{"damage":0,"enemies":"3 Cultists","floor":24,"turns":1},{"damage":0,"enemies":"Cultist and Chosen","floor":29,"turns":1},{"damage":0,"enemies":"Slavers","floor":30,"turns":1},{"damage":0,"enemies":"Colosseum Slavers","floor":31,"turns":1},{"damage":0,"enemies":"Colosseum Nobs","floor":31,"turns":1},{"damage":0,"enemies":"Pondfish","floor":33,"turns":2},{"damage":0,"enemies":"Gensokyo:3_Boulders","floor":35,"turns":1},{"damage":0,"enemies":"Gensokyo:AncientGuardian","floor":39,"turns":1},{"damage":0,"enemies":"Gensokyo:Doremy","floor":40,"turns":1},{"damage":0,"enemies":"Gensokyo:Kasen","floor":42,"turns":1},{"damage":0,"enemies":"Gensokyo:Doremy","floor":44,"turns":1},{"damage":0,"enemies":"Gensokyo:Rafflesia","floor":45,"turns":1},{"damage":0,"enemies":"Gensokyo:Marisa","floor":46,"turns":1},{"damage":0,"enemies":"Gensokyo:Dusk_and_Dawn","floor":47,"turns":1},{"damage":0,"enemies":"Gensokyo:Shinki","floor":50,"turns":3},{"damage":0,"enemies":"Gensokyo:Scarlet_Devils","floor":51,"turns":1},{"damage":0,"enemies":"Shield and Spear","floor":55,"turns":1},{"damage":0,"enemies":"The Heart","floor":56,"turns":2}],"seed_played":"3150755668835146200","potions_obtained":[{"floor":2,"key":"REME_GoldPotion"},{"floor":2,"key":"Milkshake"},{"floor":10,"key":"Block Potion"},{"floor":16,"key":"AttackPotion"}],"is_trial":false,"path_per_floor":["M","?","$","$","M","R","E","R","T","E","M","E","?","E","R","B",null,"M","?","M","M","M","E","M","?","T","?","$","M","E","?","R","B",null,"M","$","?","COS","M","E","?","E","T","E","M","E","M","?","R","B","B",null,"R","$","E","B",null],"character_chosen":"WATCHER","items_purchased":["Evaluate","Molten Egg 2","BowlingBash+1","Orichalcum","Toy Ornithopter","TheAbacus","Centennial Puzzle","TeardropLocket","Bottled Lightning","Lantern"],"campfire_rested":3,"item_purchase_floors":[3,4,4,4,28,28,28,36,36,54],"current_hp_per_floor":[61,61,61,61,61,61,61,68,68,68,68,68,68,68,68,68,68,68,68,68,68,68,68,68,68,68,68,68,68,68,68,68,68,1,1,1,1,1,1,1,1,1,1,1,1,3,3,5,1,1,1,1,1,1,3,1],"gold":2703,"neow_bonus":"THREE_ENEMY_KILL","is_daily":false,"chose_seed":false,"campfire_upgraded":2,"win_rate":0.0,"timestamp":1609082311,"path_taken":["M","?","?","$","M","R","E","R","T","E","M","E","?","E","R","BOSS","M","?","M","M","M","E","M","?","T","?","$","M","E","?","R","BOSS","M","$","?","COS","M","E","?","E","T","E","M","E","M","?","R","BOSS","BOSS","R","$","E","BOSS"],"items_purchased_type":["Card","Relic","Card","Relic","Relic","Relic","Relic","Relic","Relic","Relic"],"build_version":"2020-12-22","purchased_purges":4,"victory":true,"max_hp_per_floor":[68,68,68,68,68,68,68,68,68,68,68,68,68,68,68,68,68,68,68,68,68,68,68,68,68,68,68,68,68,68,68,68,68,1,1,1,1,1,1,1,1,1,1,1,1,3,3,5,1,1,1,1,1,1,3,1],"card_choices":[{"not_picked":["EmptyBody","Replay:AtTheReady"],"picked":"Tantrum","floor":1},{"not_picked":["EmptyFist+1","REME_Repentance","SashWhip+1","Perseverance","Replay:AtTheReady"],"picked":"SKIP","floor":5},{"not_picked":["EmptyFist+1","Crescendo","EmptyBody","Sanctity","BowlingBash+1"],"picked":"SKIP","floor":7},{"not_picked":["Replay:Vibes","Tantrum+1","LessonLearned+1","MostiFishMod:Clarity"],"picked":"FlurryOfBlows+1","floor":10},{"not_picked":["Consecrate+1","REME_Repentance","EmptyBody","FlurryOfBlows+1","Replay:ManipulateFuture"],"picked":"SKIP","floor":11},{"not_picked":["WindmillStrike+1","CrushJoints+1","Fasting2","JustLucky+1","Wireheading"],"picked":"SKIP","floor":12},{"not_picked":["MostiFishMod:StarWish","EmptyFist+1","PathToVictory","BowlingBash+1"],"picked":"Prostrate","floor":14},{"not_picked":["ConjureBlade","MostiFishMod:Pointsdynamics","MasterReality","Judgement"],"picked":"Ragnarok+1","floor":16},{"not_picked":["Languid","Sickly","ReplayTheSpireMod:Splinters","Spreading Infection"],"picked":"Normality","floor":17},{"not_picked":["Pain","Spreading Infection","Delirium","Amnesia"],"picked":"Injury","floor":17},{"not_picked":["Voices","ReplayTheSpireMod:Doomed","Replay:Hysterical Blindness","Amnesia"],"picked":"Looming Evil","floor":17},{"not_picked":["WheelKick+1","Collect","ThirdEye","FlurryOfBlows+1"],"picked":"FearNoEvil+1","floor":18},{"not_picked":["MostiFishMod:OutWit","ThirdEye","EmptyBody","Crescendo","Replay:BluntJabs+1"],"picked":"SKIP","floor":20},{"not_picked":["Replay:Anticipation","MostiFishMod:FlowState","Judgement","ThirdEye","Evaluate+1"],"picked":"SKIP","floor":21},{"not_picked":["FlurryOfBlows+1","Evaluate","Halt","FlyingSleeves+1","Fasting2"],"picked":"SKIP","floor":22},{"not_picked":["BattleHymn","MostiFishMod:PathToVictory","Adaptation","LikeWater+1"],"picked":"Brilliance+1","floor":23},{"not_picked":["CarveReality+1","ThirdEye","ClearTheMind","WheelKick+1"],"picked":"Prostrate","floor":24},{"not_picked":["Replay:ManipulateFuture+1","WreathOfFlame","Replay:Vibes","SashWhip+1","EmptyBody"],"picked":"SKIP","floor":29},{"not_picked":["Replay:ManipulateFuture","JustLucky+1","Worship","FollowUp+1"],"picked":"Scrawl","floor":30},{"not_picked":["Halt","Weave+1","Perseverance","MostiFishMod:Speedup+1"],"picked":"Wallop+1","floor":31},{"not_picked":["Omniscience","DevaForm","MasterReality","MostiFishMod:Adaptation"],"picked":"Blasphemy","floor":33},{"not_picked":["ThirdEye","Weave+1","MostiFishMod:Nomercy","Nirvana","EmptyBody"],"picked":"SKIP","floor":35},{"not_picked":["Replay:BluntJabs+1","Halt","Evaluate","SandsOfTime+1","Prostrate"],"picked":"SKIP","floor":39},{"not_picked":["ThirdEye+1","Replay:Cycle","FlyingSleeves+1","FlurryOfBlows+1","MostiFishMod:FlowState"],"picked":"SKIP","floor":40},{"not_picked":["Prostrate","Establishment","Vengeance","WheelKick+1","FlyingSleeves+1"],"picked":"SKIP","floor":42},{"not_picked":["MostiFishMod:LegendTransform","Collect","ClearTheMind+1","Perseverance","WaveOfTheHand"],"picked":"SKIP","floor":44},{"not_picked":["Replay:Hum","JustLucky+1","PathToVictory","ClearTheMind","EmptyFist+1"],"picked":"SKIP","floor":45},{"not_picked":["MentalFortress","PathToVictory","Evaluate+1","Replay:AtTheReady","Consecrate+1"],"picked":"Singing Bowl","floor":46},{"not_picked":["SandsOfTime+1","Protect+1","EmptyBody","CrushJoints+1","Scrawl"],"picked":"Singing Bowl","floor":47},{"not_picked":["SandsOfTime+1","Consecrate+1","Halt","ClearTheMind+1","Swivel"],"picked":"Singing Bowl","floor":48},{"not_picked":["DeceiveReality","BowlingBash+1","Adaptation","Tantrum+1","REME_Repentance"],"picked":"Singing Bowl","floor":48},{"not_picked":["Halt","Fasting2+1","ReachHeaven+1","WheelKick+1","EmptyFist+1"],"picked":"Singing Bowl","floor":55}],"player_experience":427194,"relics_obtained":[{"floor":1,"key":"SynthV:TestCard"},{"floor":7,"key":"testmod-BlackFramedGlasses"},{"floor":9,"key":"Bag of Marbles"},{"floor":10,"key":"Juzu Bracelet"},{"floor":12,"key":"Nunchaku"},{"floor":14,"key":"Shuriken"},{"floor":23,"key":"testmod-Antiphasic"},{"floor":26,"key":"Vajra"},{"floor":30,"key":"testmod-Nyarlathotep"},{"floor":31,"key":"testmod-IntensifyImprint"},{"floor":31,"key":"ReplayTheSpireMod:Shallot"},{"floor":40,"key":"Pantograph"},{"floor":42,"key":"Boot"},{"floor":44,"key":"Replay:Ringing Soul"},{"floor":46,"key":"Singing Bowl"},{"floor":48,"key":"Gremlin Food"},{"floor":55,"key":"Anchor"}],"event_choices":[{"damage_healed":0,"gold_gain":0,"player_choice":"Got Potions","damage_taken":0,"max_hp_gain":0,"max_hp_loss":0,"event_name":"Lab","floor":2,"gold_loss":0},{"cards_removed":["Strike_P"],"damage_healed":0,"gold_gain":0,"player_choice":"Card Removal","damage_taken":0,"max_hp_gain":0,"max_hp_loss":0,"event_name":"The Cleric","floor":13,"gold_loss":75},{"damage_healed":0,"gold_gain":0,"player_choice":"Inject Mutagens","damage_taken":0,"relics_obtained":["MutagenicStrength"],"max_hp_gain":0,"max_hp_loss":0,"event_name":"Drug Dealer","floor":19,"gold_loss":0},{"damage_healed":0,"gold_gain":0,"player_choice":"Forge","damage_taken":0,"max_hp_gain":0,"max_hp_loss":0,"event_name":"Accursed Blacksmith","floor":25,"gold_loss":0,"cards_upgraded":["Prostrate"]},{"damage_healed":0,"gold_gain":400,"player_choice":"Sell","damage_taken":0,"max_hp_gain":0,"max_hp_loss":0,"event_name":"恩洛斯的盘子","floor":27,"relics_lost":["NeowsBlessing"],"gold_loss":0},{"damage_healed":0,"gold_gain":0,"player_choice":"Fight","damage_taken":0,"max_hp_gain":0,"max_hp_loss":0,"event_name":"Colosseum","floor":31,"gold_loss":0},{"damage_healed":0,"gold_gain":0,"player_choice":"Fought Nobs","damage_taken":0,"max_hp_gain":0,"max_hp_loss":0,"event_name":"Colosseum","floor":31,"gold_loss":0}],"is_beta":false,"boss_relics":[{"not_picked":["FeatherPendant","ReplayTheSpireMod:DimensionalGlitch"],"picked":"Replay:Ancient Bell"},{"not_picked":["testmod-OneHitWonder","Art of War"],"picked":"Happy Flower"},{"not_picked":["ReplayTheSpireMod:Ninjato","Matryoshka"],"picked":"MagicDraw1"},{"not_picked":["Replay:Towering Pillar of Hats","Pondfish Scales"],"picked":"SecretRecord"},{"not_picked":["testmod-Prudence","Velvet Choker"],"picked":"OneHitWonderSystem"}],"items_purged_floors":[3,3,36,36],"is_endless":false,"potions_floor_spawned":[10,11,16,21,22,24,30,31,33,35,40,42,45],"ascension_level":20}}