{"host":"er8s5flrc5z1a07t","time":1609087965,"event":{"mods":["2.2 Compatiblity","Act Like it!","Bard","BaseMod","Better Note","Better Third Choice","Downfall","Duelist Mod","Elementarium","Energized Spire","GifTheSpireLib","Hermit","Hubris","Infinite Spire","Minty Spire (QoL Compilation)","Relic Stats","Replay The Spire","Shop Mod","StSLib","Stuff the Spire","Synergy Search","The Cursed","The Disciple","The Mystic"],"gold_per_floor":[119,131,131,146,164,191,191,221,289,303,79,154,180,190,190,293,293,309,325,325,177,177,177],"floor_reached":22,"playtime":971,"items_purged":["Strike_P"],"score":237,"play_id":"448cd679-b69f-4ece-8e9d-0390c0254156","local_time":"20201227115245","is_ascension_mode":true,"campfire_choices":[{"floor":15,"key":"REST"}],"circlet_count":0,"master_deck":["Strike_P+1","Defend_P+1","Defend_P+1","Defend_P+1","Defend_P+1","Eruption","Vigilance","Consecrate","Prostrate","ReachHeaven","ClearTheMind","TalkToTheHand","WreathOfFlame","Replay:DivineShield","TalkToTheHand","ForeignInfluence","Devotion","MasterReality","CarveReality","Replay:ManipulateFuture","Replay:Anticipation","LessonLearned"],"relics":["PureWater","NeowsBlessing","infinitespire:ShieldingShard","Gremlin Food","Snack Pack","Replay:Bottled Eggs","Regal Pillow","energizedSpire:CrystalSphere","Orrery"],"acts_visited":["Exordium","TheCity"],"potions_floor_usage":[6,8,16],"damage_taken":[{"damage":0,"enemies":"Cultist","floor":1,"turns":1},{"damage":0,"enemies":"infinitespire:Voidling","floor":2,"turns":1},{"damage":0,"enemies":"Jaw Worm","floor":4,"turns":1},{"damage":16,"enemies":"Exordium Thugs","floor":5,"turns":3},{"damage":19,"enemies":"3 Sentries","floor":6,"turns":6},{"damage":17,"enemies":"Gremlin Nob","floor":8,"turns":4},{"damage":1,"enemies":"Large Slime","floor":10,"turns":3},{"damage":14,"enemies":"Replay:BlueRogue","floor":13,"turns":6},{"damage":1,"enemies":"Gremlin Gang","floor":14,"turns":5},{"damage":24,"enemies":"Fading Forest","floor":16,"turns":11},{"damage":60,"enemies":"3 Byrds","floor":18,"turns":7},{"damage":12,"enemies":"Shell Parasite","floor":19,"turns":6},{"damage":0,"enemies":"Centurion and Healer","floor":22,"turns":5}],"seed_played":"325575139163405002","potions_obtained":[{"floor":1,"key":"CultistPotion"},{"floor":4,"key":"Regen Potion"},{"floor":13,"key":"EssenceOfSteel"}],"is_trial":false,"path_per_floor":["M","M","?","M","M","E","?","E","T","M","$","T","E","M","R","B",null,"M","M","?","$","M"],"character_chosen":"WATCHER","items_purchased":["TalkToTheHand","ForeignInfluence","Orrery"],"campfire_rested":1,"item_purchase_floors":[11,11,21],"current_hp_per_floor":[72,72,72,72,56,51,51,34,34,35,35,35,25,26,62,44,72,14,4,4,4,6,6],"gold":177,"neow_bonus":"THREE_ENEMY_KILL","is_daily":false,"chose_seed":false,"campfire_upgraded":0,"win_rate":0.0,"timestamp":1609087965,"path_taken":["M","M","?","?","?","E","?","E","T","M","$","?","E","M","R","BOSS","M","M","?","$","M"],"items_purchased_type":["Card","Card","Relic"],"build_version":"2020-12-22","purchased_purges":1,"victory":false,"max_hp_per_floor":[72,72,72,72,72,72,72,72,72,72,72,72,72,72,72,72,72,72,72,72,72,72,72],"relic_stats":{"Regal Pillow":15,"counters":[13,59],"obtain_stats":[{"Gremlin Food":8,"Regal Pillow":13,"infinitespire:ShieldingShard":6,"NeowsBlessing":0,"energizedSpire:CrystalSphere":17,"Orrery":21,"Snack Pack":9,"PureWater":0,"Replay:Bottled Eggs":12},{"Gremlin Food":6,"Regal Pillow":8,"infinitespire:ShieldingShard":5,"NeowsBlessing":0,"energizedSpire:CrystalSphere":10,"Orrery":12,"Snack Pack":6,"PureWater":0,"Replay:Bottled Eggs":7},{"Gremlin Food":16,"Regal Pillow":25,"infinitespire:ShieldingShard":12,"NeowsBlessing":0,"energizedSpire:CrystalSphere":41,"Orrery":54,"Snack Pack":16,"PureWater":0,"Replay:Bottled Eggs":19}]},"card_choices":[{"not_picked":["SashWhip","WindmillStrike"],"picked":"Consecrate","floor":1},{"not_picked":["DeceiveReality","FollowUp"],"picked":"Prostrate","floor":2},{"not_picked":["EmptyFist","Brilliance"],"picked":"ReachHeaven","floor":4},{"not_picked":["Perseverance","JustLucky"],"picked":"ClearTheMind","floor":5},{"not_picked":["Replay:BluntJabs","FollowUp"],"picked":"TalkToTheHand","floor":6},{"not_picked":["ThirdEye","Nirvana"],"picked":"WreathOfFlame","floor":8},{"not_picked":["ReachHeaven","InnerPeace"],"picked":"Replay:DivineShield","floor":10},{"not_picked":["PathToVictory","SignatureMove"],"picked":"Devotion","floor":13},{"not_picked":["CutThroughFate","BowlingBash","ReachHeaven"],"picked":"SKIP","floor":14},{"not_picked":["LessonLearned","Wish"],"picked":"MasterReality","floor":16},{"not_picked":["Collect","TalkToTheHand+1"],"picked":"CarveReality","floor":18},{"not_picked":["Sanctity","Halt"],"picked":"Replay:ManipulateFuture","floor":19},{"not_picked":["JustLucky","CutThroughFate"],"picked":"Replay:Anticipation","floor":21},{"not_picked":["Swivel","FlyingSleeves+1"],"picked":"LessonLearned","floor":21}],"player_experience":1168405,"relics_obtained":[{"floor":6,"key":"infinitespire:ShieldingShard"},{"floor":8,"key":"Gremlin Food"},{"floor":9,"key":"Snack Pack"},{"floor":12,"key":"Replay:Bottled Eggs"},{"floor":13,"key":"Regal Pillow"}],"event_choices":[{"cards_removed":["Strike_P"],"damage_healed":0,"gold_gain":0,"player_choice":"Offered Basic","damage_taken":0,"max_hp_gain":0,"max_hp_loss":0,"event_name":"Bonfire Elementals","floor":3,"gold_loss":0},{"cards_removed":["Strike_P"],"damage_healed":0,"gold_gain":0,"player_choice":"Card Removal","damage_taken":0,"max_hp_gain":0,"max_hp_loss":0,"event_name":"Wheel of Change","floor":7,"gold_loss":0},{"damage_healed":0,"gold_gain":0,"player_choice":"0 cards matched","damage_taken":0,"max_hp_gain":0,"max_hp_loss":0,"event_name":"Match and Keep!","floor":20,"gold_loss":0,"cards_obtained":[]}],"is_beta":false,"boss_relics":[{"not_picked":["VioletLotus","StuffTheSpire:RunicHypercube"],"picked":"energizedSpire:CrystalSphere"}],"items_purged_floors":[11],"is_endless":false,"potions_floor_spawned":[1,4,13],"killed_by":"Centurion and Healer","ascension_level":3}}