{"host":"nak33n7iw6yqkk3u","time":1609075444,"event":{"mods":["AchievementEnabler","Act Like it!","BaseMod","BetterRewards","Colored Map","Colored Powertips","DeckTracker","Downfall","Friendly Minions","Gensokyo","Hubris","Kiyohime£®«Âºß£©","Koishi","Marisa£®ÏF”Í°°ƒß¿Ì…≥£©","Minty Spire (QoL Compilation)","Quick Restart","Rare Cards Sparkle","Reimu£®≤©¿ˆ¡È√Œ£©","Remilia£®¿Ÿ√◊¿Ú—«£©","RumiaBox-¬∂√◊Ê´µƒ…Ò√ÿ∫–◊”","Shop Mod","StSLib","The Bug Knight","Waifu the Spire","Youmu£®ªÍ∆«—˝√Œ£©","Yuyuko","[IsaacMod]“‘»ˆº‚À˛","everything is the same but u backflip on backflip"],"gold_per_floor":[99,116,133,133,133,151,151,167,228,238,59,93,107,107,125,227,277,277,297,64,164,164,14,39,24,24,129,153,182,202,242,262,369,369,369,378,401,423,432,451,519,519,519,519],"floor_reached":42,"playtime":1977,"items_purged":[],"score":495,"play_id":"70415030-ba6e-487b-8047-e63f700dfe4e","local_time":"20201227212404","is_ascension_mode":false,"campfire_choices":[{"floor":1,"key":"RECALL"},{"data":"Slimebound:Tackle","floor":18,"key":"PURGE"},{"data":"Slimebound:Dissolve","floor":23,"key":"PURGE"},{"floor":26,"key":"REST"},{"data":"Slimebound:ForwardTackle","floor":35,"key":"PURGE"}],"circlet_count":0,"master_deck":["Slimebound:Strike_Slimebound","Slimebound:Strike_Slimebound","Slimebound:Strike_Slimebound","Slimebound:Defend_Slimebound","Slimebound:Defend_Slimebound","Slimebound:Defend_Slimebound","Slimebound:Defend_Slimebound","Slimebound:Split","Slimebound:CorrosiveSpit","expansioncontent:Sear+1","Slimebound:SamplingLick","Slimebound:Prepare","Slimebound:SlimeSlap","Slimebound:RainOfGoop","Slimebound:AcidTongue","Slimebound:Schlurp","Slimebound:AcidTongue","Slimebound:FinishingTackle","Slimebound:ItLooksTasty","Slimebound:SamplingLick","Slimebound:MassRepurpose","Slimebound:PressTheAttack+1","Slimebound:Gluttony+1","Slimebound:SplitLeeching","Slimebound:Repurpose","Slimebound:GrowthPunch","Slimebound:PressTheAttack","Slimebound:ViciousTackle","Slimebound:SplitBruiser","Slimebound:GrowthPunch","Slimebound:Schlurp","Slimebound:SplitMire+1","Slimebound:SplitAcid","Slimebound:LeechingTouch","Slimebound:GoopSpray","Slimebound:GrowthPunch","Slimebound:LeechLife","Slimebound:Darklings","Slimebound:AcidTongue+1","Slimebound:LeechingTouch+1","Slimebound:TongueLash","Slimebound:GrowthPunch"],"relics":["Slimebound:AbsorbEndCombat","HushsDoor","GuppysHead","hubris:Towel","MagicDraw1","GuppysPaw","Slimebound:ScrapOozeRelic","Tiny House","GodSword3","downfall:HeartBlessingBlue","downfall:HeartBlessingRed","HowToJump","CeramicFish","ForgetMeNow","EasyGame_NEW","GodSword6"],"acts_visited":["Exordium","TheCity","TheBeyond"],"potions_floor_usage":[12,12,21,25,31,33,33],"damage_taken":[{"damage":0,"enemies":"Jaw Worm","floor":2,"turns":1},{"damage":7,"enemies":"2 Louse","floor":3,"turns":2},{"damage":10,"enemies":"Cultist","floor":6,"turns":4},{"damage":12,"enemies":"3 Louse","floor":8,"turns":3},{"damage":28,"enemies":"Lagavulin Event","floor":9,"turns":5},{"damage":20,"enemies":"Exordium Wildlife","floor":10,"turns":4},{"damage":8,"enemies":"downfall:FleeingMerchant","floor":11,"turns":4},{"damage":17,"enemies":"Gremlin Nob","floor":12,"turns":3},{"damage":11,"enemies":"Gremlin Gang","floor":13,"turns":3},{"damage":20,"enemies":"Lots of Slimes","floor":15,"turns":4},{"damage":20,"enemies":"downfall:Watcher","floor":16,"turns":5},{"damage":22,"enemies":"Spheric Guardian","floor":19,"turns":5},{"damage":12,"enemies":"downfall:FleeingMerchant","floor":20,"turns":4},{"damage":46,"enemies":"downfall:LadyInBlue","floor":21,"turns":7},{"damage":25,"enemies":"downfall:FleeingMerchant","floor":25,"turns":4},{"damage":0,"enemies":"downfall:FleeingMerchant","floor":27,"turns":1},{"damage":31,"enemies":"Shell Parasite","floor":28,"turns":4},{"damage":24,"enemies":"Snecko","floor":29,"turns":5},{"damage":37,"enemies":"Snake Plant","floor":30,"turns":3},{"damage":23,"enemies":"Gremlin Leader","floor":31,"turns":4},{"damage":51,"enemies":"Shelled Parasite and Fungi","floor":32,"turns":4},{"damage":28,"enemies":"downfall:Silent","floor":33,"turns":7},{"damage":0,"enemies":"3 Shapes","floor":37,"turns":3},{"damage":26,"enemies":"3 Darklings","floor":38,"turns":3},{"damage":33,"enemies":"Sphere and 2 Shapes","floor":40,"turns":3},{"damage":33,"enemies":"Maw","floor":42,"turns":2}],"seed_played":"-3733436143754778220","potions_obtained":[{"floor":6,"key":"GamblersBrew"},{"floor":8,"key":"Block Potion"},{"floor":9,"key":"Block Potion"},{"floor":15,"key":"Fire Potion"},{"floor":16,"key":"MagicPotion:ReiMu"},{"floor":17,"key":"Fire Potion"},{"floor":21,"key":"Fire Potion"},{"floor":21,"key":"FairyPotion"},{"floor":28,"key":"DistilledChaos"},{"floor":31,"key":"SkillPotion"}],"is_trial":false,"path_per_floor":["R","M","M","?","?","M","T","M","?","M","$","E","M","?","M","B",null,"R","M","$","?","T","R","T","$","R","$","M","M","M","E","M","B",null,"R","?","M","M","?","M","T","M"],"character_chosen":"SLIMEBOUND","items_purchased":["Slimebound:AcidTongue","Slimebound:FinishingTackle","Slimebound:ItLooksTasty","Slimebound:SplitLeeching","Slimebound:Repurpose","Slimebound:GrowthPunch","Slimebound:PressTheAttack","Slimebound:GrowthPunch","CeramicFish","Slimebound:Schlurp"],"campfire_rested":1,"item_purchase_floors":[11,11,11,20,20,20,20,27,27,27],"current_hp_per_floor":[60,60,59,59,59,56,56,52,38,32,32,25,28,28,20,14,65,65,53,53,35,35,45,45,40,62,64,49,37,10,44,15,35,51,51,51,51,33,33,14,14,0,0,0],"gold":519,"neow_bonus":"RANDOM_COLORLESS","is_daily":false,"chose_seed":false,"campfire_upgraded":0,"win_rate":0.0,"timestamp":1609075444,"path_taken":["R","M","M","?","?","M","T","M","?","M","$","E","M","?","M","BOSS","R","?","?","?","?","R","T","$","R","$","M","M","M","E","M","BOSS","R","?","M","M","?","?","T","?"],"items_purchased_type":["Card","Card","Card","Card","Card","Card","Card","Card","Relic","Card"],"build_version":"2020-12-22","purchased_purges":0,"victory":false,"max_hp_per_floor":[60,60,60,60,60,60,60,60,60,60,60,60,60,60,60,60,65,65,65,65,65,65,75,75,75,75,75,75,75,75,75,75,51,51,51,51,51,51,51,51,51,45,45,45],"card_choices":[{"not_picked":[],"picked":"ChaosCard","floor":0},{"not_picked":["PanicButton","Bandage Up"],"picked":"expansioncontent:Sear","floor":0},{"not_picked":["Slimebound:LeechingTouch","Slimebound:RollThrough"],"picked":"Slimebound:SamplingLick","floor":2},{"not_picked":["Slimebound:SplitLeeching","Slimebound:LeechingTouch"],"picked":"Slimebound:Prepare","floor":3},{"not_picked":["Slimebound:FinishingTackle","Slimebound:MegaLick"],"picked":"Slimebound:SlimeSlap","floor":6},{"not_picked":["Slimebound:HauntingLick","Slimebound:BestDefense"],"picked":"Slimebound:RainOfGoop","floor":8},{"not_picked":["Bomb","Slimebound:SamplingLick"],"picked":"Slimebound:AcidTongue","floor":9},{"not_picked":["Slimebound:Repurpose","Slimebound:SplitAcid"],"picked":"Bomb","floor":10},{"not_picked":["Slimebound:RollThrough","Slimebound:HauntingLick"],"picked":"Slimebound:Schlurp","floor":11},{"not_picked":["Slimebound:Chomp","Slimebound:FinishingTackle","Slimebound:Teamwork"],"picked":"SKIP","floor":12},{"not_picked":["Slimebound:FlameTackle","Slimebound:SlimeTap"],"picked":"Slimebound:Dissolve","floor":13},{"not_picked":["Slimebound:RollThrough","Bomb"],"picked":"Slimebound:SamplingLick","floor":15},{"not_picked":["Slimebound:Teamwork","Slimebound:SlimeSlap"],"picked":"Slimebound:MassRepurpose","floor":16},{"not_picked":["Slimebound:LevelUp","Slimebound:BestDefense"],"picked":"Bomb","floor":17},{"not_picked":["Slimebound:SlimeBrawl","Slimebound:RollThrough+1"],"picked":"Slimebound:PressTheAttack+1","floor":19},{"not_picked":["Slimebound:GoopSpray","Slimebound:SplitAcid+1"],"picked":"Slimebound:Gluttony+1","floor":20},{"not_picked":["Slimebound:Schlurp","Slimebound:SlimeBrawl"],"picked":"Slimebound:ViciousTackle","floor":21},{"not_picked":["Slimebound:ComboTackle","Slimebound:ProtectTheBoss+1"],"picked":"Slimebound:SplitBruiser","floor":25},{"not_picked":["Slimebound:LeechingTouch","Slimebound:SamplingLick"],"picked":"Slimebound:ForwardTackle","floor":27},{"not_picked":["Slimebound:ProtectTheBoss+1","Slimebound:LeadByExample+1"],"picked":"Slimebound:SplitMire+1","floor":28},{"not_picked":["Slimebound:GrowthPunch","Slimebound:MinionMaster"],"picked":"Slimebound:SplitAcid","floor":29},{"not_picked":["Slimebound:Schlurp","Slimebound:SplitMire"],"picked":"Slimebound:LeechingTouch","floor":30},{"not_picked":["Slimebound:BestDefense","Slimebound:ComboTackle+1"],"picked":"Slimebound:GoopSpray","floor":31},{"not_picked":["Slimebound:Gluttony","Slimebound:ViciousTackle"],"picked":"Slimebound:GrowthPunch","floor":32},{"not_picked":["Slimebound:MinionMaster","Slimebound:DuplicatedForm"],"picked":"Slimebound:LeechLife","floor":33},{"not_picked":["Slimebound:FlameTackle+1","Slimebound:RainOfGoop+1"],"picked":"Slimebound:AcidTongue+1","floor":37},{"not_picked":["Slimebound:SplitBruiser","Slimebound:Teamwork"],"picked":"Slimebound:LeechingTouch+1","floor":38},{"not_picked":["Slimebound:LevelUp+1","Slimebound:GoopTackle+1"],"picked":"Slimebound:GrowthPunch","floor":40}],"player_experience":419124,"relics_obtained":[{"floor":7,"key":"MagicDraw1"},{"floor":9,"key":"Happy Flower"},{"floor":12,"key":"GuppysPaw"},{"floor":21,"key":"GodSword3"},{"floor":24,"key":"HowToJump"},{"floor":31,"key":"ForgetMeNow"},{"floor":41,"key":"GodSword6"}],"event_choices":[{"damage_healed":0,"gold_gain":0,"player_choice":"Ignored","damage_taken":0,"max_hp_gain":0,"max_hp_loss":0,"event_name":"NoteForYourself","floor":5,"gold_loss":0}],"is_beta":false,"boss_relics":[{"not_picked":["hubris:ScarierMask","Black Star"],"picked":"Tiny House"},{"not_picked":[]},{"not_picked":["RedLine:ReiMu","Pandora\u0027s Box"],"picked":"EasyGame_NEW"},{"not_picked":[]}],"items_purged_floors":[],"is_endless":false,"potions_floor_spawned":[6,8,9,15,16,19,28,30,31],"killed_by":"Maw","ascension_level":0}}