{"host":"31s8hzukbhz1k6i6","time":1609099797,"event":{"mods":["BaseMod","Colored Map","Minty Spire (QoL Compilation)","Relic Stats","UnlockEverythingMod"],"gold_per_floor":[109,109,109,120,295,295,142,173,173,202,202,218,253,267,267,370,370,387,297,316,331,231,257,257,257,257,270,369,399,399,414,414,517,517,536,411,411,423,438,438,26,57,106,139,139,151,163,195,195,195,195,195,2,32,32],"floor_reached":56,"playtime":3046,"items_purged":["Doubt","Strike_G","Strike_G+1"],"score":1602,"play_id":"e245e99e-7bdf-411a-882a-0b2bb72c3d17","local_time":"20201227120957","is_ascension_mode":true,"campfire_choices":[{"data":"Poisoned Stab","floor":6.0,"key":"SMITH"},{"data":"Noxious Fumes","floor":15.0,"key":"SMITH"},{"floor":25.0,"key":"REST"},{"data":"Footwork","floor":32.0,"key":"SMITH"},{"data":"Footwork","floor":40.0,"key":"SMITH"},{"floor":45.0,"key":"DIG"},{"floor":49,"key":"RECALL"},{"floor":52,"key":"DIG"}],"circlet_count":0,"master_deck":["Strike_G+1","Defend_G","Defend_G","Defend_G","Defend_G","Survivor+1","Neutralize","Dash+1","Poisoned Stab+1","Poisoned Stab","Noxious Fumes+1","Venomology","Bouncing Flask+1","Corpse Explosion","CurseOfTheBell","Blur","PiercingWail","Acrobatics","Footwork+1","Footwork+1","Malaise","Crippling Poison","Footwork","Leg Sweep","Bouncing Flask+1","Blur+1","Panacea","PiercingWail"],"relics":["Ring of the Snake","Whetstone","Boot","HornCleat","Eternal Feather","FaceOfCleric","Singing Bowl","Calling Bell","Juzu Bracelet","Letter Opener","Shovel","StoneCalendar","Regal Pillow","InkBottle","Girya","Snecko Eye","Membership Card","Mummified Hand","War Paint","Art of War","Centennial Puzzle","Happy Flower","Sundial","Paper Crane","CaptainsWheel","Lantern"],"acts_visited":["Exordium","TheCity","TheBeyond","TheEnding"],"potions_floor_usage":[50,50,55,55,55,55],"damage_taken":[{"damage":0.0,"enemies":"Jaw Worm","floor":1.0,"turns":5.0},{"damage":0.0,"enemies":"2 Louse","floor":4.0,"turns":2.0},{"damage":5.0,"enemies":"3 Sentries","floor":8.0,"turns":8.0},{"damage":3.0,"enemies":"Lagavulin","floor":10.0,"turns":6.0},{"damage":0.0,"enemies":"Small Slimes","floor":12.0,"turns":3.0},{"damage":0.0,"enemies":"Gremlin Nob","floor":13.0,"turns":3.0},{"damage":1.0,"enemies":"Exordium Thugs","floor":14.0,"turns":3.0},{"damage":9.0,"enemies":"Slime Boss","floor":16.0,"turns":7.0},{"damage":22.0,"enemies":"Spheric Guardian","floor":18.0,"turns":4.0},{"damage":4.0,"enemies":"Shell Parasite","floor":20.0,"turns":6.0},{"damage":9.0,"enemies":"Centurion and Healer","floor":21.0,"turns":5.0},{"damage":24.0,"enemies":"Book of Stabbing","floor":23.0,"turns":6.0},{"damage":13.0,"enemies":"Snake Plant","floor":27.0,"turns":4.0},{"damage":20.0,"enemies":"Slavers","floor":29.0,"turns":4.0},{"damage":0.0,"enemies":"Snecko","floor":31.0,"turns":4.0},{"damage":38.0,"enemies":"Champ","floor":33.0,"turns":16.0},{"damage":0.0,"enemies":"Orb Walker","floor":35.0,"turns":4.0},{"damage":15.0,"enemies":"3 Shapes","floor":38.0,"turns":5.0},{"damage":0.0,"enemies":"3 Darklings","floor":39.0,"turns":3.0},{"damage":0.0,"enemies":"Nemesis","floor":42.0,"turns":7.0},{"damage":0.0,"enemies":"Giant Head","floor":44.0,"turns":9.0},{"damage":8.0,"enemies":"4 Shapes","floor":46.0,"turns":4.0},{"damage":25.0,"enemies":"Writhing Mass","floor":47.0,"turns":5.0},{"damage":7.0,"enemies":"Reptomancer","floor":48.0,"turns":6.0},{"damage":14,"enemies":"Time Eater","floor":50,"turns":13},{"damage":0,"enemies":"Shield and Spear","floor":54,"turns":6},{"damage":13,"enemies":"The Heart","floor":55,"turns":11}],"seed_played":"-7755129446269849084","potions_obtained":[{"floor":8.0,"key":"SkillPotion"},{"floor":10.0,"key":"DistilledChaos"},{"floor":12.0,"key":"SkillPotion"},{"floor":14.0,"key":"Explosive Potion"},{"floor":18.0,"key":"BlessingOfTheForge"},{"floor":23.0,"key":"AttackPotion"},{"floor":27.0,"key":"Fire Potion"},{"floor":38.0,"key":"Fruit Juice"},{"floor":46.0,"key":"Poison Potion"}],"is_trial":false,"path_per_floor":["M","?","?","M","?","R","$","E","T","E","?","M","E","M","R","B",null,"M","?","M","M","$","E","?","R","T","M","?","E","?","M","R","B",null,"M","$","?","M","M","R","$","E","T","E","R","M","M","E","R","B",null,"R","$","E","B",null],"character_chosen":"THE_SILENT","items_purchased":["CunningPotion","Membership Card","Mummified Hand","War Paint","Footwork","Leg Sweep","CaptainsWheel","Panacea"],"campfire_rested":1,"item_purchase_floors":[7,41,41,41,41,41,53,53],"current_hp_per_floor":[70,63,63,63,63,63,63,58,58,55,55,56,57,57,66,58,74,55,55,52,46,46,23,23,71,71,59,59,42,42,43,55,18,88,89,89,89,77,80,92,92,93,93,96,99,99,77,71,86,73,112,112,112,113,112],"gold":32,"neow_bonus":"RANDOM_COMMON_RELIC","is_daily":false,"chose_seed":false,"campfire_upgraded":4,"win_rate":0.0,"timestamp":1609099797,"path_taken":["M","?","?","M","?","R","$","E","T","E","?","M","E","?","R","BOSS","M","?","M","M","$","E","?","R","T","M","?","E","?","M","R","BOSS","M","$","?","M","M","R","$","E","T","E","R","M","M","E","R","BOSS","R","$","E","BOSS"],"items_purchased_type":["Potion","Relic","Relic","Relic","Card","Card","Relic","Card"],"build_version":"2020-12-22","purchased_purges":3,"victory":true,"max_hp_per_floor":[70,70,70,70,70,70,70,70,70,70,70,71,72,73,73,74,74,77,77,78,81,81,82,82,82,82,83,83,86,86,87,87,88,88,89,89,89,92,95,95,95,96,96,99,99,107,110,111,111,112,112,112,112,113,114],"relic_stats":{"Regal Pillow":15,"Singing Bowl":16,"Happy Flower":[15],"counters":[27,159],"Eternal Feather":60,"StoneCalendar":[260],"Juzu Bracelet":1,"Whetstone":["Strike_G","Strike_G"],"Letter Opener":[247],"War Paint":["Bouncing Flask","Survivor"],"Boot":[90],"Centennial Puzzle":[15],"Shovel":2,"FaceOfCleric":23,"Mummified Hand":[56],"Sundial":[6],"Snecko Eye":[133,143,125,125],"Art of War":[15],"obtain_stats":[{"Regal Pillow":24,"Lantern":54,"Singing Bowl":13,"StoneCalendar":23,"Juzu Bracelet":17,"Whetstone":0,"Boot":8,"Centennial Puzzle":44,"HornCleat":9,"Shovel":17,"FaceOfCleric":11,"Mummified Hand":41,"Sundial":48,"InkBottle":26,"Ring of the Snake":0,"Girya":29,"Happy Flower":45,"Eternal Feather":10,"Letter Opener":17,"War Paint":41,"Paper Crane":52,"Calling Bell":17,"CaptainsWheel":53,"Snecko Eye":34,"Art of War":42,"Membership Card":41},{"Regal Pillow":12,"Lantern":26,"Singing Bowl":6,"StoneCalendar":12,"Juzu Bracelet":8,"Whetstone":0,"Boot":3,"Centennial Puzzle":21,"HornCleat":3,"Shovel":8,"FaceOfCleric":4,"Mummified Hand":19,"Sundial":24,"InkBottle":12,"Ring of the Snake":0,"Girya":14,"Happy Flower":21,"Eternal Feather":4,"Letter Opener":8,"War Paint":19,"Paper Crane":25,"Calling Bell":8,"CaptainsWheel":25,"Snecko Eye":16,"Art of War":20,"Membership Card":19},{"Regal Pillow":58,"Lantern":148,"Singing Bowl":27,"StoneCalendar":58,"Juzu Bracelet":37,"Whetstone":0,"Boot":15,"Centennial Puzzle":114,"HornCleat":15,"Shovel":37,"FaceOfCleric":21,"Mummified Hand":98,"Sundial":129,"InkBottle":58,"Ring of the Snake":0,"Girya":66,"Happy Flower":114,"Eternal Feather":21,"Letter Opener":37,"War Paint":98,"Paper Crane":142,"Calling Bell":37,"CaptainsWheel":142,"Snecko Eye":86,"Art of War":105,"Membership Card":98}],"InkBottle":[34],"Ring of the Snake":[54]},"card_choices":[{"not_picked":["Slice","Dagger Throw"],"picked":"Dash","floor":1.0},{"not_picked":["Endless Agony","Leg Sweep"],"picked":"Poisoned Stab","floor":4.0},{"not_picked":["Caltrops","Quick Slash"],"picked":"Poisoned Stab","floor":8.0},{"not_picked":["Dagger Spray","Backflip"],"picked":"Noxious Fumes","floor":10.0},{"not_picked":["Dodge and Roll","Flying Knee","Bane"],"picked":"SKIP","floor":12.0},{"not_picked":["Well Laid Plans","Acrobatics"],"picked":"Venomology","floor":13.0},{"not_picked":["Poisoned Stab","PiercingWail"],"picked":"Bouncing Flask","floor":14.0},{"not_picked":["A Thousand Cuts","Unload"],"picked":"Corpse Explosion","floor":16.0},{"not_picked":["Cloak And Dagger","Dagger Throw+1","Dagger Spray"],"picked":"Singing Bowl","floor":18.0},{"not_picked":["Escape Plan","Backflip"],"picked":"Blur","floor":20.0},{"not_picked":["Die Die Die","Eviscerate","Endless Agony"],"picked":"Singing Bowl","floor":21.0},{"not_picked":["Predator","Poisoned Stab"],"picked":"PiercingWail","floor":23.0},{"not_picked":["Quick Slash","Blade Dance"],"picked":"Acrobatics","floor":27.0},{"not_picked":["Flechettes","Dagger Spray","Masterful Stab+1"],"picked":"Singing Bowl","floor":29.0},{"not_picked":["Calculated Gamble","Setup"],"picked":"Footwork","floor":31.0},{"not_picked":["Tools of the Trade","A Thousand Cuts"],"picked":"Malaise","floor":33.0},{"not_picked":["Sucker Punch","Riddle With Holes"],"picked":"Crippling Poison","floor":35.0},{"not_picked":["Bane","Backstab+1","Poisoned Stab"],"picked":"Singing Bowl","floor":38.0},{"not_picked":["Deadly Poison","Dodge and Roll","Underhanded Strike"],"picked":"Singing Bowl","floor":39.0},{"not_picked":["Blade Dance","PiercingWail+1"],"picked":"Bouncing Flask+1","floor":42.0},{"not_picked":["Venomology","Flying Knee+1","Poisoned Stab"],"picked":"Singing Bowl","floor":44.0},{"not_picked":["Bane+1","Eviscerate+1","Cloak And Dagger+1"],"picked":"Singing Bowl","floor":46.0},{"not_picked":["Reflex+1","Bane","Choke+1"],"picked":"Singing Bowl","floor":47.0},{"not_picked":["Dodge and Roll","Venomology"],"picked":"Blur+1","floor":48.0},{"not_picked":["Cloak And Dagger+1","Prepared+1"],"picked":"PiercingWail","floor":54}],"player_experience":30837,"relics_obtained":[{"floor":8.0,"key":"Boot"},{"floor":9.0,"key":"HornCleat"},{"floor":10.0,"key":"Eternal Feather"},{"floor":13.0,"key":"Singing Bowl"},{"floor":17.0,"key":"Juzu Bracelet"},{"floor":17.0,"key":"Letter Opener"},{"floor":17.0,"key":"Shovel"},{"floor":23.0,"key":"StoneCalendar"},{"floor":26.0,"key":"InkBottle"},{"floor":29.0,"key":"Girya"},{"floor":42.0,"key":"Art of War"},{"floor":44.0,"key":"Centennial Puzzle"},{"floor":45.0,"key":"Happy Flower"},{"floor":48.0,"key":"Sundial"},{"floor":52,"key":"Paper Crane"},{"floor":54,"key":"Lantern"}],"event_choices":[{"cards_removed":["Strike_G"],"damage_healed":0.0,"max_hp_gain":0.0,"max_hp_loss":0.0,"gold_gain":0.0,"event_name":"Golden Wing","player_choice":"Card Removal","floor":2.0,"gold_loss":0.0,"damage_taken":7.0},{"damage_healed":0.0,"max_hp_gain":0.0,"max_hp_loss":0.0,"gold_gain":0.0,"event_name":"Living Wall","player_choice":"Grow","floor":3.0,"gold_loss":0.0,"damage_taken":0.0,"cards_upgraded":["Dash"]},{"damage_healed":0.0,"max_hp_gain":0.0,"max_hp_loss":0.0,"gold_gain":175.0,"event_name":"Liars Game","player_choice":"AGREE","floor":5.0,"gold_loss":0.0,"damage_taken":0.0,"cards_obtained":["Doubt"]},{"damage_healed":0.0,"max_hp_gain":0.0,"max_hp_loss":0.0,"gold_gain":0.0,"event_name":"FaceTrader","player_choice":"Trade","floor":11.0,"gold_loss":0.0,"damage_taken":0.0,"relics_obtained":["FaceOfCleric"]},{"cards_removed":["Strike_G"],"damage_healed":0.0,"max_hp_gain":0.0,"max_hp_loss":0.0,"gold_gain":0.0,"event_name":"Designer","player_choice":"Upgrade and Remove","floor":19.0,"gold_loss":90.0,"damage_taken":0.0,"cards_upgraded":["Defend_G"]},{"damage_healed":0.0,"max_hp_gain":0.0,"max_hp_loss":0.0,"gold_gain":0.0,"event_name":"The Mausoleum","player_choice":"Opened","floor":24.0,"gold_loss":0.0,"damage_taken":0.0,"relics_obtained":["Regal Pillow"]},{"damage_healed":0.0,"max_hp_gain":0.0,"max_hp_loss":0.0,"gold_gain":99.0,"event_name":"Nest","player_choice":"Stole From Cult","floor":28.0,"gold_loss":0.0,"damage_taken":0.0},{"damage_healed":0.0,"max_hp_gain":0.0,"max_hp_loss":0.0,"gold_gain":0.0,"event_name":"The Library","player_choice":"Read","floor":30.0,"gold_loss":0.0,"damage_taken":0.0,"cards_obtained":["Footwork"]},{"cards_removed":["Defend_G"],"damage_healed":0.0,"max_hp_gain":0.0,"max_hp_loss":0.0,"gold_gain":0.0,"event_name":"Falling","player_choice":"Removed Skill","floor":37.0,"gold_loss":0.0,"damage_taken":0.0}],"is_beta":false,"boss_relics":[{"not_picked":["Astrolabe","Tiny House"],"picked":"Calling Bell"},{"not_picked":["Black Star","Ring of the Serpent"],"picked":"Snecko Eye"}],"items_purged_floors":[7,22,36],"is_endless":false,"potions_floor_spawned":[8,10,12,14,18,23,27,38,44,46,54],"ascension_level":2}}