{"host":"rvgqag7mtxu5qaaz","time":1609099278,"event":{"mods":["AchievementEnabler","BaseMod","Downfall","Hermit","Hubris","Minty Spire (QoL Compilation)","Replay The Spire","StSLib","SuperFastMode","The Animator","The Construct","The Cursed","The Disciple","The Necromancer"],"gold_per_floor":[111,135,60,75,85,115,115,126,180,36,36,66,80,97,97,97,97],"floor_reached":16,"playtime":760,"items_purged":["hermit:Defend_Hermit"],"score":112,"play_id":"cf533fe4-633b-446e-8664-1548e0eccf07","local_time":"20201227150118","is_ascension_mode":false,"campfire_choices":[{"data":"hermit:OverwhelmingPower","floor":7,"key":"SMITH"},{"floor":15,"key":"DIG"}],"circlet_count":0,"master_deck":["hermit:Strike_Hermit","hermit:Strike_Hermit","hermit:Strike_Hermit","hermit:Strike_Hermit","hermit:Defend_Hermit","hermit:Defend_Hermit","hermit:Defend_Hermit","hermit:Snapshot","hermit:Covet","hermit:Deadeye","hermit:ShadowCloak","hermit:OverwhelmingPower+1","hermit:Vantage","hermit:Magnum","hermit:ShadowCloak","hermit:LoneWolf"],"relics":["hermit:Momento","Pondfish Scales","Gremlin Food","Omamori","ReplayTheSpireMod:TigerMarble","hubris:Towel","Shuriken","Replay:WaspNest"],"acts_visited":["Exordium"],"potions_floor_usage":[16,16,16,16,16,16],"damage_taken":[{"damage":6,"enemies":"Jaw Worm","floor":1,"turns":3},{"damage":0,"enemies":"2 Louse","floor":4,"turns":2},{"damage":1,"enemies":"Cultist","floor":5,"turns":3},{"damage":23,"enemies":"Gremlin Nob","floor":6,"turns":4},{"damage":5,"enemies":"3 Louse","floor":8,"turns":4},{"damage":15,"enemies":"3 Sentries","floor":12,"turns":4},{"damage":3,"enemies":"Lots of Slimes","floor":13,"turns":4},{"damage":9,"enemies":"2 Fungi Beasts","floor":14,"turns":3},{"damage":20,"enemies":"The Guardian","floor":16,"turns":8}],"seed_played":"-1481578227280623761","potions_obtained":[{"floor":5,"key":"Weak Potion"},{"floor":8,"key":"EntropicBrew"},{"floor":12,"key":"Adrenaline Potion"}],"is_trial":false,"path_per_floor":["M","?","$","M","M","E","R","M","T","$","?","E","M","M","R","B"],"character_chosen":"HERMIT","items_purchased":["ReplayTheSpireMod:TigerMarble"],"campfire_rested":0,"item_purchase_floors":[10],"current_hp_per_floor":[76,76,76,76,75,52,52,47,47,47,47,32,29,20,20,0,0],"gold":97,"neow_bonus":"TEN_PERCENT_HP_BONUS","is_daily":false,"chose_seed":false,"campfire_upgraded":1,"win_rate":0.0,"timestamp":1609099278,"path_taken":["M","?","?","M","M","E","R","?","T","$","?","E","M","M","R","BOSS"],"items_purchased_type":["Relic"],"build_version":"2020-12-22","purchased_purges":1,"victory":false,"max_hp_per_floor":[82,82,82,82,82,82,82,82,82,82,82,82,82,82,82,82,82],"card_choices":[{"not_picked":["hermit:Misfire","hermit:HoleUp","hermit:Roulette"],"picked":"SKIP","floor":1},{"not_picked":["hermit:Misfire","hermit:Vantage"],"picked":"hermit:Deadeye","floor":2},{"not_picked":["hermit:WideOpen","hermit:HighCaliber"],"picked":"hermit:ShadowCloak","floor":4},{"not_picked":["hermit:Roulette","hermit:HoleUp","hermit:Quickdraw"],"picked":"SKIP","floor":5},{"not_picked":["hermit:NoHoldsBarred","hermit:ItchyTrigger"],"picked":"hermit:OverwhelmingPower","floor":6},{"not_picked":["hermit:Manifest","hermit:HighCaliber"],"picked":"hermit:Vantage","floor":8},{"not_picked":["hermit:HighCaliber","hermit:Showdown"],"picked":"hermit:Magnum","floor":12},{"not_picked":["hermit:Spite","hermit:WideOpen"],"picked":"hermit:ShadowCloak","floor":13},{"not_picked":["hermit:Misfire","hermit:Cheat"],"picked":"hermit:LoneWolf","floor":14}],"player_experience":310092,"relics_obtained":[{"floor":2,"key":"Pondfish Scales"},{"floor":6,"key":"Gremlin Food"},{"floor":9,"key":"Omamori"},{"floor":12,"key":"Shuriken"},{"floor":15,"key":"Replay:WaspNest"}],"event_choices":[],"is_beta":false,"boss_relics":[],"items_purged_floors":[3],"is_endless":false,"potions_floor_spawned":[5,8,12],"killed_by":"The Guardian","ascension_level":0}}