{"host":"by8i6f8xc0ywpsd5","time":1609083091,"event":{"mods":["BaseMod","Colored Map","Minty Spire (QoL Compilation)","Relic Stats"],"gold_per_floor":[112,132,146,156,171,171,187,214,261,271,298,62,97,97,97,170,170,183,183,194,204,216,216,247,258,258,274,302,29,39,50,50,128,128,140,191,191,203,78,78,110,123,123,149,149,168,197,211,211,211,211,211,211,132,165,165,165],"floor_reached":56,"playtime":2610,"items_purged":["Infernal Blade","Ghostly Armor","Bash"],"score":2060,"play_id":"096f5975-7d9f-4e32-bb2a-223ef4c7b15d","local_time":"20201227173131","is_ascension_mode":true,"campfire_choices":[{"data":"Flex","floor":6.0,"key":"SMITH"},{"data":"Demon Form","floor":15,"key":"SMITH"},{"data":"Demon Form","floor":23,"key":"SMITH"},{"data":"Burning Pact","floor":32,"key":"SMITH"},{"data":"1","floor":40,"key":"LIFT"},{"floor":49,"key":"RECALL"},{"data":"2","floor":53,"key":"LIFT"}],"circlet_count":0,"master_deck":["AscendersBane","Reaper","Limit Break","Sword Boomerang","Burning Pact+1","Reaper","Reaper","Seeing Red","Flex+1","Disarm+1","Uppercut","Exhume","Demon Form+1","Exhume","Demon Form+1","Pummel","Havoc+1","Thunderclap+1","Exhume"],"relics":["Pandora\u0027s Box","Mercury Hourglass","MealTicket","Pen Nib","Medical Kit","Runic Dome","Boot","Vajra","Girya","Brimstone","Fusion Hammer","Dead Branch","Du-Vu Doll","Pear","Anchor","Gremlin Horn","Bag of Preparation"],"acts_visited":["Exordium","TheCity","TheBeyond","TheEnding"],"potions_floor_usage":[24,30,42,51,55,56,56,56],"damage_taken":[{"damage":11.0,"enemies":"Jaw Worm","floor":1.0,"turns":5.0},{"damage":4.0,"enemies":"Cultist","floor":2.0,"turns":3.0},{"damage":4.0,"enemies":"2 Louse","floor":3.0,"turns":3.0},{"damage":26.0,"enemies":"Looter","floor":4.0,"turns":4.0},{"damage":56.0,"enemies":"Gremlin Gang","floor":5.0,"turns":4.0},{"damage":28.0,"enemies":"Exordium Thugs","floor":7.0,"turns":6.0},{"damage":30.0,"enemies":"3 Sentries","floor":8.0,"turns":6.0},{"damage":0.0,"enemies":"Large Slime","floor":10.0,"turns":3.0},{"damage":9.0,"enemies":"Gremlin Nob","floor":11.0,"turns":3.0},{"damage":72.0,"enemies":"Lagavulin","floor":13.0,"turns":9.0},{"damage":16,"enemies":"Hexaghost","floor":16,"turns":8},{"damage":33,"enemies":"3 Byrds","floor":18,"turns":5},{"damage":33,"enemies":"Spheric Guardian","floor":20,"turns":5},{"damage":34,"enemies":"Snecko","floor":21,"turns":5},{"damage":27,"enemies":"Centurion and Healer","floor":22,"turns":5},{"damage":44,"enemies":"Gremlin Leader","floor":24,"turns":5},{"damage":29,"enemies":"Snake Plant","floor":25,"turns":5},{"damage":60,"enemies":"Cultist and Chosen","floor":27,"turns":4},{"damage":72,"enemies":"Book of Stabbing","floor":28,"turns":5},{"damage":9,"enemies":"Snecko","floor":30,"turns":3},{"damage":16,"enemies":"3 Cultists","floor":31,"turns":3},{"damage":37,"enemies":"Collector","floor":33,"turns":5},{"damage":0,"enemies":"Orb Walker","floor":35,"turns":1},{"damage":78,"enemies":"2 Orb Walkers","floor":36,"turns":3},{"damage":11,"enemies":"3 Darklings","floor":38,"turns":2},{"damage":61,"enemies":"Nemesis","floor":41,"turns":3},{"damage":35,"enemies":"Maw","floor":42,"turns":4},{"damage":25,"enemies":"Reptomancer","floor":44,"turns":2},{"damage":14,"enemies":"4 Shapes","floor":46,"turns":2},{"damage":60,"enemies":"Giant Head","floor":47,"turns":5},{"damage":24,"enemies":"Writhing Mass","floor":48,"turns":3},{"damage":22,"enemies":"Donu and Deca","floor":50,"turns":3},{"damage":80,"enemies":"Awakened One","floor":51,"turns":5},{"damage":40,"enemies":"Shield and Spear","floor":55,"turns":3},{"damage":227,"enemies":"The Heart","floor":56,"turns":6}],"seed_played":"-2443506390574549465","potions_obtained":[{"floor":3.0,"key":"SpeedPotion"},{"floor":4.0,"key":"DuplicationPotion"},{"floor":8.0,"key":"DuplicationPotion"},{"floor":10.0,"key":"ColorlessPotion"},{"floor":16,"key":"Strength Potion"},{"floor":18,"key":"BlessingOfTheForge"},{"floor":24,"key":"Swift Potion"},{"floor":27,"key":"Fruit Juice"},{"floor":30,"key":"EntropicBrew"},{"floor":44,"key":"Block Potion"},{"floor":47,"key":"DuplicationPotion"}],"is_trial":false,"path_per_floor":["M","M","M","M","M","R","M","E","T","M","E","$","E","?","R","B",null,"M","?","M","M","M","R","E","M","T","M","E","$","M","M","R","B",null,"M","?","?","M","$","R","E","M","T","E","?","M","E","M","R","B","B",null,"R","$","E","B"],"character_chosen":"IRONCLAD","items_purchased":["Medical Kit","Brimstone","DuplicationPotion"],"campfire_rested":0,"item_purchase_floors":[12,29,54],"current_hp_per_floor":[63,63,71,61,40,40,24,34,34,50,63,75,49,42,42,65,73,55,55,42,47,55,55,75,75,75,63,75,75,80,80,80,80,80,80,80,80,80,80,80,19,80,90,90,90,80,46,90,90,90,90,90,90,90,90,0,0],"gold":165,"neow_bonus":"BOSS_RELIC","is_daily":false,"chose_seed":false,"campfire_upgraded":4,"win_rate":0.0,"timestamp":1609083091,"path_taken":["M","M","M","M","M","R","M","E","T","M","E","$","E","?","R","BOSS","M","?","M","M","M","R","E","M","T","M","E","$","?","M","R","BOSS","M","?","?","M","$","R","E","M","T","E","?","?","E","M","R","BOSS","BOSS","R","$","E","BOSS"],"items_purchased_type":["Relic","Relic","Potion"],"build_version":"2020-12-22","purchased_purges":3,"victory":false,"max_hp_per_floor":[75,75,75,75,75,75,75,75,75,75,75,75,75,75,75,75,75,75,75,75,75,75,75,75,75,75,75,75,75,80,80,80,80,80,80,80,80,80,80,80,80,80,90,90,90,90,90,90,90,90,90,90,90,90,90,90,90],"relic_stats":{"Gremlin Horn":[3,3],"counters":[35,146],"Dead Branch":[125],"Pandora\u0027s Box":["Ghostly Armor","Reaper","Limit Break","Evolve","Sword Boomerang","Burning Pact","Infernal Blade","Reaper","Reaper"],"MealTicket":12,"Pen Nib":[13],"Bag of Preparation":[2],"Medical Kit":[4],"Boot":[24],"obtain_stats":[{"Girya":28,"Pear":43,"Gremlin Horn":47,"Dead Branch":36,"Vajra":24,"Pen Nib":11,"Bag of Preparation":55,"Medical Kit":12,"Boot":19,"Burning Blood":0,"Mercury Hourglass":8,"Du-Vu Doll":41,"Runic Dome":17,"Anchor":44,"Brimstone":29,"Pandora\u0027s Box":0,"MealTicket":9,"Fusion Hammer":34},{"Girya":19,"Pear":27,"Gremlin Horn":30,"Dead Branch":24,"Vajra":16,"Pen Nib":9,"Bag of Preparation":34,"Medical Kit":9,"Boot":12,"Burning Blood":0,"Mercury Hourglass":7,"Du-Vu Doll":26,"Runic Dome":11,"Anchor":28,"Brimstone":19,"Pandora\u0027s Box":0,"MealTicket":7,"Fusion Hammer":22},{"Girya":93,"Pear":117,"Gremlin Horn":126,"Dead Branch":108,"Vajra":79,"Pen Nib":37,"Bag of Preparation":140,"Medical Kit":37,"Boot":59,"Burning Blood":0,"Mercury Hourglass":31,"Du-Vu Doll":113,"Runic Dome":54,"Anchor":119,"Brimstone":93,"Pandora\u0027s Box":0,"MealTicket":31,"Fusion Hammer":104}],"Mercury Hourglass":[466]},"card_choices":[{"not_picked":["Clothesline","Blood for Blood"],"picked":"Anger","floor":1.0},{"not_picked":["Bloodletting","Body Slam","Wild Strike"],"picked":"SKIP","floor":2.0},{"not_picked":["Body Slam","Perfected Strike"],"picked":"Seeing Red","floor":3.0},{"not_picked":["Pommel Strike","Headbutt"],"picked":"Flex","floor":4.0},{"not_picked":["Clash","Armaments"],"picked":"Disarm","floor":5.0},{"not_picked":["Juggernaut","Second Wind"],"picked":"Uppercut","floor":7.0},{"not_picked":["Clothesline","Uppercut"],"picked":"Exhume","floor":8.0},{"not_picked":["Cleave","Rampage","Havoc"],"picked":"SKIP","floor":10.0},{"not_picked":["Rampage","Flex"],"picked":"Demon Form","floor":11.0},{"not_picked":["Shrug It Off","Havoc"],"picked":"Exhume","floor":13},{"not_picked":["Feed","Berserk"],"picked":"Demon Form","floor":16},{"not_picked":["Headbutt","Infernal Blade","Havoc"],"picked":"SKIP","floor":18},{"not_picked":["Clash","Uppercut","Warcry"],"picked":"SKIP","floor":20},{"not_picked":["Clothesline","Pummel","Clash"],"picked":"SKIP","floor":21},{"not_picked":["Clothesline","Clash"],"picked":"Pummel","floor":21},{"not_picked":["Anger","Reckless Charge"],"picked":"Havoc+1","floor":22},{"not_picked":["Cleave","Body Slam","Seeing Red"],"picked":"SKIP","floor":24},{"not_picked":["Metallicize","Sword Boomerang"],"picked":"Thunderclap+1","floor":25},{"not_picked":["Berserk","Body Slam","Wild Strike"],"picked":"SKIP","floor":27},{"not_picked":["Iron Wave","Entrench","Demon Form"],"picked":"SKIP","floor":28},{"not_picked":["Sever Soul","Uppercut","Wild Strike"],"picked":"SKIP","floor":30},{"not_picked":["Armaments","Thunderclap","Heavy Blade"],"picked":"SKIP","floor":31},{"not_picked":["Berserk","Fiend Fire"],"picked":"Exhume","floor":33},{"not_picked":["Pommel Strike","Anger","Heavy Blade+1"],"picked":"SKIP","floor":35},{"not_picked":["Infernal Blade","Searing Blow+1","Cleave"],"picked":"SKIP","floor":38},{"not_picked":["Searing Blow","Dark Embrace+1","Bloodletting+1"],"picked":"SKIP","floor":41},{"not_picked":["True Grit","Carnage","Cleave"],"picked":"SKIP","floor":42},{"not_picked":["Fire Breathing","Anger","Clash"],"picked":"SKIP","floor":44},{"not_picked":["Power Through+1","Body Slam+1","Rage"],"picked":"SKIP","floor":46},{"not_picked":["Flex","Juggernaut","Immolate"],"picked":"SKIP","floor":47},{"not_picked":["True Grit","Sentinel","Blood for Blood"],"picked":"SKIP","floor":48},{"not_picked":["Heavy Blade+1","Perfected Strike","Anger"],"picked":"SKIP","floor":55}],"player_experience":1704418,"relics_obtained":[{"floor":8.0,"key":"Mercury Hourglass"},{"floor":9.0,"key":"MealTicket"},{"floor":11.0,"key":"Pen Nib"},{"floor":24,"key":"Vajra"},{"floor":28,"key":"Girya"},{"floor":36,"key":"Dead Branch"},{"floor":41,"key":"Du-Vu Doll"},{"floor":43,"key":"Pear"},{"floor":44,"key":"Anchor"},{"floor":47,"key":"Gremlin Horn"},{"floor":55,"key":"Bag of Preparation"}],"event_choices":[{"cards_removed":["Anger"],"damage_healed":0,"gold_gain":0,"player_choice":"Card Removal","damage_taken":7,"max_hp_gain":0,"max_hp_loss":0,"event_name":"Golden Wing","floor":14,"gold_loss":0},{"damage_healed":0,"gold_gain":0,"player_choice":"Gave Potion","damage_taken":0,"relics_obtained":["Boot"],"max_hp_gain":0,"max_hp_loss":0,"event_name":"WeMeetAgain","floor":19,"gold_loss":0},{"damage_healed":0,"gold_gain":0,"player_choice":"Fight","damage_taken":0,"max_hp_gain":0,"max_hp_loss":0,"event_name":"Mysterious Sphere","floor":36,"gold_loss":0},{"cards_removed":["Evolve"],"damage_healed":0,"gold_gain":0,"player_choice":"Removed Power","damage_taken":0,"max_hp_gain":0,"max_hp_loss":0,"event_name":"Falling","floor":37,"gold_loss":0},{"damage_healed":0,"gold_gain":0,"player_choice":"Upgraded","damage_taken":0,"max_hp_gain":0,"max_hp_loss":0,"event_name":"Upgrade Shrine","floor":45,"gold_loss":0,"cards_upgraded":["Disarm"]}],"is_beta":false,"boss_relics":[{"not_picked":["Empty Cage","Mark of Pain"],"picked":"Runic Dome"},{"not_picked":["Black Star","Runic Cube"],"picked":"Fusion Hammer"}],"items_purged_floors":[12,29,39],"is_endless":false,"potions_floor_spawned":[3,4,8,10,16,18,24,27,28,30,31,35,38,44,47],"killed_by":"The Heart","ascension_level":20}}