{"host":"bq4pt811tk9yrmjl","time":1609077246,"event":{"mods":["AchievementEnabler","BaseMod","Colored Map","Colored Powertips","Defuse TimeMaze Blight","Hermit","Minty Spire (QoL Compilation)","StSLib","SuperFastMode","UnlockEverythingMod"],"gold_per_floor":[118,118,36,36,36,69,83,148,173,173,138,151,151,185,185,185,185],"floor_reached":16,"playtime":251,"items_purged":[],"score":138,"play_id":"04c69ab4-b18a-4006-b2eb-6f08a424d9c6","local_time":"20201227115406","is_ascension_mode":true,"campfire_choices":[{"floor":10,"key":"REST"},{"data":"hermit:GoldenBullet","floor":13,"key":"SMITH"},{"data":"hermit:Determination","floor":15,"key":"SMITH"}],"circlet_count":0,"master_deck":["hermit:Strike_Hermit","hermit:Strike_Hermit","hermit:Strike_Hermit","hermit:Strike_Hermit","hermit:Defend_Hermit","hermit:Defend_Hermit","hermit:Defend_Hermit","hermit:Defend_Hermit","hermit:Snapshot","hermit:Covet","hermit:GoldenBullet+1","hermit:Determination+1","hermit:FlashPowder","hermit:Reprieve","hermit:Deadeye"],"relics":["hermit:Momento","NeowsBlessing","Gremlin Horn","Lantern","Blue Candle","PreservedInsect","Meat on the Bone"],"acts_visited":["Exordium"],"potions_floor_usage":[8,14],"damage_taken":[{"damage":0,"enemies":"2 Louse","floor":1,"turns":1},{"damage":0,"enemies":"3 Sentries","floor":6,"turns":1},{"damage":0,"enemies":"Cultist","floor":7,"turns":1},{"damage":31,"enemies":"Gremlin Nob","floor":8,"turns":5},{"damage":0,"enemies":"Small Slimes","floor":12,"turns":2},{"damage":7,"enemies":"Lagavulin","floor":14,"turns":5},{"damage":63,"enemies":"The Guardian","floor":16,"turns":12}],"seed_played":"6029333156869722894","potions_obtained":[{"floor":1,"key":"Fire Potion"},{"floor":12,"key":"SteroidPotion"}],"is_trial":false,"path_per_floor":["M","?","$","?","$","E","M","?","T","R","?","M","R","E","R","B"],"character_chosen":"HERMIT","items_purchased":["hermit:Determination"],"campfire_rested":1,"item_purchase_floors":[3],"current_hp_per_floor":[75,75,75,68,68,68,68,37,37,59,75,75,75,68,68,5,5],"gold":185,"neow_bonus":"THREE_ENEMY_KILL","is_daily":false,"chose_seed":false,"campfire_upgraded":2,"win_rate":0.0,"timestamp":1609077246,"path_taken":["M","?","?","?","$","E","M","?","T","R","?","M","R","E","R","BOSS"],"items_purchased_type":["Card"],"build_version":"2020-12-22","purchased_purges":0,"victory":false,"max_hp_per_floor":[75,75,75,75,75,75,75,75,75,75,75,75,75,75,75,75,75],"card_choices":[{"not_picked":["hermit:SprayPray","hermit:EyeOfTheStorm"],"picked":"hermit:GoldenBullet","floor":1},{"not_picked":["hermit:Enervate","hermit:Horror"],"picked":"hermit:FlashPowder","floor":6},{"not_picked":["hermit:Vantage","hermit:HoleUp","hermit:Manifest"],"picked":"SKIP","floor":7},{"not_picked":["hermit:WideOpen","hermit:SprayPray"],"picked":"hermit:Reprieve","floor":8},{"not_picked":["hermit:WideOpen","hermit:Determination","hermit:Glare"],"picked":"SKIP","floor":12},{"not_picked":["hermit:SprayPray","hermit:Desperado"],"picked":"hermit:Deadeye","floor":14}],"player_experience":126695,"relics_obtained":[{"floor":6,"key":"Lantern"},{"floor":8,"key":"Blue Candle"},{"floor":9,"key":"PreservedInsect"},{"floor":14,"key":"Meat on the Bone"}],"event_choices":[{"damage_healed":0,"gold_gain":0,"player_choice":"Full Heal","damage_taken":0,"max_hp_gain":0,"max_hp_loss":0,"event_name":"Wheel of Change","floor":2,"gold_loss":0},{"damage_healed":0,"gold_gain":0,"player_choice":"Success","damage_taken":7,"relics_obtained":["Gremlin Horn"],"max_hp_gain":0,"max_hp_loss":0,"event_name":"Scrap Ooze","floor":4,"gold_loss":0},{"damage_healed":0,"gold_gain":30,"player_choice":"Searched \u00272\u0027 times","damage_taken":0,"max_hp_gain":0,"max_hp_loss":0,"event_name":"Dead Adventurer","floor":8,"gold_loss":0},{"damage_healed":18,"gold_gain":0,"player_choice":"Healed","damage_taken":0,"max_hp_gain":0,"max_hp_loss":0,"event_name":"The Cleric","floor":11,"gold_loss":35}],"is_beta":false,"boss_relics":[],"items_purged_floors":[],"is_endless":false,"potions_floor_spawned":[1,12],"killed_by":"The Guardian","ascension_level":1}}