{"host":"2yqfi47fogfu1ic4","time":1609103515,"event":{"mods":["AchievementEnabler","BaseMod","Colored Map","Colored Powertips","Highlight Path","Minty Spire (QoL Compilation)","Permanent Neow","Relic Stats","StSLib"],"gold_per_floor":[117,134,152,171,191,191,204,217,294,328,2,36,36,65,65,140,140,154,54,54,54,54,85,104,104,104,131,143,143,18,37,37,111,111,122,176,186,197,208,242,258,287,287,315,327,344,344,193,193,193,193,193,193,23,57,57],"floor_reached":57,"playtime":27998,"items_purged":["Strike_G","Strike_G","Strike_G","Defend_G","Blade Dance"],"score":2962,"play_id":"892588ad-e404-4d5f-84b3-7ac86c0031f4","local_time":"20201227221155","is_ascension_mode":true,"campfire_choices":[{"data":"Finisher","floor":6.0,"key":"SMITH"},{"data":"Apotheosis","floor":13.0,"key":"SMITH"},{"data":"Venomology","floor":15.0,"key":"SMITH"},{"floor":25.0,"key":"RECALL"},{"data":"Catalyst","floor":29.0,"key":"SMITH"},{"floor":32.0,"key":"REST"},{"data":"Catalyst","floor":47.0,"key":"SMITH"},{"data":"Acrobatics","floor":49.0,"key":"SMITH"},{"floor":53.0,"key":"REST"}],"circlet_count":0,"master_deck":["AscendersBane","Defend_G","Defend_G","Defend_G","Defend_G","Survivor","Neutralize","Finisher+1","Backflip","PiercingWail","Venomology+1","Poisoned Stab","Dagger Throw","Apotheosis+1","Noxious Fumes+1","Grand Finale","Catalyst+1","Noxious Fumes+1","Deflect","Catalyst+1","Wraith Form v2+1","PiercingWail","Wraith Form v2+1","Acrobatics+1","Acrobatics+1","Backflip+1","Prepared+1","Tactician","Calculated Gamble","Catalyst+1","Tactician","Caltrops+1","Blur"],"relics":["Runic Pyramid","Frozen Egg 2","Question Card","Lantern","Prayer Wheel","Empty Cage","Tiny Chest","Gremlin Horn","Centennial Puzzle","Philosopher\u0027s Stone","Art of War","The Courier","PreservedInsect","StoneCalendar","Vajra"],"acts_visited":["Exordium","TheCity","TheBeyond","TheEnding"],"potions_floor_usage":[56,56],"damage_taken":[{"damage":4.0,"enemies":"Cultist","floor":1.0,"turns":5.0},{"damage":0.0,"enemies":"Jaw Worm","floor":2.0,"turns":4.0},{"damage":2.0,"enemies":"Small Slimes","floor":3.0,"turns":3.0},{"damage":10.0,"enemies":"Exordium Thugs","floor":4.0,"turns":6.0},{"damage":0.0,"enemies":"Gremlin Gang","floor":5.0,"turns":2.0},{"damage":0.0,"enemies":"Blue Slaver","floor":7.0,"turns":3.0},{"damage":0.0,"enemies":"3 Louse","floor":8.0,"turns":2.0},{"damage":12.0,"enemies":"Lagavulin","floor":10.0,"turns":8.0},{"damage":12.0,"enemies":"Gremlin Nob","floor":12.0,"turns":4.0},{"damage":2.0,"enemies":"3 Sentries","floor":14.0,"turns":5.0},{"damage":2.0,"enemies":"Hexaghost","floor":16.0,"turns":9.0},{"damage":9.0,"enemies":"Shell Parasite","floor":18.0,"turns":4.0},{"damage":0.0,"enemies":"Gremlin Leader","floor":23.0,"turns":5.0},{"damage":0.0,"enemies":"3 Byrds","floor":24.0,"turns":4.0},{"damage":13.0,"enemies":"Book of Stabbing","floor":27.0,"turns":4.0},{"damage":7.0,"enemies":"Shelled Parasite and Fungi","floor":28.0,"turns":3.0},{"damage":0.0,"enemies":"3 Cultists","floor":31.0,"turns":4.0},{"damage":7.0,"enemies":"Automaton","floor":33.0,"turns":6.0},{"damage":0.0,"enemies":"3 Darklings","floor":35.0,"turns":5.0},{"damage":1.0,"enemies":"3 Shapes","floor":37.0,"turns":4.0},{"damage":0.0,"enemies":"Spire Growth","floor":38.0,"turns":5.0},{"damage":0.0,"enemies":"Maw","floor":39.0,"turns":5.0},{"damage":0.0,"enemies":"Reptomancer","floor":40.0,"turns":6.0},{"damage":3.0,"enemies":"Writhing Mass","floor":41.0,"turns":4.0},{"damage":0.0,"enemies":"Nemesis","floor":42.0,"turns":5.0},{"damage":1.0,"enemies":"Reptomancer","floor":44.0,"turns":5.0},{"damage":0.0,"enemies":"Spire Growth","floor":45.0,"turns":5.0},{"damage":0.0,"enemies":"Maw","floor":46.0,"turns":6.0},{"damage":1.0,"enemies":"Time Eater","floor":50.0,"turns":5.0},{"damage":3.0,"enemies":"Donu and Deca","floor":51.0,"turns":7.0},{"damage":4,"enemies":"Shield and Spear","floor":55,"turns":6},{"damage":15,"enemies":"The Heart","floor":56,"turns":7}],"seed_played":"1658353540983249846","potions_obtained":[{"floor":2.0,"key":"Ancient Potion"},{"floor":3.0,"key":"ColorlessPotion"},{"floor":4.0,"key":"Explosive Potion"},{"floor":14.0,"key":"Block Potion"},{"floor":18.0,"key":"DuplicationPotion"},{"floor":27.0,"key":"FearPotion"},{"floor":37.0,"key":"LiquidMemories"},{"floor":41.0,"key":"FairyPotion"}],"is_trial":false,"path_per_floor":["M","M","M","M","M","R","M","M","T","E","$","E","R","E","R","B",null,"M","$","?","?","?","E","M","R","T","E","M","R","$","M","R","B",null,"M","T","M","M","M","E","M","E","T","E","M","M","R","$","R","B","B",null,"R","$","E","B",null],"character_chosen":"THE_SILENT","items_purchased":["Apotheosis","Fire Potion","Tactician","Caltrops+1"],"campfire_rested":2,"item_purchase_floors":[11,11,48,54],"current_hp_per_floor":[55,55,53,43,43,43,43,43,43,31,31,19,19,17,17,15,53,44,44,44,44,66,66,66,66,66,53,46,46,46,46,65,58,64,64,64,63,63,63,63,60,60,60,59,59,59,59,59,59,58,55,63,66,66,62,47],"gold":57,"neow_bonus":"BOSS_RELIC","is_daily":false,"chose_seed":false,"campfire_upgraded":6,"win_rate":0.0,"timestamp":1609103515,"path_taken":["M","?","M","M","M","R","M","M","T","E","$","E","R","E","R","BOSS","M","$","?","?","?","E","?","R","T","E","M","R","$","?","R","BOSS","M","?","M","M","M","E","M","E","T","E","M","M","R","$","R","BOSS","BOSS","R","$","E","BOSS"],"items_purchased_type":["Card","Potion","Card","Card"],"build_version":"2020-12-22","purchased_purges":5,"victory":true,"max_hp_per_floor":[66,66,66,66,66,66,66,66,66,66,66,66,66,66,66,66,66,66,66,66,66,66,66,66,66,66,66,66,66,66,66,66,66,66,66,66,66,66,66,66,66,66,66,66,66,66,66,66,66,66,66,66,66,66,66,66],"relic_stats":{"Centennial Puzzle":[26],"Gremlin Horn":[12,14],"counters":[32,156],"Prayer Wheel":12,"Tiny Chest":1,"StoneCalendar":[66],"PreservedInsect":137,"Art of War":[24],"Question Card":34,"obtain_stats":[{"Lantern":12,"Gremlin Horn":26,"Vajra":55,"StoneCalendar":44,"The Courier":40,"PreservedInsect":42,"Frozen Egg 2":9,"Question Card":10,"Empty Cage":17,"Centennial Puzzle":27,"Prayer Wheel":14,"Tiny Chest":23,"Philosopher\u0027s Stone":34,"Art of War":36,"Ring of the Snake":0,"Runic Pyramid":0},{"Lantern":9,"Gremlin Horn":14,"Vajra":31,"StoneCalendar":26,"The Courier":23,"PreservedInsect":25,"Frozen Egg 2":7,"Question Card":8,"Empty Cage":11,"Centennial Puzzle":15,"Prayer Wheel":10,"Tiny Chest":13,"Philosopher\u0027s Stone":18,"Art of War":19,"Ring of the Snake":0,"Runic Pyramid":0},{"Lantern":37,"Gremlin Horn":64,"Vajra":149,"StoneCalendar":120,"The Courier":106,"PreservedInsect":115,"Frozen Egg 2":25,"Question Card":33,"Empty Cage":51,"Centennial Puzzle":68,"Prayer Wheel":42,"Tiny Chest":60,"Philosopher\u0027s Stone":81,"Art of War":86,"Ring of the Snake":0,"Runic Pyramid":0}]},"card_choices":[{"not_picked":["Sucker Punch","Deflect"],"picked":"Finisher","floor":1.0},{"not_picked":["Reflex","Flechettes"],"picked":"Blade Dance","floor":2.0},{"not_picked":["Flying Knee","Slice"],"picked":"Backstab","floor":3.0},{"not_picked":["Prepared","Bane"],"picked":"Backflip","floor":4.0},{"not_picked":["Poisoned Stab","Backstab"],"picked":"PiercingWail","floor":5.0},{"not_picked":["Heel Hook","Dodge and Roll"],"picked":"Venomology","floor":7.0},{"not_picked":["Concentrate","Dodge and Roll"],"picked":"Poisoned Stab","floor":8.0},{"not_picked":["Heel Hook","Prepared"],"picked":"Dagger Throw","floor":10.0},{"not_picked":["Glass Knife","Phantasmal Killer","Accuracy+1"],"picked":"Noxious Fumes+1","floor":12.0},{"not_picked":["Quick Slash","Outmaneuver","Dagger Throw","Deadly Poison"],"picked":"SKIP","floor":14.0},{"not_picked":["Quick Slash","Outmaneuver","Dagger Throw","Deadly Poison"],"picked":"SKIP","floor":14.0},{"not_picked":["Envenom+1","Die Die Die","Tools of the Trade+1"],"picked":"Grand Finale","floor":16.0},{"not_picked":["Flying Knee","Acrobatics","Endless Agony","Infinite Blades+1"],"picked":"SKIP","floor":18.0},{"not_picked":["Heel Hook+1","All Out Attack","Quick Slash","Sucker Punch"],"picked":"SKIP","floor":18.0},{"not_picked":["Prepared","Masterful Stab","Distraction"],"picked":"Noxious Fumes+1","floor":23.0},{"not_picked":["Flying Knee","Caltrops+1","Bane"],"picked":"Deflect","floor":24.0},{"not_picked":["Poisoned Stab","Finisher","Dodge and Roll","Noxious Fumes+1"],"picked":"SKIP","floor":24.0},{"not_picked":["Heel Hook","Prepared","Deflect","All Out Attack"],"picked":"SKIP","floor":27.0},{"not_picked":["Outmaneuver","Bouncing Flask","Bane"],"picked":"Catalyst+1","floor":28.0},{"not_picked":["Bouncing Flask","Dagger Spray","Endless Agony"],"picked":"Wraith Form v2+1","floor":28.0},{"not_picked":["Deadly Poison","Sucker Punch","Leg Sweep"],"picked":"PiercingWail","floor":31.0},{"not_picked":["Dodge and Roll","Bane","Sucker Punch","Underhanded Strike"],"picked":"SKIP","floor":31.0},{"not_picked":["Adrenaline","Grand Finale","After Image+1"],"picked":"Wraith Form v2+1","floor":33.0},{"not_picked":["Reflex","Dodge and Roll","Flying Knee"],"picked":"Acrobatics","floor":35.0},{"not_picked":["Setup","Bane","Underhanded Strike","Skewer"],"picked":"SKIP","floor":35.0},{"not_picked":["Outmaneuver","Quick Slash","Poisoned Stab"],"picked":"Acrobatics+1","floor":37.0},{"not_picked":["Prepared","Skewer","Flechettes+1","Calculated Gamble"],"picked":"SKIP","floor":37.0},{"not_picked":["Flying Knee","Infinite Blades+1","Doppelganger"],"picked":"Backflip+1","floor":38.0},{"not_picked":["Flechettes","Quick Slash","Choke","Acrobatics"],"picked":"SKIP","floor":38.0},{"not_picked":["Expertise","Dash","Flying Knee+1","Deflect"],"picked":"SKIP","floor":39.0},{"not_picked":["Poisoned Stab","Reflex","Slice","Expertise"],"picked":"SKIP","floor":39.0},{"not_picked":["Acrobatics","Dodge and Roll","Terror","Riddle With Holes"],"picked":"SKIP","floor":40.0},{"not_picked":["Deflect+1","Backflip+1","PiercingWail"],"picked":"Prepared+1","floor":41.0},{"not_picked":["Acrobatics","Deflect+1","Backflip"],"picked":"Tactician","floor":41.0},{"not_picked":["Dodge and Roll","A Thousand Cuts+1","Deadly Poison","Dagger Spray"],"picked":"SKIP","floor":42.0},{"not_picked":["Backstab","Backflip","Masterful Stab"],"picked":"Calculated Gamble","floor":44.0},{"not_picked":["Sucker Punch","Prepared","Slice+1","Dagger Throw"],"picked":"SKIP","floor":45.0},{"not_picked":["Riddle With Holes","Dagger Throw","Deflect","Blade Dance"],"picked":"SKIP","floor":45.0},{"not_picked":["Sucker Punch","Prepared","Slice+1","Dagger Throw"],"picked":"SKIP","floor":45.0},{"not_picked":["Riddle With Holes","Dagger Throw","Deflect","Blade Dance"],"picked":"SKIP","floor":45.0},{"not_picked":["Blade Dance","Well Laid Plans+1","Dodge and Roll"],"picked":"Catalyst","floor":46.0},{"not_picked":["Infinite Blades+1","Acrobatics","Heel Hook","A Thousand Cuts+1"],"picked":"SKIP","floor":46.0},{"not_picked":["Escape Plan","Deflect","Distraction"],"picked":"Blur","floor":55}],"player_experience":1879909,"relics_obtained":[{"floor":9.0,"key":"Frozen Egg 2"},{"floor":10.0,"key":"Question Card"},{"floor":12.0,"key":"Lantern"},{"floor":14.0,"key":"Prayer Wheel"},{"floor":23.0,"key":"Tiny Chest"},{"floor":26.0,"key":"Gremlin Horn"},{"floor":27.0,"key":"Centennial Puzzle"},{"floor":36.0,"key":"Art of War"},{"floor":40.0,"key":"The Courier"},{"floor":42.0,"key":"PreservedInsect"},{"floor":44.0,"key":"StoneCalendar"},{"floor":55,"key":"Vajra"}],"event_choices":[{"damage_healed":0.0,"max_hp_gain":0.0,"max_hp_loss":0.0,"gold_gain":0.0,"event_name":"The Mausoleum","player_choice":"Ignored","floor":20.0,"gold_loss":0.0,"damage_taken":0.0},{"damage_healed":0.0,"max_hp_gain":0.0,"max_hp_loss":0.0,"gold_gain":0.0,"event_name":"The Library","player_choice":"Read","floor":21.0,"gold_loss":0.0,"damage_taken":0.0,"cards_obtained":["Catalyst"]},{"cards_removed":["Backstab"],"damage_healed":22.0,"max_hp_gain":0.0,"max_hp_loss":0.0,"gold_gain":0.0,"event_name":"Bonfire Elementals","player_choice":"Offered Uncommon","floor":22.0,"gold_loss":0.0,"damage_taken":0.0}],"is_beta":false,"boss_relics":[{"not_picked":["Black Star","Sozu"],"picked":"Empty Cage"},{"not_picked":["SacredBark","Tiny House"],"picked":"Philosopher\u0027s Stone"}],"items_purged_floors":[11,19,30,48,54],"is_endless":false,"potions_floor_spawned":[2,3,4,12,14,18,27,31,35,37,41,42,46,55],"ascension_level":20}}