{"host":"cv77zuuuekizn3ic","time":1609084206,"event":{"mods":["AchievementEnabler","BaseMod","Marisa£®ÏF”Í°°ƒß¿Ì…≥£©","Minty Spire (QoL Compilation)","StSLib","Waifu the Spire","everything is the same but u backflip on backflip","slay the spire mod where everything is the same but ironclad has a cowboy hat"],"gold_per_floor":[110,129,144,159,174,174,200,212,258,258,278,311,21,39,39,39,39],"floor_reached":16,"playtime":697,"items_purged":["Defend_P"],"score":220,"play_id":"dad1768a-3b9a-4677-8dc7-c748399df193","local_time":"20201227235006","is_ascension_mode":true,"campfire_choices":[{"floor":6.0,"key":"REST"},{"data":"Adaptation","floor":15,"key":"SMITH"}],"circlet_count":0,"master_deck":["AscendersBane","Strike_P+1","Strike_P+1","Strike_P+1","Strike_P+1","Defend_P+1","Defend_P+1","Defend_P+1","Eruption+1","Vigilance+1","LessonLearned+1","Evaluate","Vengeance+1","FlurryOfBlows+1","FlurryOfBlows","EmptyFist","Fasting2","Adaptation+1","MentalFortress","BowlingBash","Tantrum"],"relics":["PureWater","Blue Candle","Whetstone","Bag of Marbles","Sling"],"acts_visited":["Exordium"],"potions_floor_usage":[11,12],"damage_taken":[{"damage":9.0,"enemies":"2 Louse","floor":1.0,"turns":4.0},{"damage":0.0,"enemies":"Cultist","floor":2.0,"turns":3.0},{"damage":12.0,"enemies":"Small Slimes","floor":3.0,"turns":4.0},{"damage":15.0,"enemies":"Gremlin Gang","floor":4.0,"turns":5.0},{"damage":2.0,"enemies":"Large Slime","floor":5.0,"turns":2.0},{"damage":13.0,"enemies":"Lagavulin","floor":7.0,"turns":7.0},{"damage":0.0,"enemies":"Exordium Wildlife","floor":8.0,"turns":4.0},{"damage":4,"enemies":"Exordium Thugs","floor":11,"turns":3},{"damage":5,"enemies":"3 Sentries","floor":12,"turns":6},{"damage":0,"enemies":"Blue Slaver","floor":14,"turns":1},{"damage":23,"enemies":"Slime Boss","floor":16,"turns":3}],"seed_played":"-808054301069458485","potions_obtained":[{"floor":2.0,"key":"StancePotion"},{"floor":3.0,"key":"ColorlessPotion"},{"floor":7.0,"key":"EntropicBrew"},{"floor":11,"key":"Weak Potion"}],"is_trial":false,"path_per_floor":["M","M","M","M","M","R","E","M","T","?","M","E","$","M","R","B"],"character_chosen":"WATCHER","items_purchased":["Tantrum","Sling"],"campfire_rested":1,"item_purchase_floors":[13,13],"current_hp_per_floor":[52,52,40,25,23,41,28,28,28,28,24,19,19,19,19,0,0],"gold":39,"neow_bonus":"THREE_RARE_CARDS","is_daily":false,"chose_seed":false,"campfire_upgraded":1,"win_rate":0.0,"timestamp":1609084206,"path_taken":["M","M","M","M","M","R","E","M","T","?","M","E","$","?","R","BOSS"],"items_purchased_type":["Card","Relic"],"build_version":"2020-12-22","purchased_purges":1,"victory":false,"max_hp_per_floor":[62,62,62,62,62,62,62,62,62,62,62,62,62,62,62,62,62],"card_choices":[{"not_picked":["Scrawl","MasterReality"],"picked":"LessonLearned","floor":0.0},{"not_picked":["Consecrate","PathToVictory"],"picked":"Evaluate","floor":1.0},{"not_picked":["FollowUp","Crescendo"],"picked":"Vengeance","floor":2.0},{"not_picked":["Consecrate","FlyingSleeves"],"picked":"FlurryOfBlows","floor":3.0},{"not_picked":["EmptyBody","ClearTheMind"],"picked":"FlurryOfBlows","floor":4.0},{"not_picked":["WindmillStrike","ClearTheMind"],"picked":"EmptyFist","floor":5.0},{"not_picked":["Weave","ThirdEye"],"picked":"Fasting2","floor":7.0},{"not_picked":["SpiritShield","Sanctity"],"picked":"Adaptation","floor":8.0},{"not_picked":["BowlingBash","PathToVictory"],"picked":"MentalFortress","floor":11},{"not_picked":["WaveOfTheHand","CrushJoints"],"picked":"BowlingBash","floor":12},{"not_picked":["Crescendo","ClearTheMind","Consecrate"],"picked":"SKIP","floor":14}],"player_experience":651709,"relics_obtained":[{"floor":7.0,"key":"Blue Candle"},{"floor":9.0,"key":"Whetstone"},{"floor":12,"key":"Bag of Marbles"}],"event_choices":[{"damage_healed":0.0,"max_hp_gain":0.0,"max_hp_loss":0.0,"gold_gain":0.0,"event_name":"Upgrade Shrine","player_choice":"Upgraded","floor":10.0,"gold_loss":0.0,"damage_taken":0.0,"cards_upgraded":["Eruption"]}],"is_beta":false,"boss_relics":[],"items_purged_floors":[13],"is_endless":false,"potions_floor_spawned":[2,3,7,11],"killed_by":"Slime Boss","ascension_level":18}}