{"host":"6pgtslebjnyv5xmi","time":1609056649,"event":{"mods":["AchievementEnabler","BaseMod","Colored Map","Minty Spire (QoL Compilation)","Rare Cards Sparkle","StSLib","SuperFastMode","everything is the same but u backflip on backflip"],"gold_per_floor":[119,133,58,58,78,106,106,106,106],"floor_reached":8,"playtime":409,"items_purged":["Defend_R"],"score":81,"play_id":"fba85e6a-9e48-45ce-b5a3-027cc70a25a5","local_time":"20201227171049","is_ascension_mode":true,"campfire_choices":[{"data":"Entrench","floor":7,"key":"SMITH"}],"circlet_count":0,"master_deck":["Strike_R","Strike_R","Strike_R","Defend_R","Defend_R","Defend_R","Bash","Shrug It Off","Entrench+1","Body Slam","Shrug It Off","Decay"],"relics":["Burning Blood","Champion Belt"],"acts_visited":["Exordium"],"potions_floor_usage":[6,8],"damage_taken":[{"damage":1.0,"enemies":"Cultist","floor":1.0,"turns":5.0},{"damage":0.0,"enemies":"2 Louse","floor":2.0,"turns":4.0},{"damage":4.0,"enemies":"Small Slimes","floor":5.0,"turns":5.0},{"damage":47,"enemies":"3 Sentries","floor":6,"turns":15},{"damage":34,"enemies":"Lagavulin","floor":8,"turns":9}],"seed_played":"7950183909152263544","potions_obtained":[{"floor":2.0,"key":"PowerPotion"},{"floor":6,"key":"Weak Potion"}],"is_trial":false,"path_per_floor":["M","M","$","?","M","E","R","E"],"character_chosen":"IRONCLAD","items_purchased":[],"campfire_rested":0,"item_purchase_floors":[],"current_hp_per_floor":[72,72,72,72,72,31,31,0,0],"gold":106,"neow_bonus":"TRANSFORM_TWO_CARDS","is_daily":false,"chose_seed":false,"campfire_upgraded":1,"win_rate":0.0,"timestamp":1609056649,"path_taken":["M","?","$","?","?","E","R","E"],"items_purchased_type":[],"build_version":"2020-12-22","purchased_purges":1,"victory":false,"max_hp_per_floor":[72,72,72,72,72,72,72,72,72],"card_choices":[{"not_picked":["Bloodletting","Intimidate"],"picked":"Body Slam","floor":1.0},{"not_picked":["Reckless Charge","Pommel Strike"],"picked":"Shrug It Off","floor":2.0},{"not_picked":["Sword Boomerang","Iron Wave","Shrug It Off"],"picked":"SKIP","floor":5.0},{"not_picked":["Iron Wave","Disarm","Immolate"],"picked":"SKIP","floor":6}],"player_experience":504770,"relics_obtained":[{"floor":6,"key":"Champion Belt"}],"event_choices":[{"damage_healed":0.0,"max_hp_gain":0.0,"max_hp_loss":0.0,"gold_gain":0.0,"event_name":"Wheel of Change","player_choice":"Cursed","floor":4.0,"gold_loss":0.0,"damage_taken":0.0,"cards_obtained":["Decay"]}],"is_beta":false,"boss_relics":[],"items_purged_floors":[3],"is_endless":false,"potions_floor_spawned":[2,6],"killed_by":"Lagavulin","ascension_level":9}}