{"host":"J","time":1609030952,"event":{"mods":["AchievementEnabler","BaseMod","Block Reminder","Highlight Path","Minty Spire (QoL Compilation)","Permanent Neow","Quick Restart","Relic Stats","UnlockEverythingMod"],"gold_per_floor":[115,131,131,151,169,169,169,169],"floor_reached":7,"playtime":605,"items_purged":[],"score":86,"play_id":"06175a17-3806-4f37-8275-9c14241eecf2","local_time":"20201227020232","is_ascension_mode":true,"campfire_choices":[{"data":"Strike_B","floor":6,"key":"PURGE"}],"circlet_count":0,"master_deck":["AscendersBane","Strike_B","Strike_B","Defend_B","Defend_B","Defend_B","Defend_B","Zap","Dualcast","Static Discharge","Self Repair","Beam Cell","Coolheaded"],"relics":["Cracked Core","Peace Pipe"],"acts_visited":["Exordium"],"potions_floor_usage":[],"damage_taken":[{"damage":2,"enemies":"Jaw Worm","floor":1,"turns":3},{"damage":10,"enemies":"Small Slimes","floor":2,"turns":4},{"damage":1,"enemies":"Cultist","floor":4,"turns":3},{"damage":17,"enemies":"Lots of Slimes","floor":5,"turns":4},{"damage":0,"enemies":"Gremlin Nob","floor":7,"turns":2}],"seed_played":"-450446874251463153","potions_obtained":[{"floor":1,"key":"FairyPotion"},{"floor":5,"key":"FearPotion"}],"is_trial":false,"path_per_floor":["M","M","?","M","M","R","E"],"character_chosen":"DEFECT","items_purchased":[],"campfire_rested":0,"item_purchase_floors":[],"current_hp_per_floor":[44,34,34,40,30,30,30,30],"gold":169,"neow_bonus":"ONE_RARE_RELIC","is_daily":false,"chose_seed":false,"campfire_upgraded":0,"win_rate":0.0,"timestamp":1609030952,"path_taken":["M","M","?","M","M","R","E"],"items_purchased_type":[],"build_version":"2020-12-18","purchased_purges":0,"victory":false,"max_hp_per_floor":[71,71,71,71,71,71,71,71],"relic_stats":{"Peace Pipe":1,"counters":[5,16],"obtain_stats":[{"Peace Pipe":0,"Cracked Core":0},{"Peace Pipe":0,"Cracked Core":0},{"Peace Pipe":0,"Cracked Core":0}]},"card_choices":[{"not_picked":["Go for the Eyes","Sweeping Beam"],"picked":"Static Discharge","floor":1},{"not_picked":["Barrage","Rebound"],"picked":"Self Repair","floor":2},{"not_picked":["Steam","Double Energy"],"picked":"Beam Cell","floor":4},{"not_picked":["Blizzard","Beam Cell"],"picked":"Coolheaded","floor":5}],"player_experience":194247,"relics_obtained":[],"event_choices":[{"cards_removed":["Strike_B"],"damage_healed":0,"gold_gain":0,"player_choice":"Forget","damage_taken":0,"max_hp_gain":0,"max_hp_loss":0,"event_name":"Living Wall","floor":3,"gold_loss":0}],"is_beta":true,"boss_relics":[],"items_purged_floors":[],"is_endless":false,"potions_floor_spawned":[1,5],"killed_by":"Gremlin Nob","ascension_level":20}}