{"host":"tx5rs9w5gu6e5gf0","time":1609063335,"event":{"mods":["BaseMod","Colored Map","Filter the Spire","Minty Spire (QoL Compilation)","Relic Stats","StSLib"],"gold_per_floor":[117,117,130,143,161,191,191,221,290,324,399,411,86,112,112,210,210,190,115,43,43,54,81,33,64,64,92,92,111,111,111,111,209,209,219,219,235,88,101,134,134,160,241,267,267,267,283,609,609,609],"floor_reached":51,"playtime":3197,"items_purged":["Strike_G"],"score":968,"play_id":"ae284f50-34d0-4315-8943-d33831e85c37","local_time":"20201227110215","is_ascension_mode":true,"campfire_choices":[{"data":"Flechettes","floor":7.0,"key":"SMITH"},{"data":"Wraith Form v2","floor":15.0,"key":"SMITH"},{"data":"Writhe","floor":30.0,"key":"PURGE"},{"data":"Footwork","floor":32.0,"key":"SMITH"},{"data":"Burst","floor":41.0,"key":"SMITH"},{"floor":49.0,"key":"REST"}],"circlet_count":0,"master_deck":["Defend_G","Defend_G","Defend_G+1","Defend_G","Defend_G","Survivor","Neutralize","Dark Shackles","Heel Hook","Flechettes+1","Dash","Blur","Dagger Spray","Burst+1","Prepared","Wraith Form v2+1","Discovery","Blade Dance","Malaise","Footwork","PiercingWail","Acrobatics","Footwork+1","Burst","Tactician+1","Choke","Dagger Spray","Corpse Explosion","Dodge and Roll+1","Glass Knife","Writhe","Caltrops+1"],"relics":["Ring of the Snake","Toy Ornithopter","Incense Burner","Shuriken","Happy Flower","PreservedInsect","Darkstone Periapt","HoveringKite","Bronze Scales","Blood Vial","Peace Pipe","Bottled Tornado","Ancient Tea Set","Busted Crown","Ninja Scroll","War Paint","White Beast Statue","Frozen Egg 2","Juzu Bracelet","Old Coin"],"acts_visited":["Exordium","TheCity","TheBeyond"],"potions_floor_usage":[50],"damage_taken":[{"damage":7.0,"enemies":"2 Louse","floor":1.0,"turns":4.0},{"damage":1.0,"enemies":"Cultist","floor":3.0,"turns":4.0},{"damage":1.0,"enemies":"Jaw Worm","floor":4.0,"turns":3.0},{"damage":0.0,"enemies":"Looter","floor":5.0,"turns":4.0},{"damage":2.0,"enemies":"Gremlin Nob","floor":6.0,"turns":5.0},{"damage":24.0,"enemies":"Lagavulin","floor":8.0,"turns":12.0},{"damage":0.0,"enemies":"Gremlin Nob","floor":10.0,"turns":5.0},{"damage":0.0,"enemies":"Blue Slaver","floor":12.0,"turns":3.0},{"damage":0.0,"enemies":"3 Sentries","floor":14.0,"turns":7.0},{"damage":15.0,"enemies":"The Guardian","floor":16.0,"turns":10.0},{"damage":5.0,"enemies":"2 Thieves","floor":18.0,"turns":4.0},{"damage":2.0,"enemies":"3 Byrds","floor":22.0,"turns":3.0},{"damage":3.0,"enemies":"Gremlin Leader","floor":23.0,"turns":5.0},{"damage":16.0,"enemies":"Slavers","floor":25.0,"turns":6.0},{"damage":6.0,"enemies":"Book of Stabbing","floor":27.0,"turns":6.0},{"damage":0.0,"enemies":"Centurion and Healer","floor":29.0,"turns":5.0},{"damage":12.0,"enemies":"Champ","floor":33.0,"turns":21.0},{"damage":10.0,"enemies":"3 Darklings","floor":35.0,"turns":5.0},{"damage":7.0,"enemies":"3 Shapes","floor":37.0,"turns":4.0},{"damage":26.0,"enemies":"Writhing Mass","floor":39.0,"turns":12.0},{"damage":7.0,"enemies":"Nemesis","floor":40.0,"turns":5.0},{"damage":15.0,"enemies":"Reptomancer","floor":42.0,"turns":6.0},{"damage":1.0,"enemies":"Giant Head","floor":44.0,"turns":9.0},{"damage":19.0,"enemies":"3 Darklings","floor":47.0,"turns":3.0},{"damage":11.0,"enemies":"Reptomancer","floor":48.0,"turns":6.0},{"damage":17,"enemies":"Time Eater","floor":50,"turns":10}],"seed_played":"-3219693500503789149","potions_obtained":[{"floor":1.0,"key":"Block Potion"},{"floor":4.0,"key":"Dexterity Potion"},{"floor":6.0,"key":"GhostInAJar"},{"floor":10.0,"key":"Ancient Potion"},{"floor":12.0,"key":"Block Potion"},{"floor":14.0,"key":"CunningPotion"},{"floor":22.0,"key":"Weak Potion"},{"floor":27.0,"key":"Ancient Potion"},{"floor":33.0,"key":"Energy Potion"},{"floor":35.0,"key":"Explosive Potion"},{"floor":40.0,"key":"GhostInAJar"},{"floor":42.0,"key":"LiquidBronze"},{"floor":47.0,"key":"DuplicationPotion"},{"floor":48.0,"key":"FairyPotion"}],"is_trial":false,"path_per_floor":["M","?","M","M","M","E","R","E","T","E","?","M","$","E","R","B",null,"M","?","$","?","M","E","$","E","T","E","?","M","R","?","R","B",null,"M","?","M","$","M","E","R","E","T","E","?","?","M","E","R","B",null],"character_chosen":"THE_SILENT","items_purchased":["PreservedInsect","Discovery","Footwork","Acrobatics","War Paint"],"campfire_rested":1,"item_purchase_floors":[13,13,20,24,38],"current_hp_per_floor":[63,63,62,61,61,59,59,40,40,40,29,29,29,34,34,24,70,65,65,65,71,69,71,71,60,60,56,56,58,58,58,58,53,76,66,66,61,61,42,37,37,24,24,25,25,50,38,29,53,43],"gold":609,"neow_bonus":"RANDOM_COLORLESS","is_daily":false,"chose_seed":false,"campfire_upgraded":4,"win_rate":0.0,"timestamp":1609063335,"path_taken":["M","?","?","M","M","E","R","E","T","E","?","M","$","E","R","BOSS","M","?","$","?","M","E","$","E","T","E","?","M","R","?","R","BOSS","M","?","?","$","M","E","R","E","T","E","?","?","M","E","R","BOSS"],"items_purchased_type":["Relic","Card","Card","Card","Relic"],"build_version":"2020-12-22","purchased_purges":1,"victory":true,"max_hp_per_floor":[70,70,70,70,70,70,70,70,70,70,70,70,70,70,70,70,70,70,70,70,76,76,76,76,76,76,76,76,76,76,76,76,76,76,76,76,76,76,76,76,76,76,76,76,76,82,82,82,82,82],"relic_stats":{"Darkstone Periapt":12,"Happy Flower":[43],"counters":[26,167],"HoveringKite":[36],"PreservedInsect":448,"Juzu Bracelet":0,"War Paint":["Defend_G","Tactician"],"Blood Vial":24,"Peace Pipe":1,"Busted Crown":16,"Shuriken":[56],"Bronze Scales":[389],"obtain_stats":[{"Darkstone Periapt":14,"Happy Flower":10,"HoveringKite":17,"PreservedInsect":13,"Incense Burner":8,"Juzu Bracelet":44,"Bottled Tornado":26,"War Paint":38,"Frozen Egg 2":42,"Ancient Tea Set":27,"White Beast Statue":40,"Old Coin":48,"Blood Vial":23,"Peace Pipe":25,"Busted Crown":34,"Shuriken":9,"Ninja Scroll":36,"Bronze Scales":21,"Toy Ornithopter":6,"Ring of the Snake":0},{"Darkstone Periapt":9,"Happy Flower":7,"HoveringKite":10,"PreservedInsect":8,"Incense Burner":6,"Juzu Bracelet":23,"Bottled Tornado":14,"War Paint":19,"Frozen Egg 2":22,"Ancient Tea Set":15,"White Beast Statue":21,"Old Coin":25,"Blood Vial":13,"Peace Pipe":14,"Busted Crown":17,"Shuriken":6,"Ninja Scroll":18,"Bronze Scales":11,"Toy Ornithopter":5,"Ring of the Snake":0},{"Darkstone Periapt":47,"Happy Flower":37,"HoveringKite":57,"PreservedInsect":40,"Incense Burner":32,"Juzu Bracelet":148,"Bottled Tornado":75,"War Paint":116,"Frozen Egg 2":139,"Ancient Tea Set":81,"White Beast Statue":133,"Old Coin":157,"Blood Vial":69,"Peace Pipe":75,"Busted Crown":107,"Shuriken":32,"Ninja Scroll":112,"Bronze Scales":61,"Toy Ornithopter":20,"Ring of the Snake":0}],"Toy Ornithopter":43,"Ring of the Snake":[52]},"card_choices":[{"not_picked":["Deep Breath","Finesse"],"picked":"Dark Shackles","floor":0.0},{"not_picked":["Deflect","Expertise"],"picked":"Heel Hook","floor":1.0},{"not_picked":["Poisoned Stab","Deflect"],"picked":"Flechettes","floor":3.0},{"not_picked":["Underhanded Strike","Dagger Spray"],"picked":"Dash","floor":4.0},{"not_picked":["Masterful Stab","Outmaneuver"],"picked":"Blur","floor":5.0},{"not_picked":["Dagger Throw","Backflip"],"picked":"Dagger Spray","floor":6.0},{"not_picked":["Tactician","Dodge and Roll"],"picked":"Burst","floor":8.0},{"not_picked":["Bane","Skewer"],"picked":"Prepared","floor":10.0},{"not_picked":["Prepared","Acrobatics"],"picked":"Wraith Form v2","floor":12.0},{"not_picked":["Dodge and Roll","Bane"],"picked":"Blade Dance","floor":14.0},{"not_picked":["Bullet Time","Doppelganger"],"picked":"Malaise","floor":16.0},{"not_picked":["Bane","Dodge and Roll","Quick Slash"],"picked":"SKIP","floor":18.0},{"not_picked":["Sucker Punch","Prepared","Slice"],"picked":"SKIP","floor":22.0},{"not_picked":["Catalyst","Backstab"],"picked":"PiercingWail","floor":23.0},{"not_picked":["Expertise","Underhanded Strike"],"picked":"Footwork","floor":25.0},{"not_picked":["Blade Dance+1","Underhanded Strike"],"picked":"Burst","floor":27.0},{"not_picked":["Infinite Blades","Dagger Throw","Bane"],"picked":"SKIP","floor":29.0},{"not_picked":["A Thousand Cuts","Burst"],"picked":"Corpse Explosion","floor":33.0},{"not_picked":["Sucker Punch"],"picked":"SKIP","floor":35.0},{"not_picked":["Dodge and Roll"],"picked":"SKIP","floor":37.0},{"not_picked":[],"picked":"Dodge and Roll+1","floor":39.0},{"not_picked":["Dagger Throw"],"picked":"SKIP","floor":40.0},{"not_picked":["Quick Slash"],"picked":"SKIP","floor":42.0},{"not_picked":[],"picked":"Glass Knife","floor":44.0},{"not_picked":[],"picked":"Caltrops+1","floor":47.0},{"not_picked":["Backstab+1"],"picked":"SKIP","floor":48.0}],"player_experience":11617,"relics_obtained":[{"floor":6.0,"key":"Toy Ornithopter"},{"floor":8.0,"key":"Incense Burner"},{"floor":9.0,"key":"Shuriken"},{"floor":10.0,"key":"Happy Flower"},{"floor":14.0,"key":"Darkstone Periapt"},{"floor":23.0,"key":"Blood Vial"},{"floor":25.0,"key":"Peace Pipe"},{"floor":26.0,"key":"Bottled Tornado"},{"floor":27.0,"key":"Ancient Tea Set"},{"floor":40.0,"key":"White Beast Statue"},{"floor":42.0,"key":"Frozen Egg 2"},{"floor":44.0,"key":"Juzu Bracelet"},{"floor":48.0,"key":"Old Coin"}],"event_choices":[{"cards_removed":["Strike_G"],"damage_healed":0.0,"max_hp_gain":0.0,"max_hp_loss":0.0,"gold_gain":0.0,"event_name":"Purifier","player_choice":"Purged","floor":2.0,"gold_loss":0.0,"damage_taken":0.0},{"damage_healed":0.0,"max_hp_gain":0.0,"max_hp_loss":0.0,"gold_gain":75.0,"event_name":"World of Goop","player_choice":"Gather Gold","floor":11.0,"gold_loss":0.0,"damage_taken":11.0},{"cards_removed":["Strike_G"],"damage_healed":0.0,"max_hp_gain":0.0,"max_hp_loss":0.0,"gold_gain":0.0,"event_name":"Beggar","player_choice":"Gave Gold","floor":19.0,"gold_loss":75.0,"damage_taken":0.0},{"damage_healed":0.0,"max_hp_gain":0.0,"max_hp_loss":0.0,"gold_gain":0.0,"event_name":"The Mausoleum","player_choice":"Opened","floor":21.0,"gold_loss":0.0,"damage_taken":0.0,"relics_obtained":["Bronze Scales"],"cards_obtained":["Writhe"]},{"damage_healed":0.0,"max_hp_gain":0.0,"max_hp_loss":0.0,"gold_gain":0.0,"event_name":"The Library","player_choice":"Read","floor":28.0,"gold_loss":0.0,"damage_taken":0.0,"cards_obtained":["Tactician"]},{"damage_healed":0.0,"max_hp_gain":0.0,"max_hp_loss":0.0,"gold_gain":0.0,"cards_transformed":["Strike_G","Strike_G"],"event_name":"Drug Dealer","player_choice":"Became Test Subject","floor":31.0,"gold_loss":0.0,"damage_taken":0.0,"cards_obtained":["Choke","Dagger Spray"]},{"damage_healed":0.0,"max_hp_gain":0.0,"max_hp_loss":0.0,"gold_gain":0.0,"event_name":"WeMeetAgain","player_choice":"Gave Potion","floor":36.0,"gold_loss":0.0,"damage_taken":0.0,"relics_obtained":["Ninja Scroll"]},{"damage_healed":0.0,"max_hp_gain":0.0,"max_hp_loss":0.0,"gold_gain":0.0,"event_name":"Tomb of Lord Red Mask","player_choice":"Ignored","floor":45.0,"gold_loss":0.0,"damage_taken":0.0},{"damage_healed":19.0,"max_hp_gain":0.0,"max_hp_loss":0.0,"gold_gain":0.0,"event_name":"Winding Halls","player_choice":"Writhe","floor":46.0,"gold_loss":0.0,"damage_taken":0.0,"cards_obtained":["Writhe"]}],"is_beta":false,"boss_relics":[{"not_picked":["WristBlade","Astrolabe"],"picked":"HoveringKite"},{"not_picked":["Snecko Eye","Fusion Hammer"],"picked":"Busted Crown"}],"items_purged_floors":[13],"is_endless":false,"potions_floor_spawned":[1,4,6,10,12,14,22,27,33,35,40,42,44,47,48],"ascension_level":1}}