{"host":"lvhfn8l5bvc4nolx","time":1609054942,"event":{"mods":["AchievementEnabler","BaseMod","Colored Map","Keyboard Shortcuts","Minty Spire (QoL Compilation)","Permanent Neow","Quick Restart","SuperFastMode"],"gold_per_floor":[109,109,109,120,133,133,113,146,146,165,179,17,17,285,285,386,386,396,416,66,66,86,86,119,119,199,37,37,54,20,36,36,133,133,146,146,166,121,121,121,140,157,183,209,209,228,257,257,257,257],"floor_reached":51,"playtime":1658,"items_purged":["Strike_R","Strike_R","Defend_R","Defend_R","Bash"],"score":1393,"play_id":"613a683a-ed88-43cd-9302-eecf92cd126d","local_time":"20201227164222","is_ascension_mode":true,"campfire_choices":[{"floor":6.0,"key":"REST"},{"floor":13,"key":"REST"},{"data":"Apotheosis","floor":15,"key":"SMITH"},{"floor":23,"key":"REST"},{"floor":28,"key":"REST"},{"data":"Offering","floor":32,"key":"SMITH"},{"data":"Chrysalis","floor":40,"key":"SMITH"},{"data":"Ghostly Armor","floor":49,"key":"SMITH"}],"circlet_count":0,"master_deck":["AscendersBane","Strike_R","Defend_R","Ghostly Armor+1","Intimidate","Exhume","Thunderclap","Perfected Strike","Shrug It Off","Pommel Strike","Offering+1","Apotheosis+1","Feel No Pain","Second Wind+1","Bloodletting","Immolate","Pommel Strike","Pommel Strike","Flame Barrier","Shrug It Off","Warcry+1","Offering+1","Feel No Pain","Havoc+1","Corruption+1","Juggernaut","Reaper","Reaper","Disarm+1","Shrug It Off+1","Dark Embrace","Trip","Chrysalis+1","Pommel Strike+1","Dark Embrace+1","Doubt"],"relics":["Burning Blood","Ice Cream","Dead Branch","Kunai","Lee\u0027s Waffle","Philosopher\u0027s Stone","Matryoshka","Eternal Feather","Question Card","Pantograph","Sundial","Coffee Dripper","Juzu Bracelet","Regal Pillow","White Beast Statue","InkBottle","Bottled Lightning","Bottled Tornado"],"acts_visited":["Exordium","TheCity","TheBeyond"],"potions_floor_usage":[48],"damage_taken":[{"damage":7.0,"enemies":"Small Slimes","floor":1.0,"turns":4.0},{"damage":14.0,"enemies":"Cultist","floor":4.0,"turns":5.0},{"damage":4.0,"enemies":"Jaw Worm","floor":5.0,"turns":5.0},{"damage":56.0,"enemies":"Lagavulin","floor":8.0,"turns":8.0},{"damage":4.0,"enemies":"Exordium Thugs","floor":10.0,"turns":5.0},{"damage":16.0,"enemies":"Exordium Wildlife","floor":11.0,"turns":3.0},{"damage":69,"enemies":"Slime Boss","floor":16,"turns":10},{"damage":30,"enemies":"2 Thieves","floor":18,"turns":3},{"damage":14,"enemies":"Shell Parasite","floor":19,"turns":3},{"damage":9,"enemies":"Shelled Parasite and Fungi","floor":22,"turns":3},{"damage":46,"enemies":"Gremlin Leader","floor":24,"turns":5},{"damage":21,"enemies":"Snecko","floor":29,"turns":3},{"damage":6,"enemies":"Cultist and Chosen","floor":31,"turns":3},{"damage":42,"enemies":"Champ","floor":33,"turns":4},{"damage":15,"enemies":"Orb Walker","floor":35,"turns":2},{"damage":27,"enemies":"3 Shapes","floor":37,"turns":3},{"damage":18,"enemies":"Spire Growth","floor":41,"turns":3},{"damage":21,"enemies":"Maw","floor":42,"turns":3},{"damage":36,"enemies":"Nemesis","floor":44,"turns":4},{"damage":9,"enemies":"3 Darklings","floor":46,"turns":3},{"damage":102,"enemies":"Reptomancer","floor":47,"turns":4},{"damage":0,"enemies":"Writhing Mass","floor":48,"turns":1},{"damage":39,"enemies":"Time Eater","floor":50,"turns":7}],"seed_played":"-2254690925240022290","potions_obtained":[{"floor":1.0,"key":"DistilledChaos"},{"floor":5.0,"key":"SmokeBomb"},{"floor":7.0,"key":"Dexterity Potion"},{"floor":19,"key":"DuplicationPotion"}],"is_trial":false,"path_per_floor":["M","?","?","M","M","R","?","E","T","M","M","$","R","$","R","B",null,"M","M","$","?","M","R","E","?","T","$","R","M","$","M","R","B",null,"M","?","M","$","?","R","M","M","T","E","?","M","E","M","R","B",null],"character_chosen":"IRONCLAD","items_purchased":["Apotheosis","Lee\u0027s Waffle","Feel No Pain","Bloodletting","Matryoshka","Feel No Pain","Sundial","Juggernaut","Dark Embrace"],"campfire_rested":4,"item_purchase_floors":[12,14,14,14,20,27,30,30,38],"current_hp_per_floor":[50,50,50,42,44,68,68,18,18,20,10,10,34,87,87,24,71,47,39,39,39,36,62,22,22,22,22,63,48,48,48,63,51,78,69,69,63,63,53,71,63,48,48,19,87,87,7,13,34,33],"gold":257,"neow_bonus":"ONE_RARE_RELIC","is_daily":false,"chose_seed":false,"campfire_upgraded":4,"win_rate":0.0,"timestamp":1609054942,"path_taken":["M","?","?","M","?","R","?","E","T","M","M","$","R","?","R","BOSS","M","M","$","?","?","R","E","?","T","$","R","M","?","?","R","BOSS","M","?","?","$","?","R","M","M","T","E","?","M","E","M","R","BOSS"],"items_purchased_type":["Card","Relic","Card","Card","Relic","Card","Relic","Card","Card"],"build_version":"2020-12-22","purchased_purges":5,"victory":true,"max_hp_per_floor":[80,80,80,80,80,80,80,80,80,80,80,80,80,87,87,87,87,87,87,87,87,87,87,87,87,87,87,87,87,87,87,87,87,87,87,87,87,87,87,87,87,87,87,87,87,87,87,87,87,87],"card_choices":[{"not_picked":["Searing Blow","Armaments"],"picked":"Ghostly Armor","floor":1.0},{"not_picked":["Pommel Strike","Sever Soul"],"picked":"Thunderclap","floor":4.0},{"not_picked":["Warcry","Armaments"],"picked":"Perfected Strike","floor":5.0},{"not_picked":["Warcry","Wild Strike"],"picked":"Shrug It Off","floor":8.0},{"not_picked":["Rampage","Anger"],"picked":"Pommel Strike","floor":10.0},{"not_picked":["Warcry","Shrug It Off"],"picked":"Offering","floor":11},{"not_picked":["Demon Form","Juggernaut"],"picked":"Immolate","floor":16},{"not_picked":["Shrug It Off","Blood for Blood"],"picked":"Pommel Strike","floor":18},{"not_picked":["Twin Strike","Armaments"],"picked":"Pommel Strike","floor":19},{"not_picked":["Iron Wave","Wild Strike"],"picked":"Shrug It Off","floor":22},{"not_picked":["Dual Wield","Rupture+1"],"picked":"Warcry+1","floor":24},{"not_picked":["Headbutt","Intimidate","Cleave"],"picked":"Havoc+1","floor":29},{"not_picked":["Sever Soul","Headbutt","Inflame+1"],"picked":"Reaper","floor":31},{"not_picked":["Immolate","Berserk","Exhume"],"picked":"Reaper","floor":33},{"not_picked":["Clash","True Grit+1","Cleave"],"picked":"Disarm+1","floor":35},{"not_picked":["Pummel+1","Thunderclap+1","Twin Strike"],"picked":"Shrug It Off+1","floor":37},{"not_picked":["Mind Blast","Good Instincts","Dark Shackles"],"picked":"Trip","floor":39},{"not_picked":["Dramatic Entrance","Sadistic Nature","Discovery"],"picked":"Chrysalis","floor":39},{"not_picked":["Thunderclap+1","Flame Barrier","Reckless Charge+1"],"picked":"Pommel Strike+1","floor":41},{"not_picked":["Rampage+1","Wild Strike","Dual Wield"],"picked":"Dark Embrace+1","floor":42},{"not_picked":["Whirlwind","Pummel","True Grit+1","Hemokinesis+1"],"picked":"SKIP","floor":44},{"not_picked":["Iron Wave+1","Perfected Strike+1","Armaments+1","Flex+1"],"picked":"SKIP","floor":46},{"not_picked":["Rupture+1","Thunderclap+1","Armaments","Spot Weakness"],"picked":"SKIP","floor":47}],"player_experience":342414,"relics_obtained":[{"floor":8.0,"key":"Dead Branch"},{"floor":9.0,"key":"Kunai"},{"floor":24,"key":"Eternal Feather"},{"floor":26,"key":"Question Card"},{"floor":26,"key":"Pantograph"},{"floor":43,"key":"Juzu Bracelet"},{"floor":43,"key":"Regal Pillow"},{"floor":44,"key":"White Beast Statue"},{"floor":47,"key":"InkBottle"}],"event_choices":[{"damage_healed":0.0,"max_hp_gain":0.0,"max_hp_loss":0.0,"gold_gain":0.0,"cards_transformed":["Strike_R"],"event_name":"Living Wall","player_choice":"Change","floor":2.0,"gold_loss":0.0,"damage_taken":0.0,"cards_obtained":["Intimidate"]},{"damage_healed":0.0,"max_hp_gain":0.0,"max_hp_loss":0.0,"gold_gain":0.0,"cards_transformed":["Strike_R"],"event_name":"Transmorgrifier","player_choice":"Transformed","floor":3.0,"gold_loss":0.0,"damage_taken":0.0,"cards_obtained":["Exhume"]},{"damage_healed":0.0,"max_hp_gain":0.0,"max_hp_loss":0.0,"gold_gain":0.0,"event_name":"The Woman in Blue","player_choice":"Bought 1 Potion","floor":7.0,"gold_loss":0.0,"damage_taken":0.0},{"damage_healed":0,"gold_gain":0,"cards_transformed":["Defend_R"],"player_choice":"Transformed","damage_taken":0,"max_hp_gain":0,"max_hp_loss":0,"event_name":"Transmorgrifier","floor":21,"gold_loss":0,"cards_obtained":["Flame Barrier"]},{"damage_healed":0,"gold_gain":0,"player_choice":"Copied","damage_taken":0,"max_hp_gain":0,"max_hp_loss":0,"event_name":"Duplicator","floor":25,"gold_loss":0,"cards_obtained":["Offering"]},{"damage_healed":0,"gold_gain":0,"player_choice":"Upgraded","damage_taken":0,"max_hp_gain":0,"max_hp_loss":0,"event_name":"Upgrade Shrine","floor":36,"gold_loss":0,"cards_upgraded":["Offering"]},{"damage_healed":0,"gold_gain":0,"player_choice":"Memory 3","damage_taken":10,"max_hp_gain":0,"max_hp_loss":0,"event_name":"SensoryStone","floor":39,"gold_loss":0},{"damage_healed":68,"gold_gain":0,"player_choice":"Heal","damage_taken":0,"max_hp_gain":0,"max_hp_loss":0,"event_name":"MindBloom","floor":45,"gold_loss":0,"cards_obtained":["Doubt"]}],"is_beta":false,"boss_relics":[{"not_picked":["Busted Crown","Velvet Choker"],"picked":"Philosopher\u0027s Stone"},{"not_picked":["SlaversCollar","SacredBark"],"picked":"Coffee Dripper"}],"items_purged_floors":[14,20,27,30,38],"is_endless":false,"potions_floor_spawned":[1,5,10,19,24,33,35,41,46,47,48],"ascension_level":11}}