{"host":"utqe55yv0jihe4d6","time":1609036533,"event":{"mods":["2.2 Compatiblity","AchievementEnabler","BaseMod","Block Reminder","Colored Map","Colored Powertips","Minty Spire (QoL Compilation)","Quick Restart","Rare Cards Sparkle","Relic Stats","SuperFastMode"],"gold_per_floor":[109,109,128,140,156,156,156,190,190,221,221,235,275,275,275,359,359,369,382,221,221,221,241,241,285,312,58,76,76,76,114,114,196,196,225,245,264,282,298,333,333,369,423,137,137,156,177,192,192,192,192,192],"floor_reached":51,"playtime":3394,"items_purged":["Strike_G","Strike_G","Strike_G"],"score":1655,"play_id":"8190e84c-dbf7-4ff0-a27b-0797eb3954c4","local_time":"20201226213533","is_ascension_mode":true,"campfire_choices":[{"data":"Apotheosis","floor":6.0,"key":"SMITH"},{"floor":15.0,"key":"REST"},{"floor":24.0,"key":"RECALL"},{"data":"After Image","floor":29.0,"key":"SMITH"},{"data":"Adrenaline","floor":32.0,"key":"SMITH"},{"floor":41.0,"key":"REST"},{"floor":45.0,"key":"REST"},{"floor":49.0,"key":"REST"}],"circlet_count":0,"master_deck":["AscendersBane","Defend_G","Defend_G","Defend_G","Defend_G","Defend_G","Survivor","Neutralize","Apotheosis+1","All Out Attack","Backflip","Predator","Poisoned Stab","Dagger Throw","Phantasmal Killer+1","After Image+1","Adrenaline+1","Leg Sweep","Acrobatics","Acrobatics","Tools of the Trade","Deadly Poison+1","Venomology","Masterful Stab+1","PiercingWail","Wraith Form v2","Backflip","PiercingWail","Adrenaline","Calculated Gamble+1","PiercingWail","PiercingWail"],"relics":["Ring of the Snake","Toy Ornithopter","HornCleat","Molten Egg 2","PreservedInsect","Anchor","CeramicFish","Runic Dome","NlothsMask","StrikeDummy","Orrery","Lantern","Fusion Hammer","Frozen Egg 2","Snake Skull","Centennial Puzzle"],"acts_visited":["Exordium","TheCity","TheBeyond"],"potions_floor_usage":[50,51],"damage_taken":[{"damage":0.0,"enemies":"Cultist","floor":1.0,"turns":4.0},{"damage":6.0,"enemies":"Jaw Worm","floor":3.0,"turns":4.0},{"damage":0.0,"enemies":"2 Louse","floor":4.0,"turns":3.0},{"damage":5.0,"enemies":"Exordium Wildlife","floor":5.0,"turns":4.0},{"damage":9.0,"enemies":"3 Sentries","floor":8.0,"turns":6.0},{"damage":7.0,"enemies":"Lagavulin","floor":10.0,"turns":8.0},{"damage":0.0,"enemies":"Looter","floor":12.0,"turns":3.0},{"damage":0.0,"enemies":"Gremlin Nob","floor":13.0,"turns":3.0},{"damage":18.0,"enemies":"The Guardian","floor":16.0,"turns":11.0},{"damage":0.0,"enemies":"3 Byrds","floor":18.0,"turns":3.0},{"damage":0.0,"enemies":"Chosen","floor":19.0,"turns":3.0},{"damage":0.0,"enemies":"Centurion and Healer","floor":23.0,"turns":7.0},{"damage":0.0,"enemies":"Gremlin Leader","floor":25.0,"turns":4.0},{"damage":0.0,"enemies":"Book of Stabbing","floor":31.0,"turns":5.0},{"damage":52.0,"enemies":"Collector","floor":33.0,"turns":11.0},{"damage":0.0,"enemies":"Orb Walker","floor":35.0,"turns":3.0},{"damage":0.0,"enemies":"3 Shapes","floor":36.0,"turns":6.0},{"damage":5.0,"enemies":"Transient","floor":37.0,"turns":6.0},{"damage":0.0,"enemies":"Spire Growth","floor":39.0,"turns":5.0},{"damage":0.0,"enemies":"Nemesis","floor":40.0,"turns":7.0},{"damage":13.0,"enemies":"Giant Head","floor":42.0,"turns":9.0},{"damage":0.0,"enemies":"4 Shapes","floor":46.0,"turns":6.0},{"damage":0.0,"enemies":"Jaw Worm Horde","floor":47.0,"turns":4.0},{"damage":0.0,"enemies":"Maw","floor":48.0,"turns":6.0},{"damage":40,"enemies":"Donu and Deca","floor":50,"turns":18},{"damage":34,"enemies":"Time Eater","floor":51,"turns":5}],"seed_played":"-746924848291576845","potions_obtained":[{"floor":4.0,"key":"Block Potion"},{"floor":5.0,"key":"Explosive Potion"},{"floor":8.0,"key":"Block Potion"},{"floor":10.0,"key":"LiquidBronze"},{"floor":18.0,"key":"Block Potion"},{"floor":19.0,"key":"DuplicationPotion"},{"floor":33.0,"key":"Block Potion"}],"is_trial":false,"path_per_floor":["M","?","M","M","M","R","?","E","T","E","T","M","E","?","R","B",null,"M","M","$","?","?","M","R","E","T","$","?","R","$","E","R","B",null,"M","M","M","?","M","E","R","E","T","$","R","M","M","M","R","B","B"],"character_chosen":"THE_SILENT","items_purchased":["Leg Sweep","Acrobatics","Orrery","Centennial Puzzle"],"campfire_rested":4,"item_purchase_floors":[20,20,27,44],"current_hp_per_floor":[59,59,53,53,48,48,30,26,26,19,19,19,24,24,42,24,51,56,56,56,56,56,56,56,56,56,56,56,56,56,60,60,13,48,53,53,53,53,58,60,60,52,52,52,60,60,60,60,60,25,0,0],"gold":192,"neow_bonus":"RANDOM_COLORLESS_2","is_daily":false,"chose_seed":false,"campfire_upgraded":3,"win_rate":0.0,"timestamp":1609036533,"path_taken":["M","?","M","?","M","R","?","E","T","E","?","M","E","?","R","BOSS","M","M","$","?","?","?","R","E","T","$","?","R","$","E","R","BOSS","M","M","M","?","M","E","R","E","T","$","R","M","M","M","R","BOSS","BOSS"],"items_purchased_type":["Card","Card","Relic","Relic"],"build_version":"2020-12-22","purchased_purges":3,"victory":false,"max_hp_per_floor":[60,60,60,60,60,60,60,60,60,60,60,60,60,60,60,60,60,60,60,60,60,60,60,60,60,60,60,60,60,60,60,60,60,60,60,60,60,60,60,60,60,60,60,60,60,60,60,60,60,60,60,60],"relic_stats":{"Centennial Puzzle":[6],"counters":[26,154],"CeramicFish":153,"PreservedInsect":289,"Snake Skull":[27],"obtain_stats":[{"Lantern":31,"CeramicFish":13,"PreservedInsect":10,"Snake Skull":42,"Frozen Egg 2":40,"Runic Dome":17,"Anchor":11,"Centennial Puzzle":44,"HornCleat":8,"Orrery":27,"Molten Egg 2":9,"Fusion Hammer":34,"StrikeDummy":25,"Toy Ornithopter":7,"Ring of the Snake":0,"NlothsMask":22},{"Lantern":14,"CeramicFish":8,"PreservedInsect":6,"Snake Skull":21,"Frozen Egg 2":20,"Runic Dome":9,"Anchor":6,"Centennial Puzzle":21,"HornCleat":5,"Orrery":13,"Molten Egg 2":5,"Fusion Hammer":15,"StrikeDummy":13,"Toy Ornithopter":4,"Ring of the Snake":0,"NlothsMask":11},{"Lantern":68,"CeramicFish":35,"PreservedInsect":29,"Snake Skull":115,"Frozen Egg 2":106,"Runic Dome":46,"Anchor":29,"Centennial Puzzle":115,"HornCleat":21,"Orrery":63,"Molten Egg 2":21,"Fusion Hammer":79,"StrikeDummy":63,"Toy Ornithopter":15,"Ring of the Snake":0,"NlothsMask":52}],"Toy Ornithopter":56,"Ring of the Snake":[52]},"card_choices":[{"not_picked":["Metamorphosis","Mayhem"],"picked":"Apotheosis","floor":0.0},{"not_picked":["Tactician","Deflect"],"picked":"All Out Attack","floor":1.0},{"not_picked":["Tactician","All Out Attack"],"picked":"Predator","floor":3.0},{"not_picked":["Bane","PiercingWail"],"picked":"Poisoned Stab","floor":4.0},{"not_picked":["Deflect","All Out Attack"],"picked":"Dagger Throw","floor":5.0},{"not_picked":["Outmaneuver","Eviscerate","Backflip"],"picked":"SKIP","floor":8.0},{"not_picked":["Bullet Time","Backstab+1"],"picked":"Phantasmal Killer","floor":10.0},{"not_picked":["Bane+1","Slice+1","Dagger Throw+1"],"picked":"SKIP","floor":12.0},{"not_picked":["Flying Knee+1","Cloak And Dagger"],"picked":"After Image","floor":13.0},{"not_picked":["Storm of Steel","A Thousand Cuts"],"picked":"Adrenaline","floor":16.0},{"not_picked":["Cloak And Dagger","Infinite Blades","Prepared"],"picked":"SKIP","floor":18.0},{"not_picked":["Poisoned Stab+1","Flying Knee+1","Underhanded Strike+1"],"picked":"SKIP","floor":19.0},{"not_picked":["Sucker Punch+1","Flechettes+1","Setup"],"picked":"SKIP","floor":23.0},{"not_picked":["Riddle With Holes+1","Expertise+1"],"picked":"Acrobatics","floor":25.0},{"not_picked":["Riddle With Holes+1","Skewer+1"],"picked":"Tools of the Trade","floor":27.0},{"not_picked":["Dagger Spray+1","Choke+1"],"picked":"Deadly Poison+1","floor":27.0},{"not_picked":["Grand Finale+1","Reflex"],"picked":"PiercingWail","floor":31.0},{"not_picked":["Tools of the Trade","Bullet Time"],"picked":"Wraith Form v2","floor":33.0},{"not_picked":["Quick Slash+1","Dagger Spray+1"],"picked":"Backflip","floor":35.0},{"not_picked":["Concentrate+1","Dagger Throw+1","Underhanded Strike+1"],"picked":"SKIP","floor":36.0},{"not_picked":["Poisoned Stab+1","Dodge and Roll","Prepared"],"picked":"SKIP","floor":37.0},{"not_picked":["Masterful Stab+1","Bane+1","Sucker Punch+1"],"picked":"SKIP","floor":39.0},{"not_picked":["Blade Dance","Storm of Steel","Dagger Spray+1"],"picked":"SKIP","floor":40.0},{"not_picked":["Blade Dance","Sucker Punch+1"],"picked":"Calculated Gamble+1","floor":42.0},{"not_picked":["Underhanded Strike+1","Prepared"],"picked":"PiercingWail","floor":46.0},{"not_picked":["Dagger Spray+1","Concentrate+1"],"picked":"PiercingWail","floor":47.0},{"not_picked":["Infinite Blades+1","Sucker Punch+1","Masterful Stab+1"],"picked":"SKIP","floor":48.0}],"player_experience":2877658,"relics_obtained":[{"floor":8.0,"key":"HornCleat"},{"floor":9.0,"key":"Molten Egg 2"},{"floor":10.0,"key":"PreservedInsect"},{"floor":11.0,"key":"Anchor"},{"floor":13.0,"key":"CeramicFish"},{"floor":25.0,"key":"StrikeDummy"},{"floor":31.0,"key":"Lantern"},{"floor":40.0,"key":"Frozen Egg 2"},{"floor":42.0,"key":"Snake Skull"}],"event_choices":[{"damage_healed":0.0,"max_hp_gain":0.0,"max_hp_loss":0.0,"gold_gain":0.0,"event_name":"Match and Keep!","player_choice":"1 cards matched","floor":2.0,"gold_loss":0.0,"damage_taken":0.0,"cards_obtained":["Backflip"]},{"damage_healed":0.0,"max_hp_gain":0.0,"max_hp_loss":0.0,"gold_gain":0.0,"event_name":"Scrap Ooze","player_choice":"Success","floor":7.0,"gold_loss":0.0,"damage_taken":18.0,"relics_obtained":["Toy Ornithopter"]},{"damage_healed":0.0,"max_hp_gain":0.0,"max_hp_loss":0.0,"gold_gain":0.0,"event_name":"Living Wall","player_choice":"Grow","floor":14.0,"gold_loss":0.0,"damage_taken":0.0,"cards_upgraded":["Phantasmal Killer"]},{"damage_healed":0.0,"max_hp_gain":0.0,"max_hp_loss":0.0,"gold_gain":0.0,"event_name":"The Mausoleum","player_choice":"Ignored","floor":21.0,"gold_loss":0.0,"damage_taken":0.0},{"damage_healed":0.0,"max_hp_gain":0.0,"max_hp_loss":0.0,"gold_gain":0.0,"event_name":"FaceTrader","player_choice":"Trade","floor":22.0,"gold_loss":0.0,"damage_taken":0.0,"relics_obtained":["NlothsMask"]},{"damage_healed":0.0,"max_hp_gain":0.0,"max_hp_loss":0.0,"gold_gain":0.0,"cards_transformed":["Strike_G","Strike_G"],"event_name":"Drug Dealer","player_choice":"Became Test Subject","floor":28.0,"gold_loss":0.0,"damage_taken":0.0,"cards_obtained":["Venomology","Masterful Stab"]},{"damage_healed":0.0,"max_hp_gain":0.0,"max_hp_loss":0.0,"gold_gain":0.0,"event_name":"Match and Keep!","player_choice":"2 cards matched","floor":38.0,"gold_loss":0.0,"damage_taken":0.0,"cards_obtained":["PiercingWail","Adrenaline"]}],"is_beta":false,"boss_relics":[{"not_picked":["SlaversCollar","Snecko Eye"],"picked":"Runic Dome"},{"not_picked":["Black Star","SacredBark"],"picked":"Fusion Hammer"}],"items_purged_floors":[20,27,44],"is_endless":false,"potions_floor_spawned":[4,5,8,10,12,18,19,23,33,37,42,48],"killed_by":"Time Eater","ascension_level":20}}