{"host":"cp5jenm8mmpif3zo","time":1609079563,"event":{"mods":["Act Like it!","Aspiration","BaseMod","BetterRewards","Colored Map","Conspire","Energized Spire","FTL Soundtrack","Friendly Minions","Gensokyo","Halation","Highlight Path","Hubris","Kiyohime????","Koishi","Marisa????????","Minty Spire (QoL Compilation)","Pikachu Mod","Prisma Mod","Quick Restart","Railgun Mod","Random Character Button","Replay The Spire","Shop Mod","Spikes Relics","StSLib","The IronCluck","TheHero","Yuyuko","vexMod"],"gold_per_floor":[110,110,122,197,197,197,229,229,256,256,273,273,288,308,308,413,413,413],"floor_reached":17,"playtime":651,"items_purged":[],"score":155,"play_id":"cd2b469e-d40d-40c8-886f-2429c248c162","local_time":"20201227083243","is_ascension_mode":false,"campfire_choices":[{"data":"animeID:Deku","floor":6,"key":"SMITH"},{"data":"animeID:Ojiro","floor":8,"key":"SMITH"},{"data":"animeID:Bakugo","floor":10,"key":"SMITH"},{"data":"animeID:Hatsume","floor":12,"key":"SMITH"},{"data":"Koishi:HauntingSlash","floor":15,"key":"SMITH"}],"circlet_count":0,"master_deck":["animeID:Deku+1","animeID:Bakugo+1","animeID:Smash","animeID:Smash","animeID:Smash","animeID:Smash","animeID:DefendMH","animeID:DefendMH","animeID:DefendMH","animeID:DefendMH","Koishi:HauntingSlash+1","animeID:DelawareSmash","animeID:Ojiro+1","animeID:Hatsume+1"],"relics":["animeID:HeroCostume","Counterbalance","hubris:OldNail","ReplayFunnel","Honey Jar"],"acts_visited":["Exordium","TheCity"],"potions_floor_usage":[],"damage_taken":[{"damage":0,"enemies":"Small Slimes","floor":1,"turns":2},{"damage":3,"enemies":"conspire:RoseBush","floor":3,"turns":3},{"damage":18,"enemies":"Replay:BlueRogue","floor":7,"turns":6},{"damage":0,"enemies":"2 Louse","floor":11,"turns":1},{"damage":0,"enemies":"Red Slaver","floor":13,"turns":1},{"damage":6,"enemies":"Exordium Thugs","floor":14,"turns":3},{"damage":29,"enemies":"Slime Boss","floor":16,"turns":9}],"seed_played":"7271540843040972731","potions_obtained":[{"floor":7,"key":"FearPotion"},{"floor":11,"key":"Languid Potion"},{"floor":14,"key":"Weak Potion"},{"floor":16,"key":"Elixir"}],"is_trial":false,"path_per_floor":["M","?","M","?","?","R","E","R","T","R","M","R","M","M","R","B",null],"character_chosen":"THE_HERO","items_purchased":[],"campfire_rested":0,"item_purchase_floors":[],"current_hp_per_floor":[75,75,74,63,63,63,51,51,51,51,51,51,53,51,51,28,75,75],"gold":413,"neow_bonus":"ONE_RARE_RELIC","is_daily":false,"chose_seed":false,"campfire_upgraded":5,"win_rate":0.0,"timestamp":1609079563,"path_taken":["M","?","M","?","?","R","E","R","T","R","M","R","?","M","R","BOSS"],"items_purchased_type":[],"build_version":"2020-12-22","purchased_purges":0,"victory":false,"max_hp_per_floor":[75,75,75,75,75,75,75,75,75,75,75,75,75,75,75,75,75,75],"card_choices":[{"not_picked":["animeID:Bakugo","animeID:Uraraka","animeID:Mineta"],"picked":"SKIP","floor":1},{"not_picked":["animeID:Iida","animeID:Nomu"],"picked":"animeID:DelawareSmash","floor":3},{"not_picked":["animeID:Crystallize","animeID:Nomu","animeID:SkinnyGum"],"picked":"SKIP","floor":7},{"not_picked":["animeID:Ojiro","animeID:Cementoss"],"picked":"animeID:Hatsume","floor":11},{"not_picked":["animeID:Bakugo","animeID:ToruHagakure","animeID:Kirishima"],"picked":"SKIP","floor":13},{"not_picked":["animeID:Stain","animeID:Mina","animeID:Kirishima"],"picked":"SKIP","floor":14}],"player_experience":263332,"relics_obtained":[{"floor":7,"key":"hubris:OldNail"},{"floor":9,"key":"ReplayFunnel"}],"event_choices":[{"damage_healed":0,"gold_gain":0,"player_choice":"Ignored","damage_taken":0,"max_hp_gain":0,"max_hp_loss":0,"event_name":"Liars Game","floor":2,"gold_loss":0},{"damage_healed":0,"gold_gain":75,"player_choice":"Gather Gold","damage_taken":11,"max_hp_gain":0,"max_hp_loss":0,"event_name":"World of Goop","floor":4,"gold_loss":0},{"damage_healed":0,"gold_gain":0,"cards_transformed":["Strike_MRS"],"player_choice":"Transformed","damage_taken":0,"max_hp_gain":0,"max_hp_loss":0,"event_name":"Transmorgrifier","floor":5,"gold_loss":0,"cards_obtained":["animeID:Ojiro"]}],"is_beta":false,"boss_relics":[{"not_picked":["halation:ForbiddenBikini","energizedSpire:EnergizedDie"],"picked":"Honey Jar"}],"items_purged_floors":[],"is_endless":false,"potions_floor_spawned":[7,11,14,16],"ascension_level":0}}