{"host":"Zion","time":1609096768,"event":{"mods":["AchievementEnabler","BaseMod","Colored Map","DeckTracker","Minty Spire (QoL Compilation)","Quick Restart","Rare Cards Sparkle"],"gold_per_floor":[112,112,112,39,39,74,74,95,119,137,151,76,76,76,76,206,206,221,260,279,179,194,233,257,295,295,328,328,328,157,82,82,212,212,236,299,299,299,521,564,588,588,614,641,677,677,717,732,732,732,732,732,60,96,96],"floor_reached":56,"playtime":3115,"items_purged":["Strike_P","Strike_P","Strike_P","Defend_P"],"score":1623,"play_id":"25189522-889e-43c2-9404-39f95fa36396","local_time":"20201228041928","is_ascension_mode":true,"campfire_choices":[{"data":"Eruption","floor":7.0,"key":"SMITH"},{"data":"Adaptation","floor":13.0,"key":"SMITH"},{"data":"Tantrum","floor":15.0,"key":"SMITH"},{"data":"Judgement","floor":29.0,"key":"SMITH"},{"floor":32.0,"key":"REST"},{"floor":49.0,"key":"RECALL"},{"data":"MentalFortress","floor":52.0,"key":"SMITH"}],"circlet_count":0,"master_deck":["Strike_P+1","Defend_P+1","Defend_P","Eruption+1","Vigilance","EmptyFist","Adaptation+1","Tantrum+1","DeusExMachina","FollowUp","MentalFortress+1","Judgement+1","FlurryOfBlows","Purity","InnerPeace","Violence"],"relics":["PureWater","NeowsBlessing","Golden Idol","PreservedInsect","Juzu Bracelet","Runic Pyramid","Red Mask","Ancient Tea Set","Bottled Tornado","Pear","SacredBark","Bird Faced Urn","FossilizedHelix","Shuriken","Bag of Marbles","Omamori","Akabeko","Nunchaku","Lantern","OrangePellets","Bottled Lightning"],"acts_visited":["Exordium","TheCity","TheBeyond","TheEnding"],"potions_floor_usage":[55],"damage_taken":[{"damage":0.0,"enemies":"Small Slimes","floor":1.0,"turns":1.0},{"damage":0.0,"enemies":"Lagavulin","floor":6.0,"turns":1.0},{"damage":0.0,"enemies":"2 Louse","floor":8.0,"turns":1.0},{"damage":0.0,"enemies":"Jaw Worm","floor":10.0,"turns":3.0},{"damage":13.0,"enemies":"Exordium Wildlife","floor":11.0,"turns":3.0},{"damage":13.0,"enemies":"Hexaghost","floor":16.0,"turns":7.0},{"damage":11.0,"enemies":"2 Thieves","floor":18.0,"turns":3.0},{"damage":31.0,"enemies":"Masked Bandits","floor":19.0,"turns":4.0},{"damage":0.0,"enemies":"Chosen","floor":20.0,"turns":3.0},{"damage":16.0,"enemies":"Snake Plant","floor":22.0,"turns":3.0},{"damage":6.0,"enemies":"Slavers","floor":23.0,"turns":3.0},{"damage":0.0,"enemies":"3 Cultists","floor":24.0,"turns":4.0},{"damage":3.0,"enemies":"Gremlin Leader","floor":25.0,"turns":4.0},{"damage":0.0,"enemies":"Slavers","floor":27.0,"turns":3.0},{"damage":3.0,"enemies":"Automaton","floor":33.0,"turns":6.0},{"damage":12.0,"enemies":"Orb Walker","floor":35.0,"turns":3.0},{"damage":18.0,"enemies":"Mind Bloom Boss Battle","floor":36.0,"turns":5.0},{"damage":13.0,"enemies":"Reptomancer","floor":40.0,"turns":4.0},{"damage":0.0,"enemies":"3 Shapes","floor":41.0,"turns":3.0},{"damage":0.0,"enemies":"Nemesis","floor":45.0,"turns":3.0},{"damage":26.0,"enemies":"Reptomancer","floor":47.0,"turns":3.0},{"damage":4.0,"enemies":"Writhing Mass","floor":48.0,"turns":4.0},{"damage":0.0,"enemies":"Donu and Deca","floor":50.0,"turns":4.0},{"damage":0.0,"enemies":"Shield and Spear","floor":54.0,"turns":2.0},{"damage":22,"enemies":"The Heart","floor":55,"turns":3}],"seed_played":"2284216349083474063","potions_obtained":[{"floor":6.0,"key":"Swift Potion"},{"floor":16.0,"key":"SkillPotion"},{"floor":18.0,"key":"Regen Potion"},{"floor":22.0,"key":"Block Potion"},{"floor":25.0,"key":"Swift Potion"},{"floor":33.0,"key":"SpeedPotion"},{"floor":35.0,"key":"BottledMiracle"},{"floor":45.0,"key":"Strength Potion"},{"floor":48.0,"key":"SteroidPotion"}],"is_trial":false,"path_per_floor":["M","?","?","$","?","E","R","M","T","M","M","$","R","?","R","B",null,"M","?","M","$","M","E","M","E","T","E","?","R","$","?","R","B",null,"M","?","T","?","?","E","M","?","T","T","E","?","E","M","R","B",null,"R","$","E","B",null],"character_chosen":"WATCHER","items_purchased":["Adaptation","FlurryOfBlows","Lantern","SteroidPotion","Violence","OrangePellets"],"campfire_rested":1,"item_purchase_floors":[4,30,53,53,53,53],"current_hp_per_floor":[72,58,40,40,40,40,40,40,40,40,27,27,27,27,27,14,72,61,30,30,30,14,8,8,14,14,24,24,24,24,24,48,45,82,70,52,52,52,52,43,47,47,47,47,51,51,29,29,29,33,78,78,78,78,58],"gold":96,"neow_bonus":"THREE_ENEMY_KILL","is_daily":false,"chose_seed":false,"campfire_upgraded":5,"win_rate":0.0,"timestamp":1609096768,"path_taken":["M","?","?","$","?","E","R","M","T","M","M","$","R","?","R","BOSS","M","?","M","$","M","E","M","E","T","E","?","R","$","?","R","BOSS","M","?","?","?","?","E","M","?","T","?","E","?","E","M","R","BOSS","R","$","E","BOSS"],"items_purchased_type":["Card","Card","Relic","Potion","Card","Relic"],"build_version":"2020-12-18","purchased_purges":4,"victory":true,"max_hp_per_floor":[72,72,72,72,72,72,72,72,72,72,72,72,72,72,72,72,72,72,72,72,72,72,72,72,72,72,82,82,82,82,82,82,82,82,82,82,82,78,78,78,78,78,78,78,78,78,78,78,78,78,78,78,78,78,78],"card_choices":[{"not_picked":["Consecrate","Halt"],"picked":"EmptyFist","floor":1.0},{"not_picked":["Fasting2","SignatureMove","Vault"],"picked":"SKIP","floor":6.0},{"not_picked":["ClearTheMind","SignatureMove","FlyingSleeves"],"picked":"SKIP","floor":8.0},{"not_picked":["Evaluate","CrushJoints","ClearTheMind"],"picked":"SKIP","floor":10.0},{"not_picked":["Collect","FlurryOfBlows"],"picked":"Tantrum","floor":11.0},{"not_picked":["Omniscience","SpiritShield"],"picked":"DeusExMachina","floor":16.0},{"not_picked":["Protect","WheelKick"],"picked":"FollowUp","floor":18.0},{"not_picked":["FollowUp","ReachHeaven","EmptyFist"],"picked":"SKIP","floor":20.0},{"not_picked":["JustLucky","BowlingBash"],"picked":"MentalFortress","floor":22.0},{"not_picked":["Prostrate+1","Tantrum+1","Halt"],"picked":"SKIP","floor":23.0},{"not_picked":["ClearTheMind","Consecrate","SashWhip+1"],"picked":"SKIP","floor":24.0},{"not_picked":["ClearTheMind","Consecrate","SashWhip+1"],"picked":"SKIP","floor":24.0},{"not_picked":["WheelKick","CutThroughFate"],"picked":"Judgement","floor":25.0},{"not_picked":["Evaluate","Protect","Conclude"],"picked":"SKIP","floor":27.0},{"not_picked":["Consecrate","Fasting2","Weave"],"picked":"SKIP","floor":35.0},{"not_picked":["Pray","Perseverance+1","FearNoEvil+1"],"picked":"SKIP","floor":40.0},{"not_picked":["PathToVictory","Prostrate","BowlingBash"],"picked":"SKIP","floor":41.0},{"not_picked":["Sanctity","Indignation+1","Vengeance"],"picked":"SKIP","floor":45.0},{"not_picked":["Secret Technique","Flash of Steel"],"picked":"Purity","floor":46.0},{"not_picked":["Wallop","Study"],"picked":"InnerPeace","floor":47.0},{"not_picked":["CarveReality+1","JustLucky+1","Protect"],"picked":"SKIP","floor":48.0},{"not_picked":["FollowUp","Omniscience","ThirdEye"],"picked":"SKIP","floor":54.0}],"player_experience":175715,"relics_obtained":[{"floor":6.0,"key":"PreservedInsect"},{"floor":9.0,"key":"Juzu Bracelet"},{"floor":19.0,"key":"Red Mask"},{"floor":23.0,"key":"Ancient Tea Set"},{"floor":25.0,"key":"Bottled Tornado"},{"floor":27.0,"key":"Pear"},{"floor":36.0,"key":"Bird Faced Urn"},{"floor":37.0,"key":"FossilizedHelix"},{"floor":40.0,"key":"Shuriken"},{"floor":43.0,"key":"Bag of Marbles"},{"floor":44.0,"key":"Omamori"},{"floor":45.0,"key":"Akabeko"},{"floor":47.0,"key":"Nunchaku"},{"floor":54.0,"key":"Bottled Lightning"}],"event_choices":[{"damage_healed":0.0,"max_hp_gain":0.0,"max_hp_loss":0.0,"gold_gain":0.0,"event_name":"Shining Light","player_choice":"Entered Light","floor":2.0,"gold_loss":0.0,"damage_taken":14.0,"cards_upgraded":["Strike_P","Defend_P"]},{"damage_healed":0.0,"max_hp_gain":0.0,"max_hp_loss":0.0,"gold_gain":0.0,"event_name":"Golden Idol","player_choice":"Take Damage","floor":3.0,"gold_loss":0.0,"damage_taken":18.0,"relics_obtained":["Golden Idol"]},{"damage_healed":0.0,"max_hp_gain":0.0,"max_hp_loss":0.0,"gold_gain":0.0,"event_name":"The Cleric","player_choice":"Leave","floor":5.0,"gold_loss":0.0,"damage_taken":0.0},{"damage_healed":0.0,"max_hp_gain":0.0,"max_hp_loss":0.0,"gold_gain":0.0,"event_name":"Liars Game","player_choice":"Ignored","floor":14.0,"gold_loss":0.0,"damage_taken":0.0},{"damage_healed":0.0,"max_hp_gain":0.0,"max_hp_loss":0.0,"gold_gain":0.0,"event_name":"Masked Bandits","player_choice":"Fought Bandits","floor":19.0,"gold_loss":0.0,"damage_taken":0.0},{"damage_healed":0.0,"max_hp_gain":0.0,"max_hp_loss":0.0,"gold_gain":0.0,"event_name":"Cursed Tome","player_choice":"Ignored","floor":28.0,"gold_loss":0.0,"damage_taken":0.0},{"cards_removed":["Defend_P"],"damage_healed":0.0,"max_hp_gain":0.0,"max_hp_loss":0.0,"gold_gain":0.0,"event_name":"Beggar","player_choice":"Gave Gold","floor":31.0,"gold_loss":75.0,"damage_taken":0.0},{"damage_healed":0.0,"max_hp_gain":0.0,"max_hp_loss":0.0,"gold_gain":0.0,"event_name":"MindBloom","player_choice":"Fight","floor":36.0,"gold_loss":0.0,"damage_taken":0.0},{"damage_healed":0.0,"max_hp_gain":0.0,"max_hp_loss":4.0,"gold_gain":0.0,"event_name":"Winding Halls","player_choice":"Max HP","floor":38.0,"gold_loss":0.0,"damage_taken":0.0},{"damage_healed":0.0,"max_hp_gain":0.0,"max_hp_loss":0.0,"gold_gain":222.0,"event_name":"Tomb of Lord Red Mask","player_choice":"Wore Mask","floor":39.0,"gold_loss":0.0,"damage_taken":0.0},{"damage_healed":0.0,"max_hp_gain":0.0,"max_hp_loss":0.0,"gold_gain":0.0,"event_name":"Mysterious Sphere","player_choice":"Ignored","floor":42.0,"gold_loss":0.0,"damage_taken":0.0},{"damage_healed":0.0,"max_hp_gain":0.0,"max_hp_loss":0.0,"gold_gain":0.0,"event_name":"SensoryStone","player_choice":"Memory 1","floor":46.0,"gold_loss":0.0,"damage_taken":0.0}],"is_beta":true,"boss_relics":[{"not_picked":["Philosopher\u0027s Stone","Ectoplasm"],"picked":"Runic Pyramid"},{"not_picked":["Velvet Choker","Snecko Eye"],"picked":"SacredBark"}],"items_purged_floors":[12,21,30,53],"is_endless":false,"potions_floor_spawned":[6,16,18,20,22,25,33,35,45,48],"ascension_level":2}}