{"host":"vc42n08di9czm3e7","time":1609102776,"event":{"mods":["AchievementEnabler","Act Like it!","BaseMod","Colored Powertips","Downfall","Friendly Minions","GifTheSpireLib","Minty Spire (QoL Compilation)","Quick Restart","Rare Cards Sparkle","StSLib","The Jungle"],"gold_per_floor":[113,127,145,164,181,210,224,224,224,239,239,239,258,19,19,119,119,139,39,16,29,44,44,44,56,79,79,91,91,107,117,117,214,214,233,283,296,40,51,51,65,65,92,92,15,26,26,26,26,26,26],"floor_reached":50,"playtime":2541,"items_purged":["Strike_G","Strike_G","Strike_G"],"score":450,"play_id":"0db13a42-e5bd-434e-a326-38f7f19cb972","local_time":"20201227155936","is_ascension_mode":false,"campfire_choices":[{"floor":8,"key":"REST"},{"data":"Phantasmal Killer","floor":12,"key":"SMITH"},{"data":"A Thousand Cuts","floor":15,"key":"SMITH"},{"data":"After Image","floor":23,"key":"SMITH"},{"data":"Venomology","floor":29,"key":"SMITH"},{"floor":32,"key":"DIG"},{"data":"Escape Plan","floor":40,"key":"SMITH"},{"data":"Prepared","floor":42,"key":"SMITH"},{"data":"Backflip","floor":44,"key":"SMITH"},{"data":"Accuracy","floor":49,"key":"SMITH"}],"circlet_count":0,"master_deck":["Strike_G","Strike_G","Defend_G","Defend_G","Defend_G","Defend_G","Survivor","Neutralize","Poisoned Stab","Flying Knee","PiercingWail","Phantasmal Killer+1","Sucker Punch","Backflip","PiercingWail","Venomology+1","A Thousand Cuts+1","After Image+1","Backflip+1","Blade Dance","Cloak And Dagger","Flying Knee+1","Outmaneuver+1","Die Die Die","Prepared+1","Dash+1","Escape Plan+1","Blade Dance","Parasite","Cloak And Dagger+1","Prepared+1","Accuracy+1","Acrobatics+1"],"relics":["Ring of the Serpent","NeowsBlessing","Bronze Scales","HornCleat","Anchor","Shovel","Strawberry","SlaversCollar","Tingsha","Pen Nib"],"acts_visited":["Exordium","Exordium","TheBeyond"],"potions_floor_usage":[5,13,13,16,18,21,21,22,28,28,30,30,35,36,37,39,39,46,50,50,50],"damage_taken":[{"damage":0,"enemies":"Jaw Worm","floor":1,"turns":1},{"damage":0,"enemies":"Cultist","floor":2,"turns":1},{"damage":0,"enemies":"Small Slimes","floor":3,"turns":1},{"damage":11,"enemies":"3 Louse","floor":4,"turns":5},{"damage":17,"enemies":"Large Slime","floor":5,"turns":11},{"damage":26,"enemies":"Lagavulin","floor":6,"turns":8},{"damage":4,"enemies":"Looter","floor":7,"turns":3},{"damage":4,"enemies":"Red Slaver","floor":10,"turns":2},{"damage":0,"enemies":"Large Slime","floor":13,"turns":7},{"damage":2,"enemies":"Slime Boss","floor":16,"turns":6},{"damage":2,"enemies":"theJungle:MUSHROOMGANG","floor":18,"turns":4},{"damage":14,"enemies":"theJungle:Flameango_and_Byrd","floor":21,"turns":6},{"damage":2,"enemies":"theJungle:Lyon","floor":22,"turns":5},{"damage":12,"enemies":"theJungle:JungleHuntersEncounter","floor":25,"turns":5},{"damage":6,"enemies":"theJungle:SlimyTreeVines","floor":28,"turns":6},{"damage":0,"enemies":"theJungle:2_Snecko_Cultists","floor":30,"turns":5},{"damage":0,"enemies":"theJungle:Lyon","floor":31,"turns":5},{"damage":13,"enemies":"theJungle:QueenSpyder","floor":33,"turns":12},{"damage":0,"enemies":"3 Darklings","floor":35,"turns":5},{"damage":2,"enemies":"Mind Bloom Boss Battle","floor":36,"turns":7},{"damage":7,"enemies":"3 Shapes","floor":37,"turns":4},{"damage":21,"enemies":"Writhing Mass","floor":39,"turns":6},{"damage":20,"enemies":"Jaw Worm Horde","floor":41,"turns":4},{"damage":0,"enemies":"3 Darklings","floor":46,"turns":3},{"damage":53,"enemies":"Awakened One","floor":50,"turns":7}],"seed_played":"5698987516351556906","potions_obtained":[{"floor":4,"key":"ColorlessPotion"},{"floor":5,"key":"Ancient Potion"},{"floor":6,"key":"ColorlessPotion"},{"floor":10,"key":"SkillPotion"},{"floor":13,"key":"Weak Potion"},{"floor":21,"key":"BlessingOfTheForge"},{"floor":30,"key":"GhostInAJar"},{"floor":31,"key":"Ancient Potion"},{"floor":41,"key":"EssenceOfSteel"}],"is_trial":false,"path_per_floor":["M","M","M","M","M","E","M","R","T","M","?","R","M","$","R","B",null,"M","$","$","M","M","R","?","M","T","?","M","R","M","M","R","B",null,"M","?","M","$","M","R","M","R","T","R","$","M","?","$","R","B"],"character_chosen":"THE_SILENT","items_purchased":["A Thousand Cuts","Poisoned Stab","Escape Plan","Blade Dance","Accuracy"],"campfire_rested":1,"item_purchase_floors":[14,20,38,38,45],"current_hp_per_floor":[70,70,70,59,42,16,12,33,33,29,29,29,29,29,29,27,70,68,68,68,54,52,52,52,40,40,30,30,30,30,30,37,24,77,77,75,68,68,59,59,39,39,39,39,39,39,39,39,39,0,0],"gold":26,"neow_bonus":"THREE_ENEMY_KILL","is_daily":false,"chose_seed":false,"campfire_upgraded":8,"win_rate":0.0,"timestamp":1609102776,"path_taken":["M","M","M","M","M","E","M","R","T","M","?","R","?","?","R","BOSS","M","?","$","M","M","R","?","M","T","?","M","R","M","M","R","BOSS","M","?","M","$","M","R","M","R","T","R","$","M","?","$","R","BOSS"],"items_purchased_type":["Card","Card","Card","Card","Card"],"build_version":"2020-12-22","purchased_purges":3,"victory":false,"max_hp_per_floor":[70,70,70,70,70,70,70,70,70,70,70,70,70,70,70,70,70,70,70,70,70,70,70,70,70,70,70,70,70,70,70,77,77,77,77,77,77,77,77,77,77,77,77,77,77,77,77,77,77,77,77],"card_choices":[{"not_picked":["Prepared","Caltrops"],"picked":"Poisoned Stab","floor":1},{"not_picked":["Prepared","Dagger Spray"],"picked":"Flying Knee","floor":2},{"not_picked":["Outmaneuver","Quick Slash"],"picked":"PiercingWail","floor":3},{"not_picked":["Sucker Punch","Poisoned Stab"],"picked":"Phantasmal Killer","floor":4},{"not_picked":["Flying Knee","Tactician"],"picked":"Sucker Punch","floor":5},{"not_picked":["Flechettes","Escape Plan"],"picked":"Backflip","floor":6},{"not_picked":["Underhanded Strike","Prepared","Bane"],"picked":"SKIP","floor":7},{"not_picked":["Distraction","Outmaneuver"],"picked":"PiercingWail","floor":10},{"not_picked":["Prepared","Outmaneuver","Sucker Punch"],"picked":"SKIP","floor":13},{"not_picked":["Burst","Unload"],"picked":"After Image","floor":16},{"not_picked":["Well Laid Plans","Calculated Gamble","Sucker Punch"],"picked":"SKIP","floor":18},{"not_picked":["Masterful Stab","Bane"],"picked":"Backflip","floor":21},{"not_picked":["Flechettes","Reflex"],"picked":"Blade Dance","floor":22},{"not_picked":["Setup","Bane"],"picked":"Cloak And Dagger","floor":25},{"not_picked":["Prepared","Calculated Gamble","Masterful Stab"],"picked":"SKIP","floor":28},{"not_picked":["Deflect","Slice"],"picked":"Flying Knee+1","floor":30},{"not_picked":["Bane+1","Cloak And Dagger"],"picked":"Outmaneuver+1","floor":31},{"not_picked":["Tools of the Trade","Unload"],"picked":"Die Die Die","floor":33},{"not_picked":["Acrobatics","Bane+1"],"picked":"Prepared+1","floor":35},{"not_picked":["Dodge and Roll+1","Storm of Steel"],"picked":"Dash+1","floor":36},{"not_picked":["Dagger Spray","Deadly Poison","Distraction"],"picked":"SKIP","floor":37},{"not_picked":["Masterful Stab","Slice"],"picked":"Cloak And Dagger+1","floor":39},{"not_picked":["Wraith Form v2","Deadly Poison"],"picked":"Prepared","floor":41},{"not_picked":["Bane","Dodge and Roll+1"],"picked":"Acrobatics+1","floor":46}],"player_experience":268871,"relics_obtained":[{"floor":6,"key":"Bronze Scales"},{"floor":9,"key":"HornCleat"},{"floor":26,"key":"Anchor"},{"floor":32,"key":"Strawberry"},{"floor":36,"key":"Tingsha"},{"floor":43,"key":"Pen Nib"}],"event_choices":[{"damage_healed":0,"gold_gain":0,"cards_transformed":["Defend_G"],"player_choice":"Transformed","damage_taken":0,"max_hp_gain":0,"max_hp_loss":0,"event_name":"Transmorgrifier","floor":11,"gold_loss":0,"cards_obtained":["Venomology"]},{"damage_healed":0,"gold_gain":0,"player_choice":"Fight","damage_taken":0,"max_hp_gain":0,"max_hp_loss":0,"event_name":"MindBloom","floor":36,"gold_loss":0},{"cards_removed":["Poisoned Stab"],"damage_healed":0,"gold_gain":0,"player_choice":"Removed Attack","damage_taken":0,"max_hp_gain":0,"max_hp_loss":0,"event_name":"Falling","floor":47,"gold_loss":0}],"is_beta":false,"boss_relics":[{"not_picked":["HoveringKite","Calling Bell"],"picked":"Ring of the Serpent"},{"not_picked":["Runic Pyramid","Fusion Hammer"],"picked":"SlaversCollar"}],"items_purged_floors":[14,19,38],"is_endless":false,"potions_floor_spawned":[4,5,6,10,13,21,30,31,36,41],"killed_by":"Awakened One","ascension_level":0}}