{"host":"om3vwxs2fz5vu4gd","time":1609071191,"event":{"mods":["BaseMod","Minty Spire (QoL Compilation)","Robot Space Explorer","StSLib","The Dragon Tamer","The Necromancer"],"gold_per_floor":[18,28,41,14,14,14,14,14],"floor_reached":7,"playtime":381,"items_purged":[],"score":58,"play_id":"5e7cdca3-7738-4570-b2eb-b8d5a3454615","local_time":"20201227231311","is_ascension_mode":true,"campfire_choices":[{"data":"Magnetism","floor":6.0,"key":"SMITH"}],"circlet_count":0,"master_deck":["Strike_W","Strike_W","Strike_W","Strike_W","Defend_W","Defend_W","Defend_W","Defend_W","Negative_Energy_Arrows","Bone_Wall","Magnetism+1","Bones_to_Steel","Bone_Shift","Uncharnel"],"relics":["Vampire_Amulet","Golden Idol"],"acts_visited":["Exordium"],"potions_floor_usage":[],"damage_taken":[{"damage":3.0,"enemies":"Small Slimes","floor":1.0,"turns":4.0},{"damage":3.0,"enemies":"Jaw Worm","floor":2.0,"turns":5.0},{"damage":1.0,"enemies":"2 Louse","floor":3.0,"turns":3.0},{"damage":14.0,"enemies":"Exordium Thugs","floor":4.0,"turns":5.0},{"damage":45,"enemies":"Lagavulin","floor":7,"turns":8}],"seed_played":"-6305041415490256633","potions_obtained":[{"floor":4.0,"key":"Explosive Potion"}],"is_trial":false,"path_per_floor":["M","M","M","M","?","R","E"],"character_chosen":"NECROMANCER","items_purchased":[],"campfire_rested":0,"item_purchase_floors":[],"current_hp_per_floor":[69,68,71,59,41,41,0,0],"gold":14,"neow_bonus":"RANDOM_COLORLESS_2","is_daily":false,"chose_seed":false,"campfire_upgraded":1,"win_rate":0.0,"timestamp":1609071191,"path_taken":["M","M","M","M","?","R","E"],"items_purchased_type":[],"build_version":"2020-12-22","purchased_purges":0,"victory":false,"max_hp_per_floor":[75,75,75,75,75,75,75,75],"card_choices":[{"not_picked":["Chrysalis","Thinking Ahead"],"picked":"Magnetism","floor":0.0},{"not_picked":["Chill_Blood","Negative_Energy_Javelin","Deaths_Shadow"],"picked":"SKIP","floor":1.0},{"not_picked":["Slay_Living","Blood_Whip"],"picked":"Bones_to_Steel","floor":2.0},{"not_picked":["Vampiric_Strike","Chill_Blood"],"picked":"Bone_Shift","floor":3.0},{"not_picked":["Negative_Energy_Sphere","Death_Coil"],"picked":"Uncharnel","floor":4.0}],"player_experience":403072,"relics_obtained":[],"event_choices":[{"damage_healed":0.0,"max_hp_gain":0.0,"max_hp_loss":0.0,"gold_gain":0.0,"event_name":"Golden Idol","player_choice":"Take Damage","floor":5.0,"gold_loss":0.0,"damage_taken":18.0,"relics_obtained":["Golden Idol"]}],"is_beta":false,"boss_relics":[],"items_purged_floors":[],"is_endless":false,"potions_floor_spawned":[4],"killed_by":"Lagavulin","ascension_level":7}}