{"host":"qc1sjgtdjonvdsd8","time":1609052679,"event":{"mods":["BaseMod","Colored Map","Colored Powertips","Curses Come First","Downfall","Minty Spire (QoL Compilation)","Replay The Spire","StSLib","The Cursed","The Disciple","The Necromancer","The Servant 0.9.4"],"gold_per_floor":[118,154,154,165,165,195,195,523,523,314,314,314,329,339,339,441,441,452,300,313,331,430,430,443,443,443,443,452,452,475,492,492,600,700,729,729,739,584,597,597,613,613,622,622,622,622,638,656,656,656,656],"floor_reached":50,"playtime":2817,"items_purged":["Strike_W","Defend_W","Languid"],"score":550,"play_id":"e1612ccc-e7fd-45fe-8d40-c6be5c918ef5","local_time":"20201226230439","is_ascension_mode":false,"campfire_choices":[{"floor":7,"key":"REST"},{"data":"Uncharnel","floor":11,"key":"SMITH"},{"data":"Summon_Death_Knight","floor":23,"key":"SMITH"},{"data":"Summon_Undead_Army","floor":25,"key":"SMITH"},{"data":"Summon_Undead_Army","floor":27,"key":"SMITH"},{"floor":29,"key":"REST"},{"floor":32,"key":"REST"},{"data":"Slay_Living","floor":40,"key":"SMITH"},{"floor":42,"key":"RECALL"},{"floor":44,"key":"REST"},{"floor":49,"key":"REST"}],"circlet_count":0,"master_deck":["Strike_W","Defend_W","Defend_W","Defend_W","Negative_Energy_Arrows","Bone_Wall","Negative_Energy_Javelin","Negative_Energy_Burst+1","Life_Drain","Life_Drain","Uncharnel","Blood_Is_Power","Uncharnel+1","Blood_for_Blood+1","Summon_Death_Knight+1","Summon_Undead_Army+1","Summon_Undead_Army+1","Finger_Of_Death+1","Blood_Is_Power","Vampiric_Strike","Grasp_Heart","Siphon_Strength+1","Slay_Living+1","Spreading Infection","Madness","Madness"],"relics":["Vampire_Amulet","NeowsBlessing","Singing Bowl","Gremlin Horn","Old Coin","Bronze Scales","Cursed Key","CeramicFish","Iron Hammer","Replay:Wanted Poster","White Beast Statue"],"acts_visited":["Exordium","TheCity","TheBeyond"],"potions_floor_usage":[20],"damage_taken":[{"damage":0,"enemies":"Cultist","floor":1,"turns":1},{"damage":0,"enemies":"Jaw Worm","floor":4,"turns":1},{"damage":0,"enemies":"Replay:BlueRogue","floor":6,"turns":1},{"damage":39,"enemies":"Lagavulin","floor":8,"turns":8},{"damage":2,"enemies":"Small Slimes","floor":13,"turns":2},{"damage":8,"enemies":"2 Fungi Beasts","floor":14,"turns":3},{"damage":36,"enemies":"Slime Boss","floor":16,"turns":8},{"damage":10,"enemies":"3 Byrds","floor":18,"turns":3},{"damage":19,"enemies":"2 Thieves","floor":20,"turns":3},{"damage":19,"enemies":"Snecko","floor":21,"turns":5},{"damage":26,"enemies":"Centurion and Healer","floor":24,"turns":4},{"damage":24,"enemies":"Snake Plant","floor":30,"turns":3},{"damage":15,"enemies":"3 Cultists","floor":31,"turns":4},{"damage":82,"enemies":"Champ","floor":33,"turns":8},{"damage":15,"enemies":"Orb Walker","floor":35,"turns":3},{"damage":4,"enemies":"3 Shapes","floor":37,"turns":4},{"damage":31,"enemies":"Writhing Mass","floor":39,"turns":4},{"damage":44,"enemies":"Jaw Worm Horde","floor":41,"turns":4},{"damage":23,"enemies":"Spire Growth","floor":47,"turns":4},{"damage":89,"enemies":"Donu and Deca","floor":50,"turns":4}],"seed_played":"-4321534333358056888","potions_obtained":[{"floor":1,"key":"Fire Potion"},{"floor":16,"key":"FearPotion"},{"floor":18,"key":"sneckomod:MuddlingPotion"},{"floor":24,"key":"Explosive Potion"}],"is_trial":false,"path_per_floor":["M","?","?","M","?","E","R","E","T","$","R","?","M","M","R_BF","B",null,"M","$","M","M","?","R","M","R","T","R","T","R","M","M","R","B",null,"M","?","M","$","M","R","M","R","T","R","$","?","M","?","R","B"],"character_chosen":"NECROMANCER","items_purchased":["Uncharnel","Blood_for_Blood+1","Summon_Undead_Army","Slay_Living"],"campfire_rested":5,"item_purchase_floors":[10,10,19,38],"current_hp_per_floor":[75,45,45,53,46,54,75,54,54,54,54,42,58,62,79,63,79,81,81,72,64,64,64,50,50,50,50,50,74,52,59,84,26,85,78,78,87,87,66,66,37,37,37,64,64,64,59,47,74,0,0],"gold":656,"neow_bonus":"THREE_ENEMY_KILL","is_daily":false,"chose_seed":false,"campfire_upgraded":5,"win_rate":0.0,"timestamp":1609052679,"path_taken":["M","?","?","M","?","E","R","E","T","?","R","?","?","M","R_BF","BOSS","M","$","?","?","?","R","M","R","T","R","?","R","M","M","R","BOSS","M","?","M","$","M","R","?","R","T","R","?","?","M","?","R","BOSS"],"items_purchased_type":["Card","Card","Card","Card"],"build_version":"2020-12-22","purchased_purges":3,"victory":false,"max_hp_per_floor":[75,75,75,75,75,75,75,75,75,75,75,75,77,79,79,79,79,81,81,81,81,81,81,83,83,83,83,83,83,83,85,85,85,85,85,85,87,87,89,89,91,91,91,91,91,91,93,93,93,93,93],"card_choices":[{"not_picked":["Acid_Javelin","Scare"],"picked":"Negative_Energy_Javelin","floor":1},{"not_picked":["Epidemic","Blood_Curse"],"picked":"Negative_Energy_Burst","floor":2},{"not_picked":["Negative_Energy_Mist","Blood_for_Blood"],"picked":"Life_Drain","floor":2},{"not_picked":["Death_Coil","Thousand_Bone_Knives"],"picked":"Life_Drain","floor":4},{"not_picked":["Bone_Spikes","Pandemic"],"picked":"Uncharnel","floor":6},{"not_picked":["Pandemic","Strike_from_Beyond"],"picked":"Blood_Is_Power","floor":8},{"not_picked":["Necrotic_Claws","Epidemic","Negative_Energy_Mist"],"picked":"Singing Bowl","floor":13},{"not_picked":["Chill_Blood","Vampiric_Strike","Epidemic"],"picked":"Singing Bowl","floor":14},{"not_picked":["Hellfire","Blood_Magic"],"picked":"Summon_Death_Knight","floor":16},{"not_picked":["Bone_Spikes","Negative_Energy_Javelin","Death_Coil"],"picked":"Singing Bowl","floor":18},{"not_picked":["Bone_Spikes","Scare"],"picked":"Finger_Of_Death+1","floor":20},{"not_picked":["Bone_Spikes","Finger_Of_Death"],"picked":"Blood_Is_Power","floor":21},{"not_picked":["Negative_Energy_Sphere","Plague_Bolt","Consume_Illness"],"picked":"Singing Bowl","floor":24},{"not_picked":["Necrotic_Claws+1","Bones_to_Steel+1"],"picked":"Vampiric_Strike","floor":30},{"not_picked":["Death_March_Dance","Negative_Energy_Shield","Toxic_Smoke_Screen"],"picked":"Singing Bowl","floor":31},{"not_picked":["Requiem","Detonate_Bones"],"picked":"Grasp_Heart","floor":33},{"not_picked":["Death_March_Dance+1","Scare"],"picked":"Siphon_Strength+1","floor":35},{"not_picked":["Death_March_Dance+1","Blood_for_Blood+1","Death_Coil+1"],"picked":"Singing Bowl","floor":37},{"not_picked":["Negative_Energy_Burst+1","Siphon_Strength","Shackles_Of_Pain"],"picked":"Singing Bowl","floor":39},{"not_picked":["Flesh_Made_Foul","Bones_to_Steel","Consume_Illness+1"],"picked":"Singing Bowl","floor":41},{"not_picked":["Blood_Whip","Vampiric_Strike","Negative_Energy_Sphere"],"picked":"Singing Bowl","floor":47}],"player_experience":229549,"relics_obtained":[{"floor":2,"key":"Singing Bowl"},{"floor":6,"key":"Gremlin Horn"},{"floor":8,"key":"Old Coin"},{"floor":26,"key":"CeramicFish"},{"floor":28,"key":"Iron Hammer"},{"floor":43,"key":"White Beast Statue"}],"event_choices":[{"cards_removed":["Strike_W"],"damage_healed":0,"gold_gain":0,"player_choice":"Forget","damage_taken":0,"max_hp_gain":0,"max_hp_loss":0,"event_name":"Living Wall","floor":3,"gold_loss":0},{"cards_removed":["Strike_W"],"damage_healed":0,"gold_gain":0,"player_choice":"Card Removal","damage_taken":7,"max_hp_gain":0,"max_hp_loss":0,"event_name":"Golden Wing","floor":5,"gold_loss":0},{"damage_healed":0,"gold_gain":0,"player_choice":"Success","damage_taken":12,"relics_obtained":["Bronze Scales"],"max_hp_gain":0,"max_hp_loss":0,"event_name":"Scrap Ooze","floor":12,"gold_loss":0},{"damage_healed":0,"gold_gain":99,"player_choice":"Stole From Cult","damage_taken":0,"max_hp_gain":0,"max_hp_loss":0,"event_name":"Nest","floor":22,"gold_loss":0},{"cards_removed":["Doubt"],"damage_healed":0,"gold_gain":0,"player_choice":"Purged","damage_taken":0,"max_hp_gain":0,"max_hp_loss":0,"event_name":"Purifier","floor":36,"gold_loss":0},{"damage_healed":0,"gold_gain":0,"player_choice":"Ignored","damage_taken":0,"max_hp_gain":0,"max_hp_loss":0,"event_name":"Tomb of Lord Red Mask","floor":46,"gold_loss":0},{"damage_healed":0,"gold_gain":0,"player_choice":"Embrace Madness","damage_taken":12,"max_hp_gain":0,"max_hp_loss":0,"event_name":"Winding Halls","floor":48,"gold_loss":0,"cards_obtained":["Madness","Madness"]}],"is_beta":false,"boss_relics":[{"not_picked":["Kintsugi","Runic Pyramid"],"picked":"Cursed Key"},{"not_picked":["Abe\u0027s Treasure","Velvet Choker"],"picked":"Replay:Wanted Poster"}],"items_purged_floors":[10,19,38],"is_endless":false,"potions_floor_spawned":[1,16,18,24,31,33,35,37,47],"killed_by":"Donu and Deca","ascension_level":0}}