{"host":"dhyczjm99amxd3qx","time":1609108279,"event":{"mods":["BaseMod","Colored Map","Googly Eyes","Highlight Path","Minty Spire (QoL Compilation)","Quick Restart","StSLib"],"gold_per_floor":[367,383,398,398,418,451,461,496,496,529,545,558,570,581,581,682,682,696,710,311,326,345,376,392,425,452,466,466,500,500,527,527,622,622,632,632,655,877,893,921,528,528,551,551,584,595,614,646,646,646],"floor_reached":51,"playtime":4819,"items_purged":["Defend_R","Normality"],"score":940,"play_id":"b4dcab11-470a-4cef-bc87-001653c06c73","local_time":"20201227173119","is_ascension_mode":true,"campfire_choices":[{"data":"Bash","floor":15.0,"key":"SMITH"},{"data":"Inflame","floor":28,"key":"SMITH"},{"data":"Double Tap","floor":32,"key":"SMITH"},{"data":"Limit Break","floor":44,"key":"SMITH"},{"data":"Battle Trance","floor":49,"key":"SMITH"}],"circlet_count":0,"master_deck":["Strike_R","Strike_R","Strike_R+1","Strike_R","Defend_R","Defend_R","Bash+1","Thunderclap+1","Clash","Battle Trance+1","Clash","Headbutt+1","Carnage+1","Whirlwind+1","Iron Wave+1","Double Tap+1","CurseOfTheBell","Iron Wave+1","Hemokinesis+1","Reaper+1","Inflame+1","Iron Wave+1","Clash+1","Iron Wave+1","Limit Break+1","Flex+1","Iron Wave+1","Doubt","Bloodletting+1","Thunderclap+1","Iron Wave+1"],"relics":["Burning Blood","Whetstone","Shuriken","Self Forming Clay","Molten Egg 2","Calling Bell","Vajra","Meat on the Bone","Charon\u0027s Ashes","White Beast Statue","Bottled Lightning","Letter Opener","MealTicket","Red Mask","Anchor","Cursed Key","Oddly Smooth Stone","Happy Flower","Bag of Marbles","TheAbacus","PreservedInsect","Bottled Flame","Pen Nib"],"acts_visited":["Exordium","TheCity","TheBeyond"],"potions_floor_usage":[25,31,31,33,33,40,40,45,46,48,50,50],"damage_taken":[{"damage":0.0,"enemies":"Small Slimes","floor":1.0,"turns":4.0},{"damage":7.0,"enemies":"Cultist","floor":2.0,"turns":6.0},{"damage":6.0,"enemies":"2 Louse","floor":3.0,"turns":3.0},{"damage":24.0,"enemies":"Exordium Thugs","floor":5.0,"turns":5.0},{"damage":6.0,"enemies":"Gremlin Nob","floor":6.0,"turns":3.0},{"damage":4.0,"enemies":"Blue Slaver","floor":7.0,"turns":3.0},{"damage":13.0,"enemies":"3 Sentries","floor":8.0,"turns":5.0},{"damage":3.0,"enemies":"Lagavulin","floor":10.0,"turns":4.0},{"damage":12.0,"enemies":"Large Slime","floor":11.0,"turns":3.0},{"damage":0.0,"enemies":"Exordium Wildlife","floor":12.0,"turns":2.0},{"damage":0.0,"enemies":"3 Louse","floor":13.0,"turns":2.0},{"damage":0.0,"enemies":"Red Slaver","floor":14.0,"turns":1.0},{"damage":14.0,"enemies":"The Guardian","floor":16.0,"turns":7.0},{"damage":0.0,"enemies":"Shell Parasite","floor":18.0,"turns":1.0},{"damage":10.0,"enemies":"Chosen","floor":19.0,"turns":2.0},{"damage":21.0,"enemies":"Centurion and Healer","floor":21.0,"turns":4.0},{"damage":27.0,"enemies":"Shelled Parasite and Fungi","floor":22.0,"turns":4.0},{"damage":21.0,"enemies":"Slavers","floor":23.0,"turns":3.0},{"damage":4.0,"enemies":"Snecko","floor":24.0,"turns":2.0},{"damage":18,"enemies":"Book of Stabbing","floor":25,"turns":3},{"damage":9,"enemies":"Cultist and Chosen","floor":27,"turns":4},{"damage":0,"enemies":"Masked Bandits","floor":29,"turns":2},{"damage":0,"enemies":"Slavers","floor":31,"turns":1},{"damage":8,"enemies":"Automaton","floor":33,"turns":6},{"damage":7,"enemies":"3 Shapes","floor":35,"turns":2},{"damage":0,"enemies":"Orb Walker","floor":39,"turns":2},{"damage":33,"enemies":"Reptomancer","floor":40,"turns":4},{"damage":35,"enemies":"Giant Head","floor":45,"turns":6},{"damage":12,"enemies":"Spire Growth","floor":46,"turns":3},{"damage":15,"enemies":"Writhing Mass","floor":47,"turns":4},{"damage":4,"enemies":"Reptomancer","floor":48,"turns":2},{"damage":60,"enemies":"Awakened One","floor":50,"turns":7}],"seed_played":"5115344560729651276","potions_obtained":[{"floor":5.0,"key":"EntropicBrew"},{"floor":6.0,"key":"SpeedPotion"},{"floor":8.0,"key":"Strength Potion"},{"floor":10.0,"key":"FearPotion"},{"floor":12.0,"key":"SpeedPotion"},{"floor":14.0,"key":"Dexterity Potion"},{"floor":19.0,"key":"Dexterity Potion"},{"floor":21.0,"key":"FearPotion"},{"floor":22.0,"key":"Explosive Potion"},{"floor":23.0,"key":"Energy Potion"},{"floor":24.0,"key":"SteroidPotion"},{"floor":25,"key":"DuplicationPotion"},{"floor":27,"key":"DistilledChaos"},{"floor":29,"key":"EssenceOfSteel"},{"floor":31,"key":"BlessingOfTheForge"},{"floor":33,"key":"FearPotion"},{"floor":35,"key":"Weak Potion"},{"floor":39,"key":"SteroidPotion"},{"floor":40,"key":"ElixirPotion"},{"floor":45,"key":"Weak Potion"},{"floor":46,"key":"BloodPotion"},{"floor":47,"key":"Fire Potion"},{"floor":48,"key":"LiquidBronze"}],"is_trial":false,"path_per_floor":["M","M","M","?","M","E","M","E","T","E","M","M","M","M","R","B",null,"M","M","$","M","M","E","M","E","T","M","R","?","?","E","R","B",null,"M","?","T","?","M","E","$","?","T","R","E","M","M","E","R","B",null],"character_chosen":"IRONCLAD","items_purchased":["White Beast Statue","Hemokinesis+1","Bag of Marbles","TheAbacus"],"campfire_rested":0,"item_purchase_floors":[20,20,41,41],"current_hp_per_floor":[72,71,71,71,53,62,64,57,57,60,54,60,66,72,72,64,72,72,68,68,53,51,48,50,50,50,47,47,53,37,43,43,59,72,71,68,68,68,68,41,56,56,56,56,39,45,52,67,67,25],"gold":646,"neow_bonus":"TWO_FIFTY_GOLD","is_daily":false,"chose_seed":false,"campfire_upgraded":5,"win_rate":0.0,"timestamp":1609108279,"path_taken":["M","M","M","?","M","E","M","E","T","E","M","M","M","M","R","BOSS","M","M","$","M","M","E","?","E","T","M","R","?","?","E","R","BOSS","M","?","?","?","M","E","$","?","T","R","E","M","M","E","R","BOSS"],"items_purchased_type":["Relic","Card","Relic","Relic"],"build_version":"2020-12-22","purchased_purges":2,"victory":true,"max_hp_per_floor":[72,72,72,72,72,72,72,72,72,72,72,72,72,72,72,72,72,72,72,72,72,72,72,72,72,72,72,72,72,72,72,72,72,72,72,68,68,68,68,68,68,68,68,68,68,68,68,68,68,68],"card_choices":[{"not_picked":["Clothesline","True Grit","Iron Wave"],"picked":"SKIP","floor":1.0},{"not_picked":["Body Slam","Intimidate"],"picked":"Thunderclap","floor":2.0},{"not_picked":["Wild Strike","Burning Pact","Sword Boomerang"],"picked":"SKIP","floor":3.0},{"not_picked":["Clothesline","Reckless Charge"],"picked":"Clash","floor":5.0},{"not_picked":["Cleave","Dark Embrace"],"picked":"Battle Trance","floor":6.0},{"not_picked":["Sword Boomerang","Berserk"],"picked":"Clash","floor":7.0},{"not_picked":["Rampage","Ghostly Armor","Havoc"],"picked":"SKIP","floor":8.0},{"not_picked":["Spot Weakness","Shrug It Off"],"picked":"Headbutt+1","floor":10.0},{"not_picked":["Havoc","Perfected Strike+1"],"picked":"Carnage+1","floor":11.0},{"not_picked":["Disarm","Clothesline+1"],"picked":"Whirlwind+1","floor":12.0},{"not_picked":["Shockwave","Heavy Blade+1","Entrench"],"picked":"SKIP","floor":13.0},{"not_picked":["Infernal Blade","Body Slam+1"],"picked":"Iron Wave+1","floor":14.0},{"not_picked":["Juggernaut","Barricade"],"picked":"Double Tap","floor":16.0},{"not_picked":["Wild Strike+1","Anger+1","Shrug It Off"],"picked":"SKIP","floor":18.0},{"not_picked":["Body Slam+1","Evolve"],"picked":"Iron Wave+1","floor":19.0},{"not_picked":["Havoc","Shrug It Off"],"picked":"Reaper+1","floor":21.0},{"not_picked":["Disarm","Second Wind"],"picked":"Inflame","floor":22.0},{"not_picked":["Second Wind","Perfected Strike+1","Impervious"],"picked":"SKIP","floor":23.0},{"not_picked":["Rampage+1","Dual Wield"],"picked":"Iron Wave+1","floor":24.0},{"not_picked":["Warcry","Spot Weakness+1"],"picked":"Clash+1","floor":25},{"not_picked":["Entrench+1","Dark Embrace"],"picked":"Iron Wave+1","floor":27},{"not_picked":["Carnage+1","Perfected Strike+1","Flame Barrier+1"],"picked":"SKIP","floor":31},{"not_picked":["Demon Form","Fiend Fire+1"],"picked":"Limit Break","floor":33},{"not_picked":["Clash+1","Whirlwind+1","True Grit+1"],"picked":"SKIP","floor":35},{"not_picked":["Anger+1","Twin Strike+1"],"picked":"Flex+1","floor":39},{"not_picked":["Second Wind","Disarm"],"picked":"Iron Wave+1","floor":40},{"not_picked":["Corruption","Shrug It Off+1"],"picked":"Bloodletting+1","floor":45},{"not_picked":["Armaments+1","Sword Boomerang+1"],"picked":"Thunderclap+1","floor":46},{"not_picked":["Bloodletting+1","Rupture+1"],"picked":"Iron Wave+1","floor":47},{"not_picked":["Cleave+1","Armaments+1","Shrug It Off+1"],"picked":"SKIP","floor":48}],"player_experience":107251,"relics_obtained":[{"floor":6.0,"key":"Whetstone"},{"floor":8.0,"key":"Shuriken"},{"floor":9.0,"key":"Self Forming Clay"},{"floor":10.0,"key":"Molten Egg 2"},{"floor":17.0,"key":"Vajra"},{"floor":17.0,"key":"Meat on the Bone"},{"floor":17.0,"key":"Charon\u0027s Ashes"},{"floor":23.0,"key":"Bottled Lightning"},{"floor":25,"key":"Letter Opener"},{"floor":26,"key":"MealTicket"},{"floor":29,"key":"Red Mask"},{"floor":31,"key":"Anchor"},{"floor":37,"key":"Oddly Smooth Stone"},{"floor":40,"key":"Happy Flower"},{"floor":43,"key":"PreservedInsect"},{"floor":45,"key":"Bottled Flame"},{"floor":48,"key":"Pen Nib"}],"event_choices":[{"cards_removed":["Defend_R"],"damage_healed":0.0,"max_hp_gain":0.0,"max_hp_loss":0.0,"gold_gain":0.0,"event_name":"Bonfire Elementals","player_choice":"Offered Basic","floor":4.0,"gold_loss":0.0,"damage_taken":0.0},{"damage_healed":0,"gold_gain":0,"player_choice":"Fought Bandits","damage_taken":0,"max_hp_gain":0,"max_hp_loss":0,"event_name":"Masked Bandits","floor":29,"gold_loss":0},{"damage_healed":0,"gold_gain":0,"player_choice":"Obtained Book","damage_taken":16,"max_hp_gain":0,"max_hp_loss":0,"event_name":"Cursed Tome","floor":30,"gold_loss":0},{"damage_healed":0,"gold_gain":0,"player_choice":"Max HP","damage_taken":0,"max_hp_gain":0,"max_hp_loss":4,"event_name":"Winding Halls","floor":36,"gold_loss":0},{"damage_healed":0,"gold_gain":222,"player_choice":"Wore Mask","damage_taken":0,"max_hp_gain":0,"max_hp_loss":0,"event_name":"Tomb of Lord Red Mask","floor":38,"gold_loss":0},{"cards_removed":["Strike_R"],"damage_healed":0,"gold_gain":0,"player_choice":"Removed Attack","damage_taken":0,"max_hp_gain":0,"max_hp_loss":0,"event_name":"Falling","floor":42,"gold_loss":0}],"is_beta":false,"boss_relics":[{"not_picked":["Fusion Hammer","Snecko Eye"],"picked":"Calling Bell"},{"not_picked":["Tiny House","Astrolabe"],"picked":"Cursed Key"}],"items_purged_floors":[20,41],"is_endless":false,"potions_floor_spawned":[5,6,8,10,12,14,19,21,22,23,24,25,27,29,31,33,35,39,40,45,46,47,48],"ascension_level":1}}