{"host":"xuxmsn6olavvgi6l","time":1609097642,"event":{"mods":["AchievementEnabler","Act Like it!","BaseMod","Better Third Choice","BetterRewards","Colored Map","Colored Powertips","Hermit","Highlight Path","Hubris","Infinite Spire","Marisa????????","Minty Spire (QoL Compilation)","Rare Cards Sparkle","Replay The Spire","Shop Mod","StSLib","The Animator","The Bug Knight","The Construct","The Cursed","The Runesmith","The Servant 0.9.4"],"gold_per_floor":[209,134,134,59,77,77,77,95,95,119,143,174,174,189,189,310,310,329,350,350,350,62,62,62],"floor_reached":23,"playtime":778,"items_purged":["HollowMod:NailStrikeStart","HollowMod:NailStrikeStart"],"score":216,"play_id":"06d5f4b9-3e96-4a04-88ba-6cc397d32ea4","local_time":"20201227133402","is_ascension_mode":false,"campfire_choices":[{"data":"HollowMod:MantisMark","floor":6,"key":"SMITH"}],"circlet_count":0,"master_deck":["HollowMod:NailStrikeStart","HollowMod:NailStrikeStart","HollowMod:QuickDashStart","HollowMod:QuickDashStart","HollowMod:QuickDashStart","HollowMod:QuickDashStart","HollowMod:PogoStrike","HollowMod:MantisMark+1","HollowMod:AbyssShriek+1","Injury","HollowMod:CloakDash+1","HollowMod:MylasSalvation","HollowMod:LifebloodCore","HollowMod:SiblingsSouls+1","HollowMod:FastStrike","infinitespire:Fortify","HollowMod:SoulStrike","HollowMod:MonarchWings"],"relics":["HollowMod:VesselMask","Golden Idol","Akabeko","Ornamental Fan","ChewingGum","Membership Card","MerchantsRug"],"acts_visited":["Exordium","TheCity"],"potions_floor_usage":[12,12,18],"damage_taken":[{"damage":1.0,"enemies":"2 Louse","floor":1.0,"turns":2.0},{"damage":1,"enemies":"Jaw Worm","floor":5,"turns":2},{"damage":5,"enemies":"Small Slimes","floor":8,"turns":2},{"damage":7,"enemies":"3 Louse","floor":10,"turns":2},{"damage":11,"enemies":"Large Slime","floor":11,"turns":3},{"damage":0,"enemies":"Gremlin Nob","floor":12,"turns":2},{"damage":3,"enemies":"Red Slaver","floor":14,"turns":2},{"damage":66,"enemies":"HollowMod:FalseKnight","floor":16,"turns":10},{"damage":18,"enemies":"Spheric Guardian","floor":18,"turns":7},{"damage":0,"enemies":"3 Byrds","floor":19,"turns":3},{"damage":47,"enemies":"Nightmare","floor":23,"turns":8}],"seed_played":"-2463046915658549065","potions_obtained":[{"floor":1.0,"key":"Adrenaline Potion"},{"floor":8,"key":"Elixir"},{"floor":11,"key":"Strength Potion"}],"is_trial":false,"path_per_floor":["M","?","?","$","M","R","?","M","T","M","M","E","?","M","R_BF","B",null,"M","M","?","?","$","NM"],"character_chosen":"THE_BUGKNIGHT","items_purchased":["Membership Card","MerchantsRug","HollowMod:MonarchWings"],"campfire_rested":0,"item_purchase_floors":[22,22,22],"current_hp_per_floor":[75,80,80,80,79,79,79,74,74,67,56,56,56,53,77,11,80,62,62,42,42,42,0,0],"gold":62,"neow_bonus":"HUNDRED_GOLD","is_daily":false,"chose_seed":false,"campfire_upgraded":1,"win_rate":0.0,"timestamp":1609097642,"path_taken":["M","?","?","$","M","R","?","M","T","M","M","E","?","M","R_BF","BOSS","M","M","?","?","$","NM"],"items_purchased_type":["Relic","Relic","Card"],"build_version":"2020-12-22","purchased_purges":2,"victory":false,"max_hp_per_floor":[75,80,80,80,80,80,80,80,80,80,80,80,80,80,80,80,80,80,80,80,80,80,80,80],"card_choices":[{"not_picked":["HollowMod:DescendingDark","HollowMod:QuirrelsAssistance"],"picked":"HollowMod:MantisMark","floor":1.0},{"not_picked":["HollowMod:AbyssShriek","HollowMod:DoubleDash","HollowMod:SoulStrike"],"picked":"SKIP","floor":5},{"not_picked":["HollowMod:SoulShaman","HollowMod:WraithStrike","HollowMod:ElderbugsWisdom"],"picked":"SKIP","floor":8},{"not_picked":["HollowMod:SoulSplash","HollowMod:SharpenedShadows","HollowMod:NewGlowingWomb"],"picked":"SKIP","floor":10},{"not_picked":["HollowMod:HowlingWraiths","HollowMod:ShapeofUnn"],"picked":"HollowMod:CloakDash","floor":11},{"not_picked":["HollowMod:QuirrelsAssistance","HollowMod:LifebloodCocoon","HollowMod:SoulVessel"],"picked":"SKIP","floor":12},{"not_picked":["HollowMod:ChannelNail","HollowMod:NewJinnsSoul","HollowMod:CrystalDash"],"picked":"SKIP","floor":14},{"not_picked":["HollowMod:SoulMaster","HollowMod:AwokenDreamNail"],"picked":"HollowMod:LifebloodCore","floor":16},{"not_picked":["HollowMod:BlackTendrils","HollowMod:HeavyBlow"],"picked":"HollowMod:SiblingsSouls+1","floor":18},{"not_picked":["HollowMod:ShadowDash","HollowMod:NewLittleFool"],"picked":"HollowMod:FastStrike","floor":19},{"not_picked":["ReplayTheSpireMod:Haul","hubris:InfiniteBlow"],"picked":"infinitespire:Fortify","floor":20}],"player_experience":1302393,"relics_obtained":[{"floor":9,"key":"Akabeko"},{"floor":12,"key":"Ornamental Fan"}],"event_choices":[{"damage_healed":0,"gold_gain":0,"player_choice":"Take Wound","damage_taken":0,"relics_obtained":["Golden Idol"],"max_hp_gain":0,"max_hp_loss":0,"event_name":"Golden Idol","floor":7,"gold_loss":0,"cards_obtained":["Injury"]},{"damage_healed":0,"gold_gain":0,"player_choice":"1 cards matched","damage_taken":0,"max_hp_gain":0,"max_hp_loss":0,"event_name":"Match and Keep!","floor":21,"gold_loss":0,"cards_obtained":["HollowMod:SoulStrike"]}],"is_beta":false,"boss_relics":[{"not_picked":["Runic Dome","Abe\u0027s Treasure"],"picked":"ChewingGum"}],"items_purged_floors":[4,22],"is_endless":false,"potions_floor_spawned":[1,8,11],"killed_by":"Nightmare","ascension_level":0}}