{"host":"2yqfi47fogfu1ic4","time":1609105449,"event":{"mods":["AchievementEnabler","BaseMod","Colored Map","Colored Powertips","Highlight Path","Minty Spire (QoL Compilation)","Permanent Neow","Relic Stats","StSLib"],"gold_per_floor":[116,127,127,52,127,127,143,153,208,218,250,264,264,264,264,338,338,358,358,371,296,119,138,188,188,188,203,203,203,203],"floor_reached":29,"playtime":1882,"items_purged":["Regret","Outmaneuver"],"score":450,"play_id":"2b631be4-df9f-4dc3-98a7-81c2da5f1295","local_time":"20201227224409","is_ascension_mode":true,"campfire_choices":[{"floor":6,"key":"REST"},{"data":"Choke","floor":13,"key":"SMITH"},{"floor":15,"key":"REST"},{"floor":25,"key":"REST"}],"circlet_count":0,"master_deck":["AscendersBane","Strike_G+1","Defend_G","Defend_G","Defend_G","Defend_G+1","Defend_G","Survivor","Neutralize","Cloak And Dagger","Poisoned Stab","Blade Dance","Choke+1","Dagger Spray","Catalyst","Riddle With Holes","Glass Knife","Phantasmal Killer+1","Blade Dance+1","Footwork","Dodge and Roll","Finisher","Footwork"],"relics":["SacredBark","Oddly Smooth Stone","Orichalcum","Boot","Astrolabe","Ancient Tea Set"],"acts_visited":["Exordium","TheCity"],"potions_floor_usage":[11,16,20,27,27,28],"damage_taken":[{"damage":14,"enemies":"Small Slimes","floor":1,"turns":5},{"damage":1,"enemies":"Jaw Worm","floor":2,"turns":6},{"damage":0,"enemies":"2 Louse","floor":7,"turns":3},{"damage":2,"enemies":"Exordium Wildlife","floor":8,"turns":5},{"damage":0,"enemies":"2 Fungi Beasts","floor":10,"turns":4},{"damage":19,"enemies":"Lagavulin","floor":11,"turns":6},{"damage":0,"enemies":"3 Louse","floor":12,"turns":2},{"damage":5,"enemies":"Slime Boss","floor":16,"turns":6},{"damage":0,"enemies":"3 Byrds","floor":18,"turns":4},{"damage":2,"enemies":"Shell Parasite","floor":20,"turns":5},{"damage":46,"enemies":"Sentry and Sphere","floor":23,"turns":8},{"damage":0,"enemies":"Shelled Parasite and Fungi","floor":27,"turns":3},{"damage":9,"enemies":"Colosseum Slavers","floor":28,"turns":2},{"damage":25,"enemies":"Snake Plant","floor":29,"turns":4}],"seed_played":"2858739862019606092","potions_obtained":[{"floor":7,"key":"CultistPotion"},{"floor":8,"key":"LiquidMemories"},{"floor":16,"key":"Block Potion"},{"floor":18,"key":"Poison Potion"},{"floor":20,"key":"Energy Potion"},{"floor":27,"key":"Poison Potion"}],"is_trial":false,"path_per_floor":["M","M","?","$","?","R","M","M","T","M","E","M","R","?","R","B",null,"M","?","M","?","$","M","?","R","T","M","?","M"],"character_chosen":"THE_SILENT","items_purchased":["Finisher"],"campfire_rested":3,"item_purchase_floors":[22],"current_hp_per_floor":[45,44,44,44,33,52,52,50,50,50,31,31,31,11,30,25,56,56,56,54,54,54,8,8,27,27,27,18,0,0],"gold":203,"neow_bonus":"BOSS_RELIC","is_daily":false,"chose_seed":false,"campfire_upgraded":1,"win_rate":0.0,"timestamp":1609105449,"path_taken":["M","M","?","$","?","R","M","M","T","M","E","M","R","?","R","BOSS","M","?","M","?","?","M","?","R","T","M","?","M"],"items_purchased_type":["Card"],"build_version":"2020-12-22","purchased_purges":2,"victory":false,"max_hp_per_floor":[66,66,66,66,66,66,66,66,66,66,66,66,66,66,66,66,66,66,66,66,66,66,66,66,66,66,66,66,66,66],"relic_stats":{"counters":[14,63],"Astrolabe":["Phantasmal Killer","Setup","Grand Finale"],"Orichalcum":[72],"Boot":[117],"obtain_stats":[{"SacredBark":0,"Astrolabe":17,"Oddly Smooth Stone":3,"Orichalcum":9,"Boot":11,"Ancient Tea Set":26,"Ring of the Snake":0},{"SacredBark":0,"Astrolabe":8,"Oddly Smooth Stone":2,"Orichalcum":4,"Boot":6,"Ancient Tea Set":11,"Ring of the Snake":0},{"SacredBark":0,"Astrolabe":37,"Oddly Smooth Stone":11,"Orichalcum":19,"Boot":29,"Ancient Tea Set":54,"Ring of the Snake":0}]},"card_choices":[{"not_picked":["Backflip","PiercingWail"],"picked":"Cloak And Dagger","floor":1},{"not_picked":["Bane","Dodge and Roll"],"picked":"Poisoned Stab","floor":2},{"not_picked":["PiercingWail","Storm of Steel"],"picked":"Blade Dance","floor":7},{"not_picked":["Leg Sweep","Well Laid Plans"],"picked":"Choke","floor":8},{"not_picked":["Underhanded Strike","Distraction"],"picked":"Dagger Spray","floor":10},{"not_picked":["Dodge and Roll","Deadly Poison"],"picked":"Catalyst","floor":11},{"not_picked":["Caltrops","Dodge and Roll"],"picked":"Riddle With Holes","floor":12},{"not_picked":["Grand Finale","Die Die Die"],"picked":"Glass Knife","floor":16},{"not_picked":["Dodge and Roll","Flying Knee"],"picked":"Blade Dance+1","floor":18},{"not_picked":["Flying Knee","Dagger Spray"],"picked":"Dodge and Roll","floor":20},{"not_picked":["Sucker Punch","Dodge and Roll","Skewer"],"picked":"SKIP","floor":23},{"not_picked":["Deflect","Flying Knee"],"picked":"Footwork","floor":27}],"player_experience":1907907,"relics_obtained":[{"floor":9,"key":"Orichalcum"},{"floor":11,"key":"Boot"},{"floor":26,"key":"Ancient Tea Set"}],"event_choices":[{"damage_healed":0,"gold_gain":0,"player_choice":"Box","damage_taken":0,"relics_obtained":["Oddly Smooth Stone"],"max_hp_gain":0,"max_hp_loss":0,"event_name":"Big Fish","floor":3,"gold_loss":0,"cards_obtained":["Regret"]},{"damage_healed":0,"gold_gain":75,"player_choice":"Gather Gold","damage_taken":11,"max_hp_gain":0,"max_hp_loss":0,"event_name":"World of Goop","floor":5,"gold_loss":0},{"damage_healed":0,"gold_gain":0,"player_choice":"Entered Light","damage_taken":20,"max_hp_gain":0,"max_hp_loss":0,"event_name":"Shining Light","floor":14,"gold_loss":0,"cards_upgraded":["Strike_G","Defend_G"]},{"damage_healed":0,"gold_gain":0,"cards_transformed":["Setup","Grand Finale"],"player_choice":"Became Test Subject","damage_taken":0,"max_hp_gain":0,"max_hp_loss":0,"event_name":"Drug Dealer","floor":19,"gold_loss":0,"cards_obtained":["Outmaneuver","Footwork"]},{"cards_removed":["Strike_G"],"damage_healed":0,"gold_gain":0,"player_choice":"Gave Gold","damage_taken":0,"max_hp_gain":0,"max_hp_loss":0,"event_name":"Beggar","floor":21,"gold_loss":75},{"damage_healed":0,"gold_gain":50,"player_choice":"Stole From Cult","damage_taken":0,"max_hp_gain":0,"max_hp_loss":0,"event_name":"Nest","floor":24,"gold_loss":0},{"damage_healed":0,"gold_gain":0,"player_choice":"Fight","damage_taken":0,"max_hp_gain":0,"max_hp_loss":0,"event_name":"Colosseum","floor":28,"gold_loss":0},{"damage_healed":0,"gold_gain":0,"player_choice":"Fled From Nobs","damage_taken":0,"max_hp_gain":0,"max_hp_loss":0,"event_name":"Colosseum","floor":28,"gold_loss":0}],"is_beta":false,"boss_relics":[{"not_picked":["Sozu","Snecko Eye"],"picked":"Astrolabe"}],"items_purged_floors":[4,22],"is_endless":false,"potions_floor_spawned":[7,8,10,16,18,20,27],"killed_by":"Snake Plant","ascension_level":20}}