{"host":"sie9a4hoh1px9dme","time":1609072955,"event":{"mods":["Act Like it!","BaseMod","CapriCore","Energized Spire","Halation","Luminous","Minty Spire (QoL Compilation)","RemiliaÅiÂQïƒ‰ª?Åj","StSLib","The Administrix","The Immortal"],"gold_per_floor":[119,136,136,156,175,206,206,206],"floor_reached":6,"playtime":634,"items_purged":[],"score":48,"play_id":"cb64ee3f-a29c-49aa-97b1-690b596fcae7","local_time":"20201227074235","is_ascension_mode":false,"campfire_choices":[],"circlet_count":0,"master_deck":["MokouMod:Strike","MokouMod:Strike","MokouMod:Strike","MokouMod:Strike","MokouMod:Strike","MokouMod:Defend","MokouMod:Defend","MokouMod:Defend","MokouMod:Defend","MokouMod:HeatSpark","MokouMod:Ember","MokouMod:IgnitionBarrier","MokouMod:AdaptivePyromancy","MokouMod:IndiscriminateIgnition"],"relics":["MokouMod:PhoenixFeather","NeowsBlessing","halation:PinkSoulGem","Omamori"],"acts_visited":["Exordium"],"potions_floor_usage":[],"damage_taken":[{"damage":0,"enemies":"Small Slimes","floor":1,"turns":1},{"damage":0,"enemies":"Jaw Worm","floor":2,"turns":1},{"damage":0,"enemies":"2 Louse","floor":4,"turns":1},{"damage":0,"enemies":"Looter","floor":5,"turns":4},{"damage":35,"enemies":"3 Sentries","floor":6,"turns":10}],"seed_played":"7257581109651208992","potions_obtained":[{"floor":6,"key":"Strength Potion"}],"is_trial":false,"path_per_floor":["M","M","?","M","M","E"],"character_chosen":"MKU","items_purchased":[],"campfire_rested":0,"item_purchase_floors":[],"current_hp_per_floor":[75,75,75,75,75,40,40,40],"gold":206,"neow_bonus":"THREE_ENEMY_KILL","is_daily":false,"chose_seed":false,"campfire_upgraded":0,"win_rate":0.0,"timestamp":1609072955,"path_taken":["M","M","?","M","M","E"],"items_purchased_type":[],"build_version":"2020-12-22","purchased_purges":0,"victory":false,"max_hp_per_floor":[75,75,75,75,75,75,75,75],"card_choices":[{"not_picked":["MokouMod:IndiscriminateIgnition","MokouMod:EternalBurstReactor"],"picked":"MokouMod:Ember","floor":1},{"not_picked":["MokouMod:HeatTransfer","MokouMod:AdaptivePyromancy"],"picked":"MokouMod:IgnitionBarrier","floor":2},{"not_picked":["MokouMod:HeartofFire","MokouMod:UncontrollableSolarReaction"],"picked":"MokouMod:AdaptivePyromancy","floor":4},{"not_picked":["MokouMod:ResoluteFlare","MokouMod:RadiantBlade","MokouMod:ControlledCombustion"],"picked":"SKIP","floor":5},{"not_picked":["MokouMod:Meltdown","MokouMod:Firecracker"],"picked":"MokouMod:IndiscriminateIgnition","floor":6}],"player_experience":95147,"relics_obtained":[{"floor":6,"key":"Omamori"}],"event_choices":[],"is_beta":false,"boss_relics":[],"items_purged_floors":[],"is_endless":false,"potions_floor_spawned":[6],"killed_by":"3 Sentries","ascension_level":0}}