{"host":"07tcb8n8jdavk3gs","time":1609105386,"event":{"mods":["BaseMod","Colored Map","Hermit","Marisa????????","Minty Spire (QoL Compilation)","StSLib","The Animator","The Cursed","The Servant 0.9.4"],"gold_per_floor":[275,275,275,23,59,110,110,145,195,195,50,80,80,102,102,112,112],"floor_reached":16,"playtime":820,"items_purged":[],"score":189,"play_id":"9707093c-a38a-4372-bbea-082ffc77bd7c","local_time":"20201227154306","is_ascension_mode":true,"campfire_choices":[{"floor":7,"key":"REST"},{"floor":13,"key":"REST"},{"floor":15,"key":"REST"}],"circlet_count":0,"master_deck":["AscendersBane","animator:Strike_Kancolle","animator:Defend_Kancolle","animator:Strike","animator:Strike","animator:Strike+1","animator:Defend","animator:Defend","animator:Defend+1","animator:Shimakaze","animator:Cirno+1","animator:SilverFang","animator:QuestionMark","animator:Konayuki","animator:EmiyaShirou","animator:KyokoSakura","animator:Konayuki"],"relics":["animator:LivingPicture","animator:TheMissingPiece","animator:PurgingStone","PreservedInsect","Art of War","Sundial","Omamori","DollysMirror"],"acts_visited":["Exordium"],"potions_floor_usage":[8,14,14],"damage_taken":[{"damage":0,"enemies":"2 Louse","floor":1,"turns":3},{"damage":3,"enemies":"Small Slimes","floor":5,"turns":4},{"damage":9,"enemies":"3 Sentries","floor":6,"turns":9},{"damage":24,"enemies":"Gremlin Nob","floor":8,"turns":4},{"damage":5,"enemies":"Jaw Worm","floor":12,"turns":4},{"damage":9,"enemies":"Exordium Thugs","floor":14,"turns":5},{"damage":41,"enemies":"Hexaghost","floor":16,"turns":11}],"seed_played":"-1947316489137196043","potions_obtained":[{"floor":1,"key":"LiquidMemories"},{"floor":5,"key":"Strength Potion"},{"floor":6,"key":"Explosive Potion"},{"floor":12,"key":"DuplicationPotion"}],"is_trial":false,"path_per_floor":["M","?","?","$","M","E","R","E","T","?","$","M","R","M","R","B"],"character_chosen":"THE_ANIMATOR","items_purchased":["PreservedInsect","animator:QuestionMark","DollysMirror"],"campfire_rested":3,"item_purchase_floors":[4,4,11],"current_hp_per_floor":[54,54,36,36,33,24,42,18,18,18,18,13,31,22,40,0,0],"gold":112,"neow_bonus":"RANDOM_COLORLESS","is_daily":false,"chose_seed":false,"campfire_upgraded":0,"win_rate":0.0,"timestamp":1609105386,"path_taken":["M","?","?","$","M","E","R","E","T","?","?","M","R","M","R","BOSS"],"items_purchased_type":["Relic","Card","Relic"],"build_version":"2020-12-22","purchased_purges":0,"victory":false,"max_hp_per_floor":[60,60,60,60,60,60,60,60,60,60,60,60,60,60,60,60,60],"card_choices":[{"not_picked":["animator:QuestionMark","animator:Kagari"],"picked":"animator:Cirno","floor":0},{"not_picked":["animator:Genos","animator:Aqua"],"picked":"animator:SilverFang","floor":1},{"not_picked":["animator:Darkness","animator:SayakaMiki"],"picked":"animator:Konayuki","floor":5},{"not_picked":["animator:Sonic","animator:TsurugaMeisai"],"picked":"animator:EmiyaShirou","floor":6},{"not_picked":["animator:SuzuneAmano","animator:YuiTsuruno"],"picked":"animator:KyokoSakura","floor":8},{"not_picked":["animator:ChaikaBohdan","animator:Mikaela","animator:Illya"],"picked":"SKIP","floor":12},{"not_picked":["animator:YuiTsuruno","animator:AcuraAkari","animator:Viivi"],"picked":"SKIP","floor":14}],"player_experience":926741,"relics_obtained":[{"floor":6,"key":"Art of War"},{"floor":8,"key":"Sundial"},{"floor":9,"key":"Omamori"}],"event_choices":[{"damage_healed":0,"gold_gain":0,"player_choice":"Grow","damage_taken":0,"max_hp_gain":0,"max_hp_loss":0,"event_name":"Living Wall","floor":2,"gold_loss":0,"cards_upgraded":["animator:Cirno"]},{"damage_healed":0,"gold_gain":0,"player_choice":"Entered Light","damage_taken":18,"max_hp_gain":0,"max_hp_loss":0,"event_name":"Shining Light","floor":3,"gold_loss":0,"cards_upgraded":["animator:Strike","animator:Defend"]},{"damage_healed":0,"gold_gain":0,"player_choice":"Ignored","damage_taken":0,"max_hp_gain":0,"max_hp_loss":0,"event_name":"Golden Idol","floor":10,"gold_loss":0}],"is_beta":false,"boss_relics":[],"items_purged_floors":[],"is_endless":false,"potions_floor_spawned":[1,5,6,12],"killed_by":"Hexaghost","ascension_level":15}}