{"host":"pf47v7h0307523iy","time":1609074885,"event":{"mods":["BaseMod","Minty Spire (QoL Compilation)"],"gold_per_floor":[109,109,184,334,38,38,63,63,63,89,10,35,35,35,35,114,114,114,114,114,114,114,114,114,114,114,114,14,14,14,14,14,14,14,14,14,14,14,14,14,14,14,14,14,14,14],"floor_reached":45,"playtime":3338,"items_purged":["Doubt","Strike_G+1"],"score":1070,"play_id":"45fb0e05-e72a-445a-9ffe-b04dfce705cd","local_time":"20201227151445","is_ascension_mode":true,"campfire_choices":[{"data":"Crippling Poison","floor":6.0,"key":"SMITH"},{"data":"Noxious Fumes","floor":8.0,"key":"SMITH"},{"data":"Well Laid Plans","floor":13.0,"key":"SMITH"},{"data":"Neutralize","floor":15.0,"key":"SMITH"},{"data":"Footwork","floor":24.0,"key":"SMITH"},{"floor":30.0,"key":"REST"},{"data":"Footwork","floor":32,"key":"SMITH"},{"data":"Backflip","floor":40,"key":"SMITH"}],"circlet_count":0,"master_deck":["AscendersBane","Strike_G+1","Strike_G+1","Strike_G+1","Defend_G+1","Defend_G+1","Defend_G+1","Defend_G+1","Defend_G+1","Survivor","Neutralize+1","Crippling Poison+1","Noxious Fumes+1","Backflip+1","Deflect","Escape Plan+1","Well Laid Plans+1","PiercingWail","Venomology","Dagger Spray+1","Footwork+1","RitualDagger+1","Footwork+1","Cloak And Dagger+1"],"relics":["Ring of the Snake","NeowsBlessing","Bronze Scales","Lantern","Tiny Chest","Odd Mushroom","Question Card","Ectoplasm","Molten Egg 2","Lizard Tail","Letter Opener","Blue Candle","Busted Crown","MawBank","Ornamental Fan"],"acts_visited":["Exordium","TheCity","TheBeyond"],"potions_floor_usage":[31,31,33,33,38,41,42,42,45],"damage_taken":[{"damage":0.0,"enemies":"Jaw Worm","floor":1.0,"turns":1.0},{"damage":0.0,"enemies":"Gremlin Nob","floor":7.0,"turns":1.0},{"damage":0.0,"enemies":"The Mushroom Lair","floor":10.0,"turns":2.0},{"damage":20.0,"enemies":"3 Sentries","floor":12.0,"turns":8.0},{"damage":17.0,"enemies":"The Guardian","floor":16.0,"turns":11.0},{"damage":9.0,"enemies":"Spheric Guardian","floor":18.0,"turns":5.0},{"damage":0.0,"enemies":"3 Byrds","floor":20.0,"turns":2.0},{"damage":8.0,"enemies":"Centurion and Healer","floor":21.0,"turns":6.0},{"damage":0.0,"enemies":"Gremlin Leader","floor":23.0,"turns":6.0},{"damage":9.0,"enemies":"Book of Stabbing","floor":27.0,"turns":5.0},{"damage":0.0,"enemies":"Chosen and Byrds","floor":29.0,"turns":5.0},{"damage":0,"enemies":"Snecko","floor":31,"turns":7},{"damage":6,"enemies":"Collector","floor":33,"turns":11},{"damage":0,"enemies":"3 Shapes","floor":35,"turns":5},{"damage":0,"enemies":"3 Darklings","floor":38,"turns":3},{"damage":29,"enemies":"Reptomancer","floor":41,"turns":9},{"damage":64,"enemies":"Transient","floor":42,"turns":6},{"damage":7,"enemies":"Spire Growth","floor":44,"turns":7},{"damage":5,"enemies":"Nemesis","floor":45,"turns":3}],"seed_played":"2679989486334113192","potions_obtained":[{"floor":1.0,"key":"SteroidPotion"},{"floor":18.0,"key":"GhostInAJar"},{"floor":23.0,"key":"PowerPotion"},{"floor":31,"key":"AttackPotion"},{"floor":38,"key":"DuplicationPotion"},{"floor":41,"key":"GamblersBrew"}],"is_trial":false,"path_per_floor":["M","?","?","?","$","R","E","R","T","?","$","E","R","?","R","B",null,"M","T","M","M","?","E","R","?","T","E","$","M","R","M","R","B",null,"M","?","T","M","?","R","E","M","T","M","E"],"character_chosen":"THE_SILENT","items_purchased":["Noxious Fumes","Regen Potion","Backflip","Well Laid Plans"],"campfire_rested":1,"item_purchase_floors":[5,5,5,11],"current_hp_per_floor":[59,54,43,43,43,43,43,43,43,43,43,38,38,18,18,1,50,41,41,41,33,33,33,33,27,27,18,18,18,37,37,37,31,57,57,57,57,57,57,57,28,10,10,3,0,0],"gold":14,"neow_bonus":"THREE_ENEMY_KILL","is_daily":false,"chose_seed":false,"campfire_upgraded":7,"win_rate":0.0,"timestamp":1609074885,"path_taken":["M","?","?","?","$","R","E","R","T","?","?","E","R","?","R","BOSS","M","?","M","M","?","E","R","?","T","E","$","M","R","M","R","BOSS","M","?","?","M","?","R","E","M","T","M","E"],"items_purchased_type":["Card","Potion","Card","Card"],"build_version":"2020-12-22","purchased_purges":2,"victory":false,"max_hp_per_floor":[66,66,66,66,66,66,66,66,66,66,66,66,66,66,66,66,66,66,66,66,66,66,66,66,66,66,66,66,66,66,66,66,66,66,66,66,66,66,66,66,66,66,66,66,66,66],"card_choices":[{"not_picked":["Flechettes","Prepared"],"picked":"Crippling Poison","floor":1.0},{"not_picked":["Dagger Spray","Deadly Poison"],"picked":"Deflect","floor":7.0},{"not_picked":["Backflip","Poisoned Stab"],"picked":"Escape Plan","floor":10.0},{"not_picked":["Escape Plan","Die Die Die"],"picked":"PiercingWail","floor":12.0},{"not_picked":["Unload","Envenom","Storm of Steel"],"picked":"Venomology","floor":16.0},{"not_picked":["Flying Knee","Tactician","Underhanded Strike","Cloak And Dagger"],"picked":"SKIP","floor":18.0},{"not_picked":["Deadly Poison","Caltrops","Backstab+1"],"picked":"Dagger Spray+1","floor":20.0},{"not_picked":["Outmaneuver","Heel Hook+1","Blur","Underhanded Strike+1"],"picked":"SKIP","floor":21.0},{"not_picked":["Underhanded Strike+1","Wraith Form v2","Tools of the Trade"],"picked":"Footwork","floor":23.0},{"not_picked":["Deadly Poison+1","Heel Hook+1","Dagger Throw+1","Cloak And Dagger"],"picked":"SKIP","floor":27.0},{"not_picked":["Outmaneuver","Eviscerate+1","Riddle With Holes+1","Blade Dance"],"picked":"SKIP","floor":29.0},{"not_picked":["Poisoned Stab+1","Bane+1","Finisher+1"],"picked":"Footwork","floor":31},{"not_picked":["Accuracy","Setup"],"picked":"SKIP","floor":35},{"not_picked":["Dagger Spray+1","Eviscerate+1"],"picked":"SKIP","floor":38},{"not_picked":["Riddle With Holes+1","Endless Agony+1"],"picked":"SKIP","floor":41},{"not_picked":["Finisher+1","Prepared"],"picked":"SKIP","floor":42},{"not_picked":["Blade Dance"],"picked":"Cloak And Dagger+1","floor":44}],"player_experience":1534885,"relics_obtained":[{"floor":7.0,"key":"Lantern"},{"floor":9.0,"key":"Tiny Chest"},{"floor":10.0,"key":"Odd Mushroom"},{"floor":12.0,"key":"Question Card"},{"floor":19.0,"key":"Molten Egg 2"},{"floor":23.0,"key":"Lizard Tail"},{"floor":26.0,"key":"Letter Opener"},{"floor":27.0,"key":"Blue Candle"},{"floor":41,"key":"MawBank"},{"floor":43,"key":"Ornamental Fan"}],"event_choices":[{"damage_healed":0.0,"max_hp_gain":0.0,"max_hp_loss":0.0,"gold_gain":0.0,"event_name":"Scrap Ooze","player_choice":"Success","floor":2.0,"gold_loss":0.0,"damage_taken":5.0,"relics_obtained":["Bronze Scales"]},{"damage_healed":0.0,"max_hp_gain":0.0,"max_hp_loss":0.0,"gold_gain":75.0,"event_name":"World of Goop","player_choice":"Gather Gold","floor":3.0,"gold_loss":0.0,"damage_taken":11.0},{"damage_healed":0.0,"max_hp_gain":0.0,"max_hp_loss":0.0,"gold_gain":150.0,"event_name":"Liars Game","player_choice":"AGREE","floor":4.0,"gold_loss":0.0,"damage_taken":0.0,"cards_obtained":["Doubt"]},{"damage_healed":0.0,"max_hp_gain":0.0,"max_hp_loss":0.0,"gold_gain":0.0,"event_name":"Mushrooms","player_choice":"Fought Mushrooms","floor":10.0,"gold_loss":0.0,"damage_taken":0.0},{"damage_healed":0.0,"max_hp_gain":0.0,"max_hp_loss":0.0,"gold_gain":0.0,"event_name":"Shining Light","player_choice":"Entered Light","floor":14.0,"gold_loss":0.0,"damage_taken":20.0,"cards_upgraded":["Strike_G","Escape Plan"]},{"damage_healed":0.0,"max_hp_gain":0.0,"max_hp_loss":0.0,"gold_gain":0.0,"event_name":"Back to Basics","player_choice":"Simplicity","floor":22.0,"gold_loss":0.0,"damage_taken":0.0,"cards_upgraded":["Strike_G","Strike_G","Strike_G","Strike_G","Defend_G","Defend_G","Defend_G","Defend_G","Defend_G"]},{"damage_healed":0.0,"max_hp_gain":0.0,"max_hp_loss":0.0,"gold_gain":0.0,"event_name":"Nest","player_choice":"Joined the Cult","floor":25.0,"gold_loss":0.0,"damage_taken":6.0,"cards_obtained":["RitualDagger"]},{"damage_healed":0,"gold_gain":0,"player_choice":"Ignored","damage_taken":0,"max_hp_gain":0,"max_hp_loss":0,"event_name":"SecretPortal","floor":36,"gold_loss":0},{"cards_removed":["Strike_G"],"damage_healed":0,"gold_gain":0,"player_choice":"Removed Attack","damage_taken":0,"max_hp_gain":0,"max_hp_loss":0,"event_name":"Falling","floor":39,"gold_loss":0}],"is_beta":false,"boss_relics":[{"not_picked":["Fusion Hammer","Black Star"],"picked":"Ectoplasm"},{"not_picked":["Astrolabe","Velvet Choker"],"picked":"Busted Crown"}],"items_purged_floors":[5,28],"is_endless":false,"potions_floor_spawned":[1,7,18,23,31,38,41,44],"killed_by":"Nemesis","ascension_level":20}}