{"host":"vc42n08di9czm3e7","time":1609041923,"event":{"mods":["AchievementEnabler","Act Like it!","Astrologer","BaseMod","Colored Powertips","Conspire","Downfall","Friendly Minions","GifTheSpireLib","Gremlin Mod","GungeonMod","Hermit","Jorbs\u0027s Wanderer Trilogy","Minty Spire (QoL Compilation)","Quick Restart","Rare Cards Sparkle","StSLib","The Alterego","The Blackbeard","The Bladedancer","The Cursed","The Death Knight","The Jungle"],"gold_per_floor":[114,130,143,158,175,175,75,112,164,210,241,271,196,196,196,334,334,373,273,273,327,362,362,387,387],"floor_reached":24,"playtime":2248,"items_purged":["alterego_mod:BigMeatyClaws","alterego_mod:DiscoLights+1"],"score":235,"play_id":"ba8fb92b-bd99-4bc1-8040-7ff0b02d065b","local_time":"20201226230523","is_ascension_mode":false,"campfire_choices":[{"data":"alterego_mod:ChallengeComplete","floor":6,"key":"SMITH"},{"data":"alterego_mod:ChallengeComplete","floor":15,"key":"SMITH"},{"data":"alterego_mod:Palingenesis","floor":23,"key":"SMITH"}],"circlet_count":0,"master_deck":["alterego_mod:Strike","alterego_mod:Strike","alterego_mod:Strike","alterego_mod:Strike","alterego_mod:Defend","alterego_mod:Defend","alterego_mod:Defend","alterego_mod:Defend","alterego_mod:Impale","alterego_mod:BrynhildrsRune+1","alterego_mod:Clones","alterego_mod:ChallengeComplete+1","alterego_mod:Nekomimi","conspire:SpireCoStock","conspire:SpireCoStock","alterego_mod:ChallengeComplete+1","alterego_mod:TrashNCrash","alterego_mod:BustOut","alterego_mod:Palingenesis+1","alterego_mod:Birthday+1"],"relics":["alterego_mod:MasochisticConstitution","NeowsBlessing","DemoMod:WhiteGuonStone","Oddly Smooth Stone","Unceasing Top","Coffee Dripper","theJungle:WildStrawberry"],"acts_visited":["Exordium","Exordium"],"potions_floor_usage":[8,10,11,18,22],"damage_taken":[{"damage":0,"enemies":"2 Louse","floor":1,"turns":1},{"damage":0,"enemies":"Small Slimes","floor":2,"turns":1},{"damage":0,"enemies":"Cultist","floor":3,"turns":1},{"damage":19,"enemies":"3 Louse","floor":4,"turns":9},{"damage":4,"enemies":"Blue Slaver","floor":5,"turns":9},{"damage":19,"enemies":"Gremlin Nob","floor":8,"turns":12},{"damage":27,"enemies":"3 Sentries","floor":10,"turns":18},{"damage":34,"enemies":"Gremlin Gang","floor":11,"turns":12},{"damage":0,"enemies":"Large Slime","floor":12,"turns":12},{"damage":15,"enemies":"Slime Boss","floor":16,"turns":20},{"damage":11,"enemies":"theJungle:GiantWrat","floor":18,"turns":14},{"damage":0,"enemies":"Shell Parasite","floor":21,"turns":10},{"damage":6,"enemies":"Snake Plant","floor":22,"turns":7},{"damage":9,"enemies":"theJungle:Cassacara","floor":24,"turns":8}],"seed_played":"-1408326124309788869","potions_obtained":[{"floor":4,"key":"EssenceOfSteel"},{"floor":10,"key":"LiquidMemories"},{"floor":12,"key":"LiquidBronze"},{"floor":16,"key":"Ancient Potion"},{"floor":18,"key":"DuplicationPotion"},{"floor":22,"key":"DuplicationPotion"}],"is_trial":false,"path_per_floor":["M","M","M","M","M","R","?","E","T","E","M","M","$","?","R","B",null,"M","$","?","M","M","R","E"],"character_chosen":"The_Alterego","items_purchased":[],"campfire_rested":0,"item_purchase_floors":[],"current_hp_per_floor":[70,70,70,66,70,70,70,59,59,40,35,56,56,41,41,60,76,66,66,59,79,77,77,71,71],"gold":387,"neow_bonus":"THREE_ENEMY_KILL","is_daily":false,"chose_seed":false,"campfire_upgraded":3,"win_rate":0.0,"timestamp":1609041923,"path_taken":["M","M","M","M","M","R","?","E","T","E","M","M","$","?","R","BOSS","M","$","?","M","M","R","E"],"items_purchased_type":[],"build_version":"2020-12-22","purchased_purges":2,"victory":false,"max_hp_per_floor":[70,70,70,71,72,72,72,73,73,74,75,75,75,75,75,76,76,77,77,84,84,85,85,85,85],"card_choices":[{"not_picked":["alterego_mod:Skirt","alterego_mod:Birthday"],"picked":"alterego_mod:DiscoLights","floor":1},{"not_picked":["alterego_mod:BoobPocket","alterego_mod:Rip"],"picked":"alterego_mod:Clones","floor":2},{"not_picked":["alterego_mod:MagicResistance","alterego_mod:Birthday"],"picked":"alterego_mod:ChallengeComplete","floor":3},{"not_picked":["alterego_mod:Belts","alterego_mod:Smother","alterego_mod:Belle"],"picked":"SKIP","floor":4},{"not_picked":["alterego_mod:Clap","alterego_mod:TrashNCrash"],"picked":"alterego_mod:Nekomimi","floor":5},{"not_picked":["alterego_mod:Valentines","alterego_mod:RingBreak","alterego_mod:Swimsuit"],"picked":"SKIP","floor":8},{"not_picked":["alterego_mod:Exercise","alterego_mod:PerceptionDisorder"],"picked":"alterego_mod:ChallengeComplete","floor":10},{"not_picked":["alterego_mod:Crossover","alterego_mod:MagicResistance"],"picked":"alterego_mod:TrashNCrash","floor":11},{"not_picked":["alterego_mod:IndependentAction","alterego_mod:Skirt"],"picked":"alterego_mod:BustOut","floor":12},{"not_picked":["alterego_mod:GIGAMILK","alterego_mod:InsideBaseball"],"picked":"alterego_mod:Palingenesis","floor":16},{"not_picked":["alterego_mod:Cooking","alterego_mod:Clap"],"picked":"alterego_mod:Birthday+1","floor":18},{"not_picked":["alterego_mod:DeftHands+1","alterego_mod:DiscoLights","alterego_mod:Skirt"],"picked":"SKIP","floor":21},{"not_picked":["alterego_mod:Pet+1","alterego_mod:Belts","alterego_mod:InsideBaseball"],"picked":"SKIP","floor":22}],"player_experience":265931,"relics_obtained":[{"floor":8,"key":"DemoMod:WhiteGuonStone"},{"floor":9,"key":"Oddly Smooth Stone"},{"floor":10,"key":"Unceasing Top"}],"event_choices":[{"damage_healed":0,"gold_gain":0,"player_choice":"Invest 2","damage_taken":0,"max_hp_gain":0,"max_hp_loss":0,"event_name":"conspire:Investor","floor":7,"gold_loss":0},{"damage_healed":0,"gold_gain":0,"player_choice":"Entered Light","damage_taken":15,"max_hp_gain":0,"max_hp_loss":0,"event_name":"Shining Light","floor":14,"gold_loss":0,"cards_upgraded":["alterego_mod:DiscoLights","alterego_mod:BrynhildrsRune"]}],"is_beta":false,"boss_relics":[{"not_picked":["Ectoplasm","Fusion Hammer"],"picked":"Coffee Dripper"}],"items_purged_floors":[13,19],"is_endless":false,"potions_floor_spawned":[4,10,12,16,18,21,22],"killed_by":"theJungle:Cassacara","ascension_level":0}}