{"host":"lxgv1wbl12oya7hr","time":1609110506,"event":{"mods":["BaseMod","Minty Spire (QoL Compilation)","Permanent Neow","StSLib"],"gold_per_floor":[119,135,145,155,128,155,155,175,175,189,189,114,114,173,173,273,273,290,200,217,74,74,74,103,122,122,42,58,58,58,83,83,179,179,198,247,247,261,261,296,214,214,214,232,260,260,260,270,270,270,270],"floor_reached":50,"playtime":3391,"items_purged":["Regret"],"score":645,"play_id":"3ba0e32d-1c5d-4638-98ce-0b702475a6b4","local_time":"20201227150826","is_ascension_mode":true,"campfire_choices":[{"floor":11,"key":"RECALL"},{"data":"Catalyst","floor":13,"key":"SMITH"},{"floor":15,"key":"REST"},{"data":"Footwork","floor":23,"key":"SMITH"},{"data":"Footwork","floor":29,"key":"SMITH"},{"data":"Noxious Fumes","floor":32,"key":"SMITH"},{"data":"Finisher","floor":42,"key":"SMITH"},{"data":"Blade Dance","floor":46,"key":"SMITH"},{"floor":49,"key":"REST"}],"circlet_count":0,"master_deck":["Strike_G","Strike_G","Defend_G","Defend_G+1","Defend_G","Survivor","Neutralize","Corpse Explosion+1","Quick Slash","Footwork+1","Slice","Flying Knee","Catalyst+1","Bane","Noxious Fumes+1","Footwork+1","After Image","Setup+1","After Image+1","Flechettes+1","Leg Sweep+1","Blur+1","Deflect+1","Infinite Blades","Blade Dance+1","After Image","After Image","Blade Dance+1","Blade Dance+1","Flechettes+1","Finisher+1"],"relics":["Ring of the Snake","Incense Burner","Lantern","The Specimen","Astrolabe","ClockworkSouvenir","Bottled Lightning","War Paint","Boot","Lizard Tail","Bag of Preparation","Pantograph","Pen Nib"],"acts_visited":["Exordium","TheCity","TheBeyond"],"potions_floor_usage":[6,6,14,14,20,24,31,48,48],"damage_taken":[{"damage":1.0,"enemies":"Cultist","floor":1.0,"turns":5.0},{"damage":2.0,"enemies":"Small Slimes","floor":2.0,"turns":4.0},{"damage":0.0,"enemies":"2 Louse","floor":3.0,"turns":3.0},{"damage":3.0,"enemies":"Lots of Slimes","floor":4.0,"turns":6.0},{"damage":11,"enemies":"Exordium Thugs","floor":5,"turns":5},{"damage":4,"enemies":"3 Sentries","floor":6,"turns":4},{"damage":3,"enemies":"Large Slime","floor":8,"turns":4},{"damage":1,"enemies":"2 Fungi Beasts","floor":10,"turns":3},{"damage":9,"enemies":"3 Sentries","floor":14,"turns":6},{"damage":4,"enemies":"The Guardian","floor":16,"turns":11},{"damage":7,"enemies":"3 Byrds","floor":18,"turns":4},{"damage":6,"enemies":"2 Thieves","floor":20,"turns":2},{"damage":7,"enemies":"Book of Stabbing","floor":24,"turns":7},{"damage":0,"enemies":"Centurion and Healer","floor":25,"turns":3},{"damage":0,"enemies":"Chosen and Byrds","floor":28,"turns":6},{"damage":26,"enemies":"Gremlin Leader","floor":31,"turns":10},{"damage":11,"enemies":"Automaton","floor":33,"turns":8},{"damage":0,"enemies":"3 Shapes","floor":35,"turns":7},{"damage":29,"enemies":"2 Orb Walkers","floor":36,"turns":4},{"damage":5,"enemies":"Orb Walker","floor":38,"turns":5},{"damage":0,"enemies":"Giant Head","floor":40,"turns":12},{"damage":12,"enemies":"Transient","floor":44,"turns":5},{"damage":5,"enemies":"Nemesis","floor":45,"turns":9},{"damage":10,"enemies":"Jaw Worm Horde","floor":48,"turns":6},{"damage":0,"enemies":"Time Eater","floor":50,"turns":3}],"seed_played":"-7658883352808399739","potions_obtained":[{"floor":2.0,"key":"Poison Potion"},{"floor":5,"key":"CultistPotion"},{"floor":6,"key":"Swift Potion"},{"floor":8,"key":"Dexterity Potion"},{"floor":10,"key":"PowerPotion"},{"floor":18,"key":"Strength Potion"},{"floor":20,"key":"BlessingOfTheForge"},{"floor":28,"key":"Weak Potion"},{"floor":38,"key":"Energy Potion"},{"floor":45,"key":"SteroidPotion"},{"floor":48,"key":"Poison Potion"}],"is_trial":false,"path_per_floor":["M","M","M","M","M","E","?","M","T","M","R","$","R","?","R","B",null,"M","?","M","$","?","R","E","M","T","$","M","R","$","E","R","B",null,"M","?","?","M","?","E","$","R","T","M","E","R","?","M","R","B"],"character_chosen":"THE_SILENT","items_purchased":["ClockworkSouvenir","Infinite Blades","Finisher"],"campfire_rested":2,"item_purchase_floors":[21,27,41],"current_hp_per_floor":[62,60,60,57,46,42,42,39,39,38,38,38,38,29,47,43,63,56,56,50,50,50,50,43,43,43,43,43,43,43,17,17,6,63,63,34,34,29,29,29,29,29,29,17,12,12,12,2,20,45,45],"gold":270,"neow_bonus":"THREE_RARE_CARDS","is_daily":false,"chose_seed":false,"campfire_upgraded":6,"win_rate":0.0,"timestamp":1609110506,"path_taken":["M","M","M","M","M","E","?","M","T","M","R","$","R","?","R","BOSS","M","?","?","$","?","R","E","?","T","$","M","R","?","E","R","BOSS","M","?","?","M","?","E","?","R","T","?","E","R","?","M","R","BOSS"],"items_purchased_type":["Relic","Card","Card"],"build_version":"2020-12-22","purchased_purges":1,"victory":false,"max_hp_per_floor":[63,63,63,63,63,63,63,63,63,63,63,63,63,63,63,63,63,63,63,63,63,63,63,63,63,63,63,63,63,63,63,63,63,63,63,63,60,60,60,60,60,60,60,60,60,60,60,60,60,60,60],"card_choices":[{"not_picked":["Bullet Time","After Image"],"picked":"Corpse Explosion","floor":0.0},{"not_picked":["Prepared","Cloak And Dagger"],"picked":"Quick Slash","floor":1.0},{"not_picked":["Flechettes","Terror"],"picked":"Footwork","floor":2.0},{"not_picked":["Expertise","Concentrate"],"picked":"Slice","floor":3.0},{"not_picked":["Outmaneuver","Sucker Punch"],"picked":"Flying Knee","floor":4},{"not_picked":["Underhanded Strike","Noxious Fumes"],"picked":"Catalyst","floor":5},{"not_picked":["Eviscerate","Slice"],"picked":"Bane","floor":6},{"not_picked":["Dagger Spray","Underhanded Strike"],"picked":"Noxious Fumes","floor":8},{"not_picked":["Deadly Poison","Backflip","Cloak And Dagger"],"picked":"SKIP","floor":10},{"not_picked":["Distraction","Accuracy"],"picked":"Footwork","floor":14},{"not_picked":["Burst","Die Die Die"],"picked":"After Image","floor":16},{"not_picked":["PiercingWail","Backstab","Sucker Punch"],"picked":"SKIP","floor":18},{"not_picked":["PiercingWail","Backflip+1"],"picked":"Leg Sweep+1","floor":20},{"not_picked":["PiercingWail","Blur","Eviscerate"],"picked":"SKIP","floor":24},{"not_picked":["PiercingWail","Eviscerate"],"picked":"Blur","floor":24},{"not_picked":["Prepared","Expertise"],"picked":"Deflect+1","floor":25},{"not_picked":["Outmaneuver","Riddle With Holes+1"],"picked":"Blade Dance","floor":28},{"not_picked":["Backstab","Dagger Throw"],"picked":"After Image","floor":31},{"not_picked":["Phantasmal Killer","Malaise"],"picked":"After Image","floor":33},{"not_picked":["Distraction","Acrobatics+1","PiercingWail+1"],"picked":"SKIP","floor":35},{"not_picked":["Reflex+1","Accuracy+1"],"picked":"Blade Dance+1","floor":36},{"not_picked":["Choke+1","Dagger Throw"],"picked":"Blade Dance+1","floor":38},{"not_picked":["Poisoned Stab","Backflip"],"picked":"Flechettes+1","floor":40},{"not_picked":["Heel Hook+1","Bane","Dash+1"],"picked":"SKIP","floor":44},{"not_picked":["Deadly Poison+1","Storm of Steel","PiercingWail"],"picked":"SKIP","floor":45},{"not_picked":["Deadly Poison","Leg Sweep+1","Endless Agony+1"],"picked":"SKIP","floor":48}],"player_experience":2187223,"relics_obtained":[{"floor":6,"key":"Incense Burner"},{"floor":14,"key":"The Specimen"},{"floor":24,"key":"Bottled Lightning"},{"floor":26,"key":"War Paint"},{"floor":31,"key":"Boot"},{"floor":36,"key":"Lizard Tail"},{"floor":40,"key":"Bag of Preparation"},{"floor":43,"key":"Pantograph"},{"floor":45,"key":"Pen Nib"}],"event_choices":[{"damage_healed":0,"gold_gain":0,"player_choice":"Box","damage_taken":0,"relics_obtained":["Lantern"],"max_hp_gain":0,"max_hp_loss":0,"event_name":"Big Fish","floor":7,"gold_loss":0,"cards_obtained":["Regret"]},{"damage_healed":0,"gold_gain":0,"player_choice":"Searched \u00271\u0027 times","damage_taken":0,"max_hp_gain":0,"max_hp_loss":0,"event_name":"Dead Adventurer","floor":14,"gold_loss":0},{"cards_removed":["Defend_G"],"damage_healed":0,"gold_gain":0,"player_choice":"Upgrade and Remove","damage_taken":0,"max_hp_gain":0,"max_hp_loss":0,"event_name":"Designer","floor":19,"gold_loss":90,"cards_upgraded":["Corpse Explosion"]},{"damage_healed":0,"gold_gain":0,"cards_transformed":["Defend_G"],"player_choice":"Transformed","damage_taken":0,"max_hp_gain":0,"max_hp_loss":0,"event_name":"Transmorgrifier","floor":22,"gold_loss":0,"cards_obtained":["Endless Agony"]},{"damage_healed":0,"gold_gain":0,"player_choice":"Fight","damage_taken":0,"max_hp_gain":0,"max_hp_loss":0,"event_name":"Mysterious Sphere","floor":36,"gold_loss":0},{"damage_healed":0,"gold_gain":0,"player_choice":"Max HP","damage_taken":0,"max_hp_gain":0,"max_hp_loss":3,"event_name":"Winding Halls","floor":37,"gold_loss":0},{"cards_removed":["Endless Agony"],"damage_healed":0,"gold_gain":0,"player_choice":"Removed Attack","damage_taken":0,"max_hp_gain":0,"max_hp_loss":0,"event_name":"Falling","floor":39,"gold_loss":0},{"damage_healed":0,"gold_gain":0,"player_choice":"Bought 0 Potions","damage_taken":0,"max_hp_gain":0,"max_hp_loss":0,"event_name":"The Woman in Blue","floor":47,"gold_loss":0}],"is_beta":false,"boss_relics":[{"not_picked":["Empty Cage","Runic Pyramid"],"picked":"Astrolabe"},{"not_picked":["Runic Dome","Cursed Key","Velvet Choker"]}],"items_purged_floors":[12],"is_endless":false,"potions_floor_spawned":[2,5,6,8,10,18,20,28,38,45,48],"killed_by":"Time Eater","ascension_level":1}}