{"host":"qhhcmep1unj6mpf7","time":1609044791,"event":{"mods":["2.2 Compatiblity","AchievementEnabler","BaseMod","Colored Map","DeckTracker","Highlight Path","Keyboard Shortcuts","Minty Spire (QoL Compilation)","Permanent Neow","Quick Restart","Random Character Button","StSLib","SuperFastMode","everything is the same but u backflip on backflip"],"gold_per_floor":[13,26,26,43,59,59,59,112,112,112,145,160,188,34,34,136,136,105,119,132,132,5,5,5,5],"floor_reached":24,"playtime":737,"items_purged":["Strike_B"],"score":241,"play_id":"887f736a-29b2-43c5-98e8-ca44e67f98c1","local_time":"20201227135311","is_ascension_mode":true,"campfire_choices":[{"floor":6.0,"key":"DIG"},{"floor":15.0,"key":"DIG"},{"data":"Creative AI","floor":23,"key":"SMITH"}],"circlet_count":0,"master_deck":["Strike_B","Strike_B","Defend_B","Defend_B","Defend_B","Defend_B","Zap","Dualcast","Cold Snap","Coolheaded","Coolheaded+1","Self Repair","Coolheaded+1","Creative AI+1","Biased Cognition","Coolheaded+1","Blizzard","Blizzard"],"relics":["Cracked Core","Shovel","Smiling Mask","Dream Catcher","Toxic Egg 2","Omamori","Tiny Chest","Orrery","Gambling Chip","Cursed Key"],"acts_visited":["Exordium","TheCity"],"potions_floor_usage":[24],"damage_taken":[{"damage":1.0,"enemies":"Jaw Worm","floor":1.0,"turns":3.0},{"damage":0.0,"enemies":"Small Slimes","floor":2.0,"turns":3.0},{"damage":0.0,"enemies":"Cultist","floor":4.0,"turns":3.0},{"damage":13.0,"enemies":"2 Fungi Beasts","floor":5.0,"turns":3.0},{"damage":24.0,"enemies":"Gremlin Nob","floor":11.0,"turns":5.0},{"damage":1.0,"enemies":"Large Slime","floor":12.0,"turns":7.0},{"damage":10.0,"enemies":"Lagavulin","floor":13.0,"turns":6.0},{"damage":42.0,"enemies":"Slime Boss","floor":16.0,"turns":8.0},{"damage":27.0,"enemies":"2 Thieves","floor":18.0,"turns":5.0},{"damage":10.0,"enemies":"Shell Parasite","floor":19.0,"turns":7.0},{"damage":13.0,"enemies":"Snake Plant","floor":20.0,"turns":7.0},{"damage":31,"enemies":"Slavers","floor":24,"turns":6}],"seed_played":"5858795688216322666","potions_obtained":[{"floor":5.0,"key":"EssenceOfDarkness"},{"floor":13.0,"key":"Block Potion"},{"floor":16.0,"key":"DuplicationPotion"},{"floor":19.0,"key":"Fire Potion"}],"is_trial":false,"path_per_floor":["M","M","$","M","M","R","?","T","T","?","E","M","E","$","R","B",null,"M","M","M","?","$","R","E"],"character_chosen":"DEFECT","items_purchased":["Orrery","Blizzard"],"campfire_rested":0,"item_purchase_floors":[14,22],"current_hp_per_floor":[74,74,74,74,61,61,61,61,61,61,44,50,47,47,47,12,75,55,52,46,46,46,46,15,15],"gold":5,"neow_bonus":"ONE_RARE_RELIC","is_daily":false,"chose_seed":false,"campfire_upgraded":1,"win_rate":0.0,"timestamp":1609044791,"path_taken":["M","M","$","M","M","R","?","?","T","?","E","?","E","$","R","BOSS","M","M","M","?","$","R","E"],"items_purchased_type":["Relic","Card"],"build_version":"2020-12-22","purchased_purges":1,"victory":false,"max_hp_per_floor":[75,75,75,75,75,75,75,75,75,75,75,75,75,75,75,75,75,75,75,75,75,75,75,75,75],"card_choices":[{"not_picked":["Conserve Battery","Gash"],"picked":"Cold Snap","floor":1.0},{"not_picked":["Streamline","Hologram","Fusion"],"picked":"SKIP","floor":2.0},{"not_picked":["Thunder Strike","Barrage"],"picked":"Coolheaded","floor":4.0},{"not_picked":["Leap","Doom and Gloom"],"picked":"Coolheaded","floor":5.0},{"not_picked":["Cold Snap","Turbo+1","Static Discharge"],"picked":"SKIP","floor":11.0},{"not_picked":["Cold Snap","Turbo+1","Static Discharge"],"picked":"SKIP","floor":11.0},{"not_picked":["Lockon","Ball Lightning","Static Discharge"],"picked":"SKIP","floor":12.0},{"not_picked":["Fission+1","Cold Snap"],"picked":"Coolheaded+1","floor":13.0},{"not_picked":["Self Repair","Cold Snap"],"picked":"Creative AI","floor":14.0},{"not_picked":["Creative AI","Meteor Strike"],"picked":"Biased Cognition","floor":16.0},{"not_picked":["Skim+1","Fusion+1"],"picked":"Coolheaded+1","floor":18.0},{"not_picked":["Force Field+1","Hologram+1"],"picked":"Blizzard","floor":19.0},{"not_picked":["Leap+1","Beam Cell","Sweeping Beam"],"picked":"SKIP","floor":20.0}],"player_experience":326709,"relics_obtained":[{"floor":6.0,"key":"Smiling Mask"},{"floor":8.0,"key":"Dream Catcher"},{"floor":9.0,"key":"Toxic Egg 2"},{"floor":11.0,"key":"Omamori"},{"floor":13.0,"key":"Tiny Chest"},{"floor":15.0,"key":"Gambling Chip"}],"event_choices":[{"damage_healed":0.0,"max_hp_gain":0.0,"max_hp_loss":0.0,"gold_gain":0.0,"cards_transformed":["Strike_B"],"event_name":"Living Wall","player_choice":"Change","floor":7.0,"gold_loss":0.0,"damage_taken":0.0,"cards_obtained":["Self Repair"]},{"damage_healed":0.0,"max_hp_gain":0.0,"max_hp_loss":0.0,"gold_gain":0.0,"event_name":"Upgrade Shrine","player_choice":"Upgraded","floor":10.0,"gold_loss":0.0,"damage_taken":0.0,"cards_upgraded":["Coolheaded"]},{"damage_healed":0.0,"max_hp_gain":0.0,"max_hp_loss":0.0,"gold_gain":0.0,"event_name":"Ghosts","player_choice":"Ignored","floor":21.0,"gold_loss":0.0,"damage_taken":0.0}],"is_beta":false,"boss_relics":[{"not_picked":["Busted Crown","Velvet Choker"],"picked":"Cursed Key"}],"items_purged_floors":[22],"is_endless":false,"potions_floor_spawned":[5,13,16,19],"killed_by":"Slavers","ascension_level":1}}