{"host":"avjwtc49fhlk6kym","time":1609093906,"event":{"mods":["AchievementEnabler","BaseMod","Better Match","Better Note","Better Third Choice","Colored Map","Colored Powertips","Displayed Cursed Tome","Highlight Path","Minty Spire (QoL Compilation)","Permanent Neow","Quick Restart","StSLib"],"gold_per_floor":[111,130,80,80,1,1,35,35,35,35,54,129,163,179,179,309,309,325,348,348,44,44,44,89,117,141,141,181,234,368,368,368,368,368],"floor_reached":33,"playtime":1311,"items_purged":[],"score":318,"play_id":"dc749528-f414-445d-9d3a-f1573913a150","local_time":"20201227133146","is_ascension_mode":true,"campfire_choices":[{"data":"CrushJoints","floor":6,"key":"SMITH"},{"floor":8,"key":"REST"},{"data":"SandsOfTime","floor":10,"key":"SMITH"},{"floor":15,"key":"REST"},{"data":"CarveReality","floor":23,"key":"SMITH"},{"floor":27,"key":"REST"},{"data":"Study","floor":32,"key":"SMITH"}],"circlet_count":0,"master_deck":["Strike_P+1","Strike_P+1","Strike_P+1","Defend_P+1","Defend_P+1","Defend_P+1","Eruption","Vigilance+1","SandsOfTime+1","CutThroughFate","CrushJoints+1","Consecrate","Protect+1","BowlingBash","CarveReality+1","BowlingBash","Halt","DeusExMachina","FollowUp","ThirdEye","SandsOfTime","WindmillStrike+1","Consecrate","Sanctity","Study+1"],"relics":["PureWater","Golden Idol","War Paint","Strawberry","Mercury Hourglass","Black Star","MutagenicStrength","Thread and Needle","CeramicFish","Happy Flower","Juzu Bracelet","Regal Pillow","Red Mask","Bag of Marbles","Yang","CaptainsWheel","Darkstone Periapt"],"acts_visited":["Exordium","TheCity"],"potions_floor_usage":[2,19,19,30],"damage_taken":[{"damage":1,"enemies":"Small Slimes","floor":1,"turns":4},{"damage":0,"enemies":"Jaw Worm","floor":2,"turns":2},{"damage":19,"enemies":"3 Sentries","floor":7,"turns":8},{"damage":0,"enemies":"2 Louse","floor":11,"turns":2},{"damage":18,"enemies":"Lagavulin","floor":13,"turns":4},{"damage":0,"enemies":"Lots of Slimes","floor":14,"turns":2},{"damage":31,"enemies":"Hexaghost","floor":16,"turns":9},{"damage":7,"enemies":"Chosen","floor":18,"turns":3},{"damage":1,"enemies":"2 Thieves","floor":19,"turns":3},{"damage":32,"enemies":"Slavers","floor":24,"turns":6},{"damage":0,"enemies":"Cultist and Chosen","floor":25,"turns":4},{"damage":0,"enemies":"Masked Bandits","floor":28,"turns":2},{"damage":30,"enemies":"Book of Stabbing","floor":29,"turns":5},{"damage":1,"enemies":"Colosseum Slavers","floor":30,"turns":4},{"damage":2,"enemies":"Colosseum Nobs","floor":30,"turns":3},{"damage":102,"enemies":"Collector","floor":33,"turns":5}],"seed_played":"-479325577667058103","potions_obtained":[{"floor":1,"key":"DistilledChaos"},{"floor":16,"key":"Block Potion"},{"floor":18,"key":"Strength Potion"},{"floor":19,"key":"CultistPotion"},{"floor":29,"key":"SteroidPotion"}],"is_trial":false,"path_per_floor":["M","M","?","?","$","R","E","R","T","R","M","?","E","M","R","B",null,"M","M","?","$","?","R","E","M","T","R","?","E","?","?","R","B"],"character_chosen":"WATCHER","items_purchased":["Consecrate","Protect","Thread and Needle"],"campfire_rested":3,"item_purchase_floors":[5,5,21],"current_hp_per_floor":[71,71,71,53,53,53,34,55,62,62,62,51,33,33,56,25,79,72,71,71,71,71,71,39,39,39,77,77,47,44,44,44,0,0],"gold":368,"neow_bonus":"TRANSFORM_CARD","is_daily":false,"chose_seed":false,"campfire_upgraded":4,"win_rate":0.0,"timestamp":1609093906,"path_taken":["M","M","?","?","$","R","E","R","T","R","M","?","E","M","R","BOSS","M","M","?","$","?","R","E","M","T","R","?","E","?","?","R","BOSS"],"items_purchased_type":["Card","Card","Relic"],"build_version":"2020-12-22","purchased_purges":0,"victory":false,"max_hp_per_floor":[72,72,72,72,72,72,72,72,79,79,79,79,79,79,79,79,79,79,79,79,79,79,79,79,79,79,79,79,79,79,79,79,79,79],"card_choices":[{"not_picked":["MentalFortress","Vengeance"],"picked":"CutThroughFate","floor":1},{"not_picked":["Wallop","InnerPeace"],"picked":"CrushJoints","floor":2},{"not_picked":["CutThroughFate","Sanctity"],"picked":"BowlingBash","floor":7},{"not_picked":["CutThroughFate","Nirvana"],"picked":"CarveReality","floor":11},{"not_picked":["Vengeance","MentalFortress"],"picked":"BowlingBash","floor":13},{"not_picked":["DeusExMachina","FlyingSleeves"],"picked":"Halt","floor":14},{"not_picked":["Vault","Ragnarok"],"picked":"DeusExMachina","floor":16},{"not_picked":["Indignation+1","Conclude"],"picked":"FollowUp","floor":18},{"not_picked":["Consecrate","Protect+1"],"picked":"ThirdEye","floor":19},{"not_picked":["CarveReality","SpiritShield"],"picked":"SandsOfTime","floor":24},{"not_picked":["CutThroughFate+1","Halt"],"picked":"WindmillStrike+1","floor":25},{"not_picked":["Sanctity","DeceiveReality"],"picked":"Consecrate","floor":28},{"not_picked":["FlyingSleeves","Tantrum"],"picked":"Sanctity","floor":29},{"not_picked":["CutThroughFate","BowlingBash"],"picked":"Study","floor":30}],"player_experience":370954,"relics_obtained":[{"floor":7,"key":"War Paint"},{"floor":9,"key":"Strawberry"},{"floor":13,"key":"Mercury Hourglass"},{"floor":24,"key":"Happy Flower"},{"floor":24,"key":"Juzu Bracelet"},{"floor":26,"key":"Regal Pillow"},{"floor":28,"key":"Red Mask"},{"floor":29,"key":"Bag of Marbles"},{"floor":29,"key":"Yang"},{"floor":30,"key":"CaptainsWheel"},{"floor":30,"key":"Darkstone Periapt"}],"event_choices":[{"cards_removed":["Strike_P"],"damage_healed":0,"gold_gain":0,"player_choice":"Card Removal","damage_taken":0,"max_hp_gain":0,"max_hp_loss":0,"event_name":"The Cleric","floor":3,"gold_loss":50},{"damage_healed":0,"gold_gain":0,"player_choice":"Take Damage","damage_taken":18,"relics_obtained":["Golden Idol"],"max_hp_gain":0,"max_hp_loss":0,"event_name":"Golden Idol","floor":4,"gold_loss":0},{"damage_healed":0,"gold_gain":75,"player_choice":"Gold","damage_taken":11,"max_hp_gain":0,"max_hp_loss":0,"event_name":"betterThird:BetterGoop","floor":12,"gold_loss":0},{"damage_healed":0,"gold_gain":0,"player_choice":"Inject Mutagens","damage_taken":0,"relics_obtained":["MutagenicStrength"],"max_hp_gain":0,"max_hp_loss":0,"event_name":"Drug Dealer","floor":20,"gold_loss":0},{"damage_healed":0,"gold_gain":0,"player_choice":"Gave Potion","damage_taken":0,"relics_obtained":["CeramicFish"],"max_hp_gain":0,"max_hp_loss":0,"event_name":"WeMeetAgain","floor":22,"gold_loss":0},{"damage_healed":0,"gold_gain":0,"player_choice":"Fought Bandits","damage_taken":0,"max_hp_gain":0,"max_hp_loss":0,"event_name":"Masked Bandits","floor":28,"gold_loss":0},{"damage_healed":0,"gold_gain":0,"player_choice":"Fight","damage_taken":0,"max_hp_gain":0,"max_hp_loss":0,"event_name":"Colosseum","floor":30,"gold_loss":0},{"damage_healed":0,"gold_gain":0,"player_choice":"Fought Nobs","damage_taken":0,"max_hp_gain":0,"max_hp_loss":0,"event_name":"Colosseum","floor":30,"gold_loss":0},{"damage_healed":0,"gold_gain":0,"player_choice":"Simplicity","damage_taken":0,"max_hp_gain":0,"max_hp_loss":6,"event_name":"betterThird:BetterWriting","floor":31,"gold_loss":0}],"is_beta":false,"boss_relics":[{"not_picked":["Coffee Dripper","Busted Crown"],"picked":"Black Star"}],"items_purged_floors":[],"is_endless":false,"potions_floor_spawned":[1,16,18,19,29],"killed_by":"Collector","ascension_level":2}}