{"host":"uygi583ztioqt878","time":1609092759,"event":{"mods":["BaseMod","Colored Map","Downfall","Minty Spire (QoL Compilation)","StSLib","The Animator"],"gold_per_floor":[109,129,142,317,336,363,363,363,363],"floor_reached":8,"playtime":513,"items_purged":[],"score":61,"play_id":"96e7d7eb-cb6b-428e-b8b5-fe9b9840d9ff","local_time":"20201227191239","is_ascension_mode":true,"campfire_choices":[{"floor":7,"key":"REST"}],"circlet_count":0,"master_deck":["Strike_P","Strike_P","Strike_P","Strike_P","Defend_P","Defend_P","Defend_P","Defend_P","Eruption","Vigilance","FollowUp","Sanctity","Meditate","Doubt","DeceiveReality","Wallop"],"relics":["PureWater","Toy Ornithopter","Gremlin Horn"],"acts_visited":[],"potions_floor_usage":[6],"damage_taken":[{"damage":0,"enemies":"Cultist","floor":1,"turns":4},{"damage":3,"enemies":"Small Slimes","floor":2,"turns":2},{"damage":2,"enemies":"2 Louse","floor":3,"turns":3},{"damage":7,"enemies":"Large Slime","floor":5,"turns":9},{"damage":47,"enemies":"Gremlin Nob","floor":6,"turns":6},{"damage":48,"enemies":"Lagavulin","floor":8,"turns":6}],"seed_played":"6876109002704215358","potions_obtained":[{"floor":2,"key":"GamblersBrew"},{"floor":3,"key":"sneckomod:MuddlingPotion"},{"floor":5,"key":"EntropicBrew"}],"is_trial":false,"path_per_floor":["M","M","M","?","M","E","R","E"],"character_chosen":"WATCHER","items_purchased":[],"campfire_rested":1,"item_purchase_floors":[],"current_hp_per_floor":[72,69,67,67,60,18,39,0,0],"gold":363,"neow_bonus":"RANDOM_COMMON_RELIC","is_daily":false,"chose_seed":false,"campfire_upgraded":0,"win_rate":0.0,"timestamp":1609092759,"path_taken":["M","?","M","?","M","E","R","E"],"items_purchased_type":[],"build_version":"2020-12-22","purchased_purges":0,"victory":false,"max_hp_per_floor":[72,72,72,72,72,72,72,72,72],"card_choices":[{"not_picked":["FlyingSleeves","Halt"],"picked":"FollowUp","floor":1},{"not_picked":["ClearTheMind","Consecrate"],"picked":"Sanctity","floor":2},{"not_picked":["Protect","ThirdEye"],"picked":"Meditate","floor":3},{"not_picked":["FollowUp","Prostrate"],"picked":"DeceiveReality","floor":5},{"not_picked":["Halt","CarveReality"],"picked":"Wallop","floor":6}],"player_experience":93439,"relics_obtained":[{"floor":6,"key":"Gremlin Horn"}],"event_choices":[{"damage_healed":0,"gold_gain":175,"player_choice":"AGREE","damage_taken":0,"max_hp_gain":0,"max_hp_loss":0,"event_name":"Liars Game","floor":4,"gold_loss":0,"cards_obtained":["Doubt"]}],"is_beta":false,"boss_relics":[],"items_purged_floors":[],"is_endless":false,"potions_floor_spawned":[2,3,5],"killed_by":"Lagavulin","ascension_level":1}}