{"host":"j019w4cyowrad0mf","time":1609036681,"event":{"mods":["2.2 Compatiblity","Act Like it!","BaseMod","CapriCore","Gensokyo","HololiveMod","Marisa????????","Minty Spire (QoL Compilation)","Reimu??????","StSLib","Waifu the Spire","WarShipGirlsR/????R mod"],"gold_per_floor":[110,39,39,59,59,85,85,85,85,37,50,50,67,77,77,77,77],"floor_reached":16,"playtime":999,"items_purged":[],"score":100,"play_id":"4e25379e-200e-426e-9767-62dcf3f05fb8","local_time":"20201226183801","is_ascension_mode":false,"campfire_choices":[{"data":"rmod:chargemoney","floor":8,"key":"SMITH"},{"data":"rmod:expedition","floor":15,"key":"SMITH"}],"circlet_count":0,"master_deck":["rmod:strick","rmod:strick","rmod:defend","rmod:defend","rmod:defend+1","rmod:basicallowance+1","rmod:maingunfire","rmod:expedition+1","rmod:chargemoney+1","rmod:salvage","rmod:fletcherpendant","rmod:maintain+1","rmod:circuitoustactics","rmod:tearstotiara","rmod:fletcher","rmod:aluminumsupply","rmod:aggressivemary","rmod:intelligenceanalysis"],"relics":["rmod:firstchargereward","War Paint","Gensokyo:Justice","Bottled Tornado","Gremlin Horn"],"acts_visited":["Exordium"],"potions_floor_usage":[13,16,16,16],"damage_taken":[{"damage":0,"enemies":"Gensokyo:3_Fairies","floor":1,"turns":4},{"damage":5,"enemies":"Gensokyo:Gryphon","floor":4,"turns":7},{"damage":18,"enemies":"Gensokyo:Cirno","floor":6,"turns":13},{"damage":7,"enemies":"Gensokyo:2_Kodama","floor":11,"turns":4},{"damage":12,"enemies":"Gensokyo:Kitsune","floor":13,"turns":2},{"damage":0,"enemies":"Gensokyo:LivingMonolith","floor":14,"turns":3},{"damage":6,"enemies":"Gensokyo:Kokoro","floor":16,"turns":2}],"seed_played":"-2518553937638874357","potions_obtained":[{"floor":6,"key":"Strength Potion"},{"floor":11,"key":"Fire Potion"},{"floor":13,"key":"BlessingOfTheForge"},{"floor":14,"key":"DistilledChaos"}],"is_trial":false,"path_per_floor":["M","$","?","M","?","E","?","R","T","$","M","T","M","M","R","B"],"character_chosen":"PRAEFECT","items_purchased":["rmod:chargemoney","rmod:tearstotiara"],"campfire_rested":0,"item_purchase_floors":[2,10],"current_hp_per_floor":[75,75,75,70,40,22,22,22,22,22,15,15,3,3,3,0,0],"gold":77,"neow_bonus":"UPGRADE_CARD","is_daily":false,"chose_seed":false,"campfire_upgraded":2,"win_rate":0.0,"timestamp":1609036681,"path_taken":["M","$","?","M","?","E","?","R","T","?","?","?","M","M","R","BOSS"],"items_purchased_type":["Card","Card"],"build_version":"2020-12-22","purchased_purges":0,"victory":false,"max_hp_per_floor":[75,75,75,75,75,75,75,75,75,75,75,75,75,75,75,75,75],"card_choices":[{"not_picked":["rmod:luckystar","rmod:steelsupply"],"picked":"rmod:expedition","floor":1},{"not_picked":["rmod:combined","rmod:victimresponsibility"],"picked":"rmod:ammunitionsupply","floor":3},{"not_picked":["rmod:luckystar","rmod:windflower"],"picked":"rmod:salvage","floor":3},{"not_picked":["rmod:luckystar","rmod:circuitoustactics"],"picked":"rmod:maintain","floor":4},{"not_picked":["rmod:ridicule","rmod:lonelyqueen"],"picked":"rmod:circuitoustactics","floor":6},{"not_picked":["rmod:luckystar","rmod:unsinkable"],"picked":"rmod:aluminumsupply","floor":11},{"not_picked":["rmod:combined","rmod:selfconfidence"],"picked":"rmod:aggressivemary","floor":13},{"not_picked":["rmod:highspeedshooting","rmod:victimresponsibility"],"picked":"rmod:intelligenceanalysis","floor":14}],"player_experience":313870,"relics_obtained":[{"floor":6,"key":"War Paint"},{"floor":9,"key":"Bottled Tornado"},{"floor":12,"key":"Gremlin Horn"}],"event_choices":[],"is_beta":false,"boss_relics":[],"items_purged_floors":[],"is_endless":false,"potions_floor_spawned":[6,11,13,14],"killed_by":"Gensokyo:Kokoro","ascension_level":0}}