{"host":"69rply1jf2d1wbmp","time":1609036416,"event":{"mods":["BaseMod","Minty Spire (QoL Compilation)","Quick Restart"],"gold_per_floor":[16,16,16,36,36,36,36,65,65,80,109,109,109,130,130,249,249,274,294,294,294],"floor_reached":20,"playtime":595,"items_purged":[],"score":182,"play_id":"fbaa42cf-c08b-473c-935e-66e2d1c03cd2","local_time":"20201226213336","is_ascension_mode":false,"campfire_choices":[{"data":"Armaments","floor":6,"key":"SMITH"},{"data":"Infernal Blade","floor":12,"key":"SMITH"},{"floor":15,"key":"REST"}],"circlet_count":0,"master_deck":["Strike_R","Strike_R","Strike_R","Strike_R","Strike_R","Defend_R","Defend_R","Defend_R","Defend_R","Bash","Double Tap","Armaments+1","Pommel Strike","Infernal Blade+1","Injury","Spot Weakness","Limit Break"],"relics":["Burning Blood","Frozen Egg 2","Kunai","Shuriken","Toy Ornithopter","Golden Idol","Mark of Pain"],"acts_visited":["Exordium","TheCity"],"potions_floor_usage":[16,16,16],"damage_taken":[{"damage":6,"enemies":"Cultist","floor":1,"turns":3},{"damage":0,"enemies":"2 Louse","floor":4,"turns":4},{"damage":19,"enemies":"3 Sentries","floor":8,"turns":11},{"damage":0,"enemies":"Small Slimes","floor":10,"turns":4},{"damage":35,"enemies":"Lagavulin","floor":11,"turns":8},{"damage":12,"enemies":"Blue Slaver","floor":14,"turns":4},{"damage":37,"enemies":"Hexaghost","floor":16,"turns":8},{"damage":42,"enemies":"Spheric Guardian","floor":18,"turns":7},{"damage":22,"enemies":"2 Thieves","floor":19,"turns":4},{"damage":34,"enemies":"Snake Plant","floor":20,"turns":4}],"seed_played":"5592584284576411684","potions_obtained":[{"floor":10,"key":"EssenceOfSteel"},{"floor":11,"key":"Fire Potion"},{"floor":14,"key":"FearPotion"}],"is_trial":false,"path_per_floor":["M","T","$","M","?","R","$","E","T","M","E","R","?","M","R","B",null,"M","M","M"],"character_chosen":"IRONCLAD","items_purchased":[],"campfire_rested":1,"item_purchase_floors":[],"current_hp_per_floor":[80,80,80,80,85,85,85,72,72,78,49,49,49,43,68,52,85,49,33,0,0],"gold":294,"neow_bonus":"THREE_RARE_CARDS","is_daily":false,"chose_seed":false,"campfire_upgraded":2,"win_rate":0.0,"timestamp":1609036416,"path_taken":["M","?","$","M","?","R","$","E","T","M","E","R","?","M","R","BOSS","M","M","M"],"items_purchased_type":[],"build_version":"2020-12-22","purchased_purges":0,"victory":false,"max_hp_per_floor":[80,80,80,80,85,85,85,85,85,85,85,85,85,85,85,85,85,85,85,85,85],"card_choices":[{"not_picked":["Fiend Fire","Bludgeon"],"picked":"Double Tap","floor":0},{"not_picked":["Wild Strike","Iron Wave"],"picked":"Armaments","floor":1},{"not_picked":["Uppercut","Searing Blow"],"picked":"Pommel Strike","floor":4},{"not_picked":["Sword Boomerang","Shockwave","Limit Break"],"picked":"SKIP","floor":8},{"not_picked":["Warcry","Pommel Strike","Dark Embrace+1"],"picked":"SKIP","floor":10},{"not_picked":["Whirlwind","Headbutt"],"picked":"Infernal Blade","floor":11},{"not_picked":["Headbutt","Body Slam"],"picked":"Spot Weakness","floor":14},{"not_picked":["Feed","Exhume"],"picked":"Limit Break","floor":16},{"not_picked":["Pommel Strike","Power Through","Bloodletting+1"],"picked":"SKIP","floor":18},{"not_picked":["Body Slam","Warcry","Clothesline"],"picked":"SKIP","floor":19}],"player_experience":409500,"relics_obtained":[{"floor":2,"key":"Frozen Egg 2"},{"floor":8,"key":"Kunai"},{"floor":9,"key":"Shuriken"},{"floor":11,"key":"Toy Ornithopter"}],"event_choices":[{"damage_healed":0,"gold_gain":0,"player_choice":"Donut","damage_taken":0,"max_hp_gain":5,"max_hp_loss":0,"event_name":"Big Fish","floor":5,"gold_loss":0},{"damage_healed":0,"gold_gain":0,"player_choice":"Take Wound","damage_taken":0,"relics_obtained":["Golden Idol"],"max_hp_gain":0,"max_hp_loss":0,"event_name":"Golden Idol","floor":13,"gold_loss":0,"cards_obtained":["Injury"]}],"is_beta":false,"boss_relics":[{"not_picked":["Busted Crown","SacredBark"],"picked":"Mark of Pain"}],"items_purged_floors":[],"is_endless":false,"potions_floor_spawned":[10,11,14],"killed_by":"Snake Plant","ascension_level":0}}