{"host":"uae2ry9d6rl7cq98","time":1609035632,"event":{"mods":["AchievementEnabler","BaseMod","BetterRewards","Colored Map","Custom Start","Hermit","Hubris","Infinite Spire","Minty Spire (QoL Compilation)","Replay The Spire","Shop Mod","StSLib","SuperFastMode","The Animator","The Hierophant","The Servant 0.9.4"],"gold_per_floor":[114,39,114,114,131,161,161,175,175,175,175,36,36,68,68,168,168,185,284,284,295,311,311,311],"floor_reached":23,"playtime":661,"items_purged":["Strike_B","Defend_B"],"score":244,"play_id":"176ac3e8-0147-424c-86af-614d41d5a025","local_time":"20201226182032","is_ascension_mode":true,"campfire_choices":[{"floor":7,"key":"RECALL"},{"data":"Reprogram","floor":13,"key":"SMITH"},{"floor":15,"key":"REST"}],"circlet_count":0,"master_deck":["Strike_B","Strike_B","Strike_B","Defend_B","Defend_B","Defend_B","Zap","Dualcast","Gash+1","BasicCrystalCard","Hyperbeam+1","Reprogram+1","Scrape","Meteor Strike","Reinforced Body"],"relics":["Cracked Core","NeowsBlessing","Replay:Bottled Eggs","Sundial","hubris:BottledRain","DataDisk","SlaversCollar"],"acts_visited":["Exordium","TheCity"],"potions_floor_usage":[16,18],"damage_taken":[{"damage":0,"enemies":"Cultist","floor":1,"turns":1},{"damage":0,"enemies":"Jaw Worm","floor":5,"turns":1},{"damage":0,"enemies":"3 Sentries","floor":6,"turns":1},{"damage":0,"enemies":"Small Slimes","floor":8,"turns":1},{"damage":40,"enemies":"Lagavulin","floor":14,"turns":6},{"damage":11,"enemies":"Slime Boss","floor":16,"turns":6},{"damage":11,"enemies":"2 Thieves","floor":18,"turns":2},{"damage":5,"enemies":"Spheric Guardian","floor":21,"turns":5},{"damage":33,"enemies":"Shelled Parasite and Fungi","floor":22,"turns":5},{"damage":23,"enemies":"Sentry and Sphere","floor":23,"turns":3}],"seed_played":"-3743661584108216195","potions_obtained":[{"floor":6,"key":"Adrenaline Potion"},{"floor":8,"key":"AttackPotion"},{"floor":21,"key":"SpeedPotion"}],"is_trial":false,"path_per_floor":["M","$","?","T","M","E","R","M","T","?","T","$","R","E","R","B",null,"M","?","?","M","M","M"],"character_chosen":"DEFECT","items_purchased":["Reprogram"],"campfire_rested":1,"item_purchase_floors":[12],"current_hp_per_floor":[75,75,64,64,64,64,64,64,64,64,64,64,64,24,46,35,75,64,64,58,53,20,0,0],"gold":311,"neow_bonus":"THREE_ENEMY_KILL","is_daily":false,"chose_seed":false,"campfire_upgraded":1,"win_rate":0.0,"timestamp":1609035632,"path_taken":["M","$","?","?","M","E","R","M","T","?","?","$","R","E","R","BOSS","M","?","?","?","M","M"],"items_purchased_type":["Card"],"build_version":"2020-12-22","purchased_purges":2,"victory":false,"max_hp_per_floor":[75,75,75,75,75,75,75,75,75,75,75,75,75,75,75,75,75,75,75,75,75,75,75,75],"card_choices":[{"not_picked":["White Noise","Hello World"],"picked":"Gash","floor":1},{"not_picked":["BootSequence","Sweeping Beam"],"picked":"BasicCrystalCard","floor":5},{"not_picked":["Rip and Tear","Leap"],"picked":"Hyperbeam","floor":6},{"not_picked":["Hello World","Hologram","Barrage"],"picked":"SKIP","floor":8},{"not_picked":["Panic Button","Cold Snap"],"picked":"Scrape","floor":14},{"not_picked":["Thunder Strike","Rainbow"],"picked":"Meteor Strike","floor":16},{"not_picked":["Static Discharge+1","Heatsinks+1"],"picked":"Reinforced Body","floor":18},{"not_picked":["Beam Cell","Rebound","Steam"],"picked":"SKIP","floor":21},{"not_picked":["Force Field","ReplaySolidLightProjector","Sweeping Beam"],"picked":"SKIP","floor":22}],"player_experience":266936,"relics_obtained":[{"floor":4,"key":"Replay:Bottled Eggs"},{"floor":6,"key":"Sundial"},{"floor":11,"key":"hubris:BottledRain"},{"floor":14,"key":"DataDisk"}],"event_choices":[{"damage_healed":0,"gold_gain":75,"player_choice":"Gather Gold","damage_taken":11,"max_hp_gain":0,"max_hp_loss":0,"event_name":"World of Goop","floor":3,"gold_loss":0},{"damage_healed":0,"gold_gain":99,"player_choice":"Stole From Cult","damage_taken":0,"max_hp_gain":0,"max_hp_loss":0,"event_name":"Nest","floor":19,"gold_loss":0},{"damage_healed":0,"gold_gain":0,"player_choice":"","damage_taken":6,"max_hp_gain":0,"max_hp_loss":0,"event_name":"Knowing Skull","floor":20,"potions_obtained":[],"gold_loss":0,"cards_obtained":[]}],"is_beta":false,"boss_relics":[{"not_picked":["hubris:Stopwatch","Inserter"],"picked":"SlaversCollar"}],"items_purged_floors":[2,12],"is_endless":false,"potions_floor_spawned":[6,8,21],"killed_by":"Sentry and Sphere","ascension_level":2}}