{"host":"eqvoimh73njwfgdh","time":1609109880,"event":{"mods":["AchievementEnabler","BaseMod","Better Altar","Better Match","Better Note","Better Sensory Stone","Better Skull","Better Third Choice","BetterRewards","Colored Powertips","Conspire","Energized Spire","Hubris","Minty Spire (QoL Compilation)","Permanent Neow","Rare Cards Sparkle","Relic Stats","Replay The Spire","Spicy Shops","StSLib","The Animator","The Blue Laboratory","vexMod"],"gold_per_floor":[129,148,148,148,148,182,29,29,29,29,29],"floor_reached":10,"playtime":516,"items_purged":[],"score":70,"play_id":"dd473465-d01c-4114-a6f3-795c85297c73","local_time":"20201227235800","is_ascension_mode":true,"campfire_choices":[{"floor":8,"key":"RECALL"}],"circlet_count":0,"master_deck":["animator:Strike_GoblinSlayer","animator:Defend_GoblinSlayer","animator:Strike","animator:Strike","animator:Strike","animator:Defend","animator:Defend","animator:Defend","animator:LizardPriest","animator:DwarfShaman","animator:CowGirl","animator:Yoichi","animator:Nanami"],"relics":["animator:LivingPicture","animator:TheMissingPiece","Oddly Smooth Stone","hubris:DisguiseKit","Replay:Mystery Machine","Lantern","conspire:DecoderRing"],"acts_visited":["Exordium"],"potions_floor_usage":[10],"damage_taken":[{"damage":0,"enemies":"Cultist","floor":1,"turns":5},{"damage":1,"enemies":"2 Louse","floor":2,"turns":3},{"damage":20,"enemies":"3 Sentries","floor":6,"turns":8},{"damage":55,"enemies":"Gremlin Nob","floor":10,"turns":6}],"seed_played":"-4094235426565194258","potions_obtained":[{"floor":1,"key":"blueLaboratory:HorrorPotion"},{"floor":2,"key":"Venom Potion"}],"is_trial":false,"path_per_floor":["M","M","T","?","?","E","$","R","T","E"],"character_chosen":"THE_ANIMATOR","items_purchased":["Lantern"],"campfire_rested":0,"item_purchase_floors":[7],"current_hp_per_floor":[66,65,65,65,65,45,45,45,45,0,0],"gold":29,"neow_bonus":"RANDOM_COMMON_RELIC","is_daily":false,"chose_seed":false,"campfire_upgraded":0,"win_rate":0.0,"timestamp":1609109880,"path_taken":["M","?","?","?","?","E","$","R","T","E"],"items_purchased_type":["Relic"],"build_version":"2020-12-22","purchased_purges":0,"victory":false,"max_hp_per_floor":[66,66,66,66,66,66,66,66,66,66,66],"relic_stats":{"counters":[4,21],"obtain_stats":[{"hubris:DisguiseKit":4,"Lantern":7,"animator:TheMissingPiece":0,"conspire:DecoderRing":9,"Oddly Smooth Stone":0,"animator:LivingPicture":0,"Replay:Mystery Machine":6},{"hubris:DisguiseKit":2,"Lantern":3,"animator:TheMissingPiece":0,"conspire:DecoderRing":3,"Oddly Smooth Stone":0,"animator:LivingPicture":0,"Replay:Mystery Machine":3},{"hubris:DisguiseKit":7,"Lantern":15,"animator:TheMissingPiece":0,"conspire:DecoderRing":15,"Oddly Smooth Stone":0,"animator:LivingPicture":0,"Replay:Mystery Machine":15}]},"card_choices":[{"not_picked":["animator:Shichika","animator:Azekura"],"picked":"animator:CowGirl","floor":1},{"not_picked":["animator:Mitsuba","animator:SayakaMiki"],"picked":"animator:Yoichi","floor":2},{"not_picked":["animator:ItamiYouji","animator:YuiTsuruno","Run Through"],"picked":"animator:Nanami","floor":6}],"player_experience":113587,"relics_obtained":[{"floor":6,"key":"Replay:Mystery Machine"},{"floor":9,"key":"conspire:DecoderRing"}],"event_choices":[{"damage_healed":0,"gold_gain":0,"player_choice":"Leave","damage_taken":0,"max_hp_gain":0,"max_hp_loss":0,"event_name":"The Cleric","floor":5,"gold_loss":0}],"is_beta":false,"boss_relics":[],"items_purged_floors":[],"is_endless":false,"potions_floor_spawned":[1,2],"killed_by":"Gremlin Nob","ascension_level":2}}