{"host":"gk9qdtkqd8dwfeg2","time":1609050300,"event":{"mods":["Aspiration","BaseMod","Colored Powertips","Minty Spire (QoL Compilation)","Quick Restart","Replay The Spire","Shop Mod","StSLib","TestMod","The Servant 0.9.4","Waifu the Spire"],"gold_per_floor":[122,7,7,7,7,7,35,35,35,53,73,98,138,165,177,299,311,341,20,34,34,49,50,50],"floor_reached":23,"playtime":644,"items_purged":["Strike_R","Decay"],"score":259,"play_id":"419f86e6-0698-4d9c-b03f-9ff6cd66756c","local_time":"20201227142500","is_ascension_mode":true,"campfire_choices":[{"data":"Phantasmal Killer","floor":6.0,"key":"SMITH"},{"data":"Demon Form","floor":15.0,"key":"SMITH"}],"circlet_count":0,"master_deck":["Strike_R","Strike_R","Defend_R","Defend_R","Defend_R","Bash","Inflame","Finisher","Phantasmal Killer+1","Poisoned Stab","Rampage","Blood for Blood","Demon Form+1","Feed","testmod-Wormhole"],"relics":["Burning Blood","testmod-TestBox","testmod-TheFather","testmod-InfectionSource","testmod-TurbochargingSystem","The Courier","Smiling Mask","Black Star","MerchantsRug","Shuriken"],"acts_visited":["Exordium","TheCity"],"potions_floor_usage":[20],"damage_taken":[{"damage":0.0,"enemies":"Cultist","floor":1.0,"turns":2.0},{"damage":30.0,"enemies":"Lagavulin","floor":7.0,"turns":4.0},{"damage":6.0,"enemies":"Small Slimes","floor":10.0,"turns":3.0},{"damage":2.0,"enemies":"Jaw Worm","floor":11.0,"turns":2.0},{"damage":15.0,"enemies":"Replay:BlueRogue","floor":13.0,"turns":4.0},{"damage":8.0,"enemies":"Blue Slaver","floor":14.0,"turns":3.0},{"damage":22.0,"enemies":"Slime Boss","floor":16.0,"turns":7.0},{"damage":14.0,"enemies":"Chosen","floor":18.0,"turns":4.0},{"damage":32,"enemies":"3 Byrds","floor":20,"turns":4},{"damage":24,"enemies":"Snake Plant","floor":22,"turns":3},{"damage":0,"enemies":"Gremlin Leader","floor":23,"turns":2}],"seed_played":"-5354831036087122227","potions_obtained":[{"floor":10.0,"key":"LifebloodPotion"},{"floor":11.0,"key":"Strength Potion"},{"floor":14.0,"key":"Dexterity Potion"},{"floor":16.0,"key":"Dexterity Potion"},{"floor":22,"key":"Elixir"}],"is_trial":false,"path_per_floor":["M","$","?","T","$","R","E","?","T","M","M","T","E","M","R","B",null,"M","$","M","?","M","E"],"character_chosen":"IRONCLAD","items_purchased":["Inflame","MerchantsRug","Shuriken","testmod-Wormhole"],"campfire_rested":0,"item_purchase_floors":[2,19,19,19],"current_hp_per_floor":[78,78,78,78,78,78,54,54,54,54,58,58,49,47,47,31,68,60,60,34,34,16,16,16],"gold":50,"neow_bonus":"NOSTALGIA","is_daily":false,"chose_seed":false,"campfire_upgraded":2,"win_rate":0.0,"timestamp":1609050300,"path_taken":["M","?","?","?","?","R","E","?","T","?","M","?","E","M","R","BOSS","M","$","M","?","M","E"],"items_purchased_type":["Card","Relic","Relic","Card"],"build_version":"2020-12-22","purchased_purges":2,"victory":false,"max_hp_per_floor":[80,80,80,80,80,80,80,80,80,80,80,80,80,80,80,80,80,80,80,80,80,80,80,80],"card_choices":[{"not_picked":["Replay:Undeath\u0027s Touch","ReplayTheSpireMod:Strike From Hell","Flame Barrier"],"picked":"SKIP","floor":1.0},{"not_picked":["Evolve","Run Through"],"picked":"Rampage","floor":7.0},{"not_picked":["Cleave","Heavy Blade","Sword Boomerang"],"picked":"SKIP","floor":10.0},{"not_picked":["Warcry","ReplayTheSpireMod:Corrosion Curse"],"picked":"Blood for Blood","floor":11.0},{"not_picked":["Battle Trance","Fire Breathing"],"picked":"Demon Form","floor":13.0},{"not_picked":["Life Link","Spot Weakness","Perfected Strike"],"picked":"SKIP","floor":14.0},{"not_picked":["Bludgeon","Impervious"],"picked":"Feed","floor":16.0},{"not_picked":["Intimidate","Heavy Blade+1","Flame Barrier+1"],"picked":"SKIP","floor":18.0},{"not_picked":["Massacre+1","Perfected Strike+1","Spot Weakness"],"picked":"SKIP","floor":20},{"not_picked":["Heavy Blade","Rampage","True Grit"],"picked":"SKIP","floor":22}],"player_experience":576643,"relics_obtained":[{"floor":4.0,"key":"testmod-InfectionSource"},{"floor":7.0,"key":"testmod-TurbochargingSystem"},{"floor":9.0,"key":"The Courier"},{"floor":12.0,"key":"MawBank"},{"floor":13.0,"key":"Smiling Mask"}],"event_choices":[{"damage_healed":0.0,"max_hp_gain":0.0,"max_hp_loss":0.0,"gold_gain":0.0,"event_name":"Wheel of Change","player_choice":"Cursed","floor":8.0,"gold_loss":0.0,"damage_taken":0.0,"cards_obtained":["Decay"]}],"is_beta":false,"boss_relics":[{"not_picked":["testmod-Recursion","aspiration:WatcherSkillbook"],"picked":"Black Star"}],"items_purged_floors":[2,19],"is_endless":false,"potions_floor_spawned":[10,11,14,16,18,22],"killed_by":"Gremlin Leader","ascension_level":6}}