{"host":"qj91dvco5uhu9oti","time":1609077695,"event":{"mods":["BaseMod","Colored Map","Keyboard Shortcuts","Minty Spire (QoL Compilation)","Permanent Neow","Relic Stats","StSLib","SuperFastMode","everything is the same but u backflip on backflip"],"gold_per_floor":[110,110,175,175,192,192,218,218,218,252,68,83,103,119,119,196,196,207,227,302,8,58,58,126,176,199,219,233,247,54,66,66,141,141,160,35,110,126,28,28,58,77,77,110,110,129,143,174,174,174],"floor_reached":51,"playtime":2260,"items_purged":["Strike_G","Strike_G","Defend_G"],"score":1522,"play_id":"6eaa74d0-6974-46fc-a0e8-57dc581f35da","local_time":"20201227230135","is_ascension_mode":true,"campfire_choices":[{"data":"Accuracy","floor":6.0,"key":"SMITH"},{"data":"Dash","floor":8.0,"key":"SMITH"},{"data":"Blade Dance","floor":15.0,"key":"SMITH"},{"data":"Prepared","floor":23.0,"key":"SMITH"},{"data":"Prepared","floor":32.0,"key":"SMITH"},{"data":"Calculated Gamble","floor":40.0,"key":"SMITH"},{"data":"Terror","floor":45.0,"key":"SMITH"},{"data":"Reflex","floor":49,"key":"SMITH"}],"circlet_count":0,"master_deck":["AscendersBane","Defend_G","Survivor","Neutralize","Dash+1","Infinite Blades","Accuracy+1","Footwork","Crippling Poison","Blade Dance+1","Infinite Blades","Prepared+1","After Image","PiercingWail+1","Calculated Gamble+1","Tactician+1","Terror+1","Escape Plan","Prepared+1","Acrobatics+1","Backflip","Footwork+1","Acrobatics","Tactician+1","Backflip","Storm of Steel","Grand Finale+1","Crippling Poison+1","Well Laid Plans+1","Backflip+1","Reflex+1"],"relics":["Ring of the Snake","SsserpentHead","Gambling Chip","Sundial","Bag of Preparation","SlaversCollar","Red Mask","Orrery","Art of War","DollysMirror","Astrolabe","Du-Vu Doll","Frozen Egg 2","Incense Burner","Mercury Hourglass","Bronze Scales"],"acts_visited":["Exordium","TheCity","TheBeyond"],"potions_floor_usage":[50],"damage_taken":[{"damage":5.0,"enemies":"Jaw Worm","floor":1.0,"turns":5.0},{"damage":2.0,"enemies":"Cultist","floor":3.0,"turns":4.0},{"damage":0.0,"enemies":"Small Slimes","floor":5.0,"turns":5.0},{"damage":20.0,"enemies":"3 Sentries","floor":7.0,"turns":9.0},{"damage":7.0,"enemies":"Lagavulin","floor":10.0,"turns":7.0},{"damage":0.0,"enemies":"Blue Slaver","floor":12.0,"turns":4.0},{"damage":0.0,"enemies":"Red Slaver","floor":13.0,"turns":3.0},{"damage":1.0,"enemies":"Exordium Wildlife","floor":14.0,"turns":3.0},{"damage":12.0,"enemies":"Hexaghost","floor":16.0,"turns":8.0},{"damage":0.0,"enemies":"3 Byrds","floor":18.0,"turns":4.0},{"damage":0.0,"enemies":"Spheric Guardian","floor":19.0,"turns":3.0},{"damage":22.0,"enemies":"Masked Bandits","floor":20.0,"turns":8.0},{"damage":6.0,"enemies":"Centurion and Healer","floor":24.0,"turns":5.0},{"damage":0.0,"enemies":"3 Cultists","floor":27.0,"turns":6.0},{"damage":8.0,"enemies":"Snake Plant","floor":28.0,"turns":3.0},{"damage":0.0,"enemies":"Centurion and Healer","floor":29.0,"turns":5.0},{"damage":0.0,"enemies":"Cultist and Chosen","floor":31.0,"turns":6.0},{"damage":0.0,"enemies":"Collector","floor":33.0,"turns":6.0},{"damage":0.0,"enemies":"3 Darklings","floor":35.0,"turns":4.0},{"damage":0.0,"enemies":"Mind Bloom Boss Battle","floor":37.0,"turns":4.0},{"damage":1.0,"enemies":"3 Shapes","floor":38.0,"turns":5.0},{"damage":1.0,"enemies":"Giant Head","floor":41.0,"turns":4.0},{"damage":0.0,"enemies":"Maw","floor":42.0,"turns":4.0},{"damage":0.0,"enemies":"Nemesis","floor":44.0,"turns":3.0},{"damage":1.0,"enemies":"3 Darklings","floor":46.0,"turns":4.0},{"damage":5.0,"enemies":"Sphere and 2 Shapes","floor":47.0,"turns":5.0},{"damage":0,"enemies":"Reptomancer","floor":48,"turns":3},{"damage":5,"enemies":"Donu and Deca","floor":50,"turns":4}],"seed_played":"-574223361322661265","potions_obtained":[{"floor":3.0,"key":"SteroidPotion"},{"floor":7.0,"key":"Weak Potion"},{"floor":16.0,"key":"CunningPotion"},{"floor":29.0,"key":"SneckoOil"},{"floor":33.0,"key":"ColorlessPotion"},{"floor":37.0,"key":"Energy Potion"},{"floor":38.0,"key":"CultistPotion"},{"floor":46.0,"key":"CunningPotion"}],"is_trial":false,"path_per_floor":["M","?","M","?","M","R","E","R","T","E","$","M","M","M","R","B",null,"M","M","?","$","?","R","M","?","T","M","M","M","$","M","R","B",null,"M","$","?","M","$","R","E","M","T","E","R","M","M","E","R","B",null],"character_chosen":"THE_SILENT","items_purchased":["Footwork","Crippling Poison","Terror","Orrery","Acrobatics","DollysMirror","Fruit Juice"],"campfire_rested":0,"item_purchase_floors":[11,11,21,21,30,30,39],"current_hp_per_floor":[54,54,52,52,52,52,32,32,32,25,25,25,25,24,24,12,48,48,48,26,26,26,26,20,20,20,20,12,12,12,12,12,12,48,48,48,48,47,52,52,51,51,51,51,51,50,45,45,45,40],"gold":174,"neow_bonus":"REMOVE_TWO","is_daily":false,"chose_seed":false,"campfire_upgraded":8,"win_rate":0.0,"timestamp":1609077695,"path_taken":["M","?","?","?","M","R","E","R","T","E","$","M","M","M","R","BOSS","M","M","?","$","?","R","?","?","T","M","M","M","$","M","R","BOSS","M","$","?","M","$","R","E","M","T","E","R","M","M","E","R","BOSS"],"items_purchased_type":["Card","Card","Card","Relic","Card","Relic","Potion"],"build_version":"2020-12-22","purchased_purges":3,"victory":true,"max_hp_per_floor":[60,60,60,60,60,60,60,60,60,60,60,60,60,60,60,60,60,60,60,60,60,60,60,60,60,60,60,60,60,60,60,60,60,60,60,60,60,60,65,65,65,65,65,65,65,65,65,65,65,65],"relic_stats":{"SsserpentHead":350,"counters":[28,134],"Sundial":[38],"Gambling Chip":[105],"Astrolabe":["Grand Finale","Crippling Poison","Well Laid Plans"],"Bronze Scales":[12],"Bag of Preparation":[46],"Art of War":[9],"obtain_stats":[{"Astrolabe":34,"Bag of Preparation":10,"Incense Burner":43,"Frozen Egg 2":41,"Mercury Hourglass":44,"Du-Vu Doll":37,"SsserpentHead":2,"SlaversCollar":17,"Sundial":9,"DollysMirror":30,"Gambling Chip":7,"Bronze Scales":48,"Orrery":21,"Red Mask":20,"Art of War":26,"Ring of the Snake":0},{"Astrolabe":18,"Bag of Preparation":5,"Incense Burner":23,"Frozen Egg 2":22,"Mercury Hourglass":24,"Du-Vu Doll":20,"SsserpentHead":1,"SlaversCollar":9,"Sundial":4,"DollysMirror":16,"Gambling Chip":4,"Bronze Scales":27,"Orrery":12,"Red Mask":12,"Art of War":13,"Ring of the Snake":0},{"Astrolabe":94,"Bag of Preparation":30,"Incense Burner":115,"Frozen Egg 2":111,"Mercury Hourglass":118,"Du-Vu Doll":102,"SsserpentHead":5,"SlaversCollar":48,"Sundial":23,"DollysMirror":82,"Gambling Chip":23,"Bronze Scales":130,"Orrery":63,"Red Mask":63,"Art of War":68,"Ring of the Snake":0}],"Ring of the Snake":[56],"Mercury Hourglass":[96]},"card_choices":[{"not_picked":["Outmaneuver","Leg Sweep"],"picked":"Dash","floor":1.0},{"not_picked":["Backstab","Outmaneuver"],"picked":"Infinite Blades","floor":3.0},{"not_picked":["Catalyst","Slice"],"picked":"Accuracy","floor":5.0},{"not_picked":["Dagger Throw","Distraction","Slice"],"picked":"SKIP","floor":7.0},{"not_picked":["Corpse Explosion","Sucker Punch","Slice"],"picked":"SKIP","floor":10.0},{"not_picked":["Acrobatics","Backflip"],"picked":"Blade Dance","floor":12.0},{"not_picked":["Dodge and Roll","Slice"],"picked":"Infinite Blades","floor":13.0},{"not_picked":["Deadly Poison","Well Laid Plans"],"picked":"Prepared","floor":14.0},{"not_picked":["Corpse Explosion","Bullet Time"],"picked":"After Image","floor":16.0},{"not_picked":["Escape Plan","Sucker Punch"],"picked":"PiercingWail+1","floor":18.0},{"not_picked":["Bane","Flying Knee+1"],"picked":"Calculated Gamble","floor":19.0},{"not_picked":["Flying Knee","Underhanded Strike"],"picked":"Tactician","floor":20.0},{"not_picked":["Outmaneuver","Deadly Poison"],"picked":"Escape Plan","floor":21.0},{"not_picked":["Quick Slash+1","Well Laid Plans"],"picked":"Prepared","floor":21.0},{"not_picked":["Unload","Deadly Poison+1"],"picked":"Acrobatics+1","floor":21.0},{"not_picked":["Dagger Throw","PiercingWail"],"picked":"Backflip","floor":21.0},{"not_picked":["Concentrate","Deadly Poison","Quick Slash"],"picked":"SKIP","floor":24.0},{"not_picked":["Noxious Fumes","Slice","Outmaneuver"],"picked":"SKIP","floor":27.0},{"not_picked":["Noxious Fumes","Slice","Outmaneuver"],"picked":"SKIP","floor":27.0},{"not_picked":["Unload","Masterful Stab"],"picked":"Footwork+1","floor":28.0},{"not_picked":["Sucker Punch","Dodge and Roll+1","Dash"],"picked":"SKIP","floor":29.0},{"not_picked":["All Out Attack","Distraction"],"picked":"Backflip","floor":31.0},{"not_picked":["Malaise","Unload"],"picked":"Storm of Steel","floor":33.0},{"not_picked":["Footwork+1","Backstab","Terror"],"picked":"SKIP","floor":35.0},{"not_picked":["Setup","Cloak And Dagger","Dagger Throw"],"picked":"SKIP","floor":38.0},{"not_picked":["Expertise+1","Slice","Leg Sweep"],"picked":"SKIP","floor":41.0},{"not_picked":["Calculated Gamble","Dagger Throw","Poisoned Stab"],"picked":"SKIP","floor":42.0},{"not_picked":["Prepared","Malaise"],"picked":"Backflip+1","floor":44.0},{"not_picked":["PiercingWail+1","Deadly Poison","Quick Slash"],"picked":"SKIP","floor":46.0},{"not_picked":["Outmaneuver","Setup+1","PiercingWail"],"picked":"SKIP","floor":47.0},{"not_picked":["Outmaneuver","Setup+1","PiercingWail"],"picked":"SKIP","floor":47.0},{"not_picked":["Dagger Spray+1","Malaise"],"picked":"Reflex","floor":48}],"player_experience":294666,"relics_obtained":[{"floor":7.0,"key":"Gambling Chip"},{"floor":9.0,"key":"Sundial"},{"floor":10.0,"key":"Bag of Preparation"},{"floor":20.0,"key":"Red Mask"},{"floor":26.0,"key":"Art of War"},{"floor":37.0,"key":"Du-Vu Doll"},{"floor":41.0,"key":"Frozen Egg 2"},{"floor":43.0,"key":"Incense Burner"},{"floor":44.0,"key":"Mercury Hourglass"},{"floor":48,"key":"Bronze Scales"}],"event_choices":[{"damage_healed":0.0,"max_hp_gain":0.0,"max_hp_loss":0.0,"gold_gain":0.0,"event_name":"FaceTrader","player_choice":"Trade","floor":2.0,"gold_loss":0.0,"damage_taken":0.0,"relics_obtained":["SsserpentHead"]},{"cards_removed":["Strike_G"],"damage_healed":0.0,"max_hp_gain":0.0,"max_hp_loss":0.0,"gold_gain":0.0,"event_name":"The Cleric","player_choice":"Card Removal","floor":4.0,"gold_loss":50.0,"damage_taken":0.0},{"damage_healed":0.0,"max_hp_gain":0.0,"max_hp_loss":0.0,"gold_gain":0.0,"event_name":"Masked Bandits","player_choice":"Fought Bandits","floor":20.0,"gold_loss":0.0,"damage_taken":0.0},{"damage_healed":0.0,"max_hp_gain":0.0,"max_hp_loss":0.0,"gold_gain":0.0,"event_name":"Upgrade Shrine","player_choice":"Upgraded","floor":22.0,"gold_loss":0.0,"damage_taken":0.0,"cards_upgraded":["Tactician"]},{"damage_healed":0.0,"max_hp_gain":0.0,"max_hp_loss":0.0,"gold_gain":0.0,"event_name":"Vampires","player_choice":"Ignored","floor":25.0,"gold_loss":0.0,"damage_taken":0.0},{"damage_healed":0.0,"max_hp_gain":0.0,"max_hp_loss":0.0,"gold_gain":0.0,"event_name":"MindBloom","player_choice":"Fight","floor":37.0,"gold_loss":0.0,"damage_taken":0.0}],"is_beta":false,"boss_relics":[{"not_picked":["Tiny House","Pandora\u0027s Box"],"picked":"SlaversCollar"},{"not_picked":["Calling Bell","Coffee Dripper"],"picked":"Astrolabe"}],"items_purged_floors":[11,21,36],"is_endless":false,"potions_floor_spawned":[3,7,14,16,19,27,29,33,37,38,46,47],"ascension_level":14}}