{"host":"jak4ncvfzor9mys0","time":1609042847,"event":{"mods":["2.2 Compatiblity","AchievementEnabler","BaseMod","Better Altar","Better Match","Better Note","Better Sensory Stone","Better Skull","Better Third Choice","BetterRewards","Block Reminder","Colored Map","Colored Powertips","Energized Spire","Gold Saver","Hubris","Infinite Spire","Key Reminder","Minty Spire (QoL Compilation)","Rare Cards Sparkle","Red Circlet Mod","Relic Sorter","Relic Stats","Replay The Spire","Retaliation","StSLib","SuperFastMode","The Blue Laboratory"],"gold_per_floor":[626,626,644,426,437,452,470,470,547,547,513,463,474,474,474,474,474],"floor_reached":16,"playtime":926,"items_purged":[],"score":142,"play_id":"80a28c23-57e7-4624-b0f3-909517ec20c4","local_time":"20201226202047","is_ascension_mode":false,"campfire_choices":[{"data":"Cloak And Dagger","floor":8,"key":"SMITH"},{"data":"Blade Dance","floor":10,"key":"SMITH"},{"data":"Cloak And Dagger","floor":15,"key":"SMITH"}],"circlet_count":0,"master_deck":["Strike_G","Strike_G","Strike_G","Defend_G","Defend_G","Defend_G","Defend_G","Defend_G","Survivor","Neutralize","ReplayTheSpireMod:Scrap Shanks","Footwork","ReplayTheSpireMod:Scrap Shanks","Cloak And Dagger+1","Blade Dance+1","Cloak And Dagger+1"],"relics":["Ring of the Snake","hubris:PeanutButter","Gremlin Food","Anchor","Eternal Feather"],"acts_visited":["Exordium"],"potions_floor_usage":[6,16],"damage_taken":[{"damage":0,"enemies":"Jaw Worm","floor":1,"turns":6},{"damage":0,"enemies":"Small Slimes","floor":3,"turns":5},{"damage":0,"enemies":"2 Louse","floor":5,"turns":5},{"damage":12,"enemies":"Exordium Thugs","floor":6,"turns":6},{"damage":0,"enemies":"2 Fungi Beasts","floor":7,"turns":6},{"damage":0,"enemies":"Looter","floor":13,"turns":3},{"damage":75,"enemies":"Slime Boss","floor":16,"turns":12}],"seed_played":"786543291560121890","potions_obtained":[{"floor":5,"key":"Poison Potion"},{"floor":13,"key":"blueLaboratory:EnvenomedCoating"}],"is_trial":false,"path_per_floor":["M","?","M","$","M","M","M","R","T","R","?","?","M","?","R","B"],"character_chosen":"THE_SILENT","items_purchased":["hubris:PeanutButter","Anchor","ReplayTheSpireMod:Scrap Shanks"],"campfire_rested":0,"item_purchase_floors":[0,4,4],"current_hp_per_floor":[70,70,70,70,70,58,58,58,58,67,67,67,67,67,70,0,0],"gold":474,"neow_bonus":"","is_daily":false,"chose_seed":false,"campfire_upgraded":3,"win_rate":0.0,"timestamp":1609042847,"path_taken":["M","?","M","$","M","M","M","R","T","R","?","?","?","?","R","BOSS"],"items_purchased_type":["Relic","Relic","Card"],"build_version":"2020-12-22","purchased_purges":0,"victory":false,"max_hp_per_floor":[70,70,70,70,70,70,70,70,70,70,70,70,70,70,70,70,70],"relic_stats":{"counters":[24,145],"Eternal Feather":12,"obtain_stats":[{"Gremlin Food":2,"HoveringKite":17,"hubris:SphereOfDissonance":26,"Eternal Feather":9,"PreservedInsect":12,"Replay:Kaleidoscope":3,"ClockworkSouvenir":12,"infinitespire:EvilPickle":33,"Anchor":4,"Ninja Scroll":6,"hubris:PeanutButter":0,"energizedSpire:HighHeels":34,"Ring of the Snake":0},{"Gremlin Food":18,"HoveringKite":7,"hubris:SphereOfDissonance":11,"Eternal Feather":22,"PreservedInsect":5,"Replay:Kaleidoscope":1,"ClockworkSouvenir":5,"infinitespire:EvilPickle":13,"Anchor":19,"Ninja Scroll":4,"hubris:PeanutButter":17,"energizedSpire:HighHeels":13,"Ring of the Snake":0},{"Gremlin Food":108,"HoveringKite":44,"hubris:SphereOfDissonance":74,"Eternal Feather":130,"PreservedInsect":22,"Replay:Kaleidoscope":4,"ClockworkSouvenir":22,"infinitespire:EvilPickle":87,"Anchor":113,"Ninja Scroll":18,"hubris:PeanutButter":102,"energizedSpire:HighHeels":87,"Ring of the Snake":0}],"Ring of the Snake":[48]},"card_choices":[{"not_picked":["Poisoned Stab","Underhanded Strike"],"picked":"ReplayTheSpireMod:Scrap Shanks","floor":1},{"not_picked":["Quick Slash","Deflect"],"picked":"Footwork","floor":3},{"not_picked":["Deadly Poison","Sucker Punch"],"picked":"Cloak And Dagger","floor":5},{"not_picked":["Acrobatics","Die Die Die","Poisoned Stab"],"picked":"SKIP","floor":6},{"not_picked":["Deadly Poison","Footwork"],"picked":"Blade Dance","floor":7},{"not_picked":["Underhanded Strike","Sucker Punch"],"picked":"Cloak And Dagger","floor":13}],"player_experience":2676185,"relics_obtained":[{"floor":9,"key":"Eternal Feather"}],"event_choices":[{"damage_healed":0,"gold_gain":0,"player_choice":"Left","damage_taken":0,"max_hp_gain":0,"max_hp_loss":0,"event_name":"betterThird:BetterGoop","floor":11,"gold_loss":34},{"cards_removed":["Strike_G"],"damage_healed":0,"gold_gain":0,"player_choice":"Card Removal","damage_taken":0,"max_hp_gain":0,"max_hp_loss":0,"event_name":"The Cleric","floor":12,"gold_loss":50},{"cards_removed":["Strike_G"],"damage_healed":0,"gold_gain":0,"player_choice":"Purged","damage_taken":0,"max_hp_gain":0,"max_hp_loss":0,"event_name":"Purifier","floor":14,"gold_loss":0}],"is_beta":false,"boss_relics":[],"items_purged_floors":[],"is_endless":false,"potions_floor_spawned":[5,13],"killed_by":"Slime Boss","ascension_level":0}}