{"host":"baymyijz6sxaqj5s","time":1609057846,"event":{"mods":["AchievementEnabler","BaseMod","Colored Map","Colored Powertips","DeckTracker","KOR Keyword Fix","Keyboard Shortcuts","Minty Spire (QoL Compilation)","Quick Restart","StSLib","SuperFastMode"],"gold_per_floor":[110,110,130,145,145,145,176,193,193,206,224,238,252,53,53,155,155,143,161,76,91,91,91],"floor_reached":22,"playtime":612,"items_purged":[],"score":211,"play_id":"a6aa9e0e-3812-4621-8e75-7af4b1423d0c","local_time":"20201227173046","is_ascension_mode":true,"campfire_choices":[{"data":"Heavy Blade","floor":6,"key":"SMITH"},{"floor":15,"key":"REST"}],"circlet_count":0,"master_deck":["Strike_R","Strike_R","Strike_R","Strike_R","Strike_R","Defend_R","Defend_R","Defend_R","Defend_R","Bash","Spot Weakness+1","Heavy Blade+1","Flame Barrier","Inflame","Cleave","Body Slam","Impervious","Sword Boomerang","Barricade","Flame Barrier"],"relics":["Black Blood","Meat on the Bone","Darkstone Periapt","Vajra","White Beast Statue"],"acts_visited":["Exordium","TheCity"],"potions_floor_usage":[4,7,16,19,21],"damage_taken":[{"damage":6,"enemies":"Cultist","floor":1,"turns":4},{"damage":8,"enemies":"2 Louse","floor":3,"turns":3},{"damage":3,"enemies":"Jaw Worm","floor":4,"turns":4},{"damage":23,"enemies":"Gremlin Nob","floor":7,"turns":4},{"damage":29,"enemies":"Exordium Wildlife","floor":8,"turns":5},{"damage":14,"enemies":"3 Louse","floor":10,"turns":6},{"damage":8,"enemies":"Blue Slaver","floor":11,"turns":4},{"damage":17,"enemies":"Large Slime","floor":12,"turns":8},{"damage":7,"enemies":"3 Louse","floor":13,"turns":2},{"damage":28,"enemies":"The Guardian","floor":16,"turns":8},{"damage":10,"enemies":"2 Thieves","floor":18,"turns":4},{"damage":47,"enemies":"Shell Parasite","floor":19,"turns":11},{"damage":32,"enemies":"Centurion and Healer","floor":21,"turns":8},{"damage":74,"enemies":"3 Cultists","floor":22,"turns":5}],"seed_played":"4651234965255449879","potions_obtained":[{"floor":3,"key":"DistilledChaos"},{"floor":4,"key":"ColorlessPotion"},{"floor":11,"key":"Fire Potion"},{"floor":16,"key":"BloodPotion"},{"floor":19,"key":"ColorlessPotion"},{"floor":21,"key":"Ancient Potion"}],"is_trial":false,"path_per_floor":["M","?","M","M","?","R","E","M","T","M","M","M","M","$","R","B",null,"M","M","?","M","M"],"character_chosen":"IRONCLAD","items_purchased":["Sword Boomerang","Vajra"],"campfire_rested":1,"item_purchase_floors":[14,14],"current_hp_per_floor":[88,88,86,88,93,93,76,53,53,57,55,56,55,55,82,60,93,93,76,76,68,0,0],"gold":91,"neow_bonus":"TEN_PERCENT_HP_BONUS","is_daily":false,"chose_seed":false,"campfire_upgraded":1,"win_rate":0.0,"timestamp":1609057846,"path_taken":["M","?","?","M","?","R","E","M","T","M","M","M","M","$","R","BOSS","M","M","?","M","M"],"items_purchased_type":["Card","Relic"],"build_version":"2020-12-22","purchased_purges":0,"victory":false,"max_hp_per_floor":[88,88,88,88,93,93,93,93,93,93,93,93,93,93,93,93,93,93,93,93,93,93,93],"card_choices":[{"not_picked":["Warcry","Havoc"],"picked":"Spot Weakness","floor":1},{"not_picked":["Twin Strike","Warcry"],"picked":"Heavy Blade","floor":3},{"not_picked":["Clash","Rage","Rampage"],"picked":"SKIP","floor":4},{"not_picked":["Dropkick","Dark Embrace","Havoc"],"picked":"SKIP","floor":7},{"not_picked":["Havoc","Warcry"],"picked":"Flame Barrier","floor":8},{"not_picked":["Wild Strike","Reckless Charge"],"picked":"Inflame","floor":10},{"not_picked":["Inflame","Bloodletting"],"picked":"Cleave","floor":11},{"not_picked":["Headbutt","Thunderclap"],"picked":"Body Slam","floor":12},{"not_picked":["Burning Pact","Headbutt"],"picked":"Impervious","floor":13},{"not_picked":["Feed","Berserk"],"picked":"Barricade","floor":16},{"not_picked":["Clothesline","Searing Blow"],"picked":"Flame Barrier","floor":18},{"not_picked":["Rage+1","Iron Wave","Anger"],"picked":"SKIP","floor":19},{"not_picked":["Intimidate","Combust","Blood for Blood+1"],"picked":"SKIP","floor":21}],"player_experience":256165,"relics_obtained":[{"floor":7,"key":"Meat on the Bone"},{"floor":9,"key":"Darkstone Periapt"}],"event_choices":[{"damage_healed":0,"gold_gain":0,"player_choice":"Upgraded","damage_taken":0,"max_hp_gain":0,"max_hp_loss":0,"event_name":"Upgrade Shrine","floor":2,"gold_loss":0,"cards_upgraded":["Spot Weakness"]},{"damage_healed":0,"gold_gain":0,"player_choice":"Donut","damage_taken":0,"max_hp_gain":5,"max_hp_loss":0,"event_name":"Big Fish","floor":5,"gold_loss":0},{"damage_healed":0,"gold_gain":0,"player_choice":"Obtained Relic","damage_taken":0,"relics_obtained":["White Beast Statue"],"max_hp_gain":0,"max_hp_loss":0,"event_name":"Addict","floor":20,"gold_loss":85}],"is_beta":false,"boss_relics":[{"not_picked":["Ectoplasm","Black Star"],"picked":"Black Blood"}],"items_purged_floors":[],"is_endless":false,"potions_floor_spawned":[3,4,11,16,19,21],"killed_by":"3 Cultists","ascension_level":2}}