{"host":"m3rs92yjkwi06hli","time":1609110954,"event":{"mods":["Act Like it!","Aspiration","BaseMod","Colored Map","Conspire","Defuse TimeMaze Blight","Duelist Mod","Energized Spire","Hubris","Infinite Spire","Minty Spire (QoL Compilation)","Relic Stats","Replay The Spire","Spicy Shops","StSLib"],"gold_per_floor":[141,141,151,0,0,27,27,54,104,104,124,143,143,159,159,257,257,271,208,224,224,224,224,240,240,265,265,265,265,265,275,275,275,275],"floor_reached":33,"playtime":959,"items_purged":[],"score":480,"play_id":"f479a71b-7c7c-492d-afd5-6cd10918bd30","local_time":"20201227171554","is_ascension_mode":true,"campfire_choices":[{"data":"theDuelist:CyberTwinDragon","floor":7,"key":"SMITH"},{"data":"theDuelist:DarkfireDragon","floor":10,"key":"SMITH"},{"data":"theDuelist:DragonMirror","floor":13,"key":"SMITH"},{"data":"theDuelist:TwinHeadedFire","floor":15,"key":"SMITH"},{"data":"theDuelist:Nameless:Power:BerserkerCrush","floor":23,"key":"SMITH"},{"data":"theDuelist:Nameless:Power:BerserkerCrush+1","floor":25,"key":"SMITH"},{"data":"theDuelist:Nameless:Power:BerserkerCrush+2","floor":27,"key":"SMITH"},{"data":"theDuelist:Nameless:Power:BerserkerCrush+3","floor":29,"key":"SMITH"},{"data":"theDuelist:TyrantWing","floor":32,"key":"SMITH"}],"circlet_count":0,"master_deck":["theDuelist:ViceDragon","AscendersBane","theDuelist:BabyDragon+1","theDuelist:CastleWalls+1","theDuelist:CastleWalls","theDuelist:CaveDragon","theDuelist:CaveDragon","theDuelist:LesserDragon","theDuelist:LesserDragon","theDuelist:Sparks","theDuelist:YamataDragon","theDuelist:DarkfireDragon+1","theDuelist:CyberTwinDragon+1","theDuelist:BarrelDragon","theDuelist:LesserDragon","theDuelist:TwinHeadedFire+1","theDuelist:DragonMirror+1","theDuelist:RedEyesZombie","theDuelist:SeismicShockwave","theDuelist:TyrantWing+1","theDuelist:MirageDragon","theDuelist:Nameless:Power:BerserkerCrush+4","theDuelist:Nameless:War:ForbiddenLance","theDuelist:Raigeki+1","theDuelist:ArmedDragon3"],"relics":["theDuelist:MillenniumPuzzle","theDuelist:CardPoolRelic","theDuelist:CardPoolBasicRelic","theDuelist:BoosterPackPoolRelic","theDuelist:CardPoolAddRelic","theDuelist:CardPoolMinusRelic","theDuelist:CardPoolSaveRelic","theDuelist:CardPoolOptionsRelic","NeowsBlessing","Membership Card","HornCleat","infinitespire:ShieldingShard","War Paint","theDuelist:MillenniumKey","conspire:Dentures","Vajra","theDuelist:InversionRelic","Ooze Armor","theDuelist:CursedHealer"],"acts_visited":["Exordium","TheCity"],"potions_floor_usage":[20],"damage_taken":[{"damage":0,"enemies":"conspire:RoseBush","floor":1,"turns":1},{"damage":0,"enemies":"Cultist","floor":3,"turns":1},{"damage":0,"enemies":"3 Sentries","floor":6,"turns":2},{"damage":0,"enemies":"Lagavulin","floor":8,"turns":4},{"damage":0,"enemies":"Small Slimes","floor":11,"turns":3},{"damage":11,"enemies":"Gremlin Gang","floor":12,"turns":4},{"damage":0,"enemies":"2 Fungi Beasts","floor":14,"turns":2},{"damage":23,"enemies":"Hexaghost","floor":16,"turns":8},{"damage":2,"enemies":"Chosen","floor":18,"turns":4},{"damage":0,"enemies":"conspire:FuzzyDice","floor":20,"turns":3},{"damage":0,"enemies":"Centurion and Healer","floor":24,"turns":5},{"damage":12,"enemies":"Shelled Parasite and Fungi","floor":31,"turns":2},{"damage":0,"enemies":"Pondfish","floor":33,"turns":2}],"seed_played":"7925805833854890891","potions_obtained":[{"floor":8,"key":"theDuelist:FireBottle"},{"floor":12,"key":"theDuelist:WhiteBottle"},{"floor":16,"key":"Energy Potion"}],"is_trial":false,"path_per_floor":["M","?","M","$","?","E","R","E","T","R","M","M","R","M","R","B",null,"M","$","M","?","?","R","M","R","T","R","AVR","R","?","M","R","B"],"character_chosen":"THE_DUELIST","items_purchased":["Membership Card","conspire:Dentures"],"campfire_rested":0,"item_purchase_floors":[4,19],"current_hp_per_floor":[72,72,72,72,72,72,72,72,72,72,72,61,61,61,61,38,70,68,68,68,87,87,87,87,87,87,87,87,87,99,87,87,87,87],"gold":275,"neow_bonus":"THREE_ENEMY_KILL","is_daily":false,"chose_seed":false,"campfire_upgraded":9,"win_rate":0.0,"timestamp":1609110954,"path_taken":["M","?","?","$","?","E","R","E","T","R","M","M","R","M","R","BOSS","M","$","?","?","?","R","M","R","T","R","AVR","R","?","M","R","BOSS"],"items_purchased_type":["Relic","Relic"],"build_version":"2020-12-22","purchased_purges":0,"victory":false,"max_hp_per_floor":[80,80,80,80,80,80,80,80,80,80,80,80,80,80,80,80,80,80,80,80,99,99,99,99,99,99,99,99,99,99,99,99,99,99],"relic_stats":{"counters":[13,41],"War Paint":["theDuelist:BabyDragon","theDuelist:CastleWalls"],"obtain_stats":[{"conspire:Dentures":19,"theDuelist:CursedHealer":30,"NeowsBlessing":0,"Vajra":26,"theDuelist:MillenniumPuzzle":0,"theDuelist:CardPoolSaveRelic":0,"War Paint":9,"theDuelist:BoosterPackPoolRelic":0,"theDuelist:CardPoolMinusRelic":0,"HornCleat":6,"infinitespire:ShieldingShard":8,"Ooze Armor":28,"theDuelist:CardPoolBasicRelic":0,"theDuelist:CardPoolAddRelic":0,"theDuelist:CardPoolOptionsRelic":0,"theDuelist:MillenniumKey":17,"theDuelist:InversionRelic":28,"Membership Card":4,"theDuelist:CardPoolRelic":0},{"conspire:Dentures":9,"theDuelist:CursedHealer":11,"NeowsBlessing":0,"Vajra":11,"theDuelist:MillenniumPuzzle":0,"theDuelist:CardPoolSaveRelic":0,"War Paint":4,"theDuelist:BoosterPackPoolRelic":0,"theDuelist:CardPoolMinusRelic":0,"HornCleat":3,"infinitespire:ShieldingShard":4,"Ooze Armor":11,"theDuelist:CardPoolBasicRelic":0,"theDuelist:CardPoolAddRelic":0,"theDuelist:CardPoolOptionsRelic":0,"theDuelist:MillenniumKey":8,"theDuelist:InversionRelic":11,"Membership Card":2,"theDuelist:CardPoolRelic":0},{"conspire:Dentures":29,"theDuelist:CursedHealer":37,"NeowsBlessing":0,"Vajra":37,"theDuelist:MillenniumPuzzle":0,"theDuelist:CardPoolSaveRelic":0,"War Paint":8,"theDuelist:BoosterPackPoolRelic":0,"theDuelist:CardPoolMinusRelic":0,"HornCleat":4,"infinitespire:ShieldingShard":8,"Ooze Armor":37,"theDuelist:CardPoolBasicRelic":0,"theDuelist:CardPoolAddRelic":0,"theDuelist:CardPoolOptionsRelic":0,"theDuelist:MillenniumKey":25,"theDuelist:InversionRelic":37,"Membership Card":2,"theDuelist:CardPoolRelic":0}]},"card_choices":[{"not_picked":["theDuelist:Destroyersaurus","theDuelist:BlackVeloci","theDuelist:WhiteNightDragon","theDuelist:ExploderDragonwing"],"picked":"theDuelist:DarkfireDragon","floor":1},{"not_picked":["theDuelist:BlackPtera","theDuelist:BlackBrachios","theDuelist:BarrelDragon","theDuelist:Kabazauls"],"picked":"theDuelist:CyberTwinDragon","floor":3},{"not_picked":["theDuelist:TrihornedDragon","theDuelist:MadSwordBeast","theDuelist:GiantRex","theDuelist:BlackTyranno"],"picked":"theDuelist:BarrelDragon","floor":6},{"not_picked":["theDuelist:Kabazauls","theDuelist:CyberValley","theDuelist:CyberDinosaur","theDuelist:BusterBlader"],"picked":"theDuelist:LesserDragon","floor":8},{"not_picked":["theDuelist:YamataDragon","theDuelist:CyberDinosaur","theDuelist:Beatraptor","theDuelist:ViceDragon"],"picked":"theDuelist:TwinHeadedFire","floor":11},{"not_picked":["theDuelist:TyrantWing","theDuelist:SystemDown","theDuelist:SilverWing","theDuelist:JurassicImpact"],"picked":"theDuelist:DragonMirror","floor":12},{"not_picked":["theDuelist:LesserDragon","theDuelist:Hydrogeddon","theDuelist:Earthquake","theDuelist:BlackStego"],"picked":"theDuelist:RedEyesZombie","floor":14},{"not_picked":["theDuelist:WingedDragonRa","theDuelist:SliferSky","theDuelist:OceanDragonLord","theDuelist:DefensiveTactics"],"picked":"theDuelist:SeismicShockwave","floor":16},{"not_picked":["theDuelist:VeilDarkness+1","theDuelist:SpiralSpearStrike+1","theDuelist:SafeZone","theDuelist:DefenseZone+1"],"picked":"theDuelist:TyrantWing","floor":18},{"not_picked":["theDuelist:HazyFlameHydra","theDuelist:LordD","theDuelist:MoltenDestruction","theDuelist:CyberDragonNachster"],"picked":"theDuelist:MirageDragon","floor":20},{"not_picked":["theDuelist:BattleguardKing","theDuelist:Hinotama","theDuelist:LightningDarts","theDuelist:RainbowOverdragon"],"picked":"theDuelist:Raigeki+1","floor":24},{"not_picked":["theDuelist:CyberValley","theDuelist:SafeZone","theDuelist:BusterBlader","theDuelist:BlackPtera"],"picked":"theDuelist:ArmedDragon3","floor":31}],"player_experience":848208,"relics_obtained":[{"floor":6,"key":"HornCleat"},{"floor":8,"key":"infinitespire:ShieldingShard"},{"floor":9,"key":"War Paint"},{"floor":26,"key":"Vajra"}],"event_choices":[{"damage_healed":0,"gold_gain":0,"player_choice":"Leave","duelist":true,"damage_taken":0,"max_hp_gain":0,"max_hp_loss":0,"event_name":"Relic Duplicator","floor":2,"gold_loss":0},{"damage_healed":0,"gold_gain":0,"player_choice":"Traded Sparks for Vice Dragon","duelist":true,"damage_taken":0,"max_hp_gain":0,"max_hp_loss":0,"event_name":"Card Trader","floor":5,"gold_loss":0},{"power_reward":4,"total_magic_score":71,"gold_gain":0,"duelist":true,"damage_taken":0,"relics_obtained":[],"points":19,"war_reward":4,"max_hp_gain":19,"max_hp_loss":0,"spent_points":{"magic":4,"greed":3,"war":4,"power":4,"hunger":4},"event_name":"Nameless Tomb","hunger_reward":4,"floor":21,"gold_loss":0,"cards_obtained":["theDuelist:Nameless:Power:BerserkerCrush","theDuelist:Nameless:War:ForbiddenLance"]},{"damage_healed":0,"gold_gain":0,"player_choice":"Succumb - +25HP/Cursed Relic","duelist":true,"damage_taken":0,"max_hp_gain":0,"max_hp_loss":0,"event_name":"Tomb of the Nameless","floor":30,"gold_loss":0}],"is_beta":false,"boss_relics":[{"not_picked":["aspiration:FutureDiary","hubris:Stopwatch"],"picked":"theDuelist:MillenniumKey"}],"items_purged_floors":[],"is_endless":false,"potions_floor_spawned":[8,12,16,18],"killed_by":"Pondfish","ascension_level":10}}