{"host":"m77rrhbqzv44va4v","time":1609086667,"event":{"mods":["AchievementEnabler","BaseMod","Colored Map","DeckTracker","Keyboard Shortcuts","Minty Spire (QoL Compilation)","StSLib","SuperFastMode","everything is the same but u backflip on backflip"],"gold_per_floor":[109,122,133,143,218,248,260,260,260,270,270,270,270],"floor_reached":12,"playtime":245,"items_purged":[],"score":135,"play_id":"7cd80283-1324-48dd-87ec-429c1b4e3f64","local_time":"20201228013107","is_ascension_mode":true,"campfire_choices":[{"floor":8.0,"key":"REST"},{"data":"Feel No Pain","floor":11,"key":"SMITH"}],"circlet_count":0,"master_deck":["AscendersBane","Strike_R","Strike_R","Strike_R","Strike_R","Strike_R","Defend_R","Defend_R","Defend_R","Defend_R","Bash","Fiend Fire","Wild Strike","Feel No Pain+1","Armaments","True Grit","Pommel Strike","Second Wind"],"relics":["Burning Blood","Vajra","Blue Candle"],"acts_visited":["Exordium"],"potions_floor_usage":[12],"damage_taken":[{"damage":0.0,"enemies":"Small Slimes","floor":1.0,"turns":3.0},{"damage":1.0,"enemies":"Cultist","floor":2.0,"turns":3.0},{"damage":9.0,"enemies":"2 Louse","floor":3.0,"turns":2.0},{"damage":19.0,"enemies":"Lots of Slimes","floor":4.0,"turns":6.0},{"damage":35.0,"enemies":"Lagavulin","floor":6.0,"turns":6.0},{"damage":4.0,"enemies":"Looter","floor":7.0,"turns":3.0},{"damage":22.0,"enemies":"Gremlin Gang","floor":10.0,"turns":5.0},{"damage":39,"enemies":"Gremlin Nob","floor":12,"turns":5}],"seed_played":"3503063271217605750","potions_obtained":[{"floor":2.0,"key":"GamblersBrew"},{"floor":3.0,"key":"Dexterity Potion"},{"floor":7.0,"key":"Weak Potion"}],"is_trial":false,"path_per_floor":["M","M","M","M","?","E","M","R","T","M","R","E"],"character_chosen":"IRONCLAD","items_purchased":[],"campfire_rested":1,"item_purchase_floors":[],"current_hp_per_floor":[78,80,77,64,56,27,29,53,53,37,37,0,0],"gold":270,"neow_bonus":"ONE_RANDOM_RARE_CARD","is_daily":false,"chose_seed":false,"campfire_upgraded":1,"win_rate":0.0,"timestamp":1609086667,"path_taken":["M","M","M","M","?","E","M","R","T","M","R","E"],"items_purchased_type":[],"build_version":"2020-12-22","purchased_purges":0,"victory":false,"max_hp_per_floor":[80,80,80,80,80,80,80,80,80,80,80,80,80],"card_choices":[{"not_picked":["Clash","Rupture"],"picked":"Wild Strike","floor":1.0},{"not_picked":["Body Slam","Havoc","Iron Wave"],"picked":"SKIP","floor":2.0},{"not_picked":["Body Slam","Havoc","Iron Wave"],"picked":"SKIP","floor":2.0},{"not_picked":["Rampage","Seeing Red"],"picked":"Feel No Pain","floor":3.0},{"not_picked":["Iron Wave","Twin Strike"],"picked":"Armaments","floor":4.0},{"not_picked":["Feel No Pain","Anger"],"picked":"True Grit","floor":6.0},{"not_picked":["Body Slam","Cleave"],"picked":"Pommel Strike","floor":7.0},{"not_picked":["Sword Boomerang","Iron Wave"],"picked":"Second Wind","floor":10}],"player_experience":808145,"relics_obtained":[{"floor":6.0,"key":"Vajra"},{"floor":9.0,"key":"Blue Candle"}],"event_choices":[{"damage_healed":0.0,"max_hp_gain":0.0,"max_hp_loss":0.0,"gold_gain":75.0,"event_name":"FaceTrader","player_choice":"Touch","floor":5.0,"gold_loss":0.0,"damage_taken":8.0}],"is_beta":false,"boss_relics":[],"items_purged_floors":[],"is_endless":false,"potions_floor_spawned":[2,3,7],"killed_by":"Gremlin Nob","ascension_level":13}}