{"host":"uq7j81ocmf0ebuur","time":1609082301,"event":{"mods":["AchievementEnabler","BaseMod","Better Match","Better Note","Better Third Choice","Block Reminder","Colored Map","Colored Powertips","Defuse TimeMaze Blight","Googly Eyes","Minty Spire (QoL Compilation)","Relic Stats","StSLib","SuperFastMode","everything is the same but u backflip on backflip","slay the spire mod where everything is the same but ironclad has a cowboy hat"],"gold_per_floor":[119,119,134,134,149,149,180,180,180,180,221,236,257,278,278,404,404,428,428,528,85,104,104,144,156,194,249,261,301,334,387,399,539,551,584,624,41,374,398,439,439,453,453,485,512,422,465,475,475,475,475,475,112,141,141],"floor_reached":56,"playtime":3411,"items_purged":["Strike_G","Strike_G","Strike_G"],"score":1753,"play_id":"6fb5c818-d20f-4a96-b41f-21b8c0d71b08","local_time":"20201227171821","is_ascension_mode":true,"campfire_choices":[{"data":"Dash","floor":6.0,"key":"SMITH"},{"data":"Dagger Spray","floor":8.0,"key":"SMITH"},{"floor":10.0,"key":"REST"},{"data":"Predator","floor":15.0,"key":"SMITH"},{"data":"Crippling Poison","floor":23.0,"key":"SMITH"},{"floor":25.0,"key":"REST"},{"floor":28.0,"key":"REST"},{"data":"Neutralize","floor":32.0,"key":"SMITH"},{"data":"Cloak And Dagger","floor":41.0,"key":"SMITH"},{"floor":49,"key":"RECALL"},{"data":"Catalyst","floor":52,"key":"SMITH"}],"circlet_count":0,"master_deck":["Strike_G","Defend_G","Defend_G","Defend_G+1","Defend_G","Defend_G+1","Survivor+1","Neutralize+1","Dash+1","Poisoned Stab","Slice","Dagger Spray+1","Footwork+1","Predator+1","Die Die Die","Crippling Poison+1","Well Laid Plans+1","Cloak And Dagger+1","Acrobatics","Bullet Time","Cloak And Dagger+1","Deflect","Acrobatics","Cloak And Dagger+1","Deflect+1","Flechettes+1","Catalyst+1","Accuracy+1","Crippling Poison"],"relics":["Black Star","Strawberry","War Paint","Singing Bowl","Nunchaku","White Beast Statue","Frozen Egg 2","MealTicket","SlaversCollar","Toy Ornithopter","Centennial Puzzle","MawBank","Shuriken","CeramicFish","Snake Skull","Eternal Feather","InkBottle","Cursed Key","HornCleat","Medical Kit","Regal Pillow","Pocketwatch","Dead Branch","Potion Belt","CaptainsWheel","Ancient Tea Set","Cauldron","Sundial","Pear"],"acts_visited":["Exordium","TheCity","TheBeyond","TheEnding"],"potions_floor_usage":[48,48,48,48,50,54,55,55,55,55,55],"damage_taken":[{"damage":2.0,"enemies":"2 Louse","floor":1.0,"turns":4.0},{"damage":3.0,"enemies":"Jaw Worm","floor":3.0,"turns":4.0},{"damage":0.0,"enemies":"Small Slimes","floor":5.0,"turns":4.0},{"damage":16.0,"enemies":"Gremlin Nob","floor":7.0,"turns":4.0},{"damage":8.0,"enemies":"Lagavulin","floor":11.0,"turns":6.0},{"damage":2.0,"enemies":"Red Slaver","floor":12.0,"turns":3.0},{"damage":0.0,"enemies":"2 Fungi Beasts","floor":13.0,"turns":2.0},{"damage":0.0,"enemies":"Exordium Thugs","floor":14.0,"turns":5.0},{"damage":30.0,"enemies":"Hexaghost","floor":16.0,"turns":11.0},{"damage":14.0,"enemies":"Shell Parasite","floor":18.0,"turns":7.0},{"damage":16.0,"enemies":"Spheric Guardian","floor":22.0,"turns":4.0},{"damage":32.0,"enemies":"Gremlin Leader","floor":24.0,"turns":9.0},{"damage":15.0,"enemies":"Book of Stabbing","floor":27.0,"turns":7.0},{"damage":18.0,"enemies":"Shelled Parasite and Fungi","floor":29.0,"turns":6.0},{"damage":17.0,"enemies":"Centurion and Healer","floor":30.0,"turns":5.0},{"damage":19.0,"enemies":"Gremlin Leader","floor":31.0,"turns":6.0},{"damage":25.0,"enemies":"Automaton","floor":33.0,"turns":10.0},{"damage":9.0,"enemies":"3 Shapes","floor":35.0,"turns":4.0},{"damage":2.0,"enemies":"Orb Walker","floor":36.0,"turns":3.0},{"damage":16.0,"enemies":"Writhing Mass","floor":39.0,"turns":8.0},{"damage":6.0,"enemies":"Reptomancer","floor":40.0,"turns":5.0},{"damage":1.0,"enemies":"4 Shapes","floor":42.0,"turns":3.0},{"damage":0,"enemies":"Giant Head","floor":44,"turns":7},{"damage":6,"enemies":"3 Darklings","floor":45,"turns":3},{"damage":0,"enemies":"Reptomancer","floor":47,"turns":3},{"damage":25,"enemies":"Writhing Mass","floor":48,"turns":7},{"damage":33,"enemies":"Awakened One","floor":50,"turns":10},{"damage":18,"enemies":"Shield and Spear","floor":54,"turns":5},{"damage":28,"enemies":"The Heart","floor":55,"turns":7}],"seed_played":"1723789515400763709","potions_obtained":[{"floor":3.0,"key":"BlessingOfTheForge"},{"floor":7.0,"key":"EssenceOfSteel"},{"floor":11.0,"key":"Energy Potion"},{"floor":12.0,"key":"LiquidMemories"},{"floor":13.0,"key":"Regen Potion"},{"floor":14.0,"key":"LiquidMemories"},{"floor":16.0,"key":"CunningPotion"},{"floor":18.0,"key":"Ancient Potion"},{"floor":22.0,"key":"BlessingOfTheForge"},{"floor":24.0,"key":"Weak Potion"},{"floor":29.0,"key":"Regen Potion"},{"floor":30.0,"key":"EssenceOfSteel"},{"floor":31.0,"key":"BlessingOfTheForge"},{"floor":33.0,"key":"Weak Potion"},{"floor":35.0,"key":"CultistPotion"},{"floor":39.0,"key":"LiquidMemories"},{"floor":40.0,"key":"LiquidBronze"},{"floor":42.0,"key":"Poison Potion"},{"floor":44,"key":"SkillPotion"},{"floor":45,"key":"Explosive Potion"},{"floor":48,"key":"BlessingOfTheForge"},{"floor":53,"key":"PowerPotion"},{"floor":53,"key":"Ancient Potion"},{"floor":53,"key":"SkillPotion"},{"floor":53,"key":"EssenceOfSteel"},{"floor":53,"key":"SpeedPotion"},{"floor":54,"key":"DuplicationPotion"}],"is_trial":false,"path_per_floor":["M","?","M","?","M","R","E","R","T","R","E","M","M","M","R","B",null,"M","?","?","$","M","R","E","R","T","E","R","M","M","E","R","B",null,"M","M","$","?","M","E","R","M","T","E","M","?","E","M","R","B",null,"R","$","E","B",null],"character_chosen":"THE_SILENT","items_purchased":["Well Laid Plans+1","Toy Ornithopter","Centennial Puzzle","HornCleat","Medical Kit","Deflect","Acrobatics","Cauldron","Accuracy+1","Crippling Poison"],"campfire_rested":3,"item_purchase_floors":[21,21,21,37,37,37,37,53,53,53],"current_hp_per_floor":[68,53,50,50,50,50,34,34,34,55,49,47,49,63,63,33,65,53,53,53,68,54,54,22,45,45,32,56,38,42,30,42,22,69,62,60,75,75,59,58,73,74,74,76,70,70,70,67,82,54,83,93,93,87,82],"gold":141,"neow_bonus":"BOSS_RELIC","is_daily":false,"chose_seed":false,"campfire_upgraded":7,"win_rate":0.0,"timestamp":1609082301,"path_taken":["M","?","M","?","M","R","E","R","T","R","E","M","M","M","R","BOSS","M","?","?","$","M","R","E","R","T","E","R","M","M","E","R","BOSS","M","M","$","?","M","E","R","M","T","E","M","?","E","?","R","BOSS","R","$","E","BOSS"],"items_purchased_type":["Card","Relic","Relic","Relic","Relic","Card","Card","Relic","Card","Card"],"build_version":"2020-12-22","purchased_purges":3,"victory":true,"max_hp_per_floor":[70,77,77,71,71,71,71,71,71,71,73,73,75,75,75,75,75,77,77,77,77,79,79,79,79,79,81,81,81,83,85,85,85,85,87,87,87,87,87,87,87,89,89,91,91,91,91,93,93,93,93,93,93,105,105],"relic_stats":{"Regal Pillow":0,"Singing Bowl":24,"counters":[29,162],"CeramicFish":99,"Dead Branch":[89],"Eternal Feather":52,"Snake Skull":[88],"War Paint":["Defend_G","Defend_G"],"MawBank":156,"Cursed Key":0,"Medical Kit":[1],"Nunchaku":[42],"Centennial Puzzle":[51],"Shuriken":[75],"Sundial":[0],"MealTicket":30,"Black Star":9,"obtain_stats":[{"Regal Pillow":40,"Singing Bowl":7,"CeramicFish":27,"Snake Skull":27,"Cursed Key":34,"Ancient Tea Set":47,"Nunchaku":7,"Centennial Puzzle":21,"HornCleat":37,"Sundial":54,"Strawberry":2,"MealTicket":11,"InkBottle":31,"Ring of the Snake":0,"Potion Belt":44,"Pear":54,"Golden Idol":4,"Dead Branch":44,"Eternal Feather":31,"War Paint":2,"Frozen Egg 2":11,"MawBank":24,"Medical Kit":37,"White Beast Statue":9,"SlaversCollar":17,"Cauldron":53,"CaptainsWheel":47,"Shuriken":24,"Black Star":0,"Toy Ornithopter":21,"Pocketwatch":40},{"Regal Pillow":21,"Singing Bowl":4,"CeramicFish":13,"Snake Skull":13,"Cursed Key":17,"Ancient Tea Set":25,"Nunchaku":4,"Centennial Puzzle":10,"HornCleat":19,"Sundial":28,"Strawberry":1,"MealTicket":5,"InkBottle":16,"Ring of the Snake":0,"Potion Belt":23,"Pear":28,"Golden Idol":2,"Dead Branch":23,"Eternal Feather":16,"War Paint":1,"Frozen Egg 2":5,"MawBank":12,"Medical Kit":19,"White Beast Statue":4,"SlaversCollar":9,"Cauldron":27,"CaptainsWheel":25,"Shuriken":12,"Black Star":0,"Toy Ornithopter":10,"Pocketwatch":21},{"Regal Pillow":117,"Singing Bowl":16,"CeramicFish":70,"Snake Skull":70,"Cursed Key":97,"Ancient Tea Set":133,"Nunchaku":16,"Centennial Puzzle":50,"HornCleat":104,"Sundial":155,"Strawberry":4,"MealTicket":22,"InkBottle":87,"Ring of the Snake":0,"Potion Belt":127,"Pear":155,"Golden Idol":8,"Dead Branch":127,"Eternal Feather":87,"War Paint":4,"Frozen Egg 2":22,"MawBank":63,"Medical Kit":104,"White Beast Statue":16,"SlaversCollar":43,"Cauldron":150,"CaptainsWheel":133,"Shuriken":63,"Black Star":0,"Toy Ornithopter":50,"Pocketwatch":117}],"Toy Ornithopter":68,"InkBottle":[35],"Pocketwatch":[9]},"card_choices":[{"not_picked":["Bane","Deflect"],"picked":"Dash","floor":1.0},{"not_picked":["Prepared","Tactician"],"picked":"Poisoned Stab","floor":3.0},{"not_picked":["Deflect","Bane"],"picked":"Slice","floor":5.0},{"not_picked":["Underhanded Strike","Dagger Throw"],"picked":"Dagger Spray","floor":7.0},{"not_picked":["Burst","Reflex","Terror"],"picked":"Singing Bowl","floor":11.0},{"not_picked":["Flechettes","Accuracy+1"],"picked":"Footwork+1","floor":12.0},{"not_picked":["Deflect","Setup","Poisoned Stab"],"picked":"Singing Bowl","floor":13.0},{"not_picked":["Infinite Blades+1","Prepared"],"picked":"Predator","floor":14.0},{"not_picked":["Phantasmal Killer","Doppelganger"],"picked":"Die Die Die","floor":16.0},{"not_picked":["Outmaneuver","Prepared","Quick Slash"],"picked":"Singing Bowl","floor":18.0},{"not_picked":["Terror","Deadly Poison","Bane"],"picked":"Singing Bowl","floor":22.0},{"not_picked":["Escape Plan","Tactician+1"],"picked":"Cloak And Dagger","floor":24.0},{"not_picked":["Underhanded Strike","Night Terror","Predator+1"],"picked":"Singing Bowl","floor":27.0},{"not_picked":["Deadly Poison","Tactician"],"picked":"Acrobatics","floor":29.0},{"not_picked":["Concentrate","Accuracy+1","Deadly Poison"],"picked":"Singing Bowl","floor":30.0},{"not_picked":["Underhanded Strike","Bouncing Flask","Sucker Punch"],"picked":"Singing Bowl","floor":31.0},{"not_picked":["Burst","Grand Finale"],"picked":"Bullet Time","floor":33.0},{"not_picked":["Setup+1","Riddle With Holes+1","Finisher+1"],"picked":"Singing Bowl","floor":35.0},{"not_picked":["Blade Dance","Bane+1"],"picked":"Cloak And Dagger+1","floor":36.0},{"not_picked":["Acrobatics","Dagger Throw+1"],"picked":"Cloak And Dagger+1","floor":39.0},{"not_picked":["Quick Slash","Slice+1"],"picked":"Deflect+1","floor":40.0},{"not_picked":["Outmaneuver","Concentrate+1","Deflect"],"picked":"Singing Bowl","floor":42.0},{"not_picked":["Choke+1","Die Die Die","Finisher"],"picked":"Singing Bowl","floor":44},{"not_picked":["Accuracy+1","Sucker Punch"],"picked":"Flechettes+1","floor":45},{"not_picked":["Poisoned Stab+1","Dash+1"],"picked":"Catalyst","floor":47},{"not_picked":["Outmaneuver+1","Prepared+1","Underhanded Strike+1"],"picked":"Singing Bowl","floor":48},{"not_picked":["Poisoned Stab+1","All Out Attack","Blade Dance+1"],"picked":"Singing Bowl","floor":54}],"player_experience":325046,"relics_obtained":[{"floor":7.0,"key":"Singing Bowl"},{"floor":7.0,"key":"Nunchaku"},{"floor":9.0,"key":"White Beast Statue"},{"floor":11.0,"key":"Frozen Egg 2"},{"floor":11.0,"key":"MealTicket"},{"floor":24.0,"key":"MawBank"},{"floor":24.0,"key":"Shuriken"},{"floor":27.0,"key":"CeramicFish"},{"floor":27.0,"key":"Snake Skull"},{"floor":31.0,"key":"Eternal Feather"},{"floor":31.0,"key":"InkBottle"},{"floor":40.0,"key":"Regal Pillow"},{"floor":40.0,"key":"Pocketwatch"},{"floor":44,"key":"Dead Branch"},{"floor":44,"key":"Potion Belt"},{"floor":47,"key":"CaptainsWheel"},{"floor":47,"key":"Ancient Tea Set"},{"floor":54,"key":"Sundial"},{"floor":54,"key":"Pear"}],"event_choices":[{"damage_healed":0.0,"max_hp_gain":0.0,"max_hp_loss":0.0,"gold_gain":1.0,"event_name":"betterThird:BetterScrap","player_choice":"Relic Relic ","floor":2.0,"gold_loss":0.0,"damage_taken":22.0,"cards_obtained":["Dark Embrace"]},{"damage_healed":0.0,"max_hp_gain":0.0,"max_hp_loss":6.0,"gold_gain":0.0,"event_name":"Golden Idol","player_choice":"Lose Max HP","floor":4.0,"gold_loss":0.0,"damage_taken":0.0,"relics_obtained":["Golden Idol"]},{"damage_healed":0.0,"max_hp_gain":0.0,"max_hp_loss":0.0,"gold_gain":0.0,"event_name":"The Library","player_choice":"Read","floor":19.0,"gold_loss":0.0,"damage_taken":0.0,"cards_obtained":["Crippling Poison"]},{"damage_healed":0.0,"max_hp_gain":0.0,"max_hp_loss":0.0,"gold_gain":100.0,"event_name":"Golden Shrine","player_choice":"Pray","floor":20.0,"gold_loss":0.0,"damage_taken":0.0},{"damage_healed":0.0,"max_hp_gain":0.0,"max_hp_loss":0.0,"gold_gain":333.0,"event_name":"The Moai Head","player_choice":"Gave Idol","floor":38.0,"relics_lost":["Golden Idol"],"gold_loss":0.0,"damage_taken":0.0},{"cards_removed":["Strike_G"],"damage_healed":0,"gold_gain":0,"player_choice":"Upgrade and Remove","damage_taken":0,"max_hp_gain":0,"max_hp_loss":0,"event_name":"Designer","floor":46,"gold_loss":90,"cards_upgraded":["Survivor"]}],"is_beta":false,"boss_relics":[{"not_picked":["Pandora\u0027s Box","Astrolabe"],"picked":"SlaversCollar"},{"not_picked":["Busted Crown","SacredBark"],"picked":"Cursed Key"}],"items_purged_floors":[21,37,53],"is_endless":false,"potions_floor_spawned":[3,7,11,12,13,14,16,18,22,24,29,30,31,33,35,36,39,40,42,44,45,47,48,54],"ascension_level":5}}