{"host":"9ndbo4kgsfoemf7y","time":1609054743,"event":{"mods":["AchievementEnabler","BaseMod","Colored Map","DeckTracker","Keyboard Shortcuts","Minty Spire (QoL Compilation)","Permanent Neow","Quick Restart","Relic Stats","StSLib","SuperFastMode"],"gold_per_floor":[110,110,35,51,51,51,84,84,166,178,196,224,224,249,249,249,249],"floor_reached":16,"playtime":474,"items_purged":[],"score":328,"play_id":"e562f321-25e6-45c8-b251-00c156decde9","local_time":"20201227163903","is_ascension_mode":true,"campfire_choices":[{"data":"Neutralize","floor":6.0,"key":"SMITH"},{"data":"Heel Hook","floor":8.0,"key":"SMITH"},{"data":"After Image","floor":15.0,"key":"SMITH"}],"circlet_count":0,"master_deck":["AscendersBane","Strike_G","Strike_G","Strike_G","Strike_G","Defend_G","Defend_G","Defend_G","Defend_G","Survivor","Neutralize+1","Heel Hook+1","Heel Hook","Terror+1","Blur+1","After Image+1","Burst+1"],"relics":["Ring of the Snake","NeowsBlessing","Toxic Egg 2","Eternal Feather","Ice Cream","Blood Vial"],"acts_visited":["Exordium"],"potions_floor_usage":[16],"damage_taken":[{"damage":0.0,"enemies":"2 Louse","floor":1.0,"turns":1.0},{"damage":0.0,"enemies":"Small Slimes","floor":4.0,"turns":1.0},{"damage":0.0,"enemies":"3 Sentries","floor":7.0,"turns":1.0},{"damage":0.0,"enemies":"Jaw Worm","floor":10.0,"turns":3.0},{"damage":11.0,"enemies":"Lots of Slimes","floor":11.0,"turns":5.0},{"damage":21.0,"enemies":"Gremlin Nob","floor":12.0,"turns":4.0},{"damage":0.0,"enemies":"Lagavulin","floor":14.0,"turns":5.0},{"damage":63,"enemies":"Slime Boss","floor":16,"turns":15}],"seed_played":"-2943328927803745507","potions_obtained":[{"floor":1.0,"key":"Strength Potion"},{"floor":7.0,"key":"PowerPotion"},{"floor":12.0,"key":"PowerPotion"},{"floor":14.0,"key":"FairyPotion"}],"is_trial":false,"path_per_floor":["M","?","?","M","?","R","E","R","T","M","M","E","?","E","R","B"],"character_chosen":"THE_SILENT","items_purchased":[],"campfire_rested":0,"item_purchase_floors":[],"current_hp_per_floor":[59,59,59,59,59,59,59,59,59,59,48,27,27,27,36,0,0],"gold":249,"neow_bonus":"THREE_ENEMY_KILL","is_daily":false,"chose_seed":false,"campfire_upgraded":3,"win_rate":0.0,"timestamp":1609054743,"path_taken":["M","?","?","M","?","R","E","R","T","?","?","E","?","E","R","BOSS"],"items_purchased_type":[],"build_version":"2020-12-22","purchased_purges":0,"victory":false,"max_hp_per_floor":[66,66,66,66,66,66,66,66,66,66,66,66,66,66,66,66,66],"relic_stats":{"Blood Vial":2,"counters":[8,35],"Eternal Feather":9,"obtain_stats":[{"Ice Cream":12,"Blood Vial":14,"NeowsBlessing":0,"Eternal Feather":9,"Toxic Egg 2":7,"Ring of the Snake":0},{"Ice Cream":6,"Blood Vial":7,"NeowsBlessing":0,"Eternal Feather":3,"Toxic Egg 2":3,"Ring of the Snake":0},{"Ice Cream":15,"Blood Vial":20,"NeowsBlessing":0,"Eternal Feather":3,"Toxic Egg 2":3,"Ring of the Snake":0}],"Ring of the Snake":[16]},"card_choices":[{"not_picked":["Accuracy","Setup"],"picked":"Heel Hook","floor":1.0},{"not_picked":["Outmaneuver","Well Laid Plans"],"picked":"Heel Hook","floor":4.0},{"not_picked":["Dagger Spray","Blade Dance+1"],"picked":"Terror+1","floor":7.0},{"not_picked":["Blade Dance+1","Sucker Punch","Noxious Fumes"],"picked":"SKIP","floor":10.0},{"not_picked":["Storm of Steel+1","Flechettes"],"picked":"Blur+1","floor":11.0},{"not_picked":["Dagger Throw","Acrobatics+1"],"picked":"After Image","floor":12.0},{"not_picked":["Eviscerate","Acrobatics+1"],"picked":"Burst+1","floor":14.0}],"player_experience":750617,"relics_obtained":[{"floor":7.0,"key":"Toxic Egg 2"},{"floor":9.0,"key":"Eternal Feather"},{"floor":12.0,"key":"Ice Cream"},{"floor":14.0,"key":"Blood Vial"}],"event_choices":[{"damage_healed":0.0,"max_hp_gain":0.0,"max_hp_loss":0.0,"gold_gain":0.0,"event_name":"Liars Game","player_choice":"Ignored","floor":2.0,"gold_loss":0.0,"damage_taken":0.0},{"cards_removed":["Strike_G"],"damage_healed":0.0,"max_hp_gain":0.0,"max_hp_loss":0.0,"gold_gain":0.0,"event_name":"The Cleric","player_choice":"Card Removal","floor":3.0,"gold_loss":75.0,"damage_taken":0.0},{"cards_removed":["Defend_G"],"damage_healed":0.0,"max_hp_gain":0.0,"max_hp_loss":0.0,"gold_gain":0.0,"event_name":"Living Wall","player_choice":"Forget","floor":5.0,"gold_loss":0.0,"damage_taken":0.0},{"damage_healed":0.0,"max_hp_gain":0.0,"max_hp_loss":0.0,"gold_gain":0.0,"event_name":"Lab","player_choice":"Got Potions","floor":13.0,"gold_loss":0.0,"damage_taken":0.0}],"is_beta":false,"boss_relics":[],"items_purged_floors":[],"is_endless":false,"potions_floor_spawned":[1,7,12,14],"killed_by":"Slime Boss","ascension_level":19}}