{"host":"ci7ivtocgfxh0ueo","time":1609043245,"event":{"mods":["BaseMod","GifTheSpireLib","Minty Spire (QoL Compilation)","StSLib"],"gold_per_floor":[118,118,118,19,19,19,53,9,9,9,42,62,62,72,72,143,143,163,163,163,113,130,130,130],"floor_reached":23,"playtime":619,"items_purged":[],"score":361,"play_id":"57c8e719-f0d2-4d2e-b748-7ddc28679b2a","local_time":"20201227122725","is_ascension_mode":true,"campfire_choices":[{"data":"Enlightenment","floor":6,"key":"SMITH"},{"floor":10,"key":"REST"},{"floor":13,"key":"REST"},{"data":"Buffer","floor":15,"key":"SMITH"}],"circlet_count":0,"master_deck":["AscendersBane","Zap","Dualcast+1","Buffer+1","Leap","Melter+1","Darkness","Core Surge+1","Coolheaded","Blizzard","Meteor Strike","Enlightenment+1","Auto Shields","Double Energy","Defragment","BootSequence","Defragment"],"relics":["Pandora\u0027s Box","NlothsMask","Boot","Vajra","Nuclear Battery"],"acts_visited":["Exordium","TheCity"],"potions_floor_usage":[18,23,23],"damage_taken":[{"damage":0,"enemies":"Cultist","floor":1,"turns":4},{"damage":28,"enemies":"Gremlin Nob","floor":7,"turns":5},{"damage":35,"enemies":"3 Sentries","floor":11,"turns":9},{"damage":0,"enemies":"Small Slimes","floor":12,"turns":2},{"damage":0,"enemies":"2 Louse","floor":14,"turns":2},{"damage":15,"enemies":"Slime Boss","floor":16,"turns":14},{"damage":9,"enemies":"Shell Parasite","floor":18,"turns":4},{"damage":0,"enemies":"Spheric Guardian","floor":22,"turns":4},{"damage":67,"enemies":"Slavers","floor":23,"turns":4}],"seed_played":"-3462191663512385661","potions_obtained":[{"floor":7,"key":"FearPotion"},{"floor":11,"key":"FearPotion"},{"floor":18,"key":"Ancient Potion"}],"is_trial":false,"path_per_floor":["M","?","?","$","?","R","E","$","T","R","E","M","R","M","R","B",null,"M","?","?","?","M","E"],"character_chosen":"DEFECT","items_purchased":["Enlightenment","Auto Shields"],"campfire_rested":2,"item_purchase_floors":[4,8],"current_hp_per_floor":[64,64,64,64,64,64,36,36,36,57,22,22,43,43,43,28,60,51,51,51,51,51,0,0],"gold":130,"neow_bonus":"BOSS_RELIC","is_daily":false,"chose_seed":false,"campfire_upgraded":2,"win_rate":0.0,"timestamp":1609043245,"path_taken":["M","?","?","$","?","R","E","$","T","R","E","?","R","M","R","BOSS","M","?","?","?","?","E"],"items_purchased_type":["Card","Card"],"build_version":"2020-12-22","purchased_purges":0,"victory":false,"max_hp_per_floor":[71,71,71,71,71,71,71,71,71,71,71,71,71,71,71,71,71,71,71,71,71,71,71,71],"card_choices":[{"not_picked":["Streamline","Reinforced Body","Lockon"],"picked":"SKIP","floor":1},{"not_picked":["Beam Cell","Ball Lightning"],"picked":"Recycle","floor":7},{"not_picked":["Static Discharge","Sweeping Beam"],"picked":"Double Energy","floor":11},{"not_picked":["Capacitor","Stack"],"picked":"Defragment","floor":12},{"not_picked":["Streamline","Self Repair"],"picked":"BootSequence","floor":14},{"not_picked":["Reprogram+1","Cold Snap"],"picked":"Defragment","floor":18},{"not_picked":["Consume","Gash","Ball Lightning"],"picked":"SKIP","floor":22}],"player_experience":1309619,"relics_obtained":[{"floor":7,"key":"Boot"},{"floor":11,"key":"Vajra"}],"event_choices":[{"damage_healed":0,"gold_gain":0,"player_choice":"Leave","damage_taken":0,"max_hp_gain":0,"max_hp_loss":0,"event_name":"The Cleric","floor":2,"gold_loss":0},{"damage_healed":0,"gold_gain":0,"player_choice":"Grow","damage_taken":0,"max_hp_gain":0,"max_hp_loss":0,"event_name":"Living Wall","floor":3,"gold_loss":0,"cards_upgraded":["Core Surge"]},{"damage_healed":0,"gold_gain":0,"player_choice":"Trade","damage_taken":0,"relics_obtained":["NlothsMask"],"max_hp_gain":0,"max_hp_loss":0,"event_name":"FaceTrader","floor":5,"gold_loss":0},{"cards_removed":["Recycle"],"damage_healed":0,"gold_gain":0,"player_choice":"Elegance","damage_taken":0,"max_hp_gain":0,"max_hp_loss":0,"event_name":"Back to Basics","floor":19,"gold_loss":0},{"damage_healed":0,"gold_gain":0,"player_choice":"Ignored","damage_taken":0,"max_hp_gain":0,"max_hp_loss":0,"event_name":"Vampires","floor":20,"gold_loss":0},{"damage_healed":0,"gold_gain":0,"player_choice":"Upgraded Two","damage_taken":0,"max_hp_gain":0,"max_hp_loss":0,"event_name":"Designer","floor":21,"gold_loss":50,"cards_upgraded":["Melter","Dualcast"]}],"is_beta":false,"boss_relics":[{"not_picked":["Busted Crown","Snecko Eye"],"picked":"Nuclear Battery"}],"items_purged_floors":[],"is_endless":false,"potions_floor_spawned":[7,11,12,18],"killed_by":"Slavers","ascension_level":17}}