{"host":"6pgtslebjnyv5xmi","time":1609052575,"event":{"mods":["AchievementEnabler","BaseMod","Colored Map","Minty Spire (QoL Compilation)","Rare Cards Sparkle","StSLib","SuperFastMode","everything is the same but u backflip on backflip"],"gold_per_floor":[114,129,144,159,174,174,99,99,99,121,121,136,151,166,166,166,166],"floor_reached":16,"playtime":638,"items_purged":["Zap"],"score":96,"play_id":"9d3c0ce6-9b72-412f-b938-45f1a33298bf","local_time":"20201227160255","daily_mods":["Chimera","Red Cards","Lethality"],"is_ascension_mode":false,"campfire_choices":[{"data":"Whirlwind","floor":6,"key":"SMITH"},{"data":"Seeing Red","floor":8,"key":"SMITH"},{"data":"Whirlwind","floor":15,"key":"SMITH"}],"circlet_count":0,"master_deck":["Bash","Survivor","Eruption","Strike_R","Strike_G","Strike_B","Defend_R","Defend_G","Defend_P","Power Through","Whirlwind+1","EmptyFist","Seeing Red+1","Second Wind","Whirlwind+1","BowlingBash"],"relics":["PureWater","Question Card","Odd Mushroom"],"acts_visited":["Exordium"],"potions_floor_usage":[16,16,16],"damage_taken":[{"damage":0,"enemies":"2 Louse","floor":1,"turns":2},{"damage":0,"enemies":"Small Slimes","floor":2,"turns":2},{"damage":0,"enemies":"Cultist","floor":3,"turns":2},{"damage":2,"enemies":"Blue Slaver","floor":4,"turns":3},{"damage":1,"enemies":"Red Slaver","floor":5,"turns":2},{"damage":31,"enemies":"The Mushroom Lair","floor":10,"turns":3},{"damage":0,"enemies":"Exordium Wildlife","floor":12,"turns":3},{"damage":15,"enemies":"Lots of Slimes","floor":13,"turns":3},{"damage":7,"enemies":"Exordium Thugs","floor":14,"turns":2},{"damage":0,"enemies":"Hexaghost","floor":16,"turns":2}],"seed_played":"4726349093531193793","potions_obtained":[{"floor":3,"key":"CultistPotion"},{"floor":4,"key":"BlessingOfTheForge"},{"floor":5,"key":"BottledMiracle"}],"is_trial":false,"path_per_floor":["M","M","M","M","M","R","$","R","T","?","?","M","M","M","R","B"],"character_chosen":"WATCHER","items_purchased":[],"campfire_rested":0,"item_purchase_floors":[],"current_hp_per_floor":[72,72,72,70,69,69,69,69,69,38,38,38,23,16,16,16,16],"gold":166,"neow_bonus":"","is_daily":true,"chose_seed":false,"campfire_upgraded":3,"win_rate":0.0,"timestamp":1609052575,"path_taken":["M","M","M","M","M","R","$","R","T","?","?","?","M","M","R","BOSS"],"items_purchased_type":[],"build_version":"2020-12-22","purchased_purges":1,"victory":false,"max_hp_per_floor":[72,72,72,72,72,72,72,72,72,72,72,72,72,72,72,72,72],"card_choices":[{"not_picked":["Warcry","Armaments"],"picked":"Power Through","floor":1},{"not_picked":["ThirdEye","ReachHeaven","Study"],"picked":"SKIP","floor":2},{"not_picked":["Consecrate","Wild Strike"],"picked":"Whirlwind","floor":3},{"not_picked":["TalkToTheHand","Wild Strike"],"picked":"EmptyFist","floor":4},{"not_picked":["JustLucky","EmptyBody"],"picked":"Seeing Red","floor":5},{"not_picked":["Body Slam","BattleHymn","Protect"],"picked":"Second Wind","floor":10},{"not_picked":["MasterReality","Halt","SashWhip","Iron Wave"],"picked":"SKIP","floor":12},{"not_picked":["Pommel Strike","Pray","Dropkick"],"picked":"Whirlwind","floor":13},{"not_picked":["Combust","Warcry","BattleHymn"],"picked":"BowlingBash","floor":14}],"player_experience":500670,"relics_obtained":[{"floor":9,"key":"Question Card"},{"floor":10,"key":"Odd Mushroom"}],"event_choices":[{"damage_healed":0,"gold_gain":0,"player_choice":"Fought Mushrooms","damage_taken":0,"max_hp_gain":0,"max_hp_loss":0,"event_name":"Mushrooms","floor":10,"gold_loss":0},{"damage_healed":0,"gold_gain":0,"player_choice":"Bought 0 Potions","damage_taken":0,"max_hp_gain":0,"max_hp_loss":0,"event_name":"The Woman in Blue","floor":11,"gold_loss":0}],"is_beta":false,"boss_relics":[],"items_purged_floors":[7],"is_endless":false,"potions_floor_spawned":[3,4,5,10],"killed_by":"Hexaghost","ascension_level":0}}