{"host":"zc4856jdpoxvjh7b","time":1609110950,"event":{"mods":["BaseMod","DeckTracker","Minty Spire (QoL Compilation)","Quick Restart","StSLib","SuperFastMode","everything is the same but u backflip on backflip"],"gold_per_floor":[117,132,143,163,176,176,186,186,186,199,149,149,160,185,185,287,287,306,182,197,208,208,242,242,258,258,258,268,368,368,387,387,492,492,510,530,357,373,386,397,397,397,397,397,409,196,228,241,241,241],"floor_reached":51,"playtime":2952,"items_purged":["Strike_G","Defend_G","Defend_G"],"score":707,"play_id":"4df94336-4d9e-41cd-b53e-246f06670630","local_time":"20201228081550","is_ascension_mode":false,"campfire_choices":[{"data":"Caltrops","floor":6,"key":"SMITH"},{"data":"Calculated Gamble","floor":8,"key":"SMITH"},{"data":"Leg Sweep","floor":12,"key":"SMITH"},{"data":"Backflip","floor":15,"key":"SMITH"},{"data":"Strike_G","floor":24,"key":"PURGE"},{"data":"Regret","floor":27,"key":"PURGE"},{"floor":30,"key":"REST"},{"data":"Strike_G","floor":32,"key":"PURGE"},{"floor":42,"key":"REST"},{"data":"After Image","floor":44,"key":"SMITH"},{"floor":49,"key":"REST"}],"circlet_count":0,"master_deck":["Defend_G","Defend_G","Defend_G","Survivor","Neutralize","Leg Sweep+1","Backflip+1","Caltrops+1","Noxious Fumes","Calculated Gamble+1","Tools of the Trade","Quick Slash","Dagger Throw","Acrobatics","Night Terror","CurseOfTheBell","Reflex+1","Underhanded Strike","Eviscerate","Backflip+1","Outmaneuver","Blur","Calculated Gamble+1","Burst","Flechettes","Footwork","Reflex","After Image+1","Caltrops+1","Finesse","Calculated Gamble","Prepared+1"],"relics":["Cursed Key","Tingsha","Meat on the Bone","Calling Bell","Regal Pillow","Pantograph","Peace Pipe","Mango","Kunai","Sozu","Unceasing Top"],"acts_visited":["Exordium","TheCity","TheBeyond"],"potions_floor_usage":[16,21,33,33,47,48],"damage_taken":[{"damage":4,"enemies":"Jaw Worm","floor":1,"turns":5},{"damage":0,"enemies":"Cultist","floor":2,"turns":4},{"damage":0,"enemies":"2 Louse","floor":3,"turns":3},{"damage":3,"enemies":"Large Slime","floor":4,"turns":8},{"damage":1,"enemies":"2 Fungi Beasts","floor":5,"turns":5},{"damage":2,"enemies":"Lots of Slimes","floor":7,"turns":5},{"damage":5,"enemies":"Looter","floor":10,"turns":2},{"damage":0,"enemies":"Large Slime","floor":13,"turns":5},{"damage":3,"enemies":"Lagavulin","floor":14,"turns":6},{"damage":18,"enemies":"Slime Boss","floor":16,"turns":10},{"damage":7,"enemies":"Chosen","floor":18,"turns":4},{"damage":13,"enemies":"3 Byrds","floor":20,"turns":4},{"damage":17,"enemies":"Centurion and Healer","floor":21,"turns":8},{"damage":16,"enemies":"Book of Stabbing","floor":23,"turns":5},{"damage":0,"enemies":"Snecko","floor":25,"turns":6},{"damage":2,"enemies":"Shelled Parasite and Fungi","floor":28,"turns":5},{"damage":9,"enemies":"3 Cultists","floor":31,"turns":5},{"damage":17,"enemies":"Collector","floor":33,"turns":8},{"damage":36,"enemies":"3 Darklings","floor":35,"turns":5},{"damage":33,"enemies":"3 Shapes","floor":36,"turns":4},{"damage":15,"enemies":"Transient","floor":38,"turns":5},{"damage":0,"enemies":"Sphere and 2 Shapes","floor":39,"turns":3},{"damage":20,"enemies":"Jaw Worm Horde","floor":40,"turns":5},{"damage":10,"enemies":"Maw","floor":45,"turns":6},{"damage":0,"enemies":"Reptomancer","floor":47,"turns":7},{"damage":12,"enemies":"Writhing Mass","floor":48,"turns":4},{"damage":5,"enemies":"Time Eater","floor":50,"turns":13}],"seed_played":"-5228485684807493298","potions_obtained":[{"floor":3,"key":"CunningPotion"},{"floor":10,"key":"CunningPotion"},{"floor":13,"key":"PowerPotion"},{"floor":16,"key":"DistilledChaos"},{"floor":23,"key":"DistilledChaos"},{"floor":31,"key":"Energy Potion"},{"floor":33,"key":"Fire Potion"}],"is_trial":false,"path_per_floor":["M","M","M","M","M","R","M","R","T","M","?","R","M","E","R","B",null,"M","$","M","M","?","E","R","M","T","R","M","?","R","M","R","B",null,"M","M","$","M","M","M","?","R","T","R","M","$","E","M","R","B",null],"character_chosen":"THE_SILENT","items_purchased":["Underhanded Strike","Footwork","Finesse"],"campfire_rested":3,"item_purchase_floors":[19,37,46],"current_hp_per_floor":[66,66,66,63,62,62,60,60,60,55,55,55,55,52,52,46,70,63,63,50,45,45,55,55,55,55,55,53,53,84,75,75,67,84,48,27,27,24,36,28,28,68,68,68,58,58,58,46,84,79],"gold":241,"neow_bonus":"BOSS_RELIC","is_daily":false,"chose_seed":false,"campfire_upgraded":5,"win_rate":0.0,"timestamp":1609110950,"path_taken":["M","M","M","M","M","R","M","R","T","M","?","R","M","E","R","BOSS","M","$","M","M","?","E","R","M","T","R","M","?","R","M","R","BOSS","M","M","$","?","M","M","?","R","T","R","M","$","E","M","R","BOSS"],"items_purchased_type":["Card","Card","Card"],"build_version":"2020-12-22","purchased_purges":3,"victory":true,"max_hp_per_floor":[70,70,70,70,70,70,70,70,70,70,70,70,70,70,70,70,70,70,70,70,70,70,84,84,84,84,84,84,84,84,84,84,84,84,84,84,84,84,84,84,84,84,84,84,84,84,84,84,84,84],"card_choices":[{"not_picked":["Dagger Throw","Blade Dance"],"picked":"Leg Sweep","floor":1},{"not_picked":["Slice","Dagger Spray"],"picked":"Backflip","floor":2},{"not_picked":["Dash","Leg Sweep"],"picked":"Caltrops","floor":3},{"not_picked":["Slice","Blade Dance"],"picked":"Noxious Fumes","floor":4},{"not_picked":["Slice","Infinite Blades"],"picked":"Calculated Gamble","floor":5},{"not_picked":["Noxious Fumes","Predator"],"picked":"Tools of the Trade","floor":7},{"not_picked":["Bouncing Flask","Well Laid Plans"],"picked":"Quick Slash","floor":10},{"not_picked":["Noxious Fumes","Dodge and Roll"],"picked":"Dagger Throw","floor":13},{"not_picked":["Backflip","Flying Knee"],"picked":"Acrobatics","floor":14},{"not_picked":["Glass Knife","Malaise"],"picked":"Night Terror","floor":16},{"not_picked":["Slice","Flying Knee"],"picked":"Reflex+1","floor":18},{"not_picked":["Adrenaline","Underhanded Strike"],"picked":"Eviscerate","floor":20},{"not_picked":["Crippling Poison","Skewer"],"picked":"Backflip+1","floor":21},{"not_picked":["Slice","PiercingWail+1","Poisoned Stab"],"picked":"SKIP","floor":23},{"not_picked":["Deadly Poison","Dagger Spray","PiercingWail"],"picked":"SKIP","floor":25},{"not_picked":["Dagger Spray","Masterful Stab"],"picked":"Calculated Gamble+1","floor":28},{"not_picked":["Underhanded Strike","Dagger Throw","Glass Knife"],"picked":"SKIP","floor":31},{"not_picked":["Tools of the Trade","Doppelganger"],"picked":"Burst","floor":33},{"not_picked":["Dagger Throw+1","Well Laid Plans","Poisoned Stab+1"],"picked":"SKIP","floor":35},{"not_picked":["Prepared","Quick Slash+1"],"picked":"Flechettes","floor":36},{"not_picked":["Backstab","Quick Slash+1"],"picked":"Reflex","floor":38},{"not_picked":["Dodge and Roll","Sucker Punch+1","Acrobatics+1"],"picked":"SKIP","floor":39},{"not_picked":["Acrobatics+1","Quick Slash"],"picked":"After Image","floor":40},{"not_picked":["Footwork+1","Escape Plan+1"],"picked":"Caltrops+1","floor":45},{"not_picked":["Footwork","Distraction"],"picked":"Calculated Gamble","floor":47},{"not_picked":["Dagger Throw+1","Expertise+1"],"picked":"Prepared+1","floor":48}],"player_experience":8866,"relics_obtained":[{"floor":9,"key":"Tingsha"},{"floor":14,"key":"Meat on the Bone"},{"floor":17,"key":"Regal Pillow"},{"floor":17,"key":"Pantograph"},{"floor":17,"key":"Peace Pipe"},{"floor":23,"key":"Mango"},{"floor":26,"key":"Kunai"},{"floor":47,"key":"Unceasing Top"}],"event_choices":[{"cards_removed":["Decay"],"damage_healed":0,"gold_gain":0,"player_choice":"Card Removal","damage_taken":0,"max_hp_gain":0,"max_hp_loss":0,"event_name":"The Cleric","floor":11,"gold_loss":50},{"damage_healed":0,"gold_gain":0,"cards_transformed":["Strike_G","Strike_G"],"player_choice":"Became Test Subject","damage_taken":0,"max_hp_gain":0,"max_hp_loss":0,"event_name":"Drug Dealer","floor":22,"gold_loss":0,"cards_obtained":["Outmaneuver","Blur"]},{"damage_healed":0,"gold_gain":100,"player_choice":"Pray","damage_taken":0,"max_hp_gain":0,"max_hp_loss":0,"event_name":"Golden Shrine","floor":29,"gold_loss":0},{"damage_healed":0,"gold_gain":0,"player_choice":"Ignored","damage_taken":0,"max_hp_gain":0,"max_hp_loss":0,"event_name":"Tomb of Lord Red Mask","floor":41,"gold_loss":0}],"is_beta":false,"boss_relics":[{"not_picked":["Fusion Hammer","Runic Pyramid"],"picked":"Calling Bell"},{"not_picked":["Black Star","Coffee Dripper"],"picked":"Sozu"}],"items_purged_floors":[19,37,46],"is_endless":false,"potions_floor_spawned":[3,10,13,16,23,28,31,33,38,39,45,47,48],"ascension_level":0}}