{"host":"4nqeo0vu1vuav7gg","time":1609075135,"event":{"mods":["AchievementEnabler","BaseMod","Block Reminder","Colored Map","Colored Powertips","Highlight Path","Minty Spire (QoL Compilation)","Quick Restart","Rare Cards Sparkle","Relic Relevance Reorder","StSLib"],"gold_per_floor":[119,84,96,21,96,96,125,125,176,176,176,190,205,216,216,294,294,308,178,178,178,178],"floor_reached":21,"playtime":550,"items_purged":["Strike_B"],"score":336,"play_id":"d840d830-9a94-4652-a20c-a679f823cabe","local_time":"20201227141855","is_ascension_mode":true,"campfire_choices":[{"data":"Zap","floor":6.0,"key":"SMITH"},{"floor":8.0,"key":"REST"},{"floor":11.0,"key":"REST"},{"floor":15.0,"key":"REST"}],"circlet_count":0,"master_deck":["AscendersBane","Strike_B+1","Strike_B+1","Strike_B+1","Defend_B+1","Defend_B+1","Defend_B+1","Defend_B+1","Zap+1","Dualcast","Chaos","Genetic Algorithm","Consume","Turbo","Sunder","Doom and Gloom","Capacitor","Fission","Barrage","Loop","Skim"],"relics":["Cracked Core","Toy Ornithopter","SlaversCollar","Whetstone"],"acts_visited":["Exordium","TheCity"],"potions_floor_usage":[],"damage_taken":[{"damage":1.0,"enemies":"Cultist","floor":1.0,"turns":3.0},{"damage":9.0,"enemies":"Jaw Worm","floor":3.0,"turns":4.0},{"damage":42.0,"enemies":"3 Sentries","floor":7.0,"turns":7.0},{"damage":13.0,"enemies":"Small Slimes","floor":12.0,"turns":3.0},{"damage":4.0,"enemies":"Looter","floor":13.0,"turns":3.0},{"damage":22.0,"enemies":"Exordium Thugs","floor":14.0,"turns":4.0},{"damage":33.0,"enemies":"Slime Boss","floor":16.0,"turns":6.0},{"damage":43.0,"enemies":"2 Thieves","floor":18.0,"turns":5.0},{"damage":0,"enemies":"Chosen","floor":21,"turns":1}],"seed_played":"1685126899147700273","potions_obtained":[{"floor":3.0,"key":"Fire Potion"},{"floor":12.0,"key":"SteroidPotion"},{"floor":13.0,"key":"GamblersBrew"}],"is_trial":false,"path_per_floor":["M","?","M","$","?","R","E","R","T","?","R","M","M","M","R","B",null,"M","$","?","M"],"character_chosen":"DEFECT","items_purchased":["Loop","Skim"],"campfire_rested":3,"item_purchase_floors":[19,19],"current_hp_per_floor":[63,71,62,62,51,51,9,30,30,30,51,38,34,12,33,10,56,13,13,13,13,13],"gold":178,"neow_bonus":"THREE_CARDS","is_daily":false,"chose_seed":false,"campfire_upgraded":1,"win_rate":0.0,"timestamp":1609075135,"path_taken":["M","?","M","$","?","R","E","R","T","?","R","M","M","M","R","BOSS","M","$","?","M"],"items_purchased_type":["Card","Card"],"build_version":"2020-12-22","purchased_purges":1,"victory":false,"max_hp_per_floor":[71,71,71,71,71,71,71,71,71,71,71,71,71,71,71,71,71,71,71,71,71,71],"card_choices":[{"not_picked":["Rebound","Stack"],"picked":"Chaos","floor":0.0},{"not_picked":["Streamline","Undo"],"picked":"Genetic Algorithm","floor":1.0},{"not_picked":["Turbo","Hologram"],"picked":"Consume","floor":3.0},{"not_picked":["Steam Power","Sweeping Beam"],"picked":"Turbo","floor":7.0},{"not_picked":["Conserve Battery","Beam Cell"],"picked":"Sunder","floor":12.0},{"not_picked":["Rebound","Hologram"],"picked":"Doom and Gloom","floor":13.0},{"not_picked":["Force Field","FTL"],"picked":"Capacitor","floor":14.0},{"not_picked":["All For One","Seek"],"picked":"Fission","floor":16.0},{"not_picked":["Recycle","Storm"],"picked":"Barrage","floor":18.0}],"player_experience":1022483,"relics_obtained":[{"floor":7.0,"key":"Toy Ornithopter"},{"floor":9.0,"key":"Whetstone"}],"event_choices":[{"damage_healed":17.0,"max_hp_gain":0.0,"max_hp_loss":0.0,"gold_gain":0.0,"event_name":"The Cleric","player_choice":"Healed","floor":2.0,"gold_loss":35.0,"damage_taken":0.0},{"damage_healed":0.0,"max_hp_gain":0.0,"max_hp_loss":0.0,"gold_gain":75.0,"event_name":"World of Goop","player_choice":"Gather Gold","floor":5.0,"gold_loss":0.0,"damage_taken":11.0},{"damage_healed":0.0,"max_hp_gain":0.0,"max_hp_loss":0.0,"gold_gain":0.0,"event_name":"Shining Light","player_choice":"Ignored","floor":10.0,"gold_loss":0.0,"damage_taken":0.0},{"damage_healed":0.0,"max_hp_gain":0.0,"max_hp_loss":0.0,"gold_gain":0.0,"event_name":"Back to Basics","player_choice":"Simplicity","floor":20.0,"gold_loss":0.0,"damage_taken":0.0,"cards_upgraded":["Strike_B","Defend_B","Defend_B","Defend_B","Defend_B"]}],"is_beta":false,"boss_relics":[{"not_picked":["Runic Dome","Ectoplasm"],"picked":"SlaversCollar"}],"items_purged_floors":[4],"is_endless":false,"potions_floor_spawned":[3,12,13,14],"killed_by":"Chosen","ascension_level":18}}