{"host":"z9x5nldzhmx4jdfi","time":1609048361,"event":{"mods":["2.2 Compatiblity","BaseMod","Better Altar","Better Match","Better Note","Better Sensory Stone","Better Third Choice","BetterRewards","Block Reminder","Card Filter","Colored Powertips","Infinite Spire","Jorbs\u0027s Wanderer Trilogy","Minty Spire (QoL Compilation)","Relic Filter","StSLib","Td1madao Mod","The Animator","The Servant 0.9.4","Wandering Minibosses"],"gold_per_floor":[116,90,90,140,159,159,185,185,185,24,50,67,67,89,89,163,163,177,177,232,232,251,251,306,306,306,306,327,355,683,705,705,786,786,801,837,616,616,639,639,674,674,674,707,732,770,770,802,802,810,814,814,814,586,648,656,656],"floor_reached":56,"playtime":6119,"items_purged":["animator:Strike","animator:Strike","animator:Strike","animator:Defend"],"score":2614,"play_id":"d8deb075-12c4-4ada-a2b2-e8b137c1e094","local_time":"20201226235241","is_ascension_mode":true,"campfire_choices":[{"data":"animator:FielNirvalen","floor":6,"key":"SMITH"},{"floor":8,"key":"REST"},{"data":"animator:KyokoSakura","floor":13,"key":"SMITH"},{"data":"animator:SuzuneAmano","floor":15,"key":"SMITH"},{"data":"1","floor":23,"key":"LIFT"},{"data":"2","floor":25,"key":"LIFT"},{"data":"3","floor":27,"key":"LIFT"},{"data":"infinitespire:NeuralNetwork","floor":32,"key":"SMITH"},{"floor":40,"key":"RECALL"},{"data":"animator:Priestess","floor":42,"key":"SMITH"},{"data":"animator:NagisaMomoe","floor":47,"key":"SMITH"},{"data":"animator:Albedo","floor":49,"key":"SMITH"},{"data":"animator:YachiyoNanami","floor":53,"key":"SMITH"}],"circlet_count":0,"master_deck":["AscendersBane","animator:Strike_MadokaMagica","animator:Defend_MadokaMagica","animator:Defend","animator:Defend","animator:IrohaTamaki","animator:YuiTsuruno","animator:Albedo","animator:Yuuichirou","animator:FielNirvalen","animator:Mikaela","animator:Yuuichirou","animator:SuzuneAmano+1","animator:KyokoSakura","animator:HomuraAkemi","animator:Kyubey","animator:GuildGirl","Machine Learning+1","animator:YachiyoNanami","animator:NagisaMomoe+1","animator:YuiTsuruno","animator:MadokaKaname","animator:MamiTomoe","animator:OrikoMikuni","animator:Priestess","animator:Priestess","animator:NagisaMomoe","animator:Kyubey","animator:Albedo"],"relics":["animator:TheEruzaStone","animator:AncientMedallion"],"acts_visited":["Exordium","TheCity","TheBeyond","TheEnding","EYB:TheUnnamedReign"],"potions_floor_usage":[16,56],"damage_taken":[{"damage":1,"enemies":"2 Louse","floor":1,"turns":1},{"damage":0,"enemies":"Cultist","floor":5,"turns":2},{"damage":18,"enemies":"Lagavulin","floor":7,"turns":4},{"damage":2,"enemies":"Small Slimes","floor":11,"turns":2},{"damage":2,"enemies":"Gremlin Gang","floor":12,"turns":2},{"damage":0,"enemies":"Exordium Thugs","floor":14,"turns":4},{"damage":10,"enemies":"Hexaghost","floor":16,"turns":6},{"damage":0,"enemies":"Spheric Guardian","floor":18,"turns":4},{"damage":0,"enemies":"3 Byrds","floor":20,"turns":3},{"damage":7,"enemies":"3 Cultists","floor":22,"turns":6},{"damage":1,"enemies":"animator:HornedBat","floor":24,"turns":5},{"damage":0,"enemies":"Cultist and Chosen","floor":28,"turns":4},{"damage":0,"enemies":"Chosen and Byrds","floor":29,"turns":6},{"damage":14,"enemies":"Slavers","floor":30,"turns":4},{"damage":6,"enemies":"3 Cultists","floor":31,"turns":5},{"damage":13,"enemies":"Champ","floor":33,"turns":6},{"damage":0,"enemies":"Orb Walker","floor":35,"turns":2},{"damage":11,"enemies":"3 Darklings","floor":36,"turns":4},{"damage":0,"enemies":"Transient","floor":39,"turns":7},{"damage":5,"enemies":"Giant Head","floor":41,"turns":5},{"damage":45,"enemies":"Nightmare","floor":44,"turns":7},{"damage":0,"enemies":"4 Shapes","floor":45,"turns":3},{"damage":0,"enemies":"Giant Head","floor":46,"turns":4},{"damage":11,"enemies":"Reptomancer","floor":48,"turns":5},{"damage":18,"enemies":"Donu and Deca","floor":50,"turns":8},{"damage":18,"enemies":"Awakened One","floor":51,"turns":6},{"damage":74,"enemies":"animator:UNNAMED_CULTIST_1","floor":55,"turns":15},{"damage":34,"enemies":"animator:UNNAMED_HAT","floor":56,"turns":8}],"seed_played":"-7774160539699596213","potions_obtained":[{"floor":11,"key":"infinitespire:BlackPotion"},{"floor":12,"key":"Dexterity Potion"},{"floor":55,"key":"animator:FalseLifePotion"}],"is_trial":false,"path_per_floor":["M","$","?","?","M","R","E","R","T","$","M","M","R","M","R","B",null,"M","AVR","M","?","M","R","E","R","T","R","M","M","E","M","R","B",null,"M","M","$","T","M","R","E","R","T","NM","M","E","R","E","R","B","B",null,"R","??","M","M"],"character_chosen":"THE_ANIMATOR","items_purchased":["animator:Albedo","Bronze Scales","Red Skull","TwistedFunnel","animator:Yuuichirou","animator:FielNirvalen","animator:Mikaela","Omamori","Orichalcum","animator:Priestess"],"campfire_rested":1,"item_purchase_floors":[0,0,0,0,0,0,2,10,37,37],"current_hp_per_floor":[20,20,20,20,20,20,2,20,20,20,18,17,17,17,17,8,49,49,49,49,49,42,42,41,41,51,51,51,53,39,33,33,20,61,61,59,59,59,71,71,66,66,66,33,33,42,42,40,40,31,22,61,61,91,21,0,0],"gold":656,"neow_bonus":"","is_daily":false,"chose_seed":false,"campfire_upgraded":8,"win_rate":0.0,"timestamp":1609048361,"path_taken":["M","$","?","?","M","R","E","R","T","$","M","M","R","M","R","BOSS","M","AVR","M","?","M","R","E","R","T","R","M","M","E","M","R","BOSS","M","M","$","?","?","R","E","R","T","NM","M","E","R","E","R","BOSS","BOSS","R","??","M","M"],"items_purchased_type":["Card","Relic","Relic","Relic","Card","Card","Card","Relic","Relic","Card"],"build_version":"2020-12-22","purchased_purges":4,"victory":false,"max_hp_per_floor":[60,60,60,60,60,60,60,60,60,60,60,61,61,61,61,62,62,62,62,62,62,62,62,62,62,72,72,72,74,74,74,74,74,74,74,74,74,74,74,74,74,74,74,74,74,74,74,74,74,74,74,74,74,91,91,91,91],"card_choices":[{"not_picked":["animator:AcuraAkari","animator:Mikaela","animator:IzunaHatsuse"],"picked":"SKIP","floor":1},{"not_picked":["animator:Priestess","animator:HiiragiShinya","animator:Viivi"],"picked":"SKIP","floor":5},{"not_picked":["animator:DolaStephanie","animator:Spearman"],"picked":"animator:Yuuichirou","floor":7},{"not_picked":["animator:YuiTsuruno","animator:OrikoMikuni"],"picked":"animator:SuzuneAmano","floor":11},{"not_picked":["animator:ChlammyZell","animator:DwarfShaman"],"picked":"animator:KyokoSakura","floor":12},{"not_picked":["animator:IrohaTamaki","animator:Togame"],"picked":"animator:HomuraAkemi","floor":14},{"not_picked":["animator:Albedo","animator:Shiro"],"picked":"animator:Kyubey","floor":16},{"not_picked":["animator:Demiurge","animator:Shalltear+1"],"picked":"animator:GuildGirl","floor":18},{"not_picked":["animator:OrikoMikuni","animator:SayakaMiki"],"picked":"animator:YachiyoNanami","floor":20},{"not_picked":["animator:Sebas","animator:Yuuichirou","animator:Jibril"],"picked":"SKIP","floor":22},{"not_picked":["animator:Azekura","animator:DolaCouronne","animator:AcuraAkari"],"picked":"SKIP","floor":24},{"not_picked":["animator:Nanami","animator:HiiragiShinya","animator:FielNirvalen"],"picked":"SKIP","floor":28},{"not_picked":["animator:MamiTomoe","animator:SuzuneAmano"],"picked":"animator:NagisaMomoe","floor":29},{"not_picked":["animator:DolaCouronne+1","animator:DwarfShaman","animator:Entoma+1"],"picked":"SKIP","floor":30},{"not_picked":["animator:Cocytus","animator:Witch"],"picked":"animator:YuiTsuruno","floor":31},{"not_picked":["animator:Biyorigo","animator:ChaikaTrabant"],"picked":"animator:MadokaKaname","floor":33},{"not_picked":["animator:UneriGinkaku","animator:Spearman"],"picked":"animator:MamiTomoe","floor":35},{"not_picked":["animator:YuiTsuruno","animator:IrohaTamaki"],"picked":"animator:OrikoMikuni","floor":36},{"not_picked":["animator:DolaCouronne","animator:Demiurge"],"picked":"animator:Priestess+1","floor":39},{"not_picked":["animator:Viivi","animator:Shinoa"],"picked":"animator:NagisaMomoe","floor":41},{"not_picked":["animator:Mikaela","animator:ChaikaBohdan"],"picked":"animator:Kyubey","floor":44},{"not_picked":["animator:Evileye","animator:Shigure","animator:MamiTomoe"],"picked":"SKIP","floor":46},{"not_picked":["animator:IrohaTamaki","animator:Tet"],"picked":"animator:Albedo","floor":48},{"not_picked":["animator:Azekura+1","animator:Konayuki","animator:ChaikaBohdan"],"picked":"SKIP","floor":55}],"player_experience":1483168,"relics_obtained":[{"floor":7,"key":"infinitespire:Bottled Soul"},{"floor":9,"key":"Centennial Puzzle"},{"floor":24,"key":"Ancient Tea Set"},{"floor":26,"key":"Pear"},{"floor":30,"key":"Old Coin"},{"floor":36,"key":"wanderingMiniBosses:Inkheart"},{"floor":41,"key":"Vajra"},{"floor":43,"key":"infinitespire:BottledMercury"},{"floor":44,"key":"CloakClasp"},{"floor":46,"key":"animator:BattleDrones"},{"floor":48,"key":"infinitespire:Beetle Shell"},{"floor":54,"key":"animator:TheEruzaStone"},{"floor":54,"key":"animator:AncientMedallion"}],"event_choices":[{"damage_healed":0,"gold_gain":0,"player_choice":"Grow","damage_taken":0,"max_hp_gain":0,"max_hp_loss":0,"event_name":"Living Wall","floor":3,"gold_loss":0,"cards_upgraded":["animator:Albedo"]},{"damage_healed":0,"gold_gain":50,"player_choice":"Pray","damage_taken":0,"max_hp_gain":0,"max_hp_loss":0,"event_name":"Golden Shrine","floor":4,"gold_loss":0},{"damage_healed":0,"gold_gain":0,"player_choice":"Rummage","damage_taken":0,"relics_obtained":["WarpedTongs"],"max_hp_gain":0,"max_hp_loss":0,"event_name":"Accursed Blacksmith","floor":21,"gold_loss":0,"cards_obtained":["Pain"]}],"is_beta":false,"boss_relics":[{"not_picked":["Runic Dome","Philosopher\u0027s Stone"],"picked":"Sozu"},{"not_picked":["animator:CursedBlade","animator:HolyGrailRelic"],"picked":"Coffee Dripper"}],"items_purged_floors":[0,0,0,19],"is_endless":false,"potions_floor_spawned":[11,12,14,20,24,28,33,39,44,45],"killed_by":"animator:UNNAMED_HAT","ascension_level":20}}