{"host":"rqr5ppifgk2pyouj","time":1609033182,"event":{"mods":["AchievementEnabler","Act Like it!","BaseMod","Better Match","Better Note","Better Vampires","Better-Laid Plans","BetterRewards","Block Reminder","Clawfect","Colored Map","Colored Powertips","Elementarium","Energized Spire","GifTheSpireLib","Minty Spire (QoL Compilation)","Rare Cards Sparkle","Reworked Bosses","Shop Mod","StSLib","Unceasing Turn Reminder","Waifu the Spire"],"gold_per_floor":[119,119,119,130,147,179,179,179,179,192,192,157,157,86,86,211,211,232,232,232,272,307,307,232,307,307,319,331,383,395,69,69,210,210,235,258,1257,1257,1101,1101,1142,1142,1165,1165,1206,143,143,181,181,201,201,201,178,198,198],"floor_reached":54,"playtime":3518,"items_purged":[],"score":826,"play_id":"ead3ed40-72fc-4d53-88d8-5c8458c75aa1","local_time":"20201226193942","is_ascension_mode":false,"campfire_choices":[{"floor":7,"key":"REST"},{"floor":11,"key":"REST"},{"floor":15,"key":"RECALL"},{"data":"Glacier","floor":23,"key":"SMITH"},{"data":"Elementarium:FireblessedBlade","floor":27,"key":"SMITH"},{"floor":32,"key":"REST"},{"data":"Defragment","floor":44,"key":"SMITH"},{"data":"Echo Form","floor":47,"key":"SMITH"},{"data":"Leap","floor":49,"key":"SMITH"},{"data":"Elementarium:GildedForm","floor":52,"key":"SMITH"}],"circlet_count":0,"master_deck":["Gash","Gash","Gash","Gash+1","Gash","Defend_B","Defend_B+1","Defend_B","Defend_B","Defend_B","Clawfect:Clawter","Steam","Clawfect:Clawline","Rebound","Self Repair","Coolheaded","Clawfect:ClawForOne","Undo","Elementarium:GildedForm+1","Elementarium:FireblessedBlade+1","Glacier+1","Genetic Algorithm+1","Consume+1","Recycle+1","Leap+1","Conserve Battery+1","Defragment","Echo Form+1","Rebound","Madness","Madness","Defragment+1","Clawfect:Clawrage+1","Self Repair+1","Elementarium:FireblessedBlade+1"],"relics":["The Courier","Symbiotic Virus","SacredBark","energizedSpire:DeadBattery","Bronze Scales","Mercury Hourglass","Gremlin Horn","Elementarium:ElementariumTrophy","Nuclear Battery","Runic Capacitor","MerchantsRug","Shuriken","Cables","DollysMirror","Thread and Needle"],"acts_visited":["Exordium","Elementarium:Elementarium","TheBeyond","TheEnding"],"potions_floor_usage":[6,16,25,29,35,45,50,50,51,54],"damage_taken":[{"damage":3,"enemies":"Small Slimes","floor":1,"turns":4},{"damage":0,"enemies":"Jaw Worm","floor":4,"turns":4},{"damage":6,"enemies":"2 Louse","floor":5,"turns":3},{"damage":20,"enemies":"3 Sentries","floor":6,"turns":6},{"damage":5,"enemies":"Looter","floor":10,"turns":4},{"damage":9,"enemies":"The Guardian","floor":16,"turns":8},{"damage":6,"enemies":"Elementarium:VoidCorruption","floor":18,"turns":5},{"damage":6,"enemies":"Elementarium:Cyclone","floor":21,"turns":10},{"damage":12,"enemies":"Elementarium:STONE_GOLEMS","floor":22,"turns":6},{"damage":27,"enemies":"Elementarium:FIRE_NOBILITY","floor":25,"turns":8},{"damage":7,"enemies":"Elementarium:VoidBeast","floor":29,"turns":5},{"damage":8,"enemies":"Elementarium:GolemEmperor","floor":33,"turns":11},{"damage":0,"enemies":"Orb Walker","floor":35,"turns":4},{"damage":0,"enemies":"3 Shapes","floor":36,"turns":6},{"damage":21,"enemies":"Writhing Mass","floor":41,"turns":8},{"damage":38,"enemies":"Sphere and 2 Shapes","floor":45,"turns":12},{"damage":5,"enemies":"4 Shapes","floor":48,"turns":8},{"damage":0,"enemies":"bossMod:newAwakened","floor":50,"turns":14},{"damage":73,"enemies":"Shield and Spear","floor":54,"turns":6}],"seed_played":"-3494903337108453702","potions_obtained":[{"floor":5,"key":"DistilledChaos"},{"floor":6,"key":"DistilledChaos"},{"floor":10,"key":"SpeedPotion"},{"floor":21,"key":"PowerPotion"},{"floor":22,"key":"Fire Potion"},{"floor":33,"key":"EntropicBrew"},{"floor":35,"key":"LiquidBronze"},{"floor":45,"key":"ColorlessPotion"}],"is_trial":false,"path_per_floor":["M","?","?","M","M","E","R","?","T","M","R","?","?","$","R","B",null,"M","?","?","M","M","R","?","E","T","R","?","M","T","$","R","B",null,"M","M","?","?","$","?","M","?","T","R","M","$","R","M","R","B",null,"R","$","E"],"character_chosen":"DEFECT","items_purchased":["Self Repair","Coolheaded","Fire Potion","Regen Potion","Gremlin Horn","Defragment","Runic Capacitor","Defragment","MerchantsRug","Shuriken","Cables","DollysMirror","Molten Egg 2","Toxic Egg 2","Thread and Needle","Ancient Potion","AttackPotion","DistilledChaos","EssenceOfSteel"],"campfire_rested":3,"item_purchase_floors":[14,14,31,31,31,31,39,39,46,46,46,46,46,46,46,53,53,53,53],"current_hp_per_floor":[72,77,59,59,53,33,57,41,41,36,60,80,80,80,80,78,80,80,71,71,71,66,66,66,53,53,53,42,42,42,42,63,62,71,71,71,71,62,62,62,48,48,48,48,71,71,71,71,71,71,71,71,71,0,0],"gold":198,"neow_bonus":"BOSS_RELIC","is_daily":false,"chose_seed":false,"campfire_upgraded":6,"win_rate":0.0,"timestamp":1609033182,"path_taken":["M","?","?","?","M","E","R","?","T","M","R","?","?","$","R","BOSS","M","?","?","M","M","R","?","E","T","R","?","M","?","$","R","BOSS","M","M","?","?","?","?","?","?","T","R","M","$","R","M","R","BOSS","R","$","E"],"items_purchased_type":["Card","Card","Potion","Potion","Relic","Card","Relic","Card","Relic","Relic","Relic","Relic","Relic","Relic","Relic","Potion","Potion","Potion","Potion"],"build_version":"2020-12-22","purchased_purges":0,"victory":false,"max_hp_per_floor":[75,80,80,80,80,80,80,80,80,80,80,80,80,80,80,80,80,80,71,71,71,71,71,71,71,71,71,71,71,71,71,71,71,71,71,71,71,71,71,71,71,71,71,71,71,71,71,71,71,71,71,71,71,71,71],"card_choices":[{"not_picked":[],"picked":"Clawfect:Clawter","floor":1},{"not_picked":[],"picked":"Steam","floor":4},{"not_picked":[],"picked":"Clawfect:Clawline","floor":5},{"not_picked":[],"picked":"Rebound","floor":6},{"not_picked":["Turbo"],"picked":"SKIP","floor":10},{"not_picked":[],"picked":"Clawfect:ClawForOne","floor":16},{"not_picked":[],"picked":"Undo","floor":18},{"not_picked":["Clawfect:ClawLightning"],"picked":"SKIP","floor":21},{"not_picked":[],"picked":"Glacier","floor":22},{"not_picked":[],"picked":"Genetic Algorithm+1","floor":24},{"not_picked":[],"picked":"Consume+1","floor":24},{"not_picked":[],"picked":"Recycle+1","floor":24},{"not_picked":[],"picked":"Leap","floor":25},{"not_picked":["Hologram+1","Gash"],"picked":"Conserve Battery+1","floor":29},{"not_picked":["Seek","Core Surge"],"picked":"Echo Form","floor":33},{"not_picked":["Stack","Clawfect:ClawLightning"],"picked":"Rebound","floor":35},{"not_picked":["Fusion+1","Clawfect:Clawline","Conserve Battery"],"picked":"SKIP","floor":36},{"not_picked":["FTL+1","Undo"],"picked":"Clawfect:Clawrage+1","floor":41},{"not_picked":["Rebound","Tempest"],"picked":"Self Repair+1","floor":45},{"not_picked":["Clawfect:ClawSnap+1","Clawfect:Clawline+1","Auto Shields+1"],"picked":"SKIP","floor":48}],"player_experience":663412,"relics_obtained":[{"floor":6,"key":"Symbiotic Virus"},{"floor":9,"key":"Matryoshka"},{"floor":25,"key":"Omamori"},{"floor":26,"key":"MawBank"},{"floor":30,"key":"Bronze Scales"},{"floor":30,"key":"Mercury Hourglass"},{"floor":43,"key":"Nunchaku"}],"event_choices":[{"damage_healed":0,"gold_gain":0,"player_choice":"Donut","damage_taken":0,"max_hp_gain":5,"max_hp_loss":0,"event_name":"Big Fish","floor":2,"gold_loss":0},{"damage_healed":0,"gold_gain":0,"player_choice":"Success","damage_taken":18,"relics_obtained":["The Courier"],"max_hp_gain":0,"max_hp_loss":0,"event_name":"Scrap Ooze","floor":3,"gold_loss":0},{"damage_healed":0,"gold_gain":0,"player_choice":"Entered Light","damage_taken":16,"max_hp_gain":0,"max_hp_loss":0,"event_name":"Shining Light","floor":8,"gold_loss":0,"cards_upgraded":["Gash","Defend_B"]},{"damage_healed":20,"gold_gain":0,"player_choice":"Healed","damage_taken":0,"max_hp_gain":0,"max_hp_loss":0,"event_name":"The Cleric","floor":12,"gold_loss":35},{"damage_healed":0,"gold_gain":0,"player_choice":"Take Wound","damage_taken":0,"relics_obtained":["Golden Idol"],"max_hp_gain":0,"max_hp_loss":0,"event_name":"Golden Idol","floor":13,"gold_loss":0,"cards_obtained":["Injury"]},{"damage_healed":0,"gold_gain":0,"player_choice":"Dive in","damage_taken":0,"max_hp_gain":0,"max_hp_loss":9,"event_name":"Elementarium:FountainOfGold","floor":19,"gold_loss":0,"cards_obtained":["Elementarium:GildedForm"]},{"damage_healed":0,"gold_gain":0,"player_choice":"Take","damage_taken":0,"max_hp_gain":0,"max_hp_loss":0,"event_name":"Elementarium:BladeSeller","floor":20,"gold_loss":0,"cards_obtained":["Elementarium:FireblessedBlade"]},{"damage_healed":0,"gold_gain":0,"player_choice":"3","damage_taken":0,"max_hp_gain":0,"max_hp_loss":0,"event_name":"betterMatch:BetterMatch","floor":24,"gold_loss":0,"cards_obtained":["betterMatch:UncommonCard"]},{"damage_healed":0,"gold_gain":0,"player_choice":"Offer","damage_taken":0,"relics_obtained":["energizedSpire:DeadBattery"],"max_hp_gain":0,"max_hp_loss":0,"event_name":"Elementarium:GreatTreasure","floor":28,"relics_lost":["Busted Crown"],"gold_loss":0},{"damage_healed":0,"gold_gain":999,"player_choice":"Gold","damage_taken":0,"max_hp_gain":0,"max_hp_loss":0,"event_name":"MindBloom","floor":37,"gold_loss":0,"cards_obtained":["Normality","Normality"]},{"damage_healed":0,"gold_gain":0,"player_choice":"Embrace Madness","damage_taken":9,"max_hp_gain":0,"max_hp_loss":0,"event_name":"Winding Halls","floor":38,"gold_loss":0,"cards_obtained":["Madness","Madness"]},{"cards_removed":["Injury"],"damage_healed":0,"gold_gain":0,"player_choice":"Card Removal","damage_taken":0,"max_hp_gain":0,"max_hp_loss":0,"event_name":"Wheel of Change","floor":40,"gold_loss":0},{"damage_healed":0,"gold_gain":0,"player_choice":"Ignored","damage_taken":0,"max_hp_gain":0,"max_hp_loss":0,"event_name":"Elementarium:ChestOfTheGoldenMirage","floor":42,"gold_loss":0}],"is_beta":false,"boss_relics":[{"not_picked":["Velvet Choker","Fusion Hammer"],"picked":"SacredBark"},{"not_picked":["energizedSpire:EnergizedDie","Tiny House"],"picked":"Nuclear Battery"}],"items_purged_floors":[],"is_endless":false,"potions_floor_spawned":[5,6,10,21,22,33,35,45],"killed_by":"Shield and Spear","ascension_level":0}}