{"host":"baymyijz6sxaqj5s","time":1609066350,"event":{"mods":["AchievementEnabler","BaseMod","Colored Map","Colored Powertips","DeckTracker","KOR Keyword Fix","Keyboard Shortcuts","Minty Spire (QoL Compilation)","Quick Restart","StSLib","SuperFastMode"],"gold_per_floor":[114,131,147,147,164,164,178,178,223,235,251,306,323,334,334,334,334],"floor_reached":16,"playtime":435,"items_purged":[],"score":108,"play_id":"91bc11d0-6722-4eda-9e3f-827339ff90d8","local_time":"20201227195230","is_ascension_mode":true,"campfire_choices":[{"data":"Shrug It Off","floor":6,"key":"SMITH"},{"data":"Armaments","floor":8,"key":"SMITH"},{"data":"Seeing Red","floor":15,"key":"SMITH"}],"circlet_count":0,"master_deck":["Strike_R","Strike_R","Strike_R","Strike_R","Strike_R","Defend_R","Defend_R","Defend_R","Defend_R","Bash","Twin Strike","Heavy Blade+1","Shrug It Off+1","Armaments+1","Seeing Red+1"],"relics":["Burning Blood","Smiling Mask"],"acts_visited":["Exordium"],"potions_floor_usage":[7,13],"damage_taken":[{"damage":13,"enemies":"Jaw Worm","floor":1,"turns":4},{"damage":1,"enemies":"Cultist","floor":2,"turns":4},{"damage":4,"enemies":"2 Louse","floor":3,"turns":4},{"damage":11,"enemies":"Blue Slaver","floor":5,"turns":5},{"damage":7,"enemies":"Gremlin Gang","floor":7,"turns":2},{"damage":1,"enemies":"Red Slaver","floor":10,"turns":5},{"damage":11,"enemies":"Blue Slaver","floor":11,"turns":4},{"damage":2,"enemies":"Lots of Slimes","floor":13,"turns":5},{"damage":13,"enemies":"Large Slime","floor":14,"turns":7},{"damage":81,"enemies":"The Guardian","floor":16,"turns":19}],"seed_played":"697939385398611368","potions_obtained":[{"floor":1,"key":"Explosive Potion"},{"floor":7,"key":"BlessingOfTheForge"},{"floor":10,"key":"DuplicationPotion"},{"floor":14,"key":"Energy Potion"}],"is_trial":false,"path_per_floor":["M","M","M","?","M","R","M","R","T","M","M","?","M","M","R","B"],"character_chosen":"IRONCLAD","items_purchased":[],"campfire_rested":0,"item_purchase_floors":[],"current_hp_per_floor":[81,86,88,88,83,83,82,82,82,87,82,82,86,79,79,0,0],"gold":334,"neow_bonus":"TEN_PERCENT_HP_BONUS","is_daily":false,"chose_seed":false,"campfire_upgraded":3,"win_rate":0.0,"timestamp":1609066350,"path_taken":["M","M","M","?","?","R","M","R","T","M","M","?","M","M","R","BOSS"],"items_purchased_type":[],"build_version":"2020-12-22","purchased_purges":0,"victory":false,"max_hp_per_floor":[88,88,88,88,88,88,88,88,88,88,88,88,88,88,88,88,88],"card_choices":[{"not_picked":["Intimidate","Rampage"],"picked":"Twin Strike","floor":1},{"not_picked":["Pommel Strike","Sever Soul"],"picked":"Heavy Blade","floor":2},{"not_picked":["Sword Boomerang","Bludgeon"],"picked":"Shrug It Off","floor":3},{"not_picked":["Clash","Flex","Infernal Blade"],"picked":"SKIP","floor":5},{"not_picked":["Heavy Blade","Corruption"],"picked":"Armaments","floor":7},{"not_picked":["True Grit","Heavy Blade","Pommel Strike"],"picked":"SKIP","floor":10},{"not_picked":["Blood for Blood","Rampage","Searing Blow"],"picked":"SKIP","floor":11},{"not_picked":["Perfected Strike","Evolve"],"picked":"Seeing Red","floor":13},{"not_picked":["Heavy Blade","Twin Strike","Armaments"],"picked":"SKIP","floor":14}],"player_experience":262735,"relics_obtained":[{"floor":9,"key":"Smiling Mask"}],"event_choices":[{"damage_healed":0,"gold_gain":0,"player_choice":"Forge","damage_taken":0,"max_hp_gain":0,"max_hp_loss":0,"event_name":"Accursed Blacksmith","floor":4,"gold_loss":0,"cards_upgraded":["Heavy Blade"]},{"damage_healed":0,"gold_gain":55,"player_choice":"Gained Gold","damage_taken":0,"max_hp_gain":0,"max_hp_loss":0,"event_name":"Golden Wing","floor":12,"gold_loss":0}],"is_beta":false,"boss_relics":[],"items_purged_floors":[],"is_endless":false,"potions_floor_spawned":[1,7,10,14],"killed_by":"The Guardian","ascension_level":2}}