{"host":"hkfd27larxvbrzdx","time":1609072880,"event":{"mods":["AchievementEnabler","BaseMod","Minty Spire (QoL Compilation)"],"gold_per_floor":[117,134,13,25,25,25,57,75,75,75,89,89,118,130,130,234,234,250,269,117,131,160,160,170,189,271,271,271,271,281,281,281],"floor_reached":31,"playtime":4933,"items_purged":["Strike_P","Defend_P"],"score":286,"play_id":"89977a72-e056-4b27-bbcd-574b1ff090ef","local_time":"20201227204120","is_ascension_mode":true,"campfire_choices":[{"data":"Eruption","floor":6,"key":"SMITH"},{"data":"Meditate","floor":10,"key":"SMITH"},{"data":"ClearTheMind","floor":12,"key":"SMITH"},{"floor":15,"key":"REST"},{"floor":23,"key":"REST"},{"floor":27,"key":"REST"},{"floor":29,"key":"RECALL"}],"circlet_count":0,"master_deck":["Strike_P+1","Strike_P","Defend_P","Defend_P","Eruption+1","Vigilance","Meditate+1","Consecrate","CutThroughFate+1","ClearTheMind+1","EmptyBody","EmptyBody","CutThroughFate","Devotion","FearNoEvil","Nirvana","Prostrate","Evaluate+1","DeceiveReality","Weave"],"relics":["PureWater","Whetstone","Damaru","MealTicket","Red Mask"],"acts_visited":["Exordium","TheCity"],"potions_floor_usage":[16,22,30,31,31],"damage_taken":[{"damage":0,"enemies":"Cultist","floor":1,"turns":4},{"damage":3,"enemies":"2 Louse","floor":2,"turns":3},{"damage":0,"enemies":"Small Slimes","floor":4,"turns":2},{"damage":2,"enemies":"Gremlin Nob","floor":7,"turns":3},{"damage":7,"enemies":"Looter","floor":8,"turns":3},{"damage":0,"enemies":"Exordium Wildlife","floor":11,"turns":3},{"damage":7,"enemies":"Lagavulin","floor":13,"turns":5},{"damage":6,"enemies":"Large Slime","floor":14,"turns":4},{"damage":15,"enemies":"Hexaghost","floor":16,"turns":11},{"damage":0,"enemies":"Chosen","floor":18,"turns":4},{"damage":0,"enemies":"3 Byrds","floor":19,"turns":6},{"damage":13,"enemies":"Snecko","floor":21,"turns":6},{"damage":26,"enemies":"Masked Bandits","floor":22,"turns":6},{"damage":17,"enemies":"Snake Plant","floor":24,"turns":4},{"damage":1,"enemies":"Centurion and Healer","floor":25,"turns":5},{"damage":44,"enemies":"3 Cultists","floor":30,"turns":7},{"damage":4,"enemies":"Slavers","floor":31,"turns":1}],"seed_played":"1657001877303365963","potions_obtained":[{"floor":1,"key":"Ambrosia"},{"floor":7,"key":"SneckoOil"},{"floor":11,"key":"Dexterity Potion"},{"floor":16,"key":"EssenceOfSteel"},{"floor":30,"key":"Weak Potion"}],"is_trial":false,"path_per_floor":["M","M","$","M","$","R","E","M","T","R","M","R","E","M","R","B",null,"M","M","$","M","?","R","M","M","T","R","?","R","M","E"],"character_chosen":"WATCHER","items_purchased":["CutThroughFate","Prostrate"],"campfire_rested":3,"item_purchase_floors":[3,20],"current_hp_per_floor":[65,62,62,62,62,62,60,53,53,53,53,53,46,40,59,44,65,65,65,65,52,26,45,28,27,27,46,46,46,2,0,0],"gold":281,"neow_bonus":"REMOVE_TWO","is_daily":false,"chose_seed":false,"campfire_upgraded":3,"win_rate":0.0,"timestamp":1609072880,"path_taken":["M","M","$","M","?","R","E","M","T","R","M","R","E","M","R","BOSS","M","M","$","M","?","R","M","M","T","R","?","R","M","E"],"items_purchased_type":["Card","Card"],"build_version":"2020-12-22","purchased_purges":2,"victory":false,"max_hp_per_floor":[65,65,65,65,65,65,65,65,65,65,65,65,65,65,65,65,65,65,65,65,65,65,65,65,65,65,65,65,65,65,65,65],"card_choices":[{"not_picked":["Consecrate","Halt"],"picked":"Meditate","floor":1},{"not_picked":["Weave","Crescendo"],"picked":"Consecrate","floor":2},{"not_picked":["Tantrum","EmptyFist"],"picked":"ClearTheMind","floor":4},{"not_picked":["BowlingBash","Prostrate","FollowUp"],"picked":"SKIP","floor":7},{"not_picked":["EmptyFist","Study","Vengeance"],"picked":"SKIP","floor":8},{"not_picked":["Swivel","ThirdEye"],"picked":"EmptyBody","floor":11},{"not_picked":["FollowUp","Swivel"],"picked":"EmptyBody","floor":13},{"not_picked":["ClearTheMind","SandsOfTime"],"picked":"CutThroughFate","floor":14},{"not_picked":["LessonLearned","Scrawl"],"picked":"Devotion","floor":16},{"not_picked":["Wallop","JustLucky+1"],"picked":"FearNoEvil","floor":18},{"not_picked":["FlyingSleeves","Wireheading"],"picked":"Nirvana","floor":19},{"not_picked":["InnerPeace","FollowUp"],"picked":"Evaluate+1","floor":21},{"not_picked":["CutThroughFate","ReachHeaven"],"picked":"DeceiveReality","floor":24},{"not_picked":["Crescendo","Protect","BowlingBash"],"picked":"SKIP","floor":25},{"not_picked":["EmptyBody+1","Perseverance"],"picked":"Weave","floor":30}],"player_experience":123401,"relics_obtained":[{"floor":7,"key":"Whetstone"},{"floor":9,"key":"Damaru"},{"floor":13,"key":"MealTicket"},{"floor":22,"key":"Red Mask"}],"event_choices":[{"damage_healed":0,"gold_gain":0,"player_choice":"Fought Bandits","damage_taken":0,"max_hp_gain":0,"max_hp_loss":0,"event_name":"Masked Bandits","floor":22,"gold_loss":0},{"damage_healed":0,"gold_gain":0,"player_choice":"Ignored","damage_taken":0,"max_hp_gain":0,"max_hp_loss":0,"event_name":"Duplicator","floor":28,"gold_loss":0}],"is_beta":false,"boss_relics":[{"not_picked":["Runic Pyramid","Coffee Dripper","Fusion Hammer"]}],"items_purged_floors":[3,20],"is_endless":false,"potions_floor_spawned":[1,7,11,14,16,19,30],"killed_by":"Slavers","ascension_level":3}}