{"host":"lpcxcvdszk9zyesf","time":1609074103,"event":{"mods":["BaseMod","Better Third Choice","BetterRewards","Minty Spire (QoL Compilation)","Rare Cards Sparkle","Relic Stats","Say the Spire","Spicy Shops","StSLib"],"gold_per_floor":[110,110,110,10,10,10,28,45,45,75,102,0,0,15,15,117,117,135,155,155,155,20,20,50,50,50,50,81,81,91,91,91],"floor_reached":31,"playtime":1245,"items_purged":["Strike_R"],"score":523,"play_id":"0276cd70-0467-4e10-a0a6-2976e8008fe9","local_time":"20201227210143","is_ascension_mode":true,"campfire_choices":[{"data":"Pommel Strike","floor":6,"key":"SMITH"},{"floor":15,"key":"REST"},{"data":"Berserk","floor":23,"key":"SMITH"},{"floor":27,"key":"REST"}],"circlet_count":0,"master_deck":["Strike_R","Strike_R","Defend_R","Defend_R","Defend_R","Defend_R","Bash","Metallicize","Metallicize","Rage","Brutality","Shrug It Off","Berserk+1","Dark Embrace","Pommel Strike+1","Infernal Blade","Rampage+1","Enlightenment","Rupture","Feed+1","Whirlwind+1","Carnage+1","Disarm","Metallicize","Shame","Heavy Blade+1"],"relics":["Burning Blood","Orrery","Boot","Molten Egg 2","Odd Mushroom","betterThird:SlimedRelic","Mark of Pain","betterThird:NestCultRelic","Bag of Preparation","Nilry\u0027s Codex","Eternal Feather","Letter Opener","Girya"],"acts_visited":["Exordium","TheCity"],"potions_floor_usage":[16,16,16,24,24],"damage_taken":[{"damage":5,"enemies":"2 Louse","floor":1,"turns":3},{"damage":7,"enemies":"Small Slimes","floor":7,"turns":4},{"damage":0,"enemies":"Jaw Worm","floor":8,"turns":3},{"damage":34,"enemies":"Gremlin Nob","floor":10,"turns":5},{"damage":32,"enemies":"The Mushroom Lair","floor":11,"turns":6},{"damage":0,"enemies":"Blue Slaver","floor":14,"turns":3},{"damage":23,"enemies":"Hexaghost","floor":16,"turns":9},{"damage":39,"enemies":"3 Byrds","floor":18,"turns":9},{"damage":15,"enemies":"Chosen","floor":19,"turns":5},{"damage":38,"enemies":"Slavers","floor":24,"turns":6},{"damage":43,"enemies":"Gremlin Leader","floor":28,"turns":7},{"damage":39,"enemies":"Snake Plant","floor":30,"turns":6},{"damage":17,"enemies":"Snecko","floor":31,"turns":3}],"seed_played":"4972201198670296674","potions_obtained":[{"floor":1,"key":"Swift Potion"},{"floor":7,"key":"Fire Potion"},{"floor":11,"key":"Regen Potion"},{"floor":14,"key":"Fire Potion"},{"floor":18,"key":"Fire Potion"},{"floor":24,"key":"Fruit Juice"}],"is_trial":false,"path_per_floor":["M","?","?","$","?","R","M","M","T","E","?","?","?","M","R","B",null,"M","M","?","?","$","R","E","?","T","R","E","?","M","M"],"character_chosen":"IRONCLAD","items_purchased":["Metallicize","Orrery","Pommel Strike","Carnage+1"],"campfire_rested":2,"item_purchase_floors":[0,0,4,22],"current_hp_per_floor":[73,78,71,71,71,71,70,76,76,48,22,28,17,23,50,48,80,51,42,73,73,73,73,50,34,34,77,44,44,11,0,0],"gold":91,"neow_bonus":"","is_daily":false,"chose_seed":false,"campfire_upgraded":2,"win_rate":0.0,"timestamp":1609074103,"path_taken":["M","?","?","?","?","R","?","M","T","E","?","?","?","M","R","BOSS","M","M","?","?","$","R","E","?","T","R","E","?","M","?"],"items_purchased_type":["Card","Relic","Card","Card"],"build_version":"2020-12-22","purchased_purges":1,"victory":false,"max_hp_per_floor":[80,85,85,85,85,85,85,85,85,85,85,91,91,91,91,91,91,95,95,95,95,95,95,104,104,104,104,108,108,108,108,108],"relic_stats":{"counters":[87,368],"Eternal Feather":12,"Bag of Preparation":[0],"Letter Opener":[5],"Boot":[8],"obtain_stats":[{"Nilry\u0027s Codex":25,"Ginger":41,"Whetstone":9,"Boot":9,"DollysMirror":21,"Strawberry":43,"Philosopher\u0027s Stone":17,"MealTicket":0,"Kunai":0,"Girya":29,"Pear":26,"Astrolabe":34,"Velvet Choker":34,"Oddly Smooth Stone":0,"Eternal Feather":26,"Pen Nib":0,"Letter Opener":28,"Akabeko":0,"Brimstone":37,"Bronze Scales":3,"Bird Faced Urn":43,"Molten Egg 2":26,"Mark of Pain":17,"Unceasing Top":34,"Pocketwatch":14,"Singing Bowl":7,"Torii":39,"Black Blood":17,"Juzu Bracelet":22,"Bag of Preparation":24,"Empty Cage":17,"Burning Blood":0,"Dream Catcher":0,"Matryoshka":34,"Toolbox":0,"Red Mask":38,"Chemical X":22,"Lee\u0027s Waffle":0,"Thread and Needle":4,"betterThird:NestCultRelic":21,"Odd Mushroom":13,"Orichalcum":7,"Medical Kit":0,"Mercury Hourglass":46,"Calling Bell":34,"Anchor":0,"betterThird:SlimedRelic":13,"Orrery":0,"Bag of Marbles":0,"Membership Card":28,"Bottled Lightning":46,"FossilizedHelix":44,"Toy Ornithopter":31},{"Nilry\u0027s Codex":84,"Ginger":21,"Whetstone":69,"Boot":4,"DollysMirror":56,"Strawberry":21,"Philosopher\u0027s Stone":54,"MealTicket":65,"Kunai":47,"Girya":85,"Pear":36,"Astrolabe":40,"Velvet Choker":17,"Oddly Smooth Stone":25,"Eternal Feather":84,"Pen Nib":0,"Letter Opener":85,"Akabeko":65,"Brimstone":42,"Bronze Scales":2,"Bird Faced Urn":43,"Molten Egg 2":13,"Mark of Pain":81,"Unceasing Top":62,"Pocketwatch":32,"Singing Bowl":4,"Torii":20,"Black Blood":33,"Juzu Bracelet":12,"Bag of Preparation":84,"Empty Cage":8,"Burning Blood":0,"Dream Catcher":47,"Matryoshka":62,"Toolbox":47,"Red Mask":42,"Chemical X":12,"Lee\u0027s Waffle":47,"Thread and Needle":67,"betterThird:NestCultRelic":83,"Odd Mushroom":6,"Orichalcum":29,"Medical Kit":25,"Mercury Hourglass":23,"Calling Bell":62,"Anchor":47,"betterThird:SlimedRelic":79,"Orrery":74,"Bag of Marbles":65,"Membership Card":37,"Bottled Lightning":45,"FossilizedHelix":21,"Toy Ornithopter":39},{"Nilry\u0027s Codex":352,"Ginger":94,"Whetstone":278,"Boot":15,"DollysMirror":234,"Strawberry":94,"Philosopher\u0027s Stone":228,"MealTicket":267,"Kunai":204,"Girya":359,"Pear":157,"Astrolabe":175,"Velvet Choker":75,"Oddly Smooth Stone":120,"Eternal Feather":352,"Pen Nib":0,"Letter Opener":359,"Akabeko":267,"Brimstone":183,"Bronze Scales":7,"Bird Faced Urn":186,"Molten Egg 2":53,"Mark of Pain":332,"Unceasing Top":255,"Pocketwatch":143,"Singing Bowl":15,"Torii":87,"Black Blood":149,"Juzu Bracelet":49,"Bag of Preparation":352,"Empty Cage":33,"Burning Blood":0,"Dream Catcher":204,"Matryoshka":255,"Toolbox":204,"Red Mask":183,"Chemical X":49,"Lee\u0027s Waffle":204,"Thread and Needle":272,"betterThird:NestCultRelic":346,"Odd Mushroom":23,"Orichalcum":135,"Medical Kit":120,"Mercury Hourglass":107,"Calling Bell":255,"Anchor":204,"betterThird:SlimedRelic":320,"Orrery":299,"Bag of Marbles":267,"Membership Card":160,"Bottled Lightning":194,"FossilizedHelix":94,"Toy Ornithopter":168}],"Burning Blood":557},"card_choices":[{"not_picked":["Pommel Strike","Flex"],"picked":"Metallicize","floor":0},{"not_picked":["Clothesline","Thunderclap"],"picked":"Rage","floor":0},{"not_picked":["Sever Soul","Shockwave"],"picked":"Brutality","floor":0},{"not_picked":["Clothesline","Perfected Strike"],"picked":"Shrug It Off","floor":0},{"not_picked":["Uppercut","Evolve"],"picked":"Berserk","floor":0},{"not_picked":["Rage","Iron Wave"],"picked":"Dark Embrace","floor":1},{"not_picked":["Body Slam","Headbutt","Pommel Strike"],"picked":"SKIP","floor":7},{"not_picked":["Clash","Searing Blow","Cleave"],"picked":"SKIP","floor":8},{"not_picked":["Iron Wave+1","Armaments","Sentinel"],"picked":"SKIP","floor":10},{"not_picked":["Blood for Blood+1","Headbutt+1"],"picked":"Rampage+1","floor":11},{"not_picked":["Rage","Thunderclap+1"],"picked":"Rupture","floor":14},{"not_picked":["Offering","Juggernaut"],"picked":"Feed+1","floor":16},{"not_picked":["Havoc","Twin Strike+1","Sword Boomerang+1"],"picked":"SKIP","floor":18},{"not_picked":["Flex+1","Bloodletting+1"],"picked":"Whirlwind+1","floor":19},{"not_picked":["Heavy Blade+1","True Grit+1"],"picked":"Disarm","floor":24},{"not_picked":["True Grit","Headbutt+1"],"picked":"Metallicize","floor":28},{"not_picked":["Iron Wave+1","Shrug It Off+1"],"picked":"Heavy Blade+1","floor":30}],"player_experience":262626,"relics_obtained":[{"floor":9,"key":"Boot"},{"floor":10,"key":"Molten Egg 2"},{"floor":11,"key":"Odd Mushroom"},{"floor":24,"key":"Bag of Preparation"},{"floor":25,"key":"Nilry\u0027s Codex"},{"floor":26,"key":"Eternal Feather"},{"floor":28,"key":"Letter Opener"}],"event_choices":[{"damage_healed":0,"gold_gain":0,"player_choice":"Donut","damage_taken":0,"max_hp_gain":5,"max_hp_loss":0,"event_name":"Big Fish","floor":2,"gold_loss":0},{"cards_removed":["Strike_R"],"damage_healed":0,"gold_gain":0,"player_choice":"Card Removal","damage_taken":7,"max_hp_gain":0,"max_hp_loss":0,"event_name":"Golden Wing","floor":3,"gold_loss":0},{"damage_healed":0,"gold_gain":0,"cards_transformed":["Strike_R"],"player_choice":"Transformed","damage_taken":0,"max_hp_gain":0,"max_hp_loss":0,"event_name":"Transmorgrifier","floor":5,"gold_loss":0,"cards_obtained":["Infernal Blade"]},{"damage_healed":0,"gold_gain":0,"player_choice":"Fought Mushrooms","damage_taken":0,"max_hp_gain":0,"max_hp_loss":0,"event_name":"Mushrooms","floor":11,"gold_loss":0},{"damage_healed":0,"gold_gain":0,"player_choice":"RENOUNCE","damage_taken":102,"max_hp_gain":0,"max_hp_loss":0,"event_name":"betterThird:BetterSerpent","floor":12,"gold_loss":102,"cards_obtained":["Enlightenment"]},{"damage_healed":0,"gold_gain":0,"player_choice":"Slimed","damage_taken":11,"max_hp_gain":0,"max_hp_loss":0,"event_name":"betterThird:BetterGoop","floor":13,"gold_loss":0},{"damage_healed":31,"gold_gain":0,"player_choice":"Heal","damage_taken":0,"max_hp_gain":0,"max_hp_loss":0,"event_name":"The Library","floor":20,"gold_loss":0},{"damage_healed":0,"gold_gain":0,"player_choice":"Madness","damage_taken":0,"relics_obtained":["betterThird:NestCultRelic"],"max_hp_gain":0,"max_hp_loss":0,"event_name":"betterThird:BetterNest","floor":21,"gold_loss":0},{"damage_healed":0,"gold_gain":0,"player_choice":"Obtained Book","damage_taken":16,"max_hp_gain":0,"max_hp_loss":0,"event_name":"Cursed Tome","floor":25,"gold_loss":0},{"damage_healed":0,"gold_gain":0,"player_choice":"Stole Relic","damage_taken":0,"relics_obtained":["Girya"],"max_hp_gain":0,"max_hp_loss":0,"event_name":"Addict","floor":29,"gold_loss":0,"cards_obtained":["Shame"]}],"is_beta":false,"boss_relics":[{"not_picked":["Black Star","SacredBark"],"picked":"Mark of Pain"}],"items_purged_floors":[22],"is_endless":false,"potions_floor_spawned":[1,7,11,14,18,24],"killed_by":"Snecko","ascension_level":7}}