{"host":"og6lam4kt3nibbw0","time":1609092275,"event":{"mods":["AchievementEnabler","BaseMod","Colored Map","DeckTracker","Highlight Path","Keyboard Shortcuts","Minty Spire (QoL Compilation)","Permanent Neow","Quick Restart","StSLib","SuperFastMode"],"gold_per_floor":[116,41,56,75,75,103,103,103,103],"floor_reached":8,"playtime":237,"items_purged":[],"score":112,"play_id":"c1d28562-f640-4596-8304-36ab2e84ceef","local_time":"20201228030435","is_ascension_mode":true,"campfire_choices":[{"floor":7,"key":"REST"}],"circlet_count":0,"master_deck":["AscendersBane","Strike_B","Strike_B","Strike_B","Strike_B","Defend_B","Defend_B","Defend_B","Defend_B","Zap","Dualcast","Sweeping Beam","Hyperbeam","Turbo","Creative AI","Hologram"],"relics":["Cracked Core","Bird Faced Urn","White Beast Statue"],"acts_visited":["Exordium"],"potions_floor_usage":[],"damage_taken":[{"damage":1.0,"enemies":"Cultist","floor":1.0,"turns":3.0},{"damage":0.0,"enemies":"Small Slimes","floor":3.0,"turns":2.0},{"damage":12.0,"enemies":"Jaw Worm","floor":4.0,"turns":3.0},{"damage":10,"enemies":"3 Sentries","floor":6,"turns":4},{"damage":32,"enemies":"Gremlin Nob","floor":8,"turns":4}],"seed_played":"446337351962103250","potions_obtained":[{"floor":4.0,"key":"Dexterity Potion"},{"floor":6,"key":"Explosive Potion"}],"is_trial":false,"path_per_floor":["M","$","M","M","?","E","R","E"],"character_chosen":"DEFECT","items_purchased":["Hyperbeam"],"campfire_rested":1,"item_purchase_floors":[2],"current_hp_per_floor":[45,45,45,33,33,23,44,20,20],"gold":103,"neow_bonus":"ONE_RARE_RELIC","is_daily":false,"chose_seed":false,"campfire_upgraded":0,"win_rate":0.0,"timestamp":1609092275,"path_taken":["M","$","M","?","?","E","R","E"],"items_purchased_type":["Card"],"build_version":"2020-12-22","purchased_purges":0,"victory":false,"max_hp_per_floor":[71,71,71,71,71,71,71,71,71],"card_choices":[{"not_picked":["Turbo","Barrage"],"picked":"Sweeping Beam","floor":1.0},{"not_picked":["Redo","Beam Cell"],"picked":"Turbo","floor":3.0},{"not_picked":["FTL","Sweeping Beam"],"picked":"Creative AI","floor":4.0},{"not_picked":["Beam Cell","Defragment"],"picked":"Hologram","floor":6}],"player_experience":843216,"relics_obtained":[{"floor":6,"key":"White Beast Statue"}],"event_choices":[{"damage_healed":0.0,"max_hp_gain":0.0,"max_hp_loss":0.0,"gold_gain":0.0,"event_name":"Liars Game","player_choice":"Ignored","floor":5.0,"gold_loss":0.0,"damage_taken":0.0}],"is_beta":false,"boss_relics":[],"items_purged_floors":[],"is_endless":false,"potions_floor_spawned":[4,6],"killed_by":"Gremlin Nob","ascension_level":20}}