{"host":"qc8h4lvnd2c314ki","time":1609041298,"event":{"mods":["ATMod(°¢èªMod)","AchievementEnabler","Act Like it!","Aspiration","BaseMod","Better Note","Better Third Choice","Curses Come First","Friendly Minions","GifTheSpireLib","Highlight Path","Mimic Mod","Minty Spire (QoL Compilation)","Random Character Button","Robot Space Explorer","Spicy Shops","StSLib"],"gold_per_floor":[111,128,139,153,78,78,98,98,98,116,66,66,66,85,85,185,185,201,201,221,231,231,231,263,263,301,320,320,335,335,435,435,538,538,557,569,619,45,45,45],"floor_reached":39,"playtime":2887,"items_purged":["Strike_G"],"score":398,"play_id":"1effd8c3-e7c2-4ffe-9844-facb887235a1","local_time":"20201227115458","daily_mods":["Lethality"],"is_ascension_mode":false,"campfire_choices":[{"data":"AT_MachinaRedman","floor":6.0,"key":"SMITH"},{"data":"Riddle With Holes","floor":8.0,"key":"SMITH"},{"data":"Sucker Punch","floor":12.0,"key":"SMITH"},{"data":"Neutralize","floor":15.0,"key":"SMITH"},{"data":"After Image","floor":23.0,"key":"SMITH"},{"floor":25.0,"key":"REST"},{"data":"AT_KingSlayer","floor":28.0,"key":"SMITH"},{"floor":30.0,"key":"REST"},{"floor":32.0,"key":"REST"}],"circlet_count":0,"master_deck":["Survivor","Neutralize+1","AT_MachinaRedman+1","Sucker Punch+1","Riddle With Holes+1","Cloak And Dagger","Backflip","AT_WindFlip","Quick Slash","Dodge and Roll","After Image+1","AT_MyraUnstableElement","AT_ThistleTea","Deadly Poison","Dagger Throw","Malaise","AT_WindRun","Blur","Calculated Gamble","Concentrate","RobotSpaceExplorer:Autoloader+1","Caltrops","Blade Dance","AT_KingSlayer+1","AT_ArcaneSupremacy+1","Flying Knee","Dagger Spray","Noxious Fumes","Corpse Explosion","AT_TinkerSharpsword","Terror+1","Panache","Footwork","Parasite"],"relics":["Ring of the Serpent","AT_ATBox","Juzu Bracelet","Pandora\u0027s Box","Red Mask","Matryoshka","Incense Burner","AT_TimeSand","aspiration:SneckoTail","AT_RabadonDeathcap"],"acts_visited":["Exordium","TheCity","TheBeyond"],"potions_floor_usage":[39],"damage_taken":[{"damage":0.0,"enemies":"Cultist","floor":1.0,"turns":2.0},{"damage":0.0,"enemies":"Jaw Worm","floor":2.0,"turns":2.0},{"damage":0.0,"enemies":"2 Louse","floor":3.0,"turns":2.0},{"damage":6.0,"enemies":"Gremlin Gang","floor":4.0,"turns":3.0},{"damage":0.0,"enemies":"2 Fungi Beasts","floor":7.0,"turns":2.0},{"damage":0.0,"enemies":"Blue Slaver","floor":10.0,"turns":1.0},{"damage":0.0,"enemies":"Gremlin Gang","floor":14.0,"turns":1.0},{"damage":43.0,"enemies":"Hexaghost","floor":16.0,"turns":8.0},{"damage":13.0,"enemies":"Shell Parasite","floor":18.0,"turns":3.0},{"damage":6.0,"enemies":"3 Byrds","floor":20.0,"turns":4.0},{"damage":9.0,"enemies":"Sentry and Sphere","floor":21.0,"turns":3.0},{"damage":12.0,"enemies":"Masked Bandits","floor":24.0,"turns":2.0},{"damage":0.0,"enemies":"Centurion and Healer","floor":26.0,"turns":4.0},{"damage":5.0,"enemies":"Centurion and Healer","floor":27.0,"turns":5.0},{"damage":19.0,"enemies":"Cultist and Chosen","floor":29.0,"turns":6.0},{"damage":22.0,"enemies":"Colosseum Slavers","floor":31.0,"turns":3.0},{"damage":10.0,"enemies":"Colosseum Nobs","floor":31.0,"turns":4.0},{"damage":20.0,"enemies":"Champ","floor":33.0,"turns":4.0},{"damage":10.0,"enemies":"3 Darklings","floor":35.0,"turns":2.0},{"damage":7.0,"enemies":"3 Shapes","floor":36.0,"turns":3.0},{"damage":32.0,"enemies":"2 Orb Walkers","floor":37.0,"turns":4.0},{"damage":27,"enemies":"Writhing Mass","floor":39,"turns":3}],"seed_played":"4024395393654246164","potions_obtained":[{"floor":3.0,"key":"SkillPotion"},{"floor":7.0,"key":"Explosive Potion"},{"floor":16.0,"key":"Poison Potion"},{"floor":29.0,"key":"FearPotion"},{"floor":31.0,"key":"LiquidBronze"},{"floor":35.0,"key":"ColorlessPotion"}],"is_trial":true,"path_per_floor":["M","M","M","M","$","R","M","R","T","M","?","R","$","M","R","B",null,"M","?","M","M","?","R","?","R","MIM","M","R","M","R","?","R","B",null,"M","M","?","$","M"],"character_chosen":"THE_SILENT","items_purchased":["Panache","AT_RabadonDeathcap","Footwork"],"campfire_rested":3,"item_purchase_floors":[38,38,38],"current_hp_per_floor":[70,70,70,64,64,64,64,64,64,64,64,64,64,64,64,21,70,57,57,51,42,42,42,30,51,51,46,46,27,48,16,37,17,70,60,53,21,21,0,0],"gold":45,"neow_bonus":"","is_daily":false,"chose_seed":false,"campfire_upgraded":6,"win_rate":0.0,"timestamp":1609041298,"path_taken":["M","?","M","M","$","R","M","R","T","M","?","R","?","M","R","BOSS","M","?","M","M","?","R","?","R","MIM","M","R","M","R","?","R","BOSS","M","M","?","$","M"],"items_purchased_type":["Card","Relic","Card"],"build_version":"2020-12-22","purchased_purges":1,"victory":false,"max_hp_per_floor":[70,70,70,70,70,70,70,70,70,70,70,70,70,70,70,70,70,70,70,70,70,70,70,70,70,70,70,70,70,70,70,70,70,70,70,70,70,70,70,70],"card_choices":[{"not_picked":["Flying Knee","Slice"],"picked":"Sucker Punch","floor":1.0},{"not_picked":["Blade Dance","PiercingWail"],"picked":"Riddle With Holes","floor":2.0},{"not_picked":["Dodge and Roll","Bane"],"picked":"Cloak And Dagger","floor":3.0},{"not_picked":["AT_WindRun","Slice"],"picked":"Backflip","floor":4.0},{"not_picked":["Prepared","Well Laid Plans"],"picked":"AT_WindFlip","floor":7.0},{"not_picked":["Choke","AT_ThistleTea"],"picked":"Quick Slash","floor":10.0},{"not_picked":["Setup","Dagger Throw"],"picked":"Dodge and Roll","floor":14.0},{"not_picked":["Malaise","Die Die Die"],"picked":"After Image","floor":16.0},{"not_picked":["PiercingWail","Flying Knee"],"picked":"Concentrate","floor":18.0},{"not_picked":["Prepared","Slice"],"picked":"Caltrops","floor":20.0},{"not_picked":["Backstab","Cloak And Dagger"],"picked":"Blade Dance","floor":21.0},{"not_picked":["Bane+1","Backstab"],"picked":"AT_ArcaneSupremacy+1","floor":24.0},{"not_picked":["Acrobatics","Skewer"],"picked":"Flying Knee","floor":26.0},{"not_picked":["Eviscerate","Masterful Stab"],"picked":"Dagger Spray","floor":27.0},{"not_picked":["AT_WindFlip","Sucker Punch","aspiration:Lunge"],"picked":"SKIP","floor":29.0},{"not_picked":["Slice","Poisoned Stab"],"picked":"Noxious Fumes","floor":31.0},{"not_picked":["Night Terror","Wraith Form v2"],"picked":"Corpse Explosion","floor":33.0},{"not_picked":["Dash+1","AT_TwilightShroud"],"picked":"AT_TinkerSharpsword","floor":35.0},{"not_picked":["Backflip","Quick Slash+1","Acrobatics"],"picked":"SKIP","floor":36.0},{"not_picked":["AT_KneejerkReflex","Outmaneuver+1"],"picked":"Terror+1","floor":37.0}],"player_experience":485614,"relics_obtained":[{"floor":9.0,"key":"Juzu Bracelet"},{"floor":24.0,"key":"Red Mask"},{"floor":26.0,"key":"Matryoshka"},{"floor":31.0,"key":"Incense Burner"},{"floor":31.0,"key":"AT_TimeSand"},{"floor":37.0,"key":"aspiration:SneckoTail"}],"event_choices":[{"cards_removed":["Defend_G"],"damage_healed":0.0,"max_hp_gain":0.0,"max_hp_loss":0.0,"gold_gain":0.0,"event_name":"The Cleric","player_choice":"Card Removal","floor":11.0,"gold_loss":50.0,"damage_taken":0.0},{"cards_removed":["AT_MachinaRedman"],"damage_healed":0.0,"max_hp_gain":0.0,"max_hp_loss":0.0,"gold_gain":0.0,"event_name":"betterNote:BetterNote","player_choice":"Take \u0026 Give","floor":19.0,"gold_loss":0.0,"damage_taken":0.0,"cards_obtained":["RobotSpaceExplorer:Autoloader"]},{"damage_healed":0.0,"max_hp_gain":0.0,"max_hp_loss":0.0,"gold_gain":0.0,"event_name":"The Library","player_choice":"Read","floor":22.0,"gold_loss":0.0,"damage_taken":0.0,"cards_obtained":["AT_KingSlayer"]},{"damage_healed":0.0,"max_hp_gain":0.0,"max_hp_loss":0.0,"gold_gain":0.0,"event_name":"Masked Bandits","player_choice":"Fought Bandits","floor":24.0,"gold_loss":0.0,"damage_taken":0.0},{"damage_healed":0.0,"max_hp_gain":0.0,"max_hp_loss":0.0,"gold_gain":0.0,"event_name":"Colosseum","player_choice":"Fight","floor":31.0,"gold_loss":0.0,"damage_taken":0.0},{"damage_healed":0.0,"max_hp_gain":0.0,"max_hp_loss":0.0,"gold_gain":0.0,"event_name":"Colosseum","player_choice":"Fought Nobs","floor":31.0,"gold_loss":0.0,"damage_taken":0.0},{"damage_healed":0.0,"max_hp_gain":0.0,"max_hp_loss":0.0,"gold_gain":0.0,"event_name":"Mysterious Sphere","player_choice":"Fight","floor":37.0,"gold_loss":0.0,"damage_taken":0.0}],"is_beta":false,"boss_relics":[{"not_picked":["Tiny House","SacredBark"],"picked":"Pandora\u0027s Box"},{"not_picked":["Coffee Dripper","aspiration:FutureDiary"],"picked":"Ring of the Serpent"}],"items_purged_floors":[5],"is_endless":true,"potions_floor_spawned":[3,7,16,18,21,29,31,35,36],"killed_by":"Writhing Mass","ascension_level":0}}