{"host":"ggy1mjjy92c62u6a","time":1609084686,"event":{"mods":["10 clothes from DAL","BaseMod","LazyManMod","Minty Spire (QoL Compilation)","Quick Restart","Relic Stats","Shop Mod","Spicy Shops","StSLib","【功能Mod】混沌之环修复补丁","【遗物Mod】死灵法师NEW","【遗物卡牌】REMEMod"],"gold_per_floor":[211,211,230,230,240,240,415,433,458,512,524,561,591,622,634,750,762,794,721,470,470,490,525,543,543,569,569,567,567,309,234,234,336,336,347,397,440,452,506,506,506,506,531,541,561,349,361,376,376,376],"floor_reached":51,"playtime":3795,"items_purged":["Defend_W","Defend_W","Defend_W","Strike_W+1"],"score":644,"play_id":"8b33a9d3-8a1c-44cd-95ad-7275c041da58","local_time":"20201227235806","is_ascension_mode":false,"campfire_choices":[{"data":"Summon_Undead_Army","floor":6.0,"key":"SMITH"},{"data":"Life_Drain","floor":11.0,"key":"SMITH"},{"data":"Time_Jump","floor":15.0,"key":"SMITH"},{"data":"WallConcept","floor":27.0,"key":"SMITH"},{"data":"Scare","floor":29.0,"key":"SMITH"},{"data":"Summon_Lich","floor":32.0,"key":"SMITH"},{"floor":40,"key":"REST"},{"data":"Epidemicn","floor":42,"key":"SMITH"},{"data":"Mayhem","floor":49,"key":"SMITH"}],"circlet_count":0,"master_deck":["Defend_W+1","Negative_Energy_Arrows","Bone_Wall","Time_Jump+1","Summon_Undead_Army+1","Bone_Armor","Blood_Shield","Doubt","Life_Drain+1","Life_Tap","dwlrmod:PowerOverwhelming","WallConcept+1","Blood_for_Blood+1","Bone_Armory+1","Scare+1","Summon_Lich+1","dwlrmod:PowerOverwhelming","Epidemicn+1","REME_BuildACard","Summon_Vampire_Lady","Mayhem+1","Parasite","Life_Tap","Sadistic Nature"],"relics":["Vampire_Amulet","REME_ComplimentaryCards","dwlrmod:ProjectRecorder","REME_PuzzleBoxRelic","REME_DuelDisc","MerchantsRug","OrangePellets","MutagenicStrength","Torii","Membership Card","REME_LowDesire","Toy Ornithopter","Regal Pillow","Gambling Chip","DALC_FIVE","Centennial Puzzle"],"acts_visited":["Exordium","TheCity","TheBeyond"],"potions_floor_usage":[50,50],"damage_taken":[{"damage":6.0,"enemies":"Jaw Worm","floor":1.0,"turns":4.0},{"damage":5.0,"enemies":"2 Louse","floor":3.0,"turns":3.0},{"damage":2.0,"enemies":"Small Slimes","floor":5.0,"turns":3.0},{"damage":5.0,"enemies":"Looter","floor":8.0,"turns":3.0},{"damage":15.0,"enemies":"3 Louse","floor":10.0,"turns":5.0},{"damage":11.0,"enemies":"Gremlin Nob","floor":12.0,"turns":4.0},{"damage":0.0,"enemies":"Blue Slaver","floor":13.0,"turns":3.0},{"damage":4.0,"enemies":"Looter","floor":14.0,"turns":4.0},{"damage":10.0,"enemies":"The Guardian","floor":16.0,"turns":8.0},{"damage":5.0,"enemies":"Shell Parasite","floor":18.0,"turns":3.0},{"damage":3.0,"enemies":"Chosen","floor":22.0,"turns":6.0},{"damage":32.0,"enemies":"Gremlin Leader","floor":23.0,"turns":5.0},{"damage":19.0,"enemies":"Centurion and Healer","floor":24.0,"turns":6.0},{"damage":11.0,"enemies":"Champ","floor":33.0,"turns":6.0},{"damage":8.0,"enemies":"3 Shapes","floor":35.0,"turns":4.0},{"damage":4.0,"enemies":"Mind Bloom Boss Battle","floor":36.0,"turns":6.0},{"damage":4.0,"enemies":"Orb Walker","floor":37.0,"turns":5.0},{"damage":60.0,"enemies":"Transient","floor":38.0,"turns":5.0},{"damage":11,"enemies":"2 Orb Walkers","floor":39,"turns":3},{"damage":19,"enemies":"Jaw Worm Horde","floor":44,"turns":4},{"damage":0,"enemies":"Spire Growth","floor":45,"turns":1},{"damage":5,"enemies":"Writhing Mass","floor":47,"turns":4},{"damage":36,"enemies":"Sphere and 2 Shapes","floor":48,"turns":5},{"damage":47,"enemies":"Time Eater","floor":50,"turns":7}],"seed_played":"5132474573387827104","potions_obtained":[{"floor":5.0,"key":"DistilledChaos"},{"floor":8.0,"key":"REME_GoldPotion"},{"floor":10.0,"key":"EssenceOfSteel"},{"floor":13.0,"key":"Energy Potion"},{"floor":16.0,"key":"SpeedPotion"},{"floor":22.0,"key":"DistilledChaos"},{"floor":23.0,"key":"Regen Potion"},{"floor":36.0,"key":"REME_GoldPotion"},{"floor":37.0,"key":"SteroidPotion"},{"floor":44,"key":"CultistPotion"},{"floor":45,"key":"Block Potion"}],"is_trial":false,"path_per_floor":["M","?","M","?","M","R","?","M","T","M","R","E","M","M","R","B",null,"M","?","$","?","M","E","M","T","T","R","$","R","$","?","R","B",null,"M","?","M","M","?","R","?","R","T","M","M","$","M","M","R","B",null],"character_chosen":"NECROMANCER","items_purchased":["MerchantsRug","OrangePellets","Scare","Membership Card","Summon_Lich","Mayhem"],"campfire_rested":1,"item_purchase_floors":[20,20,28,30,30,46],"current_hp_per_floor":[69,54,49,49,47,47,47,42,42,27,27,20,24,28,28,30,75,70,70,70,70,71,55,53,53,53,53,53,53,53,53,53,64,75,67,75,71,23,17,54,54,54,54,49,66,66,75,53,53,44],"gold":376,"neow_bonus":"HUNDRED_GOLD","is_daily":false,"chose_seed":false,"campfire_upgraded":8,"win_rate":0.0,"timestamp":1609084686,"path_taken":["M","?","M","?","M","R","?","M","T","M","R","E","M","M","R","BOSS","M","?","$","?","M","E","M","?","T","R","$","R","$","?","R","BOSS","M","?","M","M","?","R","?","R","T","M","M","?","?","M","R","BOSS"],"items_purchased_type":["Relic","Relic","Card","Relic","Card","Card"],"build_version":"2020-12-22","purchased_purges":4,"victory":true,"max_hp_per_floor":[75,75,75,75,75,75,75,75,75,75,75,75,75,75,75,75,75,75,75,75,75,75,75,75,75,75,75,75,75,75,75,75,75,75,75,75,75,75,75,75,75,75,75,75,75,75,75,75,75,77],"relic_stats":{"OrangePellets":[22],"Regal Pillow":15,"Centennial Puzzle":[9],"Torii":38,"counters":[24,107],"Gambling Chip":[52],"obtain_stats":[{"MerchantsRug":20,"dwlrmod:ProjectRecorder":10,"Regal Pillow":34,"Torii":23,"Vajra":26,"StoneCalendar":19,"REME_DuelDisc":17,"Bottled Tornado":25,"MawBank":9,"OrangePellets":20,"Centennial Puzzle":43,"MutagenicStrength":21,"Gambling Chip":36,"Vampire_Amulet":0,"Membership Card":30,"REME_PuzzleBoxRelic":12,"REME_LowDesire":34,"Toy Ornithopter":34,"DALC_FIVE":39,"REME_ComplimentaryCards":0},{"MerchantsRug":10,"dwlrmod:ProjectRecorder":5,"Regal Pillow":14,"Torii":12,"Vajra":13,"StoneCalendar":10,"REME_DuelDisc":9,"Bottled Tornado":13,"MawBank":4,"OrangePellets":10,"Centennial Puzzle":19,"MutagenicStrength":10,"Gambling Chip":16,"Vampire_Amulet":0,"Membership Card":13,"REME_PuzzleBoxRelic":6,"REME_LowDesire":14,"Toy Ornithopter":14,"DALC_FIVE":19,"REME_ComplimentaryCards":0},{"MerchantsRug":40,"dwlrmod:ProjectRecorder":18,"Regal Pillow":63,"Torii":51,"Vajra":57,"StoneCalendar":40,"REME_DuelDisc":37,"Bottled Tornado":57,"MawBank":13,"OrangePellets":40,"Centennial Puzzle":86,"MutagenicStrength":40,"Gambling Chip":73,"Vampire_Amulet":0,"Membership Card":57,"REME_PuzzleBoxRelic":22,"REME_LowDesire":63,"Toy Ornithopter":63,"DALC_FIVE":86,"REME_ComplimentaryCards":0}],"Toy Ornithopter":10},"card_choices":[{"not_picked":["PosionArmor","Bone_Armory"],"picked":"Summon_Undead_Army","floor":1.0},{"not_picked":["Vampiric_Strike","Acid_Javelin"],"picked":"Bone_Armor","floor":3.0},{"not_picked":["Blood_Whip","Bone_Armor"],"picked":"Blood_Shield","floor":5.0},{"not_picked":["Blood_Shield","Shackles_Of_Pain","Necrotic_Claws"],"picked":"SKIP","floor":8.0},{"not_picked":["Bone_Armory","PosionWeak"],"picked":"Life_Drain","floor":10.0},{"not_picked":["Hellfire","Shade_Step"],"picked":"Life_Tap","floor":12.0},{"not_picked":["Vampiric_Strike","Bone_Armory","Negative_Energy_Mist"],"picked":"SKIP","floor":13.0},{"not_picked":["Bone_Armory","Bone_Armor","PosionArmor"],"picked":"SKIP","floor":14.0},{"not_picked":["dwlrmod:CroneBrewess","dwlrmod:IllusoryFlash"],"picked":"dwlrmod:PowerOverwhelming","floor":16.0},{"not_picked":["Grasp_Heart","Epidemic"],"picked":"WallConcept","floor":16.0},{"not_picked":["Life_Drain","PosionRing"],"picked":"Blood_for_Blood+1","floor":18.0},{"not_picked":["Bone_Armor","Blood_Shield"],"picked":"Bone_Armory+1","floor":22.0},{"not_picked":["Toxic_Smoke_Screen","Slay_Living+1","PosionArmor"],"picked":"SKIP","floor":23.0},{"not_picked":["Toxic_Smoke_Screen","PosionArmor","OverdoomLine"],"picked":"SKIP","floor":24.0},{"not_picked":["dwlrmod:Caretaker","dwlrmod:Awakening","dwlrmod:Kazakus+1"],"picked":"dwlrmod:PowerOverwhelming","floor":33.0},{"not_picked":["Time_Jump","Epidemic"],"picked":"Epidemicn","floor":33.0},{"not_picked":["Negative_Energy_Sphere","PosionRing","Vampiric_Strike+1","Good Instincts+1"],"picked":"SKIP","floor":35.0},{"not_picked":["Summon_Lich","PosionRing+1","Bone_Armor+1"],"picked":"REME_BuildACard","floor":36.0},{"not_picked":["Scare","Blood_Hammer","Bone_Shift+1","Zadkiel"],"picked":"SKIP","floor":37.0},{"not_picked":["PosionWeak+1","Necrotic_Claws","Siphon_Strength","REME_ProfessionalPlagiarism"],"picked":"SKIP","floor":38.0},{"not_picked":["Bone_Armory","Negative_Energy_Mist","finger_Of_Death+1","REME_MawOfCthun"],"picked":"SKIP","floor":44},{"not_picked":["Pandemic+1","PosionWeak2+1","Discovery+1"],"picked":"Summon_Vampire_Lady","floor":45},{"not_picked":["PosionWeak","Summon_Undead","Secret Weapon"],"picked":"Life_Tap","floor":47},{"not_picked":["Negative_Energy_Sphere","Negative_Energy_Javelin+1","Siphon_Strength"],"picked":"Sadistic Nature","floor":48}],"player_experience":45641,"relics_obtained":[{"floor":9.0,"key":"MawBank"},{"floor":10.0,"key":"dwlrmod:ProjectRecorder"},{"floor":12.0,"key":"REME_PuzzleBoxRelic"},{"floor":23.0,"key":"Torii"},{"floor":25.0,"key":"Bottled Tornado"},{"floor":26.0,"key":"Vajra"},{"floor":34.0,"key":"Toy Ornithopter"},{"floor":34.0,"key":"Regal Pillow"},{"floor":36.0,"key":"Gambling Chip"},{"floor":39,"key":"DALC_FIVE"},{"floor":43,"key":"Centennial Puzzle"}],"event_choices":[{"damage_healed":0.0,"max_hp_gain":0.0,"max_hp_loss":0.0,"gold_gain":0.0,"event_name":"Shining Light","player_choice":"Entered Light","floor":2.0,"gold_loss":0.0,"damage_taken":15.0,"cards_upgraded":["Strike_W","Defend_W"]},{"cards_removed":["Strike_W"],"damage_healed":0.0,"max_hp_gain":0.0,"max_hp_loss":0.0,"gold_gain":0.0,"event_name":"Living Wall","player_choice":"Forget","floor":4.0,"gold_loss":0.0,"damage_taken":0.0},{"damage_healed":0.0,"max_hp_gain":0.0,"max_hp_loss":0.0,"gold_gain":175.0,"event_name":"Liars Game","player_choice":"AGREE","floor":7.0,"gold_loss":0.0,"damage_taken":0.0,"cards_obtained":["Doubt"]},{"damage_healed":0.0,"max_hp_gain":0.0,"max_hp_loss":0.0,"gold_gain":0.0,"event_name":"Addict","player_choice":"Obtained Relic","floor":19.0,"gold_loss":85.0,"damage_taken":0.0,"relics_obtained":["StoneCalendar"]},{"damage_healed":0.0,"max_hp_gain":0.0,"max_hp_loss":0.0,"gold_gain":0.0,"event_name":"Drug Dealer","player_choice":"Inject Mutagens","floor":21.0,"gold_loss":0.0,"damage_taken":0.0,"relics_obtained":["MutagenicStrength"]},{"cards_removed":["Strike_W"],"damage_healed":0.0,"max_hp_gain":0.0,"max_hp_loss":0.0,"gold_gain":0.0,"event_name":"Beggar","player_choice":"Gave Gold","floor":31.0,"gold_loss":75.0,"damage_taken":0.0},{"damage_healed":0.0,"max_hp_gain":0.0,"max_hp_loss":0.0,"gold_gain":0.0,"event_name":"MindBloom","player_choice":"Fight","floor":36.0,"gold_loss":0.0,"damage_taken":0.0},{"damage_healed":0,"gold_gain":0,"player_choice":"Fight","damage_taken":0,"max_hp_gain":0,"max_hp_loss":0,"event_name":"Mysterious Sphere","floor":39,"gold_loss":0},{"damage_healed":0,"gold_gain":0,"player_choice":"Ignored","damage_taken":0,"max_hp_gain":0,"max_hp_loss":0,"event_name":"Tomb of Lord Red Mask","floor":41,"gold_loss":0}],"is_beta":false,"boss_relics":[{"not_picked":["Ectoplasm","Tiny House"],"picked":"REME_DuelDisc"},{"not_picked":["REME_ChargedStone","Black Star"],"picked":"REME_LowDesire"}],"items_purged_floors":[20,28,30,46],"is_endless":false,"potions_floor_spawned":[5,8,10,13,14,16,22,23,24,36,37,44,45],"ascension_level":0}}