{"host":"sh8ot41fo7a0kahq","time":1609074759,"event":{"mods":["ATMod(°¢èªMod)","BaseMod","Better Third Choice","Colored Powertips","Displayed Cursed Tome","Minty Spire (QoL Compilation)","Quick Restart","Spicy Shops","StSLib","UnlockEverythingMod","¡¾ÒÅÎï¿¨ÅÆ¡¿REMEMod"],"gold_per_floor":[113,188,188,205,205,245,245,279,332,353,378,378,397,397,397,520,520,553,664,676,541,562,595,625,625],"floor_reached":24,"playtime":688,"items_purged":[],"score":349,"play_id":"db8d6315-7a02-4fdf-bcdb-d8eeb4474475","local_time":"20201227211239","is_ascension_mode":true,"campfire_choices":[{"data":"AT_RealColorLess","floor":7.0,"key":"SMITH"},{"data":"AT_RightCognition","floor":12.0,"key":"SMITH"},{"data":"AT_WindFlip","floor":15.0,"key":"SMITH"}],"circlet_count":0,"master_deck":["Strike_B+1","Strike_B+1","Defend_B","Defend_B","Defend_B","Defend_B","Zap","Dualcast","AT_WindFlip+1","AT_RealColorLess+1","Ball Lightning","Glacier","Defragment","AT_RightCognition+1","Cold Snap","AT_WaterDrop","AT_StudyProgram","AT_EMC2","BootSequence+1","REME_ProfessionalPlagiarism","Loop+1","Turbo"],"relics":["Cracked Core","AT_ATBox","REME_ComplimentaryCards","Golden Idol","Art of War","TungstenRod","REME_LowDesire","Omamori","MawBank","Orrery","Whetstone"],"acts_visited":["Exordium","TheCity"],"potions_floor_usage":[23,24,24],"damage_taken":[{"damage":4.0,"enemies":"Small Slimes","floor":1.0,"turns":2.0},{"damage":0.0,"enemies":"2 Louse","floor":4.0,"turns":1.0},{"damage":18.0,"enemies":"Gremlin Nob","floor":6.0,"turns":4.0},{"damage":0.0,"enemies":"Lagavulin","floor":8.0,"turns":5.0},{"damage":0.0,"enemies":"Jaw Worm","floor":10.0,"turns":4.0},{"damage":14.0,"enemies":"Lots of Slimes","floor":11.0,"turns":3.0},{"damage":2.0,"enemies":"Blue Slaver","floor":13.0,"turns":3.0},{"damage":12.0,"enemies":"Hexaghost","floor":16.0,"turns":8.0},{"damage":36.0,"enemies":"2 Thieves","floor":18.0,"turns":3.0},{"damage":1.0,"enemies":"3 Byrds","floor":22.0,"turns":4.0},{"damage":19,"enemies":"Slavers","floor":23,"turns":6},{"damage":4,"enemies":"Snake Plant","floor":24,"turns":4}],"seed_played":"5236559510756459400","potions_obtained":[{"floor":4.0,"key":"FearPotion"},{"floor":8.0,"key":"EssenceOfDarkness"},{"floor":10.0,"key":"LiquidMemories"},{"floor":23,"key":"REME_GoldPotion"}],"is_trial":false,"path_per_floor":["M","?","?","M","?","E","R","E","T","M","M","R","M","$","R","B",null,"M","?","?","$","M","E","M"],"character_chosen":"DEFECT","items_purchased":["Orrery"],"campfire_rested":0,"item_purchase_floors":[21],"current_hp_per_floor":[64,53,46,46,46,48,48,48,48,48,34,34,32,32,32,20,57,21,21,21,21,20,1,0,0],"gold":625,"neow_bonus":"REMOVE_CARD","is_daily":false,"chose_seed":false,"campfire_upgraded":3,"win_rate":0.0,"timestamp":1609074759,"path_taken":["M","?","?","M","?","E","R","E","T","?","M","R","?","$","R","BOSS","M","?","?","$","M","E","M"],"items_purchased_type":["Relic"],"build_version":"2020-12-22","purchased_purges":0,"victory":false,"max_hp_per_floor":[75,75,75,75,69,69,69,69,69,69,69,69,69,69,69,69,69,69,69,69,69,69,69,69,69],"card_choices":[{"not_picked":["Hello World","Turbo"],"picked":"Ball Lightning","floor":1.0},{"not_picked":["Hello World","Stack"],"picked":"Glacier","floor":4.0},{"not_picked":["Turbo","White Noise"],"picked":"Defragment","floor":6.0},{"not_picked":["Barrage","Rebound","Gash"],"picked":"SKIP","floor":8.0},{"not_picked":["BootSequence","Barrage","AT_WarpDrive"],"picked":"SKIP","floor":10.0},{"not_picked":["AT_HeatAcrobatics","Compile Driver"],"picked":"AT_RightCognition","floor":11.0},{"not_picked":["Redo","Rebound"],"picked":"Cold Snap","floor":13.0},{"not_picked":["Amplify","Fission"],"picked":"AT_WaterDrop","floor":16.0},{"not_picked":["Steam","Compile Driver","Beam Cell","Trip"],"picked":"SKIP","floor":18.0},{"not_picked":["AT_HeatAcrobatics","Lockon","REME_BattleFury"],"picked":"AT_StudyProgram","floor":21.0},{"not_picked":["Compile Driver","Conserve Battery+1","Good Instincts"],"picked":"AT_EMC2","floor":21.0},{"not_picked":["Defragment","Force Field","Finesse"],"picked":"BootSequence+1","floor":21.0},{"not_picked":["Reboot","Chaos","Redo"],"picked":"REME_ProfessionalPlagiarism","floor":21.0},{"not_picked":["Stack","Self Repair","REME_ShortnessOfBreath+1"],"picked":"Loop+1","floor":21.0},{"not_picked":["Stack","Gash","Steam","Mind Blast"],"picked":"SKIP","floor":22.0},{"not_picked":["Glacier","BootSequence","AT_BreakingExtremeWeapon"],"picked":"Turbo","floor":23}],"player_experience":293330,"relics_obtained":[{"floor":6.0,"key":"Art of War"},{"floor":8.0,"key":"TungstenRod"},{"floor":17.0,"key":"Omamori"},{"floor":17.0,"key":"MawBank"},{"floor":23,"key":"Whetstone"}],"event_choices":[{"damage_healed":0.0,"max_hp_gain":0.0,"max_hp_loss":0.0,"gold_gain":75.0,"event_name":"betterThird:BetterGoop","player_choice":"Gold","floor":2.0,"gold_loss":0.0,"damage_taken":11.0},{"cards_removed":["Strike_B"],"damage_healed":0.0,"max_hp_gain":0.0,"max_hp_loss":0.0,"gold_gain":0.0,"event_name":"Golden Wing","player_choice":"Card Removal","floor":3.0,"gold_loss":0.0,"damage_taken":7.0},{"damage_healed":0.0,"max_hp_gain":0.0,"max_hp_loss":6.0,"gold_gain":0.0,"event_name":"Golden Idol","player_choice":"Lose Max HP","floor":5.0,"gold_loss":0.0,"damage_taken":0.0,"relics_obtained":["Golden Idol"]},{"damage_healed":0.0,"max_hp_gain":0.0,"max_hp_loss":0.0,"gold_gain":99.0,"event_name":"betterThird:BetterNest","player_choice":"Steal","floor":19.0,"gold_loss":0.0,"damage_taken":0.0},{"damage_healed":0.0,"max_hp_gain":0.0,"max_hp_loss":0.0,"gold_gain":0.0,"event_name":"Vampires","player_choice":"Ignored","floor":20.0,"gold_loss":0.0,"damage_taken":0.0}],"is_beta":false,"boss_relics":[{"not_picked":["Runic Pyramid","Coffee Dripper"],"picked":"REME_LowDesire"}],"items_purged_floors":[],"is_endless":false,"potions_floor_spawned":[4,8,10,23],"killed_by":"Snake Plant","ascension_level":8}}