{"host":"mwqnlghgfp5mgeui","time":1609098840,"event":{"mods":["2.2 Compatiblity","BaseMod","DeckTracker","Highlight Path","Minty Spire (QoL Compilation)","SuperFastMode","everything is the same but u backflip on backflip"],"gold_per_floor":[113,113,124,124,124,124,142,142,142,156,27,38,53,130,130,233,233,248,173,186,20,20,20,20,20],"floor_reached":24,"playtime":971,"items_purged":["Strike_G"],"score":211,"play_id":"6c726ff3-7ce9-4ce8-89ad-04960c387659","local_time":"20201228045400","is_ascension_mode":false,"campfire_choices":[{"data":"Neutralize","floor":6,"key":"SMITH"},{"data":"Dagger Spray","floor":8,"key":"SMITH"},{"floor":15,"key":"REST"},{"data":"Jack Of All Trades","floor":23,"key":"SMITH"}],"circlet_count":0,"master_deck":["Strike_G","Strike_G","Strike_G","Strike_G","Defend_G","Defend_G","Defend_G","Defend_G","Survivor+1","Neutralize+1","Dagger Spray+1","Blade Dance+1","Slice","Deflect","Cloak And Dagger","Footwork+1","Expertise","Blade Dance","Venomology","Dash","All Out Attack+1","Jack Of All Trades+1","Ghostly","Ghostly","Ghostly","Ghostly","Ghostly"],"relics":["Ring of the Snake","Frozen Egg 2","Pear","Gremlin Horn","Velvet Choker"],"acts_visited":["Exordium","TheCity"],"potions_floor_usage":[18,18,20],"damage_taken":[{"damage":0,"enemies":"Jaw Worm","floor":1,"turns":3},{"damage":0,"enemies":"Small Slimes","floor":3,"turns":2},{"damage":0,"enemies":"2 Louse","floor":7,"turns":1},{"damage":0,"enemies":"Looter","floor":10,"turns":3},{"damage":0,"enemies":"Blue Slaver","floor":12,"turns":3},{"damage":8,"enemies":"Large Slime","floor":13,"turns":5},{"damage":74,"enemies":"The Guardian","floor":16,"turns":17},{"damage":14,"enemies":"Spheric Guardian","floor":18,"turns":5},{"damage":9,"enemies":"Shell Parasite","floor":20,"turns":6},{"damage":42,"enemies":"Gremlin Leader","floor":24,"turns":8}],"seed_played":"235775464624380897","potions_obtained":[{"floor":1,"key":"Strength Potion"},{"floor":13,"key":"CunningPotion"},{"floor":18,"key":"Fire Potion"}],"is_trial":false,"path_per_floor":["M","?","M","?","?","R","M","R","T","M","$","M","M","T","R","B",null,"M","?","M","$","?","R","E"],"character_chosen":"THE_SILENT","items_purchased":["Cloak And Dagger","Footwork+1","Jack Of All Trades"],"campfire_rested":1,"item_purchase_floors":[11,11,21],"current_hp_per_floor":[70,70,70,67,67,67,67,67,77,77,77,77,69,69,80,6,80,66,66,57,57,40,40,0,0],"gold":20,"neow_bonus":"UPGRADE_CARD","is_daily":false,"chose_seed":false,"campfire_upgraded":3,"win_rate":0.0,"timestamp":1609098840,"path_taken":["M","?","M","?","?","R","M","R","T","M","$","M","M","?","R","BOSS","M","?","M","$","?","R","E"],"items_purchased_type":["Card","Card","Card"],"build_version":"2020-12-22","purchased_purges":1,"victory":false,"max_hp_per_floor":[70,70,70,70,70,70,70,70,80,80,80,80,80,80,80,80,80,80,80,80,80,40,40,40,40],"card_choices":[{"not_picked":["Calculated Gamble","Underhanded Strike"],"picked":"Dagger Spray","floor":1},{"not_picked":["All Out Attack","Infinite Blades"],"picked":"Blade Dance","floor":3},{"not_picked":["Prepared","Sucker Punch"],"picked":"Slice","floor":7},{"not_picked":["Setup","Malaise"],"picked":"Deflect","floor":10},{"not_picked":["Sucker Punch","Deflect"],"picked":"Expertise","floor":12},{"not_picked":["Tools of the Trade+1","Deflect"],"picked":"Blade Dance","floor":13},{"not_picked":["Burst","Grand Finale"],"picked":"Venomology","floor":16},{"not_picked":["Reflex","Dagger Throw"],"picked":"Dash","floor":18},{"not_picked":["Setup","Cloak And Dagger"],"picked":"All Out Attack+1","floor":20}],"player_experience":118652,"relics_obtained":[{"floor":9,"key":"Pear"},{"floor":14,"key":"Gremlin Horn"}],"event_choices":[{"damage_healed":0,"gold_gain":0,"player_choice":"Ignored","damage_taken":0,"max_hp_gain":0,"max_hp_loss":0,"event_name":"Liars Game","floor":2,"gold_loss":0},{"damage_healed":0,"gold_gain":0,"player_choice":"Success","damage_taken":3,"relics_obtained":["Frozen Egg 2"],"max_hp_gain":0,"max_hp_loss":0,"event_name":"Scrap Ooze","floor":4,"gold_loss":0},{"damage_healed":0,"gold_gain":0,"player_choice":"Grow","damage_taken":0,"max_hp_gain":0,"max_hp_loss":0,"event_name":"Living Wall","floor":5,"gold_loss":0,"cards_upgraded":["Blade Dance"]},{"cards_removed":["Defend_G"],"damage_healed":0,"gold_gain":0,"player_choice":"Gave Gold","damage_taken":0,"max_hp_gain":0,"max_hp_loss":0,"event_name":"Beggar","floor":19,"gold_loss":75},{"damage_healed":0,"gold_gain":0,"player_choice":"Became a Ghost","damage_taken":0,"max_hp_gain":0,"max_hp_loss":40,"event_name":"Ghosts","floor":22,"gold_loss":0,"cards_obtained":["Ghostly","Ghostly","Ghostly","Ghostly","Ghostly"]}],"is_beta":false,"boss_relics":[{"not_picked":["Cursed Key","HoveringKite"],"picked":"Velvet Choker"}],"items_purged_floors":[21],"is_endless":false,"potions_floor_spawned":[1,13,18],"killed_by":"Gremlin Leader","ascension_level":0}}