{"host":"4f4mly8p8a03nx7e","time":1609028822,"event":{"mods":["AchievementEnabler","Aspiration","BaseMod","BetterRewards","Colored Map","Colored Powertips","Conspire","Energized Spire","Googly Eyes","GungeonMod","Highlight Path","Hubris","Infinite Spire","Minty Spire (QoL Compilation)","Permanent Neow","Rare Cards Sparkle","Relic Sorter","Replay The Spire","Shop Mod","StSLib","Synergy Search","The IronCluck","Virulent Crown"],"gold_per_floor":[116,126,126,140,105,137,154,154,154,183,183,213,25,60,60,158,158,171,191,191,208,227,257,276,276,276,308,324,340,365,385,385,384,334,345,345,356,326,346,379,389,389,389,402,423,455,25,41,41,51],"floor_reached":51,"playtime":2474,"items_purged":[],"score":1079,"play_id":"867be8bb-82cb-4735-81b4-fd57989c69ca","local_time":"20201227012702","is_ascension_mode":true,"campfire_choices":[{"floor":11,"key":"REST"},{"data":"Fire Breathing","floor":15,"key":"SMITH"},{"data":"Fire Breathing","floor":25,"key":"SMITH"},{"data":"Double Tap","floor":32,"key":"SMITH"},{"data":"Flame Barrier","floor":42,"key":"SMITH"},{"floor":49,"key":"REST"}],"circlet_count":0,"master_deck":["Strike_R","Strike_R","Strike_R","Strike_R","Defend_R","Defend_R","Defend_R","Bash","Sword Boomerang","Fire Breathing+1","Wild Strike+1","Cleave","Injury","Fire Breathing+1","Uppercut+1","Ghostly Armor","Rampage+1","hubris:CleavingFinish+1","Iron Wave+1","Double Tap+1","hubris:Wrath","ReplayTheSpireMod:Faulty Equipment","Flex+1","Battle Trance","CommonCold","Wild Strike+1","conspire:Charge+1","Inflame+1","Metallicize+1","Barricade+1","Strike_R+1","Feed+1","Metallicize+1","Ghostly Armor","Flame Barrier+1","Pommel Strike+1","Wild Strike+1","Immolate+1","Panache+1","Shrug It Off","Shrug It Off","Thunderclap+1","Finesse"],"relics":["Burning Blood","Molten Egg 2","Regal Pillow","infinitespire:ShieldingShard","hubris:MysteriousPyramids","Ice Cream","HandDrill","Replay:Rubber Ducky","Replay:Ancient Bell","Vajra","Mummified Hand","Thread and Needle","conspire:DeflatedDodgeball","Frozen Egg 2","Replay:Baseball","Happy Flower","energizedSpire:HugeHouse","DemoMod:PoisonVial","infinitespire:Midas Blood","InkBottle"],"acts_visited":["Exordium","TheCity","TheBeyond"],"potions_floor_usage":[10,16,27,33,33,33,44,46,50],"damage_taken":[{"damage":8,"enemies":"conspire:RoseBush","floor":1,"turns":5},{"damage":5,"enemies":"Small Slimes","floor":2,"turns":4},{"damage":1,"enemies":"2 Louse","floor":4,"turns":2},{"damage":15,"enemies":"Gremlin Nob","floor":6,"turns":3},{"damage":20,"enemies":"Blue Slaver","floor":7,"turns":3},{"damage":12,"enemies":"3 Sentries","floor":10,"turns":3},{"damage":4,"enemies":"Gremlin Nob","floor":12,"turns":3},{"damage":17,"enemies":"3 Sentries","floor":14,"turns":3},{"damage":0,"enemies":"Hexaghost","floor":16,"turns":7},{"damage":0,"enemies":"Chosen","floor":18,"turns":4},{"damage":0,"enemies":"Shell Parasite","floor":19,"turns":3},{"damage":0,"enemies":"Centurion and Healer","floor":21,"turns":3},{"damage":1,"enemies":"Sentry and Sphere","floor":22,"turns":5},{"damage":19,"enemies":"Slavers","floor":23,"turns":2},{"damage":11,"enemies":"conspire:HollyBat","floor":24,"turns":8},{"damage":13,"enemies":"Book of Stabbing","floor":27,"turns":5},{"damage":0,"enemies":"Cultist and Chosen","floor":28,"turns":3},{"damage":0,"enemies":"3 Cultists","floor":29,"turns":2},{"damage":12,"enemies":"conspire:SneckoGhost","floor":30,"turns":6},{"damage":0,"enemies":"Centurion and Healer","floor":31,"turns":2},{"damage":47,"enemies":"conspire:MysteriousRune","floor":33,"turns":6},{"damage":0,"enemies":"3 Darklings","floor":35,"turns":3},{"damage":0,"enemies":"Orb Walker","floor":37,"turns":3},{"damage":2,"enemies":"Spire Growth","floor":39,"turns":4},{"damage":26,"enemies":"Nemesis","floor":40,"turns":5},{"damage":11,"enemies":"4 Shapes","floor":41,"turns":5},{"damage":5,"enemies":"Jaw Worm Horde","floor":44,"turns":3},{"damage":8,"enemies":"3 Darklings","floor":45,"turns":4},{"damage":10,"enemies":"Reptomancer","floor":46,"turns":5},{"damage":0,"enemies":"Maw","floor":48,"turns":7},{"damage":50,"enemies":"conspire:OrnateMirror","floor":50,"turns":9}],"seed_played":"-7310230360524247031","potions_obtained":[{"floor":4,"key":"Energy Potion"},{"floor":10,"key":"DistilledChaos"},{"floor":14,"key":"DemoMod:LeadSkinPotion"},{"floor":16,"key":"Dexterity Potion"},{"floor":21,"key":"Swift Potion"},{"floor":22,"key":"Elixir"},{"floor":24,"key":"DemoMod:LeadSkinPotion"},{"floor":29,"key":"AttackPotion"},{"floor":33,"key":"Explosive Potion"},{"floor":37,"key":"Reflective Coating"},{"floor":38,"key":"SkillPotion"},{"floor":38,"key":"BlessingOfTheForge"},{"floor":45,"key":"SneckoOil"}],"is_trial":false,"path_per_floor":["M","M","?","M","?","E","M","?","T","E","R","E","$","E","R","B",null,"M","M","?","M","M","E","M","R","T","E","M","M","E","M","R","B",null,"M","?","M","?","M","E","M","R","T","M","M","E","$","M","R","B",null],"character_chosen":"IRONCLAD","items_purchased":["hubris:CleavingFinish+1","HandDrill","Panache+1","Shrug It Off","Thunderclap+1","Finesse","LifebloodPotion"],"campfire_rested":2,"item_purchase_floors":[13,13,47,47,47,47,47],"current_hp_per_floor":[54,55,55,60,80,71,57,57,57,51,80,80,80,69,69,75,79,80,80,80,80,80,67,62,62,62,55,61,67,61,67,67,26,63,69,69,75,75,75,59,54,54,54,55,53,49,49,55,79,35],"gold":51,"neow_bonus":"TRANSFORM_TWO_CARDS","is_daily":false,"chose_seed":false,"campfire_upgraded":4,"win_rate":0.0,"timestamp":1609028822,"path_taken":["M","M","?","M","?","E","M","?","T","E","R","E","$","E","R","BOSS","M","M","?","?","M","E","M","R","T","E","M","?","E","M","R","BOSS","M","?","M","?","M","E","M","R","T","M","M","E","$","M","R","BOSS"],"items_purchased_type":["Card","Relic","Card","Card","Card","Card","Potion"],"build_version":"2020-12-22","purchased_purges":0,"victory":true,"max_hp_per_floor":[80,80,80,80,80,80,80,80,80,80,80,80,80,80,80,80,80,80,80,80,80,80,80,80,80,80,80,80,80,80,80,80,80,75,75,75,75,75,75,79,79,79,79,79,79,79,79,79,79,79],"card_choices":[{"not_picked":["Warcry","Anger"],"picked":"Wild Strike","floor":1},{"not_picked":["Anger","Sentinel"],"picked":"Cleave","floor":2},{"not_picked":["Cleave+1","Clothesline+1"],"picked":"Immolate+1","floor":4},{"not_picked":["Replay:Undeath\u0027s Touch+1","Run Through+1"],"picked":"Fire Breathing","floor":6},{"not_picked":["Battle Trance","Anger+1"],"picked":"Uppercut+1","floor":7},{"not_picked":["Flex","Burning Pact"],"picked":"Ghostly Armor","floor":10},{"not_picked":["Havoc","Clothesline+1"],"picked":"Rampage+1","floor":12},{"not_picked":["ReplayTheSpireMod:Strike From Hell+1","Carnage+1"],"picked":"Iron Wave+1","floor":14},{"not_picked":["conspire:HitWhereItHurts+1","Corruption"],"picked":"Double Tap","floor":16},{"not_picked":["Regret","Delirium"],"picked":"ReplayTheSpireMod:IOU","floor":17},{"not_picked":["ReplayTheSpireMod:Restless Dread","Voices"],"picked":"hubris:Wrath","floor":17},{"not_picked":["ReplayTheSpireMod:IOU","Regret"],"picked":"ReplayTheSpireMod:Faulty Equipment","floor":17},{"not_picked":["Sword Boomerang+1","ReplayTheSpireMod:Strike From Hell+1"],"picked":"Flex+1","floor":18},{"not_picked":["hubris:SharpeningStone","Clothesline+1"],"picked":"Battle Trance","floor":19},{"not_picked":["Heavy Blade+1","DemoMod:BlackBlade+1"],"picked":"Wild Strike+1","floor":21},{"not_picked":["True Grit+1","Twin Strike+1","ReplayTheSpireMod:Strike From Hell+1"],"picked":"SKIP","floor":22},{"not_picked":["hubris:ReadiedAction","Second Wind"],"picked":"conspire:Charge+1","floor":23},{"not_picked":["Flex","Twin Strike+1","Dark Embrace"],"picked":"SKIP","floor":24},{"not_picked":["Burning Pact+1","ReplayReversal","Cleave+1"],"picked":"SKIP","floor":27},{"not_picked":["hubris:ReadiedAction","conspire:Charge+1","Twin Strike+1"],"picked":"SKIP","floor":28},{"not_picked":["Perfected Strike+1","Heavy Blade+1","Flex+1"],"picked":"SKIP","floor":29},{"not_picked":["Clash+1","Dark Embrace+1"],"picked":"Inflame+1","floor":30},{"not_picked":["ReplayTheSpireMod:LeadingStrike+1","Clothesline+1"],"picked":"Metallicize+1","floor":31},{"not_picked":["Hemogenesis+1","Berserk+1"],"picked":"Barricade+1","floor":33},{"not_picked":["Body Slam+1","Sword Boomerang+1","Cleave+1"],"picked":"SKIP","floor":35},{"not_picked":["Intimidate","Body Slam+1"],"picked":"Metallicize+1","floor":37},{"not_picked":["Armaments","Clothesline+1"],"picked":"Ghostly Armor","floor":39},{"not_picked":["Carnage+1","Twin Strike+1"],"picked":"Flame Barrier","floor":40},{"not_picked":["Havoc","True Grit+1"],"picked":"Pommel Strike+1","floor":41},{"not_picked":["Berserk+1","Flex+1","Bloodletting+1"],"picked":"SKIP","floor":44},{"not_picked":["True Grit+1","hubris:ReadiedAction+1"],"picked":"Wild Strike+1","floor":45},{"not_picked":["Reaper+1","Impervious"],"picked":"Immolate+1","floor":46},{"not_picked":["Warcry","Perfected Strike+1","Body Slam+1"],"picked":"SKIP","floor":48}],"player_experience":248917,"relics_obtained":[{"floor":6,"key":"Regal Pillow"},{"floor":9,"key":"infinitespire:ShieldingShard"},{"floor":10,"key":"hubris:MysteriousPyramids"},{"floor":12,"key":"Ice Cream"},{"floor":14,"key":"Replay:Rubber Ducky"},{"floor":23,"key":"conspire:DeflatedDodgeball"},{"floor":26,"key":"Frozen Egg 2"},{"floor":27,"key":"Replay:Baseball"},{"floor":30,"key":"Happy Flower"},{"floor":40,"key":"DemoMod:PoisonVial"},{"floor":43,"key":"infinitespire:Midas Blood"},{"floor":46,"key":"InkBottle"}],"event_choices":[{"damage_healed":20,"gold_gain":0,"player_choice":"Healed","damage_taken":0,"max_hp_gain":0,"max_hp_loss":0,"event_name":"The Cleric","floor":5,"gold_loss":35},{"damage_healed":0,"gold_gain":0,"player_choice":"1 cards matched","damage_taken":0,"max_hp_gain":0,"max_hp_loss":0,"event_name":"Match and Keep!","floor":20,"gold_loss":0,"cards_obtained":["CommonCold"]},{"damage_healed":0,"gold_gain":0,"player_choice":"Leave","damage_taken":0,"max_hp_gain":0,"max_hp_loss":0,"event_name":"conspire:Investor","floor":36,"gold_loss":0},{"damage_healed":0,"gold_gain":0,"player_choice":"Bought 2 Potions","damage_taken":0,"max_hp_gain":0,"max_hp_loss":0,"event_name":"The Woman in Blue","floor":38,"gold_loss":0}],"is_beta":false,"boss_relics":[{"not_picked":["Runic Pyramid","Black Star"],"picked":"Replay:Ancient Bell"},{"not_picked":["Blood Vial","hubris:ToyBattleship"],"picked":"Vajra"},{"not_picked":["DemoMod:MeltedRock","Replay:Bottled Snecko"],"picked":"Mummified Hand"},{"not_picked":["StoneCalendar","hubris:AstralHammer"],"picked":"Thread and Needle"},{"not_picked":["conspire:SlowCooker","energizedSpire:StickyHand"],"picked":"energizedSpire:HugeHouse"}],"items_purged_floors":[],"is_endless":false,"potions_floor_spawned":[4,10,14,16,21,22,24,29,30,31,33,37,39,41,45],"ascension_level":5}}