{"host":"hdafziggwnbzqpcb","time":1609100567,"event":{"mods":["BaseMod","Better Vampires","Colored Map","Colored Powertips","Curses Come First","Duelist Mod","GifTheSpireLib","Hero for Fun","Minty Spire (QoL Compilation)","Quick Restart","Rare Cards Sparkle","Relic Stats","Spicy Shops","StSLib","The Bug Knight","The Cursed","The Marked","The Senshi","The Wild Card","TheHero"],"gold_per_floor":[114,130,4,21,37,37,49,49,49,49,49,49,49,49,49,49,49],"floor_reached":16,"playtime":732,"items_purged":["theSenshi:RoseThrow"],"score":90,"play_id":"fa4fda82-39bb-4658-8236-79d33a22964d","local_time":"20201227122247","is_ascension_mode":false,"campfire_choices":[{"data":"theSenshi:IWillPunishYou","floor":6,"key":"SMITH"},{"data":"theSenshi:MoonPrismPowerMakeUp","floor":8,"key":"SMITH"},{"data":"theSenshi:SailorChibiMoonAssists","floor":10,"key":"SMITH"},{"data":"theSenshi:SailorBlock","floor":15,"key":"SMITH"}],"circlet_count":0,"master_deck":["theSenshi:SailorKick","theSenshi:SailorKick","theSenshi:SailorKick","theSenshi:SailorKick","theSenshi:SailorBlock+1","theSenshi:SailorBlock","theSenshi:SailorBlock","theSenshi:SailorBlock","theSenshi:MoonPrismPowerMakeUp+1","theSenshi:IWillPunishYou+1","theSenshi:SailorChibiMoonAssists+1","theSenshi:MoonsReflection"],"relics":["theSenshi:TransformationBroochRelic","theSenshi:HolyGrailRelic","Golden Idol"],"acts_visited":["Exordium"],"potions_floor_usage":[5],"damage_taken":[{"damage":10,"enemies":"Small Slimes","floor":1,"turns":6},{"damage":5,"enemies":"2 Louse","floor":2,"turns":4},{"damage":7,"enemies":"Jaw Worm","floor":4,"turns":4},{"damage":16,"enemies":"Lots of Slimes","floor":5,"turns":6},{"damage":17,"enemies":"Gremlin Gang","floor":7,"turns":6},{"damage":35,"enemies":"Hexaghost","floor":16,"turns":11}],"seed_played":"6287833534259369566","potions_obtained":[{"floor":1,"key":"EssenceOfSteel"},{"floor":5,"key":"DuplicationPotion"},{"floor":7,"key":"Block Potion"}],"is_trial":false,"path_per_floor":["M","M","$","M","M","R","M","R","T","R","?","?","?","?","R","B"],"character_chosen":"THE_SENSHI","items_purchased":["theSenshi:MoonsReflection"],"campfire_rested":0,"item_purchase_floors":[3],"current_hp_per_floor":[58,53,53,46,30,30,13,13,13,13,35,35,35,35,35,0,0],"gold":49,"neow_bonus":"THREE_RARE_CARDS","is_daily":false,"chose_seed":false,"campfire_upgraded":4,"win_rate":0.0,"timestamp":1609100567,"path_taken":["M","M","$","M","M","R","M","R","T","R","?","?","?","?","R","BOSS"],"items_purchased_type":["Card"],"build_version":"2020-12-22","purchased_purges":1,"victory":false,"max_hp_per_floor":[68,68,68,68,68,68,68,68,68,68,68,68,63,63,63,63,63],"relic_stats":{"counters":[6,37],"Golden Idol":0,"obtain_stats":[{"theSenshi:TransformationBroochRelic":0,"theSenshi:HolyGrailRelic":9,"Golden Idol":13},{"theSenshi:TransformationBroochRelic":0,"theSenshi:HolyGrailRelic":5,"Golden Idol":5},{"theSenshi:TransformationBroochRelic":0,"theSenshi:HolyGrailRelic":26,"Golden Idol":26}]},"card_choices":[{"not_picked":["theSenshi:SilverMoonCrystalPowerKiss","theSenshi:StudyParty"],"picked":"theSenshi:IWillPunishYou","floor":0},{"not_picked":["theSenshi:SaturnsMystery","theSenshi:TallSilhouette","theSenshi:InTheNickOfTime"],"picked":"SKIP","floor":1},{"not_picked":["theSenshi:RainbowMoonHeartAche","theSenshi:SchoolBag"],"picked":"theSenshi:SailorChibiMoonAssists","floor":2},{"not_picked":["theSenshi:InTheNameOfTheMoon","theSenshi:Overload","theSenshi:MoonTiaraMagic"],"picked":"SKIP","floor":4},{"not_picked":["theSenshi:MoonTiaraMagic","theSenshi:SaturnsMystery"],"picked":"theSenshi:SupersonicWaves","floor":5},{"not_picked":["theSenshi:EncouragingSpeech","theSenshi:SailorChibiMoonAssists","theSenshi:YouCanTalk"],"picked":"SKIP","floor":7}],"player_experience":644965,"relics_obtained":[{"floor":9,"key":"theSenshi:HolyGrailRelic"}],"event_choices":[{"damage_healed":22,"gold_gain":0,"player_choice":"Banana","damage_taken":0,"max_hp_gain":0,"max_hp_loss":0,"event_name":"Big Fish","floor":11,"gold_loss":0},{"cards_removed":["theSenshi:SupersonicWaves"],"damage_healed":0,"gold_gain":0,"player_choice":"Forget","damage_taken":0,"max_hp_gain":0,"max_hp_loss":0,"event_name":"Living Wall","floor":12,"gold_loss":0},{"damage_healed":0,"gold_gain":0,"player_choice":"Lose Max HP","damage_taken":0,"relics_obtained":["Golden Idol"],"max_hp_gain":0,"max_hp_loss":5,"event_name":"Golden Idol","floor":13,"gold_loss":0}],"is_beta":false,"boss_relics":[],"items_purged_floors":[3],"is_endless":false,"potions_floor_spawned":[1,5,7],"killed_by":"Hexaghost","ascension_level":0}}