{"host":"fuszjwm6fqgjjp4d","time":1609059753,"event":{"mods":["BaseMod","Bestiary","Colored Map","DeckTracker","Minty Spire (QoL Compilation)","Permanent Neow","Relic Sorter","Relic Stats","StSLib"],"gold_per_floor":[110,130,55,55,67,93,93,93,93,93,113,143,158,175,175,248,248,267,293,343,363,413,413,442,457,483,494,507,59,86,106,106,184,234,254,273,289,304,318,318,318,318],"floor_reached":41,"playtime":25879,"items_purged":[],"score":842,"play_id":"a6bb88fd-b76e-4111-bf11-485fab20c6a6","local_time":"20201227030233","is_ascension_mode":true,"campfire_choices":[{"data":"Eruption","floor":7.0,"key":"SMITH"},{"data":"FollowUp","floor":10.0,"key":"SMITH"},{"data":"TalkToTheHand","floor":15.0,"key":"SMITH"},{"data":"Tantrum","floor":23.0,"key":"SMITH"},{"data":"Tantrum","floor":32.0,"key":"SMITH"},{"data":"Vault","floor":40,"key":"SMITH"}],"circlet_count":0,"master_deck":["AscendersBane","Strike_P","Strike_P","Strike_P+1","Defend_P","Defend_P","Defend_P","Eruption+1","Vigilance","EmptyFist","FollowUp+1","FollowUp+1","MentalFortress","Tantrum+1","TalkToTheHand+1","LessonLearned+1","ReachHeaven+1","EmptyBody+1","FollowUp+1","CutThroughFate","Tantrum","FollowUp","WheelKick","Tantrum+1","Vault+1","Wallop+1","FollowUp+1","Study","Parasite"],"relics":["HolyWater","Potion Belt","Yang","Akabeko","Smiling Mask","Red Mask","Pen Nib","Orichalcum","Ginger","Art of War","Tiny House"],"acts_visited":["Exordium","TheCity","TheBeyond"],"potions_floor_usage":[39,41,41],"damage_taken":[{"damage":0.0,"enemies":"Cultist","floor":1.0,"turns":3.0},{"damage":7.0,"enemies":"Jaw Worm","floor":2.0,"turns":2.0},{"damage":0.0,"enemies":"Small Slimes","floor":5.0,"turns":2.0},{"damage":21.0,"enemies":"3 Sentries","floor":6.0,"turns":7.0},{"damage":0.0,"enemies":"3 Louse","floor":11.0,"turns":1.0},{"damage":8.0,"enemies":"Gremlin Nob","floor":12.0,"turns":3.0},{"damage":0.0,"enemies":"Blue Slaver","floor":13.0,"turns":3.0},{"damage":2.0,"enemies":"Lots of Slimes","floor":14.0,"turns":3.0},{"damage":10.0,"enemies":"The Guardian","floor":16.0,"turns":8.0},{"damage":0.0,"enemies":"Chosen","floor":18.0,"turns":3.0},{"damage":2.0,"enemies":"Masked Bandits","floor":19.0,"turns":3.0},{"damage":0.0,"enemies":"3 Byrds","floor":21.0,"turns":4.0},{"damage":0.0,"enemies":"Book of Stabbing","floor":24.0,"turns":4.0},{"damage":0.0,"enemies":"Centurion and Healer","floor":25.0,"turns":4.0},{"damage":0.0,"enemies":"Chosen and Byrds","floor":27.0,"turns":3.0},{"damage":9.0,"enemies":"Snake Plant","floor":28.0,"turns":3.0},{"damage":0.0,"enemies":"Cultist and Chosen","floor":31.0,"turns":2.0},{"damage":20.0,"enemies":"Champ","floor":33.0,"turns":8.0},{"damage":0.0,"enemies":"Orb Walker","floor":35.0,"turns":1.0},{"damage":0.0,"enemies":"3 Darklings","floor":36.0,"turns":4.0},{"damage":17.0,"enemies":"Spire Growth","floor":37.0,"turns":4.0},{"damage":30,"enemies":"Writhing Mass","floor":38,"turns":5},{"damage":0,"enemies":"Jaw Worm Horde","floor":39,"turns":3},{"damage":42,"enemies":"Reptomancer","floor":41,"turns":2}],"seed_played":"8007241391175208889","potions_obtained":[{"floor":2.0,"key":"StancePotion"},{"floor":5.0,"key":"LiquidBronze"},{"floor":12.0,"key":"PowerPotion"},{"floor":13.0,"key":"Weak Potion"},{"floor":16.0,"key":"Energy Potion"},{"floor":21.0,"key":"PowerPotion"},{"floor":24.0,"key":"Weak Potion"},{"floor":27.0,"key":"Ancient Potion"},{"floor":33.0,"key":"Swift Potion"},{"floor":34.0,"key":"Regen Potion"},{"floor":36.0,"key":"PowerPotion"},{"floor":38,"key":"BlessingOfTheForge"}],"is_trial":false,"path_per_floor":["M","M","?","?","M","E","R","?","T","R","M","E","M","M","R","B",null,"M","?","?","M","?","R","E","M","T","M","M","$","T","M","R","B",null,"M","M","M","M","M","R","E"],"character_chosen":"WATCHER","items_purchased":["Ginger","FollowUp","WheelKick"],"campfire_rested":0,"item_purchase_floors":[29,29,29],"current_hp_per_floor":[61,54,54,54,54,33,33,33,33,33,33,25,25,23,23,13,54,54,52,46,46,46,46,46,46,46,46,37,37,37,37,37,17,60,60,60,43,13,22,22,0,0],"gold":318,"neow_bonus":"RANDOM_COMMON_RELIC","is_daily":false,"chose_seed":false,"campfire_upgraded":6,"win_rate":0.0,"timestamp":1609059753,"path_taken":["M","?","?","?","?","E","R","?","T","R","M","E","M","M","R","BOSS","M","?","?","?","?","R","E","M","T","M","M","$","?","M","R","BOSS","M","M","M","M","M","R","E"],"items_purchased_type":["Relic","Card","Card"],"build_version":"2020-12-22","purchased_purges":0,"victory":false,"max_hp_per_floor":[68,68,68,68,68,68,68,68,68,68,68,68,68,68,68,68,68,68,68,68,68,68,68,68,68,68,68,68,68,68,68,68,68,73,73,73,73,73,73,73,73,73],"relic_stats":{"counters":[24,85],"Yang":[202],"Pen Nib":[11],"Art of War":[0],"Ginger":[4],"Orichalcum":[54],"Smiling Mask":0,"obtain_stats":[{"Potion Belt":0,"Tiny House":34,"HolyWater":17,"Yang":6,"Pen Nib":24,"Red Mask":19,"Art of War":30,"Ginger":29,"PureWater":0,"Orichalcum":26,"Smiling Mask":12,"Akabeko":9},{"Potion Belt":0,"Tiny House":18,"HolyWater":9,"Yang":4,"Pen Nib":13,"Red Mask":11,"Art of War":16,"Ginger":16,"PureWater":0,"Orichalcum":14,"Smiling Mask":6,"Akabeko":4},{"Potion Belt":0,"Tiny House":66,"HolyWater":32,"Yang":14,"Pen Nib":46,"Red Mask":38,"Art of War":56,"Ginger":56,"PureWater":0,"Orichalcum":50,"Smiling Mask":18,"Akabeko":14}]},"card_choices":[{"not_picked":["FlyingSleeves","Nirvana"],"picked":"EmptyFist","floor":1.0},{"not_picked":["PathToVictory","ThirdEye"],"picked":"FollowUp","floor":2.0},{"not_picked":["ForeignInfluence","Indignation"],"picked":"FollowUp","floor":5.0},{"not_picked":["Crescendo","Nirvana","EmptyMind"],"picked":"SKIP","floor":6.0},{"not_picked":["Wireheading","Crescendo","JustLucky"],"picked":"SKIP","floor":11.0},{"not_picked":["ThirdEye","Crescendo"],"picked":"MentalFortress","floor":12.0},{"not_picked":["InnerPeace","CutThroughFate"],"picked":"Tantrum","floor":13.0},{"not_picked":["FollowUp","Vengeance"],"picked":"TalkToTheHand","floor":14.0},{"not_picked":["Devotion","MasterReality"],"picked":"LessonLearned","floor":16.0},{"not_picked":["Nirvana","Meditate"],"picked":"ReachHeaven","floor":18.0},{"not_picked":["JustLucky","Meditate"],"picked":"EmptyBody","floor":19.0},{"not_picked":["DeceiveReality","ThirdEye"],"picked":"FollowUp","floor":21.0},{"not_picked":["SashWhip","InnerPeace+1","PathToVictory"],"picked":"SKIP","floor":24.0},{"not_picked":["Study","InnerPeace"],"picked":"CutThroughFate","floor":25.0},{"not_picked":["ClearTheMind","Swivel"],"picked":"Tantrum","floor":27.0},{"not_picked":["SashWhip","Wireheading","PathToVictory"],"picked":"SKIP","floor":28.0},{"not_picked":["Nirvana","EmptyBody"],"picked":"Tantrum","floor":31.0},{"not_picked":["Ragnarok","SpiritShield"],"picked":"Vault","floor":33.0},{"not_picked":["Adaptation","Protect"],"picked":"Wallop+1","floor":34.0},{"not_picked":["Evaluate+1","EmptyFist"],"picked":"FollowUp+1","floor":35.0},{"not_picked":["PathToVictory+1","Protect","DevaForm"],"picked":"SKIP","floor":36.0},{"not_picked":["WreathOfFlame+1","ClearTheMind"],"picked":"Study","floor":37.0},{"not_picked":["WaveOfTheHand","Adaptation","CarveReality"],"picked":"SKIP","floor":38},{"not_picked":["FollowUp","ReachHeaven","SandsOfTime"],"picked":"SKIP","floor":39}],"player_experience":1200186,"relics_obtained":[{"floor":6.0,"key":"Yang"},{"floor":9.0,"key":"Akabeko"},{"floor":12.0,"key":"Smiling Mask"},{"floor":19.0,"key":"Red Mask"},{"floor":24.0,"key":"Pen Nib"},{"floor":26.0,"key":"Orichalcum"},{"floor":30.0,"key":"Art of War"}],"event_choices":[{"cards_removed":["Strike_P"],"damage_healed":0.0,"max_hp_gain":0.0,"max_hp_loss":0.0,"gold_gain":0.0,"event_name":"The Cleric","player_choice":"Card Removal","floor":3.0,"gold_loss":75.0,"damage_taken":0.0},{"cards_removed":["Defend_P"],"damage_healed":0.0,"max_hp_gain":0.0,"max_hp_loss":0.0,"gold_gain":0.0,"event_name":"Purifier","player_choice":"Purged","floor":4.0,"gold_loss":0.0,"damage_taken":0.0},{"damage_healed":0.0,"max_hp_gain":0.0,"max_hp_loss":0.0,"gold_gain":0.0,"event_name":"Living Wall","player_choice":"Grow","floor":8.0,"gold_loss":0.0,"damage_taken":0.0,"cards_upgraded":["FollowUp"]},{"damage_healed":0.0,"max_hp_gain":0.0,"max_hp_loss":0.0,"gold_gain":0.0,"event_name":"Masked Bandits","player_choice":"Fought Bandits","floor":19.0,"gold_loss":0.0,"damage_taken":0.0},{"damage_healed":0.0,"max_hp_gain":0.0,"max_hp_loss":0.0,"gold_gain":50.0,"event_name":"FaceTrader","player_choice":"Touch","floor":20.0,"gold_loss":0.0,"damage_taken":6.0},{"damage_healed":0.0,"max_hp_gain":0.0,"max_hp_loss":0.0,"gold_gain":50.0,"event_name":"Golden Shrine","player_choice":"Pray","floor":22.0,"gold_loss":0.0,"damage_taken":0.0}],"is_beta":false,"boss_relics":[{"not_picked":["Coffee Dripper","Snecko Eye"],"picked":"HolyWater"},{"not_picked":["Cursed Key","Astrolabe"],"picked":"Tiny House"}],"items_purged_floors":[],"is_endless":false,"potions_floor_spawned":[2,5,12,13,16,21,24,27,33,36,38],"killed_by":"Reptomancer","ascension_level":16}}