{"host":"49c2zf0lajbcs427","time":1609064195,"event":{"mods":["AchievementEnabler","BaseMod","Colored Map","Colored Powertips","Highlight Path","Key Reminder","Minty Spire (QoL Compilation)","Relic Stats","StSLib"],"gold_per_floor":[99,99,99,99,99,99,99,99,99,99,99,99,99,99,99,99,99,99,99,0,0,0,0,0,0,0,0,0,0,0,0,0,0,0,0,0,0,0,0,0,0,0,0,0,0,0,0,0,0,0],"floor_reached":51,"playtime":5427,"items_purged":[],"score":1052,"play_id":"5452a32d-0872-46ab-a6a1-e4015fba2576","local_time":"20201227231635","is_ascension_mode":true,"campfire_choices":[{"data":"Hemokinesis","floor":6,"key":"SMITH"},{"data":"Shockwave","floor":8,"key":"SMITH"},{"data":"Wild Strike","floor":10,"key":"SMITH"},{"data":"Double Tap","floor":15,"key":"SMITH"},{"data":"Ghostly","floor":32,"key":"SMITH"},{"data":"Ghostly","floor":40,"key":"SMITH"},{"data":"Ghostly","floor":42,"key":"SMITH"},{"data":"Ghostly","floor":44,"key":"SMITH"},{"data":"Ghostly","floor":47,"key":"SMITH"},{"data":"Double Tap","floor":49,"key":"SMITH"}],"circlet_count":0,"master_deck":["Strike_R","Strike_R+1","Strike_R+1","Strike_R","Strike_R","Defend_R","Defend_R","Defend_R","Defend_R","Bash","Shockwave+1","Wild Strike+1","Hemokinesis+1","Shrug It Off","Double Tap+1","Dual Wield","Corruption","Headbutt","Reaper","Inflame","Sentinel","Pommel Strike","Whirlwind+1","Ghostly+1","Ghostly+1","Ghostly+1","Ghostly+1","Ghostly+1","Feed","Dual Wield","Pommel Strike+1","Barricade","Pommel Strike","Double Tap+1"],"relics":["Ectoplasm","Lizard Tail","Calipers","WingedGreaves","CeramicFish","Coffee Dripper","PreservedInsect","Akabeko","keyreminder:keyreminder","Pen Nib","Shuriken","White Beast Statue","Vajra","SacredBark","Red Mask","Peace Pipe","Dream Catcher","Mercury Hourglass"],"acts_visited":["Exordium","TheCity","TheBeyond"],"potions_floor_usage":[13,14,29,39,41,45,45,50,50],"damage_taken":[{"damage":7,"enemies":"Small Slimes","floor":1,"turns":4},{"damage":1,"enemies":"2 Louse","floor":2,"turns":3},{"damage":0,"enemies":"Cultist","floor":4,"turns":4},{"damage":0,"enemies":"Exordium Wildlife","floor":5,"turns":2},{"damage":2,"enemies":"Gremlin Nob","floor":7,"turns":2},{"damage":2,"enemies":"Looter","floor":11,"turns":1},{"damage":0,"enemies":"2 Fungi Beasts","floor":12,"turns":3},{"damage":12,"enemies":"3 Sentries","floor":13,"turns":5},{"damage":7,"enemies":"Lagavulin","floor":14,"turns":5},{"damage":15,"enemies":"Hexaghost","floor":16,"turns":7},{"damage":6,"enemies":"Spheric Guardian","floor":18,"turns":3},{"damage":18,"enemies":"2 Thieves","floor":22,"turns":3},{"damage":46,"enemies":"Gremlin Leader","floor":23,"turns":5},{"damage":14,"enemies":"Shelled Parasite and Fungi","floor":24,"turns":4},{"damage":11,"enemies":"Slavers","floor":25,"turns":4},{"damage":12,"enemies":"3 Cultists","floor":28,"turns":4},{"damage":12,"enemies":"Book of Stabbing","floor":29,"turns":3},{"damage":0,"enemies":"Centurion and Healer","floor":30,"turns":2},{"damage":23,"enemies":"Champ","floor":33,"turns":10},{"damage":10,"enemies":"3 Darklings","floor":35,"turns":8},{"damage":8,"enemies":"Orb Walker","floor":38,"turns":4},{"damage":26,"enemies":"Writhing Mass","floor":39,"turns":5},{"damage":56,"enemies":"Nemesis","floor":41,"turns":7},{"damage":7,"enemies":"Giant Head","floor":45,"turns":5},{"damage":1,"enemies":"Transient","floor":46,"turns":5},{"damage":27,"enemies":"Reptomancer","floor":48,"turns":9},{"damage":22,"enemies":"Donu and Deca","floor":50,"turns":8}],"seed_played":"4993535309740597213","potions_obtained":[{"floor":2,"key":"Swift Potion"},{"floor":4,"key":"CultistPotion"},{"floor":5,"key":"Explosive Potion"},{"floor":13,"key":"BlessingOfTheForge"},{"floor":23,"key":"LiquidBronze"},{"floor":29,"key":"Energy Potion"},{"floor":30,"key":"Ancient Potion"},{"floor":38,"key":"LiquidMemories"},{"floor":39,"key":"SkillPotion"},{"floor":41,"key":"AttackPotion"},{"floor":45,"key":"Fruit Juice"},{"floor":46,"key":"Fire Potion"},{"floor":48,"key":"Fire Potion"}],"is_trial":false,"path_per_floor":["M","M","?","M","M","R","E","R","T","R","M","M","E","E","R","B",null,"M","?","$","?","M","E","M","E","T","T","M","E","M","?","R","B",null,"M","?","?","M","M","R","E","R","T","R","E","M","R","E","R","B",null],"character_chosen":"IRONCLAD","items_purchased":["FairyPotion"],"campfire_rested":0,"item_purchase_floors":[20],"current_hp_per_floor":[65,64,48,48,48,48,46,46,46,46,44,44,32,25,25,10,63,57,57,57,57,51,23,18,17,17,17,61,58,58,40,40,17,34,33,33,33,38,15,15,11,11,11,11,14,21,21,16,16,32],"gold":0,"neow_bonus":"BOSS_RELIC","is_daily":false,"chose_seed":false,"campfire_upgraded":10,"win_rate":0.0,"timestamp":1609064195,"path_taken":["M","M","?","M","M","R","E","R","T","R","M","M","E","E","R","BOSS","M","?","$","?","?","E","M","E","T","?","M","E","M","?","R","BOSS","M","?","?","?","M","R","E","R","T","R","E","M","R","E","R","BOSS"],"items_purchased_type":["Potion"],"build_version":"2020-12-22","purchased_purges":0,"victory":true,"max_hp_per_floor":[80,80,80,80,80,80,80,80,80,80,80,80,80,80,80,80,80,80,80,80,80,80,80,80,80,80,80,80,80,80,40,40,40,40,43,43,43,46,49,49,52,52,52,52,62,62,62,65,65,65],"relic_stats":{"Peace Pipe":0,"Lizard Tail":32,"Dream Catcher":0,"counters":[27,125],"Shuriken":[26],"CeramicFish":0,"Ectoplasm":883,"PreservedInsect":356,"Pen Nib":[15],"obtain_stats":[{"Calipers":9,"CeramicFish":14,"SacredBark":34,"Vajra":29,"PreservedInsect":21,"Pen Nib":25,"Burning Blood":0,"Akabeko":23,"White Beast Statue":27,"Mercury Hourglass":48,"keyreminder:keyreminder":23,"Peace Pipe":41,"Lizard Tail":7,"Dream Catcher":45,"Shuriken":26,"Ectoplasm":0,"WingedGreaves":13,"Coffee Dripper":17,"Red Mask":36},{"Calipers":5,"CeramicFish":9,"SacredBark":19,"Vajra":17,"PreservedInsect":11,"Pen Nib":15,"Burning Blood":0,"Akabeko":13,"White Beast Statue":15,"Mercury Hourglass":26,"keyreminder:keyreminder":13,"Peace Pipe":23,"Lizard Tail":5,"Dream Catcher":24,"Shuriken":15,"Ectoplasm":0,"WingedGreaves":8,"Coffee Dripper":10,"Red Mask":20},{"Calipers":15,"CeramicFish":29,"SacredBark":74,"Vajra":62,"PreservedInsect":39,"Pen Nib":55,"Burning Blood":0,"Akabeko":47,"White Beast Statue":55,"Mercury Hourglass":117,"keyreminder:keyreminder":47,"Peace Pipe":98,"Lizard Tail":15,"Dream Catcher":103,"Shuriken":55,"Ectoplasm":0,"WingedGreaves":24,"Coffee Dripper":36,"Red Mask":82}],"Mercury Hourglass":[24]},"card_choices":[{"not_picked":["Flex","Sentinel","Rupture"],"picked":"SKIP","floor":1},{"not_picked":["Feel No Pain","Armaments"],"picked":"Shockwave","floor":2},{"not_picked":["Dark Embrace","Flex"],"picked":"Wild Strike","floor":4},{"not_picked":["Flex","Sword Boomerang"],"picked":"Hemokinesis","floor":5},{"not_picked":["Clothesline","Iron Wave"],"picked":"Shrug It Off","floor":7},{"not_picked":["Havoc","Twin Strike"],"picked":"Double Tap","floor":11},{"not_picked":["Armaments","Twin Strike"],"picked":"Dual Wield","floor":12},{"not_picked":["Cleave","Body Slam"],"picked":"Corruption","floor":13},{"not_picked":["Power Through","Armaments"],"picked":"Headbutt","floor":14},{"not_picked":["Exhume","Feed"],"picked":"Reaper","floor":16},{"not_picked":["Twin Strike","Clothesline","Heavy Blade+1"],"picked":"SKIP","floor":18},{"not_picked":["Combust","Anger+1","Infernal Blade+1"],"picked":"SKIP","floor":22},{"not_picked":["Wild Strike","Searing Blow"],"picked":"Inflame","floor":23},{"not_picked":["Havoc+1","Clothesline+1","Fire Breathing"],"picked":"SKIP","floor":24},{"not_picked":["Dropkick","Metallicize"],"picked":"Sentinel","floor":25},{"not_picked":["Perfected Strike","Clothesline"],"picked":"Pommel Strike","floor":28},{"not_picked":["Sword Boomerang","Dropkick+1"],"picked":"Whirlwind+1","floor":29},{"not_picked":["Blood for Blood+1","Clash","Intimidate+1"],"picked":"SKIP","floor":30},{"not_picked":["Reaper","Exhume"],"picked":"Feed","floor":33},{"not_picked":["Sentinel+1","Pummel+1"],"picked":"Dual Wield","floor":35},{"not_picked":["Body Slam","Warcry","Uppercut+1"],"picked":"SKIP","floor":38},{"not_picked":["Anger+1","Heavy Blade"],"picked":"Pommel Strike+1","floor":39},{"not_picked":["Whirlwind+1","Iron Wave+1","Ghostly Armor"],"picked":"SKIP","floor":41},{"not_picked":["Spot Weakness","Armaments+1"],"picked":"Barricade","floor":45},{"not_picked":["Perfected Strike+1","Whirlwind"],"picked":"Pommel Strike","floor":46},{"not_picked":["Searing Blow","Wild Strike"],"picked":"Double Tap","floor":48}],"player_experience":2177840,"relics_obtained":[{"floor":7,"key":"Lizard Tail"},{"floor":9,"key":"Calipers"},{"floor":13,"key":"WingedGreaves"},{"floor":14,"key":"CeramicFish"},{"floor":23,"key":"Akabeko"},{"floor":25,"key":"Pen Nib"},{"floor":26,"key":"Shuriken"},{"floor":27,"key":"White Beast Statue"},{"floor":29,"key":"Vajra"},{"floor":41,"key":"Peace Pipe"},{"floor":45,"key":"Dream Catcher"},{"floor":48,"key":"Mercury Hourglass"}],"event_choices":[{"damage_healed":0,"gold_gain":0,"player_choice":"Entered Light","damage_taken":16,"max_hp_gain":0,"max_hp_loss":0,"event_name":"Shining Light","floor":3,"gold_loss":0,"cards_upgraded":["Strike_R","Strike_R"]},{"damage_healed":0,"gold_gain":0,"player_choice":"Gave Potion","damage_taken":0,"relics_obtained":["PreservedInsect"],"max_hp_gain":0,"max_hp_loss":0,"event_name":"WeMeetAgain","floor":21,"gold_loss":0},{"damage_healed":0,"gold_gain":0,"player_choice":"Became a Ghost","damage_taken":0,"max_hp_gain":0,"max_hp_loss":40,"event_name":"Ghosts","floor":31,"gold_loss":0,"cards_obtained":["Ghostly","Ghostly","Ghostly","Ghostly","Ghostly"]},{"damage_healed":0,"gold_gain":0,"player_choice":"Paid","damage_taken":0,"relics_obtained":["Red Mask"],"max_hp_gain":0,"max_hp_loss":0,"event_name":"Tomb of Lord Red Mask","floor":36,"gold_loss":0},{"damage_healed":0,"gold_gain":0,"player_choice":"Ignored","damage_taken":0,"max_hp_gain":0,"max_hp_loss":0,"event_name":"SecretPortal","floor":37,"gold_loss":0}],"is_beta":false,"boss_relics":[{"not_picked":["SlaversCollar","Pandora\u0027s Box"],"picked":"Coffee Dripper"},{"not_picked":["Runic Dome","Astrolabe"],"picked":"SacredBark"}],"items_purged_floors":[],"is_endless":false,"potions_floor_spawned":[2,4,5,13,23,24,25,28,29,30,33,35,38,39,41,45,46,48],"ascension_level":6}}