{"host":"873t0y8ybyo38pfq","time":1609082030,"event":{"mods":["BaseMod","Bestiary","Colored Map","Colored Powertips","Highlight Path","Minty Spire (QoL Compilation)","Quick Restart","RNG Fix","Rare Cards Sparkle","Relic Stats","StSLib"],"gold_per_floor":[369,384,127,127,142,142,170,170,170,28,28,55,72,91,91,163,163,180,230,1,21,33,33,49,49,94,94,120,120,42,57,57,129,129,139,149,149,49,61,61,61,61],"floor_reached":41,"playtime":1279,"items_purged":["Decay","Shame"],"score":892,"play_id":"d04d7d04-1a28-4bf0-839c-ab76a97a7142","local_time":"20201227101350","is_ascension_mode":true,"campfire_choices":[{"floor":6.0,"key":"REST"},{"data":"Blade Dance","floor":8.0,"key":"SMITH"},{"floor":15.0,"key":"REST"},{"floor":23,"key":"REST"},{"floor":25,"key":"REST"},{"floor":32,"key":"REST"},{"floor":40,"key":"REST"}],"circlet_count":0,"master_deck":["AscendersBane","Strike_G","Strike_G","Strike_G","Strike_G","Defend_G+1","Defend_G","Defend_G","Defend_G+1","Defend_G","Survivor","Neutralize","Infinite Blades","Cloak And Dagger","Footwork","Blade Dance+1","Die Die Die","Corpse Explosion","PiercingWail","Choke","Backflip","Adrenaline","Dodge and Roll+1","Blade Dance","PiercingWail","Crippling Poison","J.A.X.","Cloak And Dagger","Phantasmal Killer","Glass Knife","Infinite Blades"],"relics":["Ring of the Snake","Turnip","Lantern","The Specimen","WristBlade","Nunchaku","Snake Skull","Shuriken","Blood Vial","Philosopher\u0027s Stone"],"acts_visited":["Exordium","TheCity","TheBeyond"],"potions_floor_usage":[16,16,33,33,36],"damage_taken":[{"damage":3.0,"enemies":"Jaw Worm","floor":1.0,"turns":4.0},{"damage":0.0,"enemies":"2 Louse","floor":2.0,"turns":3.0},{"damage":10.0,"enemies":"Small Slimes","floor":5.0,"turns":4.0},{"damage":2.0,"enemies":"3 Sentries","floor":7.0,"turns":4.0},{"damage":31.0,"enemies":"Gremlin Nob","floor":12.0,"turns":4.0},{"damage":1.0,"enemies":"Blue Slaver","floor":13.0,"turns":4.0},{"damage":0.0,"enemies":"2 Fungi Beasts","floor":14.0,"turns":2.0},{"damage":5,"enemies":"Slime Boss","floor":16,"turns":7},{"damage":0,"enemies":"Chosen","floor":18,"turns":2},{"damage":15,"enemies":"Shell Parasite","floor":21,"turns":4},{"damage":35,"enemies":"Snecko","floor":22,"turns":6},{"damage":12,"enemies":"3 Cultists","floor":24,"turns":4},{"damage":0,"enemies":"Gremlin Leader","floor":28,"turns":6},{"damage":5,"enemies":"Cultist and Chosen","floor":31,"turns":5},{"damage":29,"enemies":"Champ","floor":33,"turns":10},{"damage":7,"enemies":"3 Shapes","floor":35,"turns":3},{"damage":12,"enemies":"Orb Walker","floor":36,"turns":3},{"damage":1,"enemies":"Jaw Worm Horde","floor":39,"turns":2},{"damage":71,"enemies":"Nemesis","floor":41,"turns":6}],"seed_played":"8149841555490737115","potions_obtained":[{"floor":1.0,"key":"Fruit Juice"},{"floor":5.0,"key":"CunningPotion"},{"floor":13.0,"key":"ColorlessPotion"},{"floor":14.0,"key":"SkillPotion"},{"floor":22,"key":"ColorlessPotion"},{"floor":31,"key":"LiquidMemories"},{"floor":35,"key":"EssenceOfSteel"}],"is_trial":false,"path_per_floor":["M","M","$","?","M","R","E","R","T","$","?","E","M","M","R","B",null,"M","?","$","M","M","R","M","R","T","?","E","?","$","M","R","B",null,"M","M","?","$","M","R","E"],"character_chosen":"THE_SILENT","items_purchased":["Footwork","Blade Dance","Explosive Potion","Corpse Explosion","Poison Potion","Nunchaku","Blade Dance","Cloak And Dagger","PowerPotion"],"campfire_rested":6,"item_purchase_floors":[3,3,3,10,10,20,20,30,30],"current_hp_per_floor":[56,56,56,36,31,52,50,50,50,50,50,19,18,18,39,34,62,62,62,62,47,12,33,21,42,42,42,42,42,42,39,60,33,62,57,47,47,47,48,69,0,0],"gold":61,"neow_bonus":"TWO_FIFTY_GOLD","is_daily":false,"chose_seed":false,"campfire_upgraded":1,"win_rate":0.0,"timestamp":1609082030,"path_taken":["M","M","$","?","M","R","E","R","T","$","?","E","?","M","R","BOSS","M","?","?","?","M","R","M","R","T","?","E","?","$","M","R","BOSS","M","M","?","$","M","R","E"],"items_purchased_type":["Card","Card","Potion","Card","Potion","Relic","Card","Card","Potion"],"build_version":"2020-12-22","purchased_purges":2,"victory":false,"max_hp_per_floor":[66,66,66,66,71,71,71,71,71,71,71,71,71,71,71,71,71,71,71,71,71,71,71,71,71,71,71,71,71,71,71,71,71,71,71,71,71,71,71,71,71,71],"relic_stats":{"Blood Vial":12,"Nunchaku":[15],"counters":[19,83],"Shuriken":[27],"Turnip":[17],"Snake Skull":[13],"obtain_stats":[{"Blood Vial":28,"Lantern":9,"Nunchaku":20,"The Specimen":12,"WristBlade":17,"Shuriken":27,"Philosopher\u0027s Stone":34,"Turnip":7,"Snake Skull":26,"Ring of the Snake":0},{"Blood Vial":13,"Lantern":4,"Nunchaku":9,"The Specimen":5,"WristBlade":8,"Shuriken":12,"Philosopher\u0027s Stone":15,"Turnip":4,"Snake Skull":12,"Ring of the Snake":0},{"Blood Vial":54,"Lantern":15,"Nunchaku":34,"The Specimen":19,"WristBlade":32,"Shuriken":48,"Philosopher\u0027s Stone":69,"Turnip":15,"Snake Skull":48,"Ring of the Snake":0}],"Ring of the Snake":[38]},"card_choices":[{"not_picked":["Heel Hook","Dodge and Roll"],"picked":"Infinite Blades","floor":1.0},{"not_picked":["Calculated Gamble","Outmaneuver"],"picked":"Cloak And Dagger","floor":2.0},{"not_picked":["Underhanded Strike","Backflip"],"picked":"Die Die Die","floor":5.0},{"not_picked":["Deadly Poison","Quick Slash","Bane"],"picked":"SKIP","floor":7.0},{"not_picked":["Blade Dance","Acrobatics"],"picked":"PiercingWail","floor":12.0},{"not_picked":["Bane","PiercingWail"],"picked":"Choke","floor":13.0},{"not_picked":["Slice","Bane"],"picked":"Backflip","floor":14.0},{"not_picked":["Night Terror","After Image"],"picked":"Adrenaline","floor":16},{"not_picked":["Quick Slash","Riddle With Holes"],"picked":"Dodge and Roll+1","floor":18},{"not_picked":["Riddle With Holes","Dagger Throw","Deadly Poison"],"picked":"SKIP","floor":21},{"not_picked":["Sucker Punch","Deadly Poison+1"],"picked":"PiercingWail","floor":22},{"not_picked":["Cloak And Dagger","Poisoned Stab"],"picked":"Crippling Poison","floor":24},{"not_picked":["PiercingWail","Backflip"],"picked":"Dagger Spray","floor":28},{"not_picked":["Dodge and Roll+1","Bouncing Flask"],"picked":"Phantasmal Killer","floor":31},{"not_picked":["Malaise","Phantasmal Killer"],"picked":"Glass Knife","floor":33},{"not_picked":["Reflex","Heel Hook","Outmaneuver"],"picked":"SKIP","floor":35},{"not_picked":["Tactician","Flying Knee","Caltrops"],"picked":"SKIP","floor":36},{"not_picked":["Quick Slash","Crippling Poison"],"picked":"Infinite Blades","floor":39}],"player_experience":1369770,"relics_obtained":[{"floor":7.0,"key":"Turnip"},{"floor":9.0,"key":"Lantern"},{"floor":12.0,"key":"The Specimen"},{"floor":26,"key":"Snake Skull"},{"floor":28,"key":"Blood Vial"}],"event_choices":[{"damage_healed":0.0,"max_hp_gain":0.0,"max_hp_loss":0.0,"gold_gain":0.0,"event_name":"Shining Light","player_choice":"Entered Light","floor":4.0,"gold_loss":0.0,"damage_taken":20.0,"cards_upgraded":["Defend_G","Defend_G"]},{"cards_removed":["Strike_G"],"damage_healed":0.0,"max_hp_gain":0.0,"max_hp_loss":0.0,"gold_gain":0.0,"event_name":"Wheel of Change","player_choice":"Card Removal","floor":11.0,"gold_loss":0.0,"damage_taken":0.0},{"damage_healed":0,"gold_gain":50,"player_choice":"Stole From Cult","damage_taken":0,"max_hp_gain":0,"max_hp_loss":0,"event_name":"Nest","floor":19,"gold_loss":0},{"damage_healed":0,"gold_gain":0,"player_choice":"Stole Relic","damage_taken":0,"relics_obtained":["Shuriken"],"max_hp_gain":0,"max_hp_loss":0,"event_name":"Addict","floor":27,"gold_loss":0,"cards_obtained":["Shame"]},{"damage_healed":0,"gold_gain":0,"player_choice":"Obtain J.A.X.","damage_taken":0,"max_hp_gain":0,"max_hp_loss":0,"event_name":"Drug Dealer","floor":29,"gold_loss":0,"cards_obtained":["J.A.X."]},{"cards_removed":["Dagger Spray"],"damage_healed":0,"gold_gain":0,"player_choice":"Removed Attack","damage_taken":0,"max_hp_gain":0,"max_hp_loss":0,"event_name":"Falling","floor":37,"gold_loss":0}],"is_beta":false,"boss_relics":[{"not_picked":["Velvet Choker","Runic Pyramid"],"picked":"WristBlade"},{"not_picked":["HoveringKite","Runic Dome"],"picked":"Philosopher\u0027s Stone"}],"items_purged_floors":[3,38],"is_endless":false,"potions_floor_spawned":[1,5,13,14,22,31,35],"killed_by":"Nemesis","ascension_level":20}}