{"host":"pf47v7h0307523iy","time":1609070779,"event":{"mods":["BaseMod","Minty Spire (QoL Compilation)"],"gold_per_floor":[113,125,125,140,140,140,153,181,181,194,194,207,207,241,241,318,368,381,392,411,429,429,429,429],"floor_reached":23,"playtime":6276,"items_purged":[],"score":410,"play_id":"0163645c-854f-42aa-9000-6271b87bd1a6","local_time":"20201227140619","is_ascension_mode":true,"campfire_choices":[{"data":"Poisoned Stab","floor":6,"key":"SMITH"},{"floor":11,"key":"REST"},{"floor":13,"key":"REST"},{"data":"Noxious Fumes","floor":15,"key":"SMITH"}],"circlet_count":0,"master_deck":["AscendersBane","Strike_G","Defend_G","Defend_G","Defend_G+1","Defend_G","Defend_G","Survivor","Neutralize","Flying Knee","Poisoned Stab+1","Blade Dance","Caltrops","Cloak And Dagger","Noxious Fumes+1","Wraith Form v2","Crippling Poison","Glass Knife","PiercingWail","Backflip","Deadly Poison"],"relics":["Ring of the Snake","Bag of Preparation","Happy Flower","White Beast Statue","Tiny House"],"acts_visited":["Exordium","TheCity"],"potions_floor_usage":[8,10,18,19,20,20,21,23],"damage_taken":[{"damage":2,"enemies":"Small Slimes","floor":1,"turns":6},{"damage":1,"enemies":"2 Louse","floor":2,"turns":3},{"damage":0,"enemies":"Jaw Worm","floor":4,"turns":4},{"damage":1,"enemies":"Lots of Slimes","floor":7,"turns":5},{"damage":32,"enemies":"3 Sentries","floor":8,"turns":9},{"damage":0,"enemies":"Blue Slaver","floor":10,"turns":3},{"damage":3,"enemies":"2 Fungi Beasts","floor":12,"turns":3},{"damage":21,"enemies":"Lagavulin","floor":14,"turns":7},{"damage":1,"enemies":"Hexaghost","floor":16,"turns":8},{"damage":12,"enemies":"2 Thieves","floor":18,"turns":5},{"damage":15,"enemies":"Spheric Guardian","floor":19,"turns":7},{"damage":4,"enemies":"Cultist and Chosen","floor":20,"turns":5},{"damage":17,"enemies":"Snake Plant","floor":21,"turns":6},{"damage":10,"enemies":"Slavers","floor":23,"turns":2}],"seed_played":"-2315628184397268993","potions_obtained":[{"floor":2,"key":"LiquidBronze"},{"floor":8,"key":"PowerPotion"},{"floor":16,"key":"PowerPotion"},{"floor":17,"key":"AttackPotion"},{"floor":18,"key":"Fire Potion"},{"floor":19,"key":"LiquidMemories"},{"floor":20,"key":"DistilledChaos"},{"floor":21,"key":"GhostInAJar"}],"is_trial":false,"path_per_floor":["M","M","?","M","?","R","M","E","T","M","R","M","R","E","R","B",null,"M","M","M","M","?","E"],"character_chosen":"THE_SILENT","items_purchased":[],"campfire_rested":2,"item_purchase_floors":[],"current_hp_per_floor":[42,41,34,34,34,34,33,1,1,1,20,17,36,15,15,14,58,46,31,27,10,10,0,0],"gold":429,"neow_bonus":"REMOVE_TWO","is_daily":false,"chose_seed":false,"campfire_upgraded":2,"win_rate":0.0,"timestamp":1609070779,"path_taken":["M","M","?","M","?","R","M","E","T","?","R","M","R","E","R","BOSS","M","M","M","?","?","E"],"items_purchased_type":[],"build_version":"2020-12-22","purchased_purges":0,"victory":false,"max_hp_per_floor":[66,66,66,66,66,66,66,66,66,66,66,66,66,66,66,66,71,71,71,71,71,71,71,71],"card_choices":[{"not_picked":["Bane","Eviscerate"],"picked":"Flying Knee","floor":1},{"not_picked":["Finisher","Bane"],"picked":"Poisoned Stab","floor":2},{"not_picked":["Underhanded Strike","Poisoned Stab"],"picked":"Blade Dance","floor":4},{"not_picked":["Flying Knee","Concentrate"],"picked":"Caltrops","floor":7},{"not_picked":["Poisoned Stab","Predator"],"picked":"Cloak And Dagger","floor":8},{"not_picked":["Predator","Blur"],"picked":"Noxious Fumes","floor":10},{"not_picked":["Quick Slash","Bane"],"picked":"Wraith Form v2","floor":12},{"not_picked":["Backflip","Slice"],"picked":"Crippling Poison","floor":14},{"not_picked":["Die Die Die","Envenom"],"picked":"Glass Knife","floor":16},{"not_picked":["Sucker Punch","Deadly Poison"],"picked":"PiercingWail","floor":17},{"not_picked":["Cloak And Dagger","Reflex","Bane"],"picked":"SKIP","floor":18},{"not_picked":["Expertise","Accuracy","Concentrate"],"picked":"SKIP","floor":19},{"not_picked":["Unload","Concentrate"],"picked":"Backflip","floor":20},{"not_picked":["Setup","Underhanded Strike"],"picked":"Deadly Poison","floor":21}],"player_experience":1528609,"relics_obtained":[{"floor":8,"key":"Bag of Preparation"},{"floor":9,"key":"Happy Flower"},{"floor":14,"key":"White Beast Statue"}],"event_choices":[{"cards_removed":["Strike_G"],"damage_healed":0,"gold_gain":0,"player_choice":"Card Removal","damage_taken":7,"max_hp_gain":0,"max_hp_loss":0,"event_name":"Golden Wing","floor":3,"gold_loss":0},{"cards_removed":["Strike_G"],"damage_healed":0,"gold_gain":0,"player_choice":"Forget","damage_taken":0,"max_hp_gain":0,"max_hp_loss":0,"event_name":"Living Wall","floor":5,"gold_loss":0},{"damage_healed":0,"gold_gain":0,"player_choice":"Ignored","damage_taken":0,"max_hp_gain":0,"max_hp_loss":0,"event_name":"Vampires","floor":22,"gold_loss":0}],"is_beta":false,"boss_relics":[{"not_picked":["Black Star","Pandora\u0027s Box"],"picked":"Tiny House"}],"items_purged_floors":[],"is_endless":false,"potions_floor_spawned":[2,8,16,18,19,20,21],"killed_by":"Slavers","ascension_level":20}}