{"host":"krtkakxj05u1y5zv","time":1609081709,"event":{"mods":["Abigail Mod","Ascension Reborn","BaseMod","BetterRewards","CapriCore","Hero for Fun","Minty Spire (QoL Compilation)","Prisma Mod","Quick Restart","Shop Mod","StSLib","Td1madao Mod","The Animator","The Immortal","The Jungle","WarShipGirlsR/??á´Ò³R mod"],"gold_per_floor":[119,143,143,143,143,555,555,597,656,680,680,725,742,778,792,925,939,967,1023,1469,1497,1534,1548,1600,1614,1687,1753,1789,1442,1472,1490,1490,1608,1608,1631,1631,1275,1287,1347,1347,1371,1028,1028,1047,1083,1083,1097,1097,1097,1097],"floor_reached":51,"playtime":2902,"items_purged":["animator:HomuraAkemi+1","animator:NagisaMomoe+1","animator:Kyubey"],"score":1235,"play_id":"58024b26-333b-4203-bd22-a116a143e29e","local_time":"20201228000829","is_ascension_mode":true,"campfire_choices":[{"data":"animator:NagisaMomoe","floor":7,"key":"SMITH"},{"data":"animator:MamiTomoe","floor":11,"key":"SMITH"},{"data":"animator:HomuraAkemi","floor":15,"key":"SMITH"},{"data":"animator:SayakaMiki","floor":25,"key":"SMITH"},{"data":"animator:Kira","floor":32,"key":"SMITH"},{"data":"animator:Zero","floor":40,"key":"SMITH"},{"floor":49,"key":"DIG"}],"circlet_count":0,"master_deck":["animator:Strike+1","animator:Strike+1","animator:Defend+1","animator:Defend+1","animator:Defend+1","animator:IrohaTamaki+1","animator:YuiTsuruno+1","animator:YachiyoNanami+1","animator:KyokoSakura+1","animator:YaoHaDucy","animator:NagisaMomoe+1","animator:MamiTomoe+1","animator:Rimuru","animator:SayakaMiki+1","animator:OrikoMikuni+1","animator:Kira+1","animator:Kaijin+1","animator:Zero+1","animator:MadokaKaname","animator:Berserker","animator:Souei"],"relics":["animator:LivingPicture","animator:TheMissingPiece","animator:OldCoffin","Ginger","FossilizedHelix","Bag of Preparation","Paper Crane","MealTicket","Smiling Mask","animator:Hoodie","animator:Buoy","Oddly Smooth Stone","Ancient Tea Set","Ice Cream","Incense Burner","animator:HallowedScabbard","Red Mask","Calipers","Membership Card","MerchantsRug","Torii","Gremlin Horn","Meat on the Bone","Champion Belt","SlaversCollar","Mango","Eternal Feather","Chemical X","Dead Branch","Omamori","Shovel","Cauldron","Bottled Tornado","animator:HeavyHalberd","animator:AlchemistGlove","Molten Egg 2","Bag of Marbles"],"acts_visited":["Exordium","TheCity","TheBeyond"],"potions_floor_usage":[50,50],"damage_taken":[{"damage":0,"enemies":"Small Slimes","floor":1,"turns":2},{"damage":0,"enemies":"Jaw Worm","floor":2,"turns":3},{"damage":0,"enemies":"Lagavulin","floor":6,"turns":4},{"damage":0,"enemies":"3 Sentries","floor":8,"turns":4},{"damage":0,"enemies":"2 Louse","floor":10,"turns":1},{"damage":0,"enemies":"Gremlin Nob","floor":12,"turns":2},{"damage":0,"enemies":"Exordium Thugs","floor":13,"turns":2},{"damage":0,"enemies":"Slime Boss","floor":16,"turns":4},{"damage":0,"enemies":"3 Byrds","floor":18,"turns":4},{"damage":0,"enemies":"Masked Bandits","floor":19,"turns":3},{"damage":1,"enemies":"Chosen","floor":21,"turns":3},{"damage":0,"enemies":"Centurion and Healer","floor":22,"turns":6},{"damage":9,"enemies":"Slavers","floor":24,"turns":3},{"damage":0,"enemies":"Sentry and Sphere","floor":27,"turns":3},{"damage":0,"enemies":"Snake Plant","floor":28,"turns":3},{"damage":0,"enemies":"Book of Stabbing","floor":30,"turns":3},{"damage":0,"enemies":"3 Cultists","floor":31,"turns":5},{"damage":0,"enemies":"Champ","floor":33,"turns":7},{"damage":0,"enemies":"3 Shapes","floor":35,"turns":4},{"damage":0,"enemies":"Orb Walker","floor":38,"turns":4},{"damage":0,"enemies":"Mind Bloom Boss Battle","floor":39,"turns":6},{"damage":0,"enemies":"3 Darklings","floor":41,"turns":4},{"damage":0,"enemies":"4 Shapes","floor":44,"turns":3},{"damage":0,"enemies":"Giant Head","floor":45,"turns":7},{"damage":0,"enemies":"Writhing Mass","floor":47,"turns":4},{"damage":9,"enemies":"Time Eater","floor":50,"turns":7}],"seed_played":"6080263803190537462","potions_obtained":[{"floor":1,"key":"SteroidPotion"},{"floor":2,"key":"PowerPotion"},{"floor":8,"key":"CultistPotion"},{"floor":10,"key":"CultistPotion"}],"is_trial":false,"path_per_floor":["M","M","?","T","?","E","R","E","T","M","R","E","M","?","R","B",null,"M","?","?","M","M","?","E","R","T","M","M","$","E","M","R","B",null,"M","?","$","M","?","R","M","$","T","M","E","?","M","?","R","B",null],"character_chosen":"THE_ANIMATOR","items_purchased":["animator:OldCoffin","Ginger","animator:YachiyoNanami","Bag of Preparation","animator:KyokoSakura","Membership Card","MerchantsRug","Torii","Gremlin Horn","animator:Kira","Mango","Eternal Feather","Chemical X","animator:Zero","Omamori","Shovel","Cauldron","animator:MadokaKaname","animator:Berserker"],"campfire_rested":0,"item_purchase_floors":[0,0,0,0,0,29,29,29,29,29,37,37,37,37,42,42,42,42,42],"current_hp_per_floor":[40,40,26,40,40,40,40,41,41,45,45,49,53,53,53,70,104,108,111,75,74,78,78,69,69,69,73,77,98,102,106,106,127,141,144,146,160,163,166,166,169,169,169,172,175,175,178,178,178,193],"gold":1097,"neow_bonus":"","is_daily":false,"chose_seed":false,"campfire_upgraded":6,"win_rate":0.0,"timestamp":1609081709,"path_taken":["M","M","?","?","?","E","R","E","T","M","R","E","?","?","R","BOSS","M","?","?","M","?","?","E","R","T","M","M","$","E","M","R","BOSS","M","?","$","?","?","R","M","$","T","M","E","?","?","?","R","BOSS"],"items_purchased_type":["Relic","Relic","Card","Relic","Card","Relic","Relic","Relic","Relic","Card","Relic","Relic","Relic","Card","Relic","Relic","Relic","Card","Card"],"build_version":"2020-12-22","purchased_purges":3,"victory":true,"max_hp_per_floor":[72,72,72,82,82,82,82,83,83,86,86,89,92,92,92,104,104,108,111,111,111,114,114,114,114,114,117,120,120,123,126,126,141,141,144,146,160,163,166,166,169,169,169,172,175,175,178,178,178,195],"card_choices":[{"not_picked":["animator:DolaSchwi+1","animator:YaoHaDucy","animator:RoryMercury"],"picked":"SKIP","floor":1},{"not_picked":["animator:DolaSchwi+1","animator:RoryMercury"],"picked":"animator:YaoHaDucy","floor":1},{"not_picked":["animator:Souei","animator:ShinjiMatou","animator:Priestess+1"],"picked":"SKIP","floor":2},{"not_picked":["animator:DolaCouronne+1","animator:Tyuule"],"picked":"animator:NagisaMomoe","floor":6},{"not_picked":["animator:YachiyoNanami","animator:Cocytus","animator:IrohaTamaki"],"picked":"SKIP","floor":6},{"not_picked":["animator:SayakaMiki","animator:KyokoSakura"],"picked":"animator:MamiTomoe","floor":8},{"not_picked":["animator:GuildGirl+1","animator:Souei","animator:Tyuule"],"picked":"SKIP","floor":8},{"not_picked":["animator:Kaijin","animator:EmiyaShirou","animator:Kuribayashi+1"],"picked":"SKIP","floor":10},{"not_picked":["animator:TukaLunaMarceau+1","animator:Demiurge+1"],"picked":"animator:HomuraAkemi","floor":12},{"not_picked":["animator:FielNirvalen","animator:NarberalGamma","animator:Tyuule"],"picked":"SKIP","floor":12},{"not_picked":["animator:Hakurou","animator:DwarfShaman"],"picked":"animator:NagisaMomoe","floor":13},{"not_picked":["animator:PinaCoLada","animator:ItamiYouji"],"picked":"animator:Rimuru","floor":16},{"not_picked":["animator:YuiTsuruno","animator:MamiTomoe"],"picked":"animator:SayakaMiki","floor":18},{"not_picked":["animator:IrohaTamaki","animator:GuildGirl","animator:YuiTsuruno+1"],"picked":"SKIP","floor":21},{"not_picked":["animator:Tet+1","animator:Benimaru+1","animator:Shuna+1"],"picked":"SKIP","floor":22},{"not_picked":["animator:Shuna+1","animator:Priestess+1","animator:DolaRiku+1"],"picked":"SKIP","floor":24},{"not_picked":["animator:MamiTomoe","animator:YuiTsuruno"],"picked":"animator:OrikoMikuni","floor":27},{"not_picked":["animator:OrikoMikuni+1","animator:DolaRiku","animator:YaoHaDucy+1"],"picked":"SKIP","floor":28},{"not_picked":["animator:ChlammyZell","animator:Tet+1"],"picked":"animator:Kaijin+1","floor":30},{"not_picked":["animator:Arpeggio","animator:DwarfShaman","animator:Demiurge"],"picked":"SKIP","floor":31},{"not_picked":[],"picked":"animator:Kyubey","floor":36},{"not_picked":["animator:Benimaru+1","animator:Caster+1","animator:Spearman+1"],"picked":"SKIP","floor":38},{"not_picked":["animator:TukaLunaMarceau","animator:Priestess","animator:Evileye+1"],"picked":"SKIP","floor":41},{"not_picked":["animator:SakuraMatou+1","animator:DolaStephanie+1","animator:Tet+1"],"picked":"SKIP","floor":44},{"not_picked":["animator:PandorasActor+1","animator:Caster+1","animator:DwarfShaman+1"],"picked":"SKIP","floor":47}],"player_experience":442552,"relics_obtained":[{"floor":1,"key":"Paper Crane"},{"floor":2,"key":"MealTicket"},{"floor":4,"key":"Smiling Mask"},{"floor":4,"key":"Pear"},{"floor":6,"key":"Old Coin"},{"floor":8,"key":"animator:Hoodie"},{"floor":9,"key":"animator:Buoy"},{"floor":9,"key":"Oddly Smooth Stone"},{"floor":10,"key":"Ancient Tea Set"},{"floor":12,"key":"Ice Cream"},{"floor":13,"key":"Incense Burner"},{"floor":16,"key":"animator:HallowedScabbard"},{"floor":19,"key":"Red Mask"},{"floor":24,"key":"Calipers"},{"floor":26,"key":"War Paint"},{"floor":30,"key":"Meat on the Bone"},{"floor":33,"key":"Champion Belt"},{"floor":39,"key":"Dead Branch"},{"floor":43,"key":"Bottled Tornado"},{"floor":43,"key":"animator:HeavyHalberd"},{"floor":45,"key":"animator:AlchemistGlove"},{"floor":47,"key":"Molten Egg 2"},{"floor":49,"key":"Bag of Marbles"}],"event_choices":[{"damage_healed":0,"gold_gain":0,"player_choice":"Entered Light","damage_taken":14,"max_hp_gain":0,"max_hp_loss":0,"event_name":"Shining Light","floor":3,"gold_loss":0,"cards_upgraded":["animator:YachiyoNanami","animator:KyokoSakura"]},{"damage_healed":0,"gold_gain":0,"player_choice":"0 cards matched","damage_taken":0,"max_hp_gain":0,"max_hp_loss":0,"event_name":"Match and Keep!","floor":5,"gold_loss":0,"cards_obtained":[]},{"damage_healed":0,"gold_gain":30,"player_choice":"Searched \u00273\u0027 times","damage_taken":0,"relics_obtained":["MawBank"],"max_hp_gain":0,"max_hp_loss":0,"event_name":"Dead Adventurer","floor":14,"gold_loss":0},{"damage_healed":0,"gold_gain":0,"player_choice":"Fought Bandits","damage_taken":0,"max_hp_gain":0,"max_hp_loss":0,"event_name":"Masked Bandits","floor":19,"gold_loss":0},{"damage_healed":0,"gold_gain":360,"player_choice":"GOLD GOLD GOLD GOLD ","damage_taken":36,"max_hp_gain":0,"max_hp_loss":0,"event_name":"Knowing Skull","floor":20,"potions_obtained":[],"gold_loss":0,"cards_obtained":[]},{"cards_removed":["animator:Strike"],"damage_healed":0,"gold_gain":0,"player_choice":"Elegance","damage_taken":0,"max_hp_gain":0,"max_hp_loss":0,"event_name":"Back to Basics","floor":23,"gold_loss":0},{"damage_healed":0,"gold_gain":0,"player_choice":"Fight","damage_taken":0,"max_hp_gain":0,"max_hp_loss":0,"event_name":"MindBloom","floor":39,"gold_loss":0},{"damage_healed":0,"gold_gain":0,"player_choice":"1 cards matched","damage_taken":0,"max_hp_gain":0,"max_hp_loss":0,"event_name":"Match and Keep!","floor":46,"gold_loss":0,"cards_obtained":["animator:Souei"]},{"damage_healed":0,"gold_gain":0,"player_choice":"Forge","damage_taken":0,"max_hp_gain":0,"max_hp_loss":0,"event_name":"Accursed Blacksmith","floor":48,"gold_loss":0,"cards_upgraded":["animator:OrikoMikuni"]}],"is_beta":false,"boss_relics":[{"not_picked":["Philosopher\u0027s Stone","Velvet Choker"],"picked":"Empty Cage"},{"not_picked":["animator:VividPicture","Fusion Hammer"],"picked":"SlaversCollar"}],"items_purged_floors":[29,37,42],"is_endless":false,"potions_floor_spawned":[2,13,16,21,22,28,33,45,47],"ascension_level":0}}