{"host":"qj91dvco5uhu9oti","time":1609086984,"event":{"mods":["BaseMod","Colored Map","Keyboard Shortcuts","Minty Spire (QoL Compilation)","Permanent Neow","Relic Stats","StSLib","SuperFastMode","everything is the same but u backflip on backflip"],"gold_per_floor":[109,129,149,74,94,94,126,126,149,162,162,175,175,187,187,265,265,276,69,69,82,82,117,137,148,148,148,148,162,162,162,162,162,162],"floor_reached":33,"playtime":1133,"items_purged":["Strike_R","Clash+1"],"score":588,"play_id":"0154e1f4-4f18-43c0-bba2-6f0b3e41a455","local_time":"20201228013624","is_ascension_mode":true,"campfire_choices":[{"data":"Feed","floor":6.0,"key":"SMITH"},{"data":"Hemokinesis","floor":11.0,"key":"SMITH"},{"data":"Wild Strike","floor":15.0,"key":"SMITH"},{"data":"Flame Barrier","floor":27,"key":"SMITH"},{"data":"Shockwave","floor":30,"key":"SMITH"},{"data":"Shrug It Off","floor":32,"key":"SMITH"}],"circlet_count":0,"master_deck":["AscendersBane","Strike_R+1","Strike_R+1","Strike_R+1","Defend_R+1","Defend_R+1","Defend_R+1","Bash","Feed+1","Hemokinesis+1","Shockwave+1","Metallicize","Flame Barrier+1","Shrug It Off+1","Wild Strike+1","Power Through","Corruption","Impervious","Dark Embrace","Armaments+1","Barricade","Power Through+1","Dark Embrace"],"relics":["Burning Blood","Juzu Bracelet","Smiling Mask","Strawberry","Snecko Eye","Toxic Egg 2","Question Card","FossilizedHelix"],"acts_visited":["Exordium","TheCity"],"potions_floor_usage":[33],"damage_taken":[{"damage":9.0,"enemies":"Small Slimes","floor":1.0,"turns":3.0},{"damage":3.0,"enemies":"Cultist","floor":2.0,"turns":4.0},{"damage":7.0,"enemies":"2 Louse","floor":3.0,"turns":3.0},{"damage":4.0,"enemies":"2 Fungi Beasts","floor":5.0,"turns":3.0},{"damage":29.0,"enemies":"Gremlin Nob","floor":7.0,"turns":4.0},{"damage":4.0,"enemies":"Exordium Wildlife","floor":10.0,"turns":4.0},{"damage":2.0,"enemies":"3 Louse","floor":12.0,"turns":3.0},{"damage":11.0,"enemies":"Red Slaver","floor":14.0,"turns":5.0},{"damage":64.0,"enemies":"Slime Boss","floor":16.0,"turns":18.0},{"damage":9.0,"enemies":"Chosen","floor":18.0,"turns":5.0},{"damage":7,"enemies":"Shell Parasite","floor":21,"turns":5},{"damage":41,"enemies":"Gremlin Leader","floor":23,"turns":8},{"damage":11,"enemies":"Centurion and Healer","floor":24,"turns":7},{"damage":6,"enemies":"Snake Plant","floor":25,"turns":5},{"damage":4,"enemies":"Snecko","floor":29,"turns":6},{"damage":54,"enemies":"Champ","floor":33,"turns":14}],"seed_played":"3491639430877666775","potions_obtained":[{"floor":1.0,"key":"Weak Potion"},{"floor":3.0,"key":"SteroidPotion"},{"floor":10.0,"key":"BloodPotion"},{"floor":16.0,"key":"Strength Potion"}],"is_trial":false,"path_per_floor":["M","M","M","$","M","R","E","?","T","M","R","M","?","M","R","B",null,"M","$","T","M","?","E","M","M","T","R","?","M","R","?","R","B"],"character_chosen":"IRONCLAD","items_purchased":["Impervious"],"campfire_rested":0,"item_purchase_floors":[19],"current_hp_per_floor":[68,74,76,76,80,80,57,33,33,39,39,47,54,53,53,14,78,79,79,79,82,82,47,46,46,46,46,46,52,52,52,52,0,0],"gold":162,"neow_bonus":"TRANSFORM_TWO_CARDS","is_daily":false,"chose_seed":false,"campfire_upgraded":6,"win_rate":0.0,"timestamp":1609086984,"path_taken":["M","M","M","$","M","R","E","?","T","M","R","M","?","M","R","BOSS","M","$","?","M","?","E","M","M","T","R","?","M","R","?","R","BOSS"],"items_purchased_type":["Card"],"build_version":"2020-12-22","purchased_purges":2,"victory":false,"max_hp_per_floor":[71,74,77,77,80,80,80,80,80,84,84,88,95,99,99,99,99,103,103,103,107,107,107,111,111,111,111,111,115,115,115,115,115,115],"relic_stats":{"counters":[16,97],"Snecko Eye":[75,80,89,83],"Juzu Bracelet":1,"Smiling Mask":50,"Question Card":3,"obtain_stats":[{"Strawberry":13,"Snecko Eye":17,"Juzu Bracelet":7,"Toxic Egg 2":20,"Smiling Mask":9,"Question Card":23,"Burning Blood":0,"FossilizedHelix":26},{"Strawberry":7,"Snecko Eye":9,"Juzu Bracelet":5,"Toxic Egg 2":10,"Smiling Mask":5,"Question Card":12,"Burning Blood":0,"FossilizedHelix":14},{"Strawberry":24,"Snecko Eye":47,"Juzu Bracelet":17,"Toxic Egg 2":52,"Smiling Mask":17,"Question Card":65,"Burning Blood":0,"FossilizedHelix":77}],"Burning Blood":89},"card_choices":[{"not_picked":["Heavy Blade","Flex"],"picked":"Shockwave","floor":1.0},{"not_picked":["Clothesline","Body Slam"],"picked":"Clash","floor":2.0},{"not_picked":["Wild Strike","Body Slam"],"picked":"Metallicize","floor":3.0},{"not_picked":["Wild Strike","Infernal Blade"],"picked":"Flame Barrier","floor":5.0},{"not_picked":["Fire Breathing","Flame Barrier"],"picked":"Shrug It Off","floor":7.0},{"not_picked":["Flame Barrier","Perfected Strike"],"picked":"Wild Strike","floor":10.0},{"not_picked":["Iron Wave","Pommel Strike"],"picked":"Power Through","floor":12.0},{"not_picked":["Thunderclap","Armaments","Intimidate"],"picked":"SKIP","floor":14.0},{"not_picked":["Reaper","Brutality"],"picked":"Corruption","floor":16.0},{"not_picked":["Anger","Sword Boomerang","Flex"],"picked":"SKIP","floor":18.0},{"not_picked":["Warcry+1","Thunderclap"],"picked":"Dark Embrace","floor":21},{"not_picked":["Wild Strike","Cleave"],"picked":"Armaments+1","floor":23},{"not_picked":["Body Slam","True Grit+1","Heavy Blade"],"picked":"Barricade","floor":24},{"not_picked":["Clothesline","Combust","Inflame+1"],"picked":"Power Through+1","floor":25},{"not_picked":["Spot Weakness+1","Anger","Carnage"],"picked":"Dark Embrace","floor":29}],"player_experience":300128,"relics_obtained":[{"floor":7.0,"key":"Juzu Bracelet"},{"floor":9.0,"key":"Smiling Mask"},{"floor":13.0,"key":"Strawberry"},{"floor":20,"key":"Toxic Egg 2"},{"floor":23,"key":"Question Card"},{"floor":26,"key":"FossilizedHelix"}],"event_choices":[{"damage_healed":0.0,"max_hp_gain":0.0,"max_hp_loss":0.0,"gold_gain":0.0,"event_name":"Shining Light","player_choice":"Entered Light","floor":8.0,"gold_loss":0.0,"damage_taken":24.0,"cards_upgraded":["Clash","Strike_R"]},{"damage_healed":0.0,"max_hp_gain":0.0,"max_hp_loss":0.0,"gold_gain":0.0,"event_name":"Wheel of Change","player_choice":"Relic","floor":13.0,"gold_loss":0.0,"damage_taken":0.0},{"damage_healed":0,"gold_gain":0,"player_choice":"Ignored","damage_taken":0,"max_hp_gain":0,"max_hp_loss":0,"event_name":"Vampires","floor":22,"gold_loss":0},{"damage_healed":0,"gold_gain":0,"player_choice":"Simplicity","damage_taken":0,"max_hp_gain":0,"max_hp_loss":0,"event_name":"Back to Basics","floor":28,"gold_loss":0,"cards_upgraded":["Strike_R","Strike_R","Defend_R","Defend_R","Defend_R"]},{"damage_healed":0,"gold_gain":0,"player_choice":"Ignored","damage_taken":0,"max_hp_gain":0,"max_hp_loss":0,"event_name":"Ghosts","floor":31,"gold_loss":0}],"is_beta":false,"boss_relics":[{"not_picked":["Pandora\u0027s Box","Tiny House"],"picked":"Snecko Eye"}],"items_purged_floors":[4,19],"is_endless":false,"potions_floor_spawned":[1,3,10,14,16,23,24],"killed_by":"Champ","ascension_level":20}}