{"host":"dbo0lztt1pyfwysk","time":1609052370,"event":{"mods":["Act Like it!","BaseMod","Conspire","Downfall","Gensokyo","GifTheSpireLib","Hubris","Infinite Spire","KinomotoSakuraMod(????)","Koishi","Luminous","Marisa????????","Minty Spire (QoL Compilation)","Prisma Mod","Remilia??????","Replay The Spire","Shade Mod","Shop Mod","StSLib","The Gatherer"],"gold_per_floor":[110,10,10,26,46,46,99,118,118,136,152,29,59,72,72,94,94],"floor_reached":16,"playtime":627,"items_purged":["Defend_G"],"score":195,"play_id":"299066b9-8f13-4d6c-8812-8ed76bbd8a59","local_time":"20201227075930","is_ascension_mode":true,"campfire_choices":[{"data":"Cloak And Dagger","floor":6,"key":"SMITH"},{"floor":15,"key":"REST"}],"circlet_count":0,"master_deck":["AscendersBane","Strike_G","Strike_G","Strike_G","Strike_G","Defend_G","Defend_G","Defend_G","Defend_G","Survivor","Neutralize","Finisher","conspire:SpireCoStock","conspire:SpireCoStock","Cloak And Dagger+1","Slice","Cloak And Dagger","PiercingWail","Blade Dance","Cloak And Dagger","Cloak And Dagger"],"relics":["Ring of the Snake","NeowsBlessing","hubris:DeckOfHolding","Molten Egg 2"],"acts_visited":["Exordium"],"potions_floor_usage":[7,11,14,16],"damage_taken":[{"damage":0,"enemies":"Cultist","floor":1,"turns":1},{"damage":0,"enemies":"Jaw Worm","floor":4,"turns":1},{"damage":0,"enemies":"Small Slimes","floor":5,"turns":1},{"damage":31,"enemies":"3 Sentries","floor":7,"turns":15},{"damage":10,"enemies":"Red Slaver","floor":8,"turns":6},{"damage":0,"enemies":"Looter","floor":10,"turns":3},{"damage":0,"enemies":"Lots of Slimes","floor":11,"turns":2},{"damage":3,"enemies":"Blue Slaver","floor":13,"turns":3},{"damage":0,"enemies":"Exordium Thugs","floor":14,"turns":4},{"damage":51,"enemies":"Fading Forest","floor":16,"turns":8}],"seed_played":"6282133807488321926","potions_obtained":[{"floor":1,"key":"DistilledChaos"},{"floor":7,"key":"infinitespire:BlackPotion"},{"floor":11,"key":"Slimebound:ThreeZeroPotion"},{"floor":13,"key":"PowerPotion"}],"is_trial":false,"path_per_floor":["M","?","?","M","M","R","E","M","T","M","M","$","M","M","R","B"],"character_chosen":"THE_SILENT","items_purchased":["Blade Dance"],"campfire_rested":1,"item_purchase_floors":[12],"current_hp_per_floor":[63,63,63,63,63,63,32,22,22,22,22,22,19,19,40,0,0],"gold":94,"neow_bonus":"THREE_ENEMY_KILL","is_daily":false,"chose_seed":false,"campfire_upgraded":1,"win_rate":0.0,"timestamp":1609052370,"path_taken":["M","?","?","M","M","R","E","M","T","M","M","$","M","M","R","BOSS"],"items_purchased_type":["Card"],"build_version":"2020-12-22","purchased_purges":1,"victory":false,"max_hp_per_floor":[70,70,70,70,70,70,70,70,70,70,70,70,70,70,70,70,70],"card_choices":[{"not_picked":["Draining Mist","Acrobatics"],"picked":"Finisher","floor":1},{"not_picked":["Poisoned Stab","PiercingWail"],"picked":"Cloak And Dagger","floor":4},{"not_picked":["Outmaneuver","Bane","conspire:PoisonWeapons"],"picked":"SKIP","floor":5},{"not_picked":["Wraith Form v2","Quick Slash"],"picked":"Slice","floor":7},{"not_picked":["Replay:Poison Smokescreen","Sucker Punch"],"picked":"Cloak And Dagger","floor":8},{"not_picked":["Dagger Throw+1","Sucker Punch+1"],"picked":"PiercingWail","floor":10},{"not_picked":["Outmaneuver","Underhanded Strike+1","Concentrate"],"picked":"SKIP","floor":11},{"not_picked":["hubris:Counter+1","Venomology"],"picked":"Cloak And Dagger","floor":13},{"not_picked":["Sucker Punch+1","hubris:SlightOfHand"],"picked":"Cloak And Dagger","floor":14}],"player_experience":613783,"relics_obtained":[{"floor":7,"key":"hubris:DeckOfHolding"},{"floor":9,"key":"Molten Egg 2"}],"event_choices":[{"damage_healed":0,"gold_gain":0,"player_choice":"Invest 2","damage_taken":0,"max_hp_gain":0,"max_hp_loss":0,"event_name":"conspire:Investor","floor":2,"gold_loss":0},{"cards_removed":["Strike_G"],"damage_healed":0,"gold_gain":0,"player_choice":"Forget","damage_taken":0,"max_hp_gain":0,"max_hp_loss":0,"event_name":"Living Wall","floor":3,"gold_loss":0}],"is_beta":false,"boss_relics":[],"items_purged_floors":[12],"is_endless":false,"potions_floor_spawned":[1,7,11,13],"killed_by":"Fading Forest","ascension_level":12}}