{"host":"0i8dz4ityulxi1rd","time":1609048878,"event":{"mods":["BaseMod","Colored Map","Colored Powertips","Custom Start","Highlight Path","Hubris","Keyboard Shortcuts","Minty Spire (QoL Compilation)","StSLib","SuperFastMode"],"gold_per_floor":[111,129,139,14,14,14,147,147,147,147,159,159,159],"floor_reached":12,"playtime":264,"items_purged":["Strike_B"],"score":156,"play_id":"fe86951f-c0b5-4290-819a-148ac714d4ae","local_time":"20201227150118","is_ascension_mode":true,"campfire_choices":[{"data":"Zap","floor":6,"key":"SMITH"},{"floor":10,"key":"REST"}],"circlet_count":0,"master_deck":["AscendersBane","Strike_B","Strike_B","Strike_B","Defend_B","Defend_B","Defend_B","Defend_B","Zap+1","Dualcast","hubris:PowerSurge","Streamline","Reinforced Body","Gash","Sweeping Beam","Gash"],"relics":["Cracked Core","NeowsBlessing","hubris:Icosahedron","The Courier","Meat on the Bone"],"acts_visited":["Exordium"],"potions_floor_usage":[12,12],"damage_taken":[{"damage":0,"enemies":"Cultist","floor":1,"turns":1},{"damage":0,"enemies":"Small Slimes","floor":2,"turns":1},{"damage":0,"enemies":"Jaw Worm","floor":3,"turns":1},{"damage":39,"enemies":"Gremlin Nob","floor":7,"turns":4},{"damage":18,"enemies":"Large Slime","floor":11,"turns":5},{"damage":19,"enemies":"Lagavulin","floor":12,"turns":5}],"seed_played":"-6423940145116989123","potions_obtained":[{"floor":1,"key":"FearPotion"},{"floor":2,"key":"DuplicationPotion"}],"is_trial":false,"path_per_floor":["M","M","M","$","?","R","E","?","T","R","M","E"],"character_chosen":"DEFECT","items_purchased":["Gash"],"campfire_rested":1,"item_purchase_floors":[4],"current_hp_per_floor":[64,64,64,64,64,64,25,7,7,28,22,3,3],"gold":159,"neow_bonus":"THREE_ENEMY_KILL","is_daily":false,"chose_seed":false,"campfire_upgraded":1,"win_rate":0.0,"timestamp":1609048878,"path_taken":["M","?","M","$","?","R","E","?","T","R","M","E"],"items_purchased_type":["Card"],"build_version":"2020-12-22","purchased_purges":1,"victory":false,"max_hp_per_floor":[71,71,71,71,71,71,71,71,71,71,71,71,71],"card_choices":[{"not_picked":["Turbo","Rebound"],"picked":"hubris:PowerSurge","floor":1},{"not_picked":["BootSequence","Barrage"],"picked":"Streamline","floor":2},{"not_picked":["Steam","Heatsinks"],"picked":"Reinforced Body","floor":3},{"not_picked":["Streamline","hubris:PowerSurge"],"picked":"Sweeping Beam","floor":7},{"not_picked":["Ball Lightning","Undo"],"picked":"Gash","floor":11}],"player_experience":1266922,"relics_obtained":[{"floor":7,"key":"The Courier"},{"floor":9,"key":"Meat on the Bone"}],"event_choices":[{"damage_healed":0,"gold_gain":0,"player_choice":"Fled","damage_taken":18,"max_hp_gain":0,"max_hp_loss":0,"event_name":"Scrap Ooze","floor":8,"gold_loss":0}],"is_beta":false,"boss_relics":[],"items_purged_floors":[4],"is_endless":false,"potions_floor_spawned":[1,2,11],"killed_by":"Lagavulin","ascension_level":20}}