{"host":"mjmsgaxkb56jw5c5","time":1609111182,"event":{"mods":["Aspiration","BaseMod","Colored Powertips","Conspire","Downfall","Hubris","Minty Spire (QoL Compilation)","Replay The Spire","StSLib","The Jungle"],"gold_per_floor":[111,3,17,35,49,78,88,88,134,134,145,145,184,207,207,317,317,338,361,12,38,38,91,91,112,135,183,219,22,51,51,51,190,190,237,237,265,265,292,292,337,377,458,482,482,525,80,117,117,119],"floor_reached":51,"playtime":1856,"items_purged":["Defend_R","Defend_R"],"score":1075,"play_id":"be07a00b-4e3b-4ec8-bee4-d943918cc408","local_time":"20201228001942","is_ascension_mode":true,"campfire_choices":[{"floor":8,"key":"REST"},{"floor":10,"key":"REST"},{"floor":15,"key":"REST"},{"floor":24,"key":"REST"},{"floor":40,"key":"REST"},{"floor":45,"key":"REST"},{"floor":49,"key":"REST"}],"circlet_count":0,"master_deck":["Strike_R","Strike_R","Strike_R","Strike_R","Strike_R","Defend_R","Defend_R","Bash","ReplayTheSpireMod:Muscle Training","Pot Of Greed","Headbutt","Pot Of Greed","Perfected Strike","Whirlwind","ReplayTheSpireMod:Muscle Training","Spot Weakness","Pommel Strike","conspire:HitWhereItHurts+1","Injury","Clumsy","ReplayTheSpireMod:Faulty Equipment","Double Tap+1","Heavy Blade","Inflame","Inflame","Pot Of Greed","Pommel Strike","Bash","Hemogenesis","hubris:ReadiedAction+1","Pummel","Thunderclap","ReplayTheSpireMod:Brewmster","ReplayTheSpireMod:Brewmster+1","Thunderclap","Limit Break","Bloodletting+1","Pot Of Greed","Shockwave+1","Parasite","Pummel","Battle Trance+1","ReplayTheSpireMod:Muscle Training+1","Finesse","Dual Wield+1"],"relics":["Fusion Hammer","Grinning Jar","aspiration:AnachronicSnailShell","aspiration:Lifesprig","Regal Pillow","aspiration:HummingbirdHeart","Replay:Bandana","Toolbox","Replay:Ancient Bell","Blue Doll","conspire:DeflatedDodgeball","Du-Vu Doll","Guide Book","Dream Catcher","ReplayFunnel","hubris:ToyBattleship","ReplayTheSpireMod:Spearhead","SacredBark","hubris:Towel","hubris:Icosahedron","Shuriken","Red Skull","Charon\u0027s Ashes","hubris:TenFootPole","aspiration:ChemicalBlood"],"acts_visited":["Exordium","TheCity","TheBeyond"],"potions_floor_usage":[5,13,16,21,21,28,30,30,30,30,30,33,33,37,39,39,39,39,42,46,50,50],"damage_taken":[{"damage":7,"enemies":"2 Louse","floor":1,"turns":2},{"damage":1,"enemies":"Cultist","floor":3,"turns":2},{"damage":8,"enemies":"Jaw Worm","floor":4,"turns":2},{"damage":10,"enemies":"Gremlin Gang","floor":5,"turns":5},{"damage":13,"enemies":"Replay:BlueRogue","floor":6,"turns":3},{"damage":19,"enemies":"Exordium Thugs","floor":7,"turns":4},{"damage":6,"enemies":"Large Slime","floor":11,"turns":4},{"damage":0,"enemies":"Gremlin Gang","floor":13,"turns":1},{"damage":2,"enemies":"Blue Slaver","floor":14,"turns":2},{"damage":29,"enemies":"Hexaghost","floor":16,"turns":6},{"damage":2,"enemies":"conspire:FuzzyDice","floor":18,"turns":4},{"damage":1,"enemies":"Chosen","floor":19,"turns":3},{"damage":5,"enemies":"Snake Plant","floor":21,"turns":2},{"damage":17,"enemies":"Gremlin Leader","floor":23,"turns":4},{"damage":0,"enemies":"Snecko","floor":25,"turns":2},{"damage":7,"enemies":"Book of Stabbing","floor":27,"turns":3},{"damage":5,"enemies":"3 Cultists","floor":28,"turns":4},{"damage":18,"enemies":"Sentry and Sphere","floor":30,"turns":4},{"damage":9,"enemies":"Collector","floor":33,"turns":4},{"damage":3,"enemies":"3 Darklings","floor":35,"turns":3},{"damage":26,"enemies":"3 Shapes","floor":37,"turns":3},{"damage":13,"enemies":"Writhing Mass","floor":39,"turns":5},{"damage":4,"enemies":"3 Darklings","floor":41,"turns":3},{"damage":31,"enemies":"Transient","floor":42,"turns":5},{"damage":10,"enemies":"R_Hoarder","floor":46,"turns":3},{"damage":14,"enemies":"Maw","floor":48,"turns":5},{"damage":0,"enemies":"hubris:GrandSnecko","floor":50,"turns":1}],"seed_played":"7104518818965451511","potions_obtained":[{"floor":3,"key":"ColorlessPotion"},{"floor":5,"key":"Strength Potion"},{"floor":7,"key":"BlessingOfTheForge"},{"floor":13,"key":"hexamod:EctoCoolerPotion"},{"floor":14,"key":"Energy Potion"},{"floor":18,"key":"Reflective Coating"},{"floor":21,"key":"Strength Potion"},{"floor":27,"key":"Weak Potion"},{"floor":28,"key":"ColorlessPotion"},{"floor":33,"key":"SteroidPotion"},{"floor":37,"key":"Explosive Potion"}],"is_trial":false,"path_per_floor":["M","?","M","M","M","E","M","R","T","R","M","$","M","M","R","B",null,"M","M","$","M","?","E","R","M","T","E","M","$","M","$","R","B",null,"M","?","M","?","M","R","M","M","T","T","R","E","$","M","R","B",null],"character_chosen":"IRONCLAD","items_purchased":["Regal Pillow","aspiration:HummingbirdHeart","Replay:Bandana","Toolbox","Inflame","Guide Book","Dream Catcher","ReplayTheSpireMod:Brewmster","hubris:TenFootPole","Finesse","aspiration:ChemicalBlood"],"campfire_rested":7,"item_purchase_floors":[12,12,12,12,20,20,20,29,47,47,47],"current_hp_per_floor":[73,73,72,64,54,41,22,46,46,70,64,18,18,16,55,26,80,78,77,77,72,72,55,80,80,80,73,68,68,50,50,80,71,80,77,77,51,51,38,77,73,42,42,42,80,70,70,61,80,80],"gold":119,"neow_bonus":"BOSS_RELIC","is_daily":false,"chose_seed":false,"campfire_upgraded":0,"win_rate":0.0,"timestamp":1609111182,"path_taken":["M","?","?","M","M","E","?","R","T","R","M","?","M","?","R","BOSS","M","?","$","M","?","E","R","?","T","E","M","$","M","$","R","BOSS","M","?","M","?","M","R","M","M","T","?","R","E","$","M","R","BOSS"],"items_purchased_type":["Relic","Relic","Relic","Relic","Card","Relic","Relic","Card","Relic","Card","Relic"],"build_version":"2020-12-22","purchased_purges":2,"victory":true,"max_hp_per_floor":[80,80,80,80,80,80,80,80,80,80,80,80,80,80,80,80,80,80,80,80,80,80,80,80,80,80,80,80,80,80,80,80,80,80,80,80,80,80,80,80,80,80,80,80,80,80,80,80,80,80],"card_choices":[{"not_picked":["Sword Boomerang","Twin Strike"],"picked":"ReplayTheSpireMod:Muscle Training","floor":1},{"not_picked":["Battle Trance","Anger"],"picked":"Headbutt","floor":3},{"not_picked":["Dark Embrace","Cleave"],"picked":"Perfected Strike","floor":4},{"not_picked":["Run Through","Replay:Undeath\u0027s Touch","Flame Barrier"],"picked":"SKIP","floor":5},{"not_picked":["Exhume","Replay:Many Hands"],"picked":"Whirlwind","floor":6},{"not_picked":["hubris:ReadiedAction","Sever Soul"],"picked":"ReplayTheSpireMod:Muscle Training","floor":7},{"not_picked":["ReplayTheSpireMod:Corrosion Curse","Headbutt","Abandon"],"picked":"SKIP","floor":11},{"not_picked":["Sword Boomerang","Havoc"],"picked":"Spot Weakness","floor":13},{"not_picked":["ReplayTheSpireMod:Stacked","Perfected Strike"],"picked":"Pommel Strike","floor":14},{"not_picked":["Impervious","Fiend Fire"],"picked":"conspire:HitWhereItHurts","floor":16},{"not_picked":["Regret","ReplayTheSpireMod:Doomed"],"picked":"Injury","floor":17},{"not_picked":["Amnesia","Languid"],"picked":"Clumsy","floor":17},{"not_picked":["Sickly","hubris:Compulsion"],"picked":"ReplayTheSpireMod:Faulty Equipment","floor":17},{"not_picked":["Pommel Strike","Body Slam+1"],"picked":"Double Tap","floor":18},{"not_picked":["Flame Barrier","Defy Death"],"picked":"Heavy Blade","floor":19},{"not_picked":["Dropkick","Replay:Undeath\u0027s Touch"],"picked":"Pommel Strike","floor":21},{"not_picked":["Cleave","ReplayTheSpireMod:Strike From Hell","Iron Wave+1"],"picked":"SKIP","floor":23},{"not_picked":["Warcry","Clothesline"],"picked":"hubris:ReadiedAction+1","floor":24},{"not_picked":["conspire:Purge","Clothesline"],"picked":"Pummel","floor":25},{"not_picked":["Hemokinesis","Twin Strike","Replay:Undeath\u0027s Touch+1"],"picked":"SKIP","floor":27},{"not_picked":["Wild Strike","Clash"],"picked":"Thunderclap","floor":28},{"not_picked":["Cleave","Carnage+1"],"picked":"Thunderclap","floor":30},{"not_picked":["Reaper","Demonic Infusion"],"picked":"Limit Break","floor":33},{"not_picked":["Run Through","Havoc"],"picked":"Bloodletting+1","floor":35},{"not_picked":["Headbutt+1","Clothesline"],"picked":"Shockwave+1","floor":37},{"not_picked":["Havoc","Sword Boomerang","Dark Embrace"],"picked":"SKIP","floor":39},{"not_picked":["Clash+1","Perfected Strike"],"picked":"Pummel","floor":40},{"not_picked":["hubris:ReadiedAction","Havoc"],"picked":"Battle Trance+1","floor":41},{"not_picked":["Headbutt+1","Fiend Fire","Evolve+1"],"picked":"SKIP","floor":42},{"not_picked":["Offering","Replay:Undeath\u0027s Touch"],"picked":"ReplayTheSpireMod:Muscle Training+1","floor":46},{"not_picked":["True Grit","Evolve","Sever Soul+1"],"picked":"SKIP","floor":48},{"not_picked":["Iron Wave","Sword Boomerang+1"],"picked":"Dual Wield+1","floor":49}],"player_experience":221815,"relics_obtained":[{"floor":6,"key":"aspiration:AnachronicSnailShell"},{"floor":9,"key":"aspiration:Lifesprig"},{"floor":23,"key":"ReplayFunnel"},{"floor":26,"key":"hubris:ToyBattleship"},{"floor":27,"key":"ReplayTheSpireMod:Spearhead"},{"floor":43,"key":"Shuriken"},{"floor":44,"key":"Red Skull"},{"floor":46,"key":"Charon\u0027s Ashes"}],"event_choices":[{"damage_healed":0,"gold_gain":0,"player_choice":"Paid Gold","damage_taken":0,"relics_obtained":["Grinning Jar"],"max_hp_gain":0,"max_hp_loss":0,"event_name":"WeMeetAgain","floor":2,"gold_loss":108},{"damage_healed":0,"gold_gain":0,"player_choice":"2 cards matched","damage_taken":0,"max_hp_gain":0,"max_hp_loss":0,"event_name":"Match and Keep!","floor":22,"gold_loss":0,"cards_obtained":["Bash","Hemogenesis"]}],"is_beta":false,"boss_relics":[{"not_picked":["Ooze Armor","Painkiller Herb"],"picked":"Replay:Ancient Bell"},{"not_picked":["Oddly Smooth Stone","Bronze Scales"],"picked":"Blue Doll"},{"not_picked":["Letter Opener","Pantograph"],"picked":"conspire:DeflatedDodgeball"},{"not_picked":["Dead Branch","aspiration:HatOfInfinitePower"],"picked":"Du-Vu Doll"},{"not_picked":["Black Star","aspiration:SecretTechniqueScroll"],"picked":"SacredBark"}],"items_purged_floors":[29,47],"is_endless":false,"potions_floor_spawned":[3,5,7,13,14,18,21,27,28,33,37,46],"ascension_level":4}}