{"host":"yuoancq4cku3x8wq","time":1609085523,"event":{"mods":["ATMod(°¢èªMod)","AchievementEnabler","BaseMod","Minty Spire (QoL Compilation)","Quick Restart","StSLib","SuperFastMode"],"gold_per_floor":[119,137,137,62,77,108,126,126,126,140,189,219,219,233,233,308,308,326,345,345,20,35,35,35],"floor_reached":23,"playtime":414,"items_purged":["Defend_P"],"score":556,"play_id":"e0acbb89-d88e-4468-99fd-32ac37fba013","local_time":"20201228001203","is_ascension_mode":true,"campfire_choices":[{"data":"Eruption","floor":8.0,"key":"SMITH"},{"data":"Scrawl","floor":13.0,"key":"SMITH"},{"data":"Conclude","floor":15.0,"key":"SMITH"}],"circlet_count":0,"master_deck":["AscendersBane","Strike_P","Strike_P","Strike_P","Strike_P","Defend_P","Defend_P","Defend_P","Eruption+1","Vigilance","AT_MachinaRedman+1","Conclude+1","CutThroughFate","BowlingBash","Scrawl+1","Ragnarok","ClearTheMind","Necronomicurse","Fasting2","Tantrum"],"relics":["PureWater","AT_ATBox","NeowsBlessing","Tiny Chest","Letter Opener","AT_ChloranthyRing","Ornamental Fan","VioletLotus","Necronomicon","OrangePellets"],"acts_visited":["Exordium","TheCity"],"potions_floor_usage":[],"damage_taken":[{"damage":0.0,"enemies":"Small Slimes","floor":1.0,"turns":2.0},{"damage":0.0,"enemies":"Cultist","floor":2.0,"turns":1.0},{"damage":6.0,"enemies":"2 Louse","floor":5.0,"turns":2.0},{"damage":30.0,"enemies":"Lagavulin","floor":6.0,"turns":3.0},{"damage":0.0,"enemies":"Looter","floor":7.0,"turns":2.0},{"damage":0.0,"enemies":"Exordium Thugs","floor":10.0,"turns":1.0},{"damage":0.0,"enemies":"Gremlin Nob","floor":12.0,"turns":2.0},{"damage":0.0,"enemies":"Lots of Slimes","floor":14.0,"turns":2.0},{"damage":0.0,"enemies":"Slime Boss","floor":16.0,"turns":2.0},{"damage":0.0,"enemies":"Chosen","floor":18.0,"turns":2.0},{"damage":13.0,"enemies":"2 Thieves","floor":19.0,"turns":2.0},{"damage":0,"enemies":"Centurion and Healer","floor":22,"turns":1},{"damage":30,"enemies":"Slavers","floor":23,"turns":2}],"seed_played":"-8714379959867233274","potions_obtained":[{"floor":2.0,"key":"Swift Potion"},{"floor":5.0,"key":"ColorlessPotion"},{"floor":6.0,"key":"Ambrosia"},{"floor":10.0,"key":"AttackPotion"}],"is_trial":false,"path_per_floor":["M","M","?","$","M","E","M","R","T","M","T","E","R","M","R","B",null,"M","M","?","$","M","E"],"character_chosen":"WATCHER","items_purchased":["Fasting2","OrangePellets","Tantrum"],"campfire_rested":0,"item_purchase_floors":[21,21,21],"current_hp_per_floor":[61,61,61,61,55,25,25,25,25,25,25,25,25,25,25,25,57,57,44,23,23,23,0,0],"gold":35,"neow_bonus":"THREE_ENEMY_KILL","is_daily":false,"chose_seed":false,"campfire_upgraded":3,"win_rate":0.0,"timestamp":1609085523,"path_taken":["M","M","?","$","M","E","?","R","T","M","?","E","R","M","R","BOSS","M","M","?","$","M","E"],"items_purchased_type":["Card","Relic","Card"],"build_version":"2020-12-22","purchased_purges":1,"victory":false,"max_hp_per_floor":[68,68,68,68,68,68,68,68,68,68,68,68,68,68,68,68,68,68,68,68,68,68,68,68],"card_choices":[{"not_picked":["CrushJoints","FlyingSleeves"],"picked":"Conclude","floor":1.0},{"not_picked":["Study","Protect","Wireheading"],"picked":"SKIP","floor":2.0},{"not_picked":["CrushJoints","WheelKick","SashWhip"],"picked":"SKIP","floor":5.0},{"not_picked":["Perseverance","EmptyBody","ThirdEye"],"picked":"SKIP","floor":6.0},{"not_picked":["Perseverance","EmptyBody","ThirdEye"],"picked":"SKIP","floor":6.0},{"not_picked":["ForeignInfluence","LikeWater"],"picked":"CutThroughFate","floor":7.0},{"not_picked":["FlyingSleeves","FollowUp"],"picked":"BowlingBash","floor":10.0},{"not_picked":["Conclude","AT_ChampionStep"],"picked":"Scrawl","floor":12.0},{"not_picked":["Sanctity","ReachHeaven","FollowUp"],"picked":"SKIP","floor":14.0},{"not_picked":["Alpha","Blasphemy"],"picked":"Ragnarok","floor":16.0},{"not_picked":["CutThroughFate","FlyingSleeves","Conclude"],"picked":"SKIP","floor":18.0},{"not_picked":["JustLucky","Consecrate"],"picked":"ClearTheMind","floor":19.0},{"not_picked":["AT_DivineConfetti","Consecrate+1","DeceiveReality"],"picked":"SKIP","floor":22}],"player_experience":234336,"relics_obtained":[{"floor":6.0,"key":"Tiny Chest"},{"floor":9.0,"key":"Letter Opener"},{"floor":11.0,"key":"AT_ChloranthyRing"},{"floor":12.0,"key":"Ornamental Fan"},{"floor":20.0,"key":"Necronomicon"}],"event_choices":[{"damage_healed":0.0,"max_hp_gain":0.0,"max_hp_loss":0.0,"gold_gain":0.0,"event_name":"Upgrade Shrine","player_choice":"Upgraded","floor":3.0,"gold_loss":0.0,"damage_taken":0.0,"cards_upgraded":["AT_MachinaRedman"]},{"damage_healed":0.0,"max_hp_gain":0.0,"max_hp_loss":0.0,"gold_gain":0.0,"event_name":"Cursed Tome","player_choice":"Obtained Book","floor":20.0,"gold_loss":0.0,"damage_taken":21.0}],"is_beta":false,"boss_relics":[{"not_picked":["SacredBark","Fusion Hammer"],"picked":"VioletLotus"}],"items_purged_floors":[4],"is_endless":false,"potions_floor_spawned":[2,5,6,7,10],"killed_by":"Slavers","ascension_level":20}}