{"host":"vj8ayykh40xqfkaq","time":1609074200,"event":{"mods":["BaseMod","Colored Map","Downfall","Minty Spire (QoL Compilation)","StSLib"],"gold_per_floor":[99,118,136,151,151,151,151,76,102,112,112,128,161,71,86,183,183,108,125,139,149,134,151,151,184,109,94,94,108,108,108,123,228,228,228,245,261,278,288,288,362,362,362,707,707,190,217,229,249,249,249,282,27,27,27,27,27],"floor_reached":55,"playtime":3848,"items_purged":["Slimebound:Strike_Slimebound"],"score":701,"play_id":"92f07d63-08f6-48fb-990a-89966f2d7cd5","local_time":"20201227150320","is_ascension_mode":false,"campfire_choices":[{"data":"Slimebound:Split","floor":1.0,"key":"SMITH"},{"floor":6.0,"key":"RECALL"},{"data":"Slimebound:CorrosiveSpit","floor":8.0,"key":"SMITH"},{"data":"Slimebound:DuplicatedForm","floor":11.0,"key":"SMITH"},{"data":"Slimebound:GrowthPunch","floor":18.0,"key":"SMITH"},{"floor":26.0,"key":"DIG"},{"floor":28.0,"key":"DIG"},{"floor":30.0,"key":"DIG"},{"floor":35.0,"key":"DIG"},{"floor":45,"key":"DIG"},{"floor":54,"key":"REST"}],"circlet_count":0,"master_deck":["Slimebound:Strike_Slimebound","Slimebound:Tackle","Slimebound:Defend_Slimebound","Slimebound:Defend_Slimebound","Slimebound:Split+1","Slimebound:CorrosiveSpit+1","Slimebound:LivingWall","Slimebound:FinishingTackle","Slimebound:GrowthPunch+1","Slimebound:RainOfGoop","Slimebound:LeechingTouch","Slimebound:Prepare","Slimebound:SplitSpecialist","Slimebound:OozeBath","Slimebound:Replication+1","Slimebound:PressTheAttack+1","Slimebound:LeadByExample","Slimebound:SplitLeeching+1","Slimebound:Nibble","Slimebound:Darklings","Slimebound:LevelUp","Slimebound:TagTeam"],"relics":["Slimebound:AbsorbEndCombat","Gremlin Horn","downfall:HeartBlessingRed","MealTicket","Tiny Chest","Runic Pyramid","downfall:HeartBlessingGreen","Shovel","downfall:HeartBlessingBlue","PreservedInsect","Centennial Puzzle","Slimebound:MaxSlimesRelic","Empty Cage","Mummified Hand","Meat on the Bone","Lizard Tail","StrikeDummy","Ancient Tea Set","Toolbox","Bag of Marbles","Slimebound:AggressiveSlimeRelic","Pen Nib","OrangePellets"],"acts_visited":["TheBeyond","TheEnding"],"potions_floor_usage":[50,50,55,55],"damage_taken":[{"damage":13.0,"enemies":"Small Slimes","floor":2.0,"turns":4.0},{"damage":11.0,"enemies":"2 Louse","floor":3.0,"turns":3.0},{"damage":11.0,"enemies":"Jaw Worm","floor":4.0,"turns":3.0},{"damage":17.0,"enemies":"Lagavulin","floor":9.0,"turns":7.0},{"damage":10.0,"enemies":"Exordium Wildlife","floor":10.0,"turns":5.0},{"damage":8.0,"enemies":"Blue Slaver","floor":12.0,"turns":3.0},{"damage":52.0,"enemies":"3 Sentries","floor":13.0,"turns":7.0},{"damage":14.0,"enemies":"downfall:FleeingMerchant","floor":14.0,"turns":4.0},{"damage":28.0,"enemies":"Lots of Slimes","floor":15.0,"turns":4.0},{"damage":33.0,"enemies":"downfall:Watcher","floor":16.0,"turns":7.0},{"damage":32.0,"enemies":"Spheric Guardian","floor":19.0,"turns":5.0},{"damage":31.0,"enemies":"3 Byrds","floor":20.0,"turns":4.0},{"damage":49.0,"enemies":"Centurion and Healer","floor":21.0,"turns":6.0},{"damage":26.0,"enemies":"downfall:FleeingMerchant","floor":22.0,"turns":4.0},{"damage":27.0,"enemies":"Snecko","floor":23.0,"turns":5.0},{"damage":59.0,"enemies":"Slavers","floor":25.0,"turns":5.0},{"damage":12.0,"enemies":"downfall:FleeingMerchant","floor":27.0,"turns":4.0},{"damage":38.0,"enemies":"Snake Plant","floor":29.0,"turns":4.0},{"damage":41.0,"enemies":"Centurion and Healer","floor":32.0,"turns":4.0},{"damage":49.0,"enemies":"downfall:Ironclad","floor":33.0,"turns":7.0},{"damage":36.0,"enemies":"Orb Walker","floor":36.0,"turns":4.0},{"damage":43.0,"enemies":"3 Darklings","floor":37.0,"turns":5.0},{"damage":35.0,"enemies":"4 Shapes","floor":38.0,"turns":5.0},{"damage":33.0,"enemies":"Jaw Worm Horde","floor":39.0,"turns":4.0},{"damage":42.0,"enemies":"downfall:FleeingMerchant","floor":44.0,"turns":4.0},{"damage":48,"enemies":"Maw","floor":48,"turns":3},{"damage":50,"enemies":"4 Shapes","floor":49,"turns":2},{"damage":69,"enemies":"downfall:Silent","floor":50,"turns":9},{"damage":70,"enemies":"downfall:CharBossMerchant","floor":52,"turns":6},{"damage":184,"enemies":"downfall:NeowBoss","floor":55,"turns":18}],"seed_played":"-4411647733106625845","potions_obtained":[{"floor":0.0,"key":"Slimebound:SpawnSlimePotion"},{"floor":0.0,"key":"GamblersBrew"},{"floor":0.0,"key":"Strength Potion"},{"floor":4.0,"key":"champ:CounterPotion"},{"floor":13.0,"key":"EntropicBrew"},{"floor":52,"key":"Swift Potion"}],"is_trial":false,"path_per_floor":["R","M","M","M","?","R","T","R","E","M","R","M","E","$","M","B",null,"R","M","M","M","$","M","T","E","R","$","R","M","R","?","M","B",null,"R","M","M","M","M","?","T","T","T","$","R","$","?","M","M","B",null,"E","$","R","B"],"character_chosen":"SLIMEBOUND","items_purchased":["Slimebound:TagTeam","Toolbox","Bag of Marbles","Regen Potion","OrangePellets","CultistPotion"],"campfire_rested":1,"item_purchase_floors":[46,46,46,46,53,53],"current_hp_per_floor":[60,60,60,59,59,59,59,59,59,60,60,60,39,58,60,60,60,60,59,48,55,59,60,60,29,39,64,64,57,57,57,59,57,70,70,54,53,48,47,47,47,47,47,62,62,70,70,66,54,56,70,40,55,70,0,0,0],"gold":27,"neow_bonus":"THREE_SMALL_POTIONS","is_daily":false,"chose_seed":false,"campfire_upgraded":4,"win_rate":0.0,"timestamp":1609074200,"path_taken":["R","M","M","M","?","R","T","R","E","M","R","M","E","$","M","BOSS","R","M","M","M","$","M","T","E","R","$","R","M","R","?","M","BOSS","R","M","M","M","M","?","T","?","?","?","R","$","?","M","M","BOSS","E","$","R","BOSS"],"items_purchased_type":["Card","Relic","Relic","Potion","Relic","Potion"],"build_version":"2020-12-22","purchased_purges":1,"victory":false,"max_hp_per_floor":[60,60,60,60,60,60,60,60,60,60,60,60,60,60,60,60,60,60,60,60,60,60,60,60,60,70,70,70,70,70,70,70,70,70,70,70,70,70,70,70,70,70,70,70,70,70,70,70,70,70,70,70,70,70,70,70,70],"card_choices":[{"not_picked":["Slimebound:SplitMire","Slimebound:ServeAndProtect"],"picked":"Slimebound:LivingWall","floor":2.0},{"not_picked":["Slimebound:Schlurp","Slimebound:HauntingLick"],"picked":"Slimebound:FinishingTackle","floor":3.0},{"not_picked":["Slimebound:LeechEnergy","Slimebound:Nibble"],"picked":"Slimebound:GrowthPunch","floor":4.0},{"not_picked":["Slimebound:Prepare","Slimebound:SplitAcid"],"picked":"Slimebound:RainOfGoop","floor":9.0},{"not_picked":["Slimebound:RollThrough","Slimebound:SlimeSpikes"],"picked":"Slimebound:DuplicatedForm","floor":10.0},{"not_picked":["Slimebound:SamplingLick","Slimebound:SplitLeeching"],"picked":"Slimebound:LeechingTouch","floor":12.0},{"not_picked":["Slimebound:SplitAcid","Slimebound:ServeAndProtect","Slimebound:GoopSpray"],"picked":"SKIP","floor":13.0},{"not_picked":["Slimebound:SplitBruiser","Slimebound:DivideAndConquer"],"picked":"Slimebound:Prepare","floor":14.0},{"not_picked":["Slimebound:ProtectTheBoss","Slimebound:RollThrough"],"picked":"Slimebound:SplitSpecialist","floor":15.0},{"not_picked":["Slimebound:TagTeam","Slimebound:DuplicatedForm"],"picked":"Slimebound:OozeBath","floor":16.0},{"not_picked":["Slimebound:Gluttony","Slimebound:TongueLash","Slimebound:HungryTackle"],"picked":"SKIP","floor":19.0},{"not_picked":["Slimebound:Dissolve","Slimebound:SplitAcid"],"picked":"Slimebound:Replication+1","floor":20.0},{"not_picked":["Slimebound:GrowthPunch","Slimebound:SplitMire","Slimebound:FinishingTackle"],"picked":"SKIP","floor":21.0},{"not_picked":["Slimebound:RollThrough","Slimebound:SplitAcid","Slimebound:SelfFormingGoo"],"picked":"SKIP","floor":22.0},{"not_picked":["Slimebound:ComboTackle+1","Slimebound:Equalize"],"picked":"Slimebound:PressTheAttack+1","floor":23.0},{"not_picked":["Slimebound:RollThrough","Slimebound:ServeAndProtect"],"picked":"Slimebound:LeadByExample","floor":25.0},{"not_picked":["Slimebound:LeadByExample","Slimebound:PressTheAttack+1"],"picked":"Slimebound:SplitLeeching+1","floor":27.0},{"not_picked":["Slimebound:LeechingTouch","Slimebound:RollThrough","Slimebound:SplitBruiser"],"picked":"SKIP","floor":29.0},{"not_picked":["Slimebound:ItLooksTasty","Slimebound:SplitAcid","Slimebound:OozeBath"],"picked":"SKIP","floor":32.0},{"not_picked":["Slimebound:PrepareCrush","Slimebound:MinionMaster"],"picked":"Slimebound:Darklings","floor":33.0},{"not_picked":["Slimebound:SplitMire","Slimebound:LeadByExample","Slimebound:LeechEnergy"],"picked":"SKIP","floor":36.0},{"not_picked":["Slimebound:SplitAcid","Slimebound:FlameTackle"],"picked":"Slimebound:LevelUp","floor":37.0},{"not_picked":["Slimebound:SlimeBrawl","Slimebound:GrowthPunch","Slimebound:LeechingTouch+1"],"picked":"SKIP","floor":38.0},{"not_picked":["Slimebound:ServeAndProtect+1","Slimebound:FirmFortitude","Slimebound:SplitMire+1"],"picked":"SKIP","floor":39.0},{"not_picked":["Slimebound:RollThrough","Slimebound:SplitAcid","Slimebound:ComboTackle+1"],"picked":"SKIP","floor":44},{"not_picked":["Slimebound:Nibble+1","Slimebound:PressTheAttack+1","Slimebound:SplitBruiser+1"],"picked":"SKIP","floor":48},{"not_picked":["Slimebound:PressTheAttack","Slimebound:RollThrough","Slimebound:DisruptingSlam+1"],"picked":"SKIP","floor":49},{"not_picked":["Slimebound:ForwardTackle","Slimebound:Gluttony+1","Slimebound:SplitBruiser+1"],"picked":"SKIP","floor":52}],"player_experience":440535,"relics_obtained":[{"floor":7.0,"key":"Gremlin Horn"},{"floor":9.0,"key":"MealTicket"},{"floor":13.0,"key":"Tiny Chest"},{"floor":25.0,"key":"Shovel"},{"floor":26.0,"key":"PreservedInsect"},{"floor":28.0,"key":"Centennial Puzzle"},{"floor":30.0,"key":"Slimebound:MaxSlimesRelic"},{"floor":35.0,"key":"Mummified Hand"},{"floor":41.0,"key":"Meat on the Bone"},{"floor":42.0,"key":"Lizard Tail"},{"floor":43.0,"key":"StrikeDummy"},{"floor":45,"key":"Ancient Tea Set"},{"floor":47,"key":"Slimebound:AggressiveSlimeRelic"},{"floor":52,"key":"Pen Nib"}],"event_choices":[{"cards_removed":["Slimebound:Strike_Slimebound"],"damage_healed":0.0,"max_hp_gain":0.0,"max_hp_loss":0.0,"gold_gain":0.0,"event_name":"The Cleric","player_choice":"Card Removal","floor":5.0,"gold_loss":0.0,"damage_taken":0.0},{"damage_healed":0.0,"max_hp_gain":0.0,"max_hp_loss":0.0,"gold_gain":0.0,"event_name":"The Library","player_choice":"Read","floor":31.0,"gold_loss":0.0,"damage_taken":0.0,"cards_obtained":["Slimebound:Nibble"]},{"cards_removed":["Slimebound:DuplicatedForm"],"damage_healed":0.0,"max_hp_gain":0.0,"max_hp_loss":0.0,"gold_gain":0.0,"event_name":"Falling","player_choice":"Removed Power","floor":40.0,"gold_loss":0.0,"damage_taken":0.0}],"is_beta":false,"boss_relics":[{"not_picked":["Runic Dome","Cursed Key"],"picked":"Runic Pyramid"},{"not_picked":["Snecko Eye","Fusion Hammer"],"picked":"Empty Cage"}],"items_purged_floors":[14],"is_endless":false,"potions_floor_spawned":[4,12,13,16,20,21,23,33,36,38,48,52],"killed_by":"downfall:NeowBoss","ascension_level":0}}