{"host":"y1gy3vaohdji07z5","time":1609093329,"event":{"mods":["AchievementEnabler","BaseMod","Colored Map","Colored Powertips","Hermit","Minty Spire (QoL Compilation)","Random Character Button","Rare Cards Sparkle","StSLib"],"gold_per_floor":[111,30,48,68,78,78,104,104,127,1,1,1,1,17,17,120,120,140,140,90,270,73,73,93,93,93,121,121,34,47,66,66,163,163,183,196,196,11,11,11,43,60,84,84,84,110,110,128,128,128],"floor_reached":51,"playtime":13305,"items_purged":["Strike_G","Strike_G","Strike_G","Strike_G+1","Outmaneuver"],"score":696,"play_id":"96feb113-0a67-4d31-994d-5a45573845b2","local_time":"20201227192209","is_ascension_mode":false,"campfire_choices":[{"data":"Footwork","floor":6.0,"key":"SMITH"},{"floor":8.0,"key":"REST"},{"data":"Terror","floor":12,"key":"SMITH"},{"data":"Slice","floor":15,"key":"SMITH"},{"data":"Noxious Fumes","floor":23,"key":"SMITH"},{"data":"Noxious Fumes","floor":25,"key":"SMITH"},{"data":"Noxious Fumes","floor":32,"key":"SMITH"},{"data":"Footwork","floor":40,"key":"SMITH"},{"data":"Tools of the Trade","floor":45,"key":"SMITH"},{"data":"Crippling Poison","floor":47,"key":"SMITH"},{"data":"Crippling Poison","floor":49,"key":"SMITH"}],"circlet_count":0,"master_deck":["Defend_G","Defend_G+1","Defend_G+1","Defend_G","Defend_G","Survivor","Neutralize","Sucker Punch+1","Noxious Fumes+1","Slice+1","Footwork+1","Cloak And Dagger","Terror+1","Noxious Fumes+1","Tools of the Trade+1","Venomology","Cloak And Dagger","Crippling Poison+1","Dodge and Roll","Noxious Fumes+1","Crippling Poison+1","Catalyst+1","Impatience","Deep Breath+1","Secret Weapon","Footwork+1","Finesse","Terror","Deadly Poison+1"],"relics":["Ring of the Snake","War Paint","Toy Ornithopter","Smiling Mask","HoveringKite","Vajra","Whetstone","Mercury Hourglass","Art of War","Black Star","Gremlin Horn","Girya","Sundial","Orichalcum","Mummified Hand","Bag of Marbles"],"acts_visited":["Exordium","TheCity","TheBeyond"],"potions_floor_usage":[16,18,24,24,27,31,35,35,36,41,42,42,46,46,48,50,50,50,50,50],"damage_taken":[{"damage":0.0,"enemies":"Cultist","floor":1.0,"turns":4.0},{"damage":0.0,"enemies":"Jaw Worm","floor":3.0,"turns":4.0},{"damage":0.0,"enemies":"2 Louse","floor":4.0,"turns":3.0},{"damage":15.0,"enemies":"Gremlin Gang","floor":5.0,"turns":7.0},{"damage":22.0,"enemies":"Gremlin Nob","floor":7.0,"turns":5.0},{"damage":5,"enemies":"Lots of Slimes","floor":14,"turns":5},{"damage":4,"enemies":"Hexaghost","floor":16,"turns":9},{"damage":15,"enemies":"3 Byrds","floor":18,"turns":7},{"damage":19,"enemies":"2 Thieves","floor":24,"turns":4},{"damage":1,"enemies":"Book of Stabbing","floor":27,"turns":6},{"damage":1,"enemies":"Centurion and Healer","floor":30,"turns":6},{"damage":18,"enemies":"Sentry and Sphere","floor":31,"turns":5},{"damage":8,"enemies":"Collector","floor":33,"turns":9},{"damage":3,"enemies":"3 Darklings","floor":35,"turns":5},{"damage":3,"enemies":"Orb Walker","floor":36,"turns":5},{"damage":7,"enemies":"Nemesis","floor":41,"turns":9},{"damage":10,"enemies":"Spire Growth","floor":42,"turns":6},{"damage":23,"enemies":"Giant Head","floor":46,"turns":10},{"damage":15,"enemies":"Jaw Worm Horde","floor":48,"turns":5},{"damage":33,"enemies":"Time Eater","floor":50,"turns":7}],"seed_played":"-7071568912023194134","potions_obtained":[{"floor":5.0,"key":"DistilledChaos"},{"floor":7.0,"key":"Weak Potion"},{"floor":16,"key":"Regen Potion"},{"floor":24,"key":"EssenceOfSteel"},{"floor":36,"key":"EssenceOfSteel"},{"floor":41,"key":"Dexterity Potion"},{"floor":42,"key":"LiquidBronze"}],"is_trial":false,"path_per_floor":["M","$","M","M","M","R","E","R","T","$","?","R","?","M","R","B",null,"M","?","$","?","$","R","M","R","T","E","?","$","M","M","R","B",null,"M","M","?","$","?","R","E","M","T","?","R","E","R","M","R","B",null],"character_chosen":"THE_SILENT","items_purchased":["Noxious Fumes","Slice","Noxious Fumes","Whetstone","Noxious Fumes","Footwork","Finesse"],"campfire_rested":1,"item_purchase_floors":[2,2,10,22,29,38,38],"current_hp_per_floor":[70,70,70,70,55,55,33,54,54,54,54,54,47,42,42,43,70,55,55,55,36,36,36,41,41,41,45,45,45,44,31,31,23,70,67,69,59,59,59,59,57,57,57,57,57,44,44,34,34,41],"gold":128,"neow_bonus":"RANDOM_COMMON_RELIC","is_daily":false,"chose_seed":false,"campfire_upgraded":10,"win_rate":0.0,"timestamp":1609093329,"path_taken":["M","$","?","M","M","R","E","R","T","$","?","R","?","M","R","BOSS","M","?","$","?","$","R","?","R","T","E","?","$","M","?","R","BOSS","M","?","?","$","?","R","E","?","T","?","R","E","R","?","R","BOSS"],"items_purchased_type":["Card","Card","Card","Relic","Card","Card","Card"],"build_version":"2020-12-22","purchased_purges":5,"victory":true,"max_hp_per_floor":[70,70,70,70,70,70,70,70,70,70,70,70,70,70,70,70,70,70,70,70,70,70,70,70,70,70,70,70,70,70,70,70,70,70,70,70,70,70,70,70,70,70,70,70,70,70,70,70,70,70],"card_choices":[{"not_picked":["Outmaneuver","PiercingWail"],"picked":"Sucker Punch","floor":1.0},{"not_picked":["Distraction","Sucker Punch"],"picked":"Footwork","floor":3.0},{"not_picked":["Flechettes","Heel Hook"],"picked":"Cloak And Dagger","floor":4.0},{"not_picked":["Acrobatics","Bane"],"picked":"Outmaneuver","floor":5.0},{"not_picked":["Outmaneuver","Dagger Spray"],"picked":"Terror","floor":7.0},{"not_picked":["Escape Plan","Dagger Throw"],"picked":"Tools of the Trade","floor":14},{"not_picked":["Malaise","Storm of Steel"],"picked":"Venomology","floor":16},{"not_picked":["Acrobatics+1","Flying Knee"],"picked":"Cloak And Dagger","floor":18},{"not_picked":["Finisher","Endless Agony"],"picked":"Quick Slash","floor":24},{"not_picked":["Flying Knee+1","Eviscerate+1"],"picked":"Crippling Poison","floor":27},{"not_picked":["Masterful Stab","Backstab"],"picked":"Crippling Poison","floor":30},{"not_picked":["Acrobatics+1","Accuracy+1","Bane"],"picked":"SKIP","floor":31},{"not_picked":["Flechettes+1","Underhanded Strike+1"],"picked":"Catalyst+1","floor":35},{"not_picked":["Blade Dance+1","Setup","Riddle With Holes+1"],"picked":"SKIP","floor":36},{"not_picked":["HandOfGreed","PanicButton"],"picked":"Impatience","floor":37},{"not_picked":["Mind Blast","Panacea"],"picked":"Deep Breath","floor":37},{"not_picked":["Trip","Chrysalis"],"picked":"Secret Weapon","floor":37},{"not_picked":["Dagger Throw","Envenom"],"picked":"Terror","floor":41},{"not_picked":["Slice","Leg Sweep+1","Poisoned Stab+1"],"picked":"SKIP","floor":42},{"not_picked":["Bane+1","Calculated Gamble+1","Flying Knee"],"picked":"SKIP","floor":46},{"not_picked":["Bane+1","PiercingWail+1"],"picked":"Deadly Poison+1","floor":48}],"player_experience":370704,"relics_obtained":[{"floor":7.0,"key":"Toy Ornithopter"},{"floor":9.0,"key":"Smiling Mask"},{"floor":26,"key":"Mercury Hourglass"},{"floor":27,"key":"Art of War"},{"floor":41,"key":"Girya"},{"floor":41,"key":"Sundial"},{"floor":43,"key":"Orichalcum"},{"floor":46,"key":"Mummified Hand"},{"floor":46,"key":"Bag of Marbles"}],"event_choices":[{"damage_healed":0,"gold_gain":0,"player_choice":"Ignored","damage_taken":0,"max_hp_gain":0,"max_hp_loss":0,"event_name":"Liars Game","floor":11,"gold_loss":0},{"cards_removed":["Strike_G"],"damage_healed":0,"gold_gain":0,"player_choice":"Card Removal","damage_taken":7,"max_hp_gain":0,"max_hp_loss":0,"event_name":"Golden Wing","floor":13,"gold_loss":0},{"damage_healed":0,"gold_gain":0,"player_choice":"Opened","damage_taken":0,"relics_obtained":["Vajra"],"max_hp_gain":0,"max_hp_loss":0,"event_name":"The Mausoleum","floor":19,"gold_loss":0},{"damage_healed":0,"gold_gain":180,"player_choice":"GOLD GOLD ","damage_taken":19,"max_hp_gain":0,"max_hp_loss":0,"event_name":"Knowing Skull","floor":21,"potions_obtained":[],"gold_loss":0,"cards_obtained":[]},{"damage_healed":0,"gold_gain":0,"cards_transformed":["Quick Slash"],"player_choice":"Transformed","damage_taken":0,"max_hp_gain":0,"max_hp_loss":0,"event_name":"Transmorgrifier","floor":28,"gold_loss":0,"cards_obtained":["Dodge and Roll"]},{"damage_healed":0,"gold_gain":0,"player_choice":"Memory 3","damage_taken":10,"max_hp_gain":0,"max_hp_loss":0,"event_name":"SensoryStone","floor":37,"gold_loss":0},{"damage_healed":0,"gold_gain":0,"player_choice":"Gave Potion","damage_taken":0,"relics_obtained":["Gremlin Horn"],"max_hp_gain":0,"max_hp_loss":0,"event_name":"WeMeetAgain","floor":39,"gold_loss":0},{"damage_healed":0,"gold_gain":0,"player_choice":"Upgraded","damage_taken":0,"max_hp_gain":0,"max_hp_loss":0,"event_name":"Upgrade Shrine","floor":44,"gold_loss":0,"cards_upgraded":["Deep Breath"]}],"is_beta":false,"boss_relics":[{"not_picked":["Ring of the Serpent","Coffee Dripper"],"picked":"HoveringKite"},{"not_picked":["Runic Pyramid","Busted Crown"],"picked":"Black Star"}],"items_purged_floors":[10,20,22,29,38],"is_endless":false,"potions_floor_spawned":[5,7,16,24,36,41,42],"ascension_level":0}}