{"host":"s0rqbuvjzggdtc2s","time":1609058131,"event":{"mods":["ATMod(°¢èªMod)","BaseMod","Minty Spire (QoL Compilation)","StSLib","The Bug Knight","¡¾ÒÅÎï¿¨ÅÆ¡¿REMEMod"],"gold_per_floor":[112,212,74,89,109,144,163,163,188,219,245,245,259,270,270,368,368,385,401,131,149,168,168,188,198,198,198,198,198,233,248,248,349,349,349,349,349,365,241,241,253,130,130,141,156,172,172,172,172,172],"floor_reached":51,"playtime":1739,"items_purged":["HollowMod:SharpenedNail","HollowMod:theNailsmith"],"score":715,"play_id":"78c8a17d-261a-43a5-90fe-7092a39ff0e2","local_time":"20201227163531","is_ascension_mode":false,"campfire_choices":[{"data":"AT_BodySlamDance","floor":8.0,"key":"SMITH"},{"data":"HollowMod:DoubleDash","floor":12.0,"key":"SMITH"},{"data":"HollowMod:SiblingsSouls","floor":15.0,"key":"SMITH"},{"floor":23.0,"key":"REST"},{"data":"HollowMod:DesolateDive","floor":27.0,"key":"SMITH"},{"data":"HollowMod:FocusHealStart","floor":29.0,"key":"SMITH"},{"data":"Machine Learning","floor":32.0,"key":"SMITH"},{"data":"HollowMod:SoulSplash","floor":36.0,"key":"SMITH"},{"data":"HollowMod:HuntersJournal","floor":40.0,"key":"SMITH"},{"data":"HollowMod:SiblingsSouls","floor":49.0,"key":"SMITH"}],"circlet_count":0,"master_deck":["HollowMod:NailStrikeStart","HollowMod:NailStrikeStart","HollowMod:NailStrikeStart","HollowMod:QuickDashStart","HollowMod:QuickDashStart","HollowMod:QuickDashStart","HollowMod:QuickDashStart","HollowMod:FocusHealStart+1","HollowMod:PogoStrike","AT_BodySlamDance+1","Machine Learning+1","HollowMod:SiblingsSouls+1","HollowMod:Grubsong","HollowMod:DoubleDash+1","HollowMod:DesolateDive+1","HollowMod:SiblingsSouls+1","HollowMod:SoulStrike+1","HollowMod:DoubleDash","HollowMod:HuntersJournal+1","HollowMod:DoubleDash","HollowMod:DesolateDive+1","HollowMod:SoulSplash+1","HollowMod:LifebloodCocoon","HollowMod:DoubleDash"],"relics":["HollowMod:VesselMask","AT_ATBox","REME_ComplimentaryCards","NeowsBlessing","AT_BladeRuinedKing","HollowMod:IsmasTear","AT_SunfireAegis","Potion Belt","Busted Crown","Toolbox","Lantern","HollowMod:GreatKnightMask","AT_TrinityForce","Bottled Tornado"],"acts_visited":["Exordium","TheCity","TheBeyond"],"potions_floor_usage":[50,50,50,50],"damage_taken":[{"damage":0.0,"enemies":"Jaw Worm","floor":1.0,"turns":1.0},{"damage":0.0,"enemies":"Cultist","floor":4.0,"turns":1.0},{"damage":0.0,"enemies":"2 Louse","floor":5.0,"turns":1.0},{"damage":3.0,"enemies":"HollowMod:MossKnight","floor":6.0,"turns":9.0},{"damage":14.0,"enemies":"Blue Slaver","floor":7.0,"turns":3.0},{"damage":16.0,"enemies":"Lagavulin","floor":10.0,"turns":5.0},{"damage":0.0,"enemies":"Exordium Thugs","floor":13.0,"turns":4.0},{"damage":7.0,"enemies":"Looter","floor":14.0,"turns":3.0},{"damage":26.0,"enemies":"HollowMod:FalseKnight","floor":16.0,"turns":5.0},{"damage":5.0,"enemies":"3 Byrds","floor":18.0,"turns":4.0},{"damage":7.0,"enemies":"Shell Parasite","floor":19.0,"turns":4.0},{"damage":14.0,"enemies":"Centurion and Healer","floor":21.0,"turns":3.0},{"damage":10.0,"enemies":"3 Cultists","floor":22.0,"turns":4.0},{"damage":1.0,"enemies":"Snake Plant","floor":24.0,"turns":4.0},{"damage":5.0,"enemies":"Chosen and Byrds","floor":25.0,"turns":3.0},{"damage":0.0,"enemies":"HollowMod:Zote","floor":30.0,"turns":3.0},{"damage":5.0,"enemies":"Snecko","floor":31.0,"turns":3.0},{"damage":32.0,"enemies":"HollowMod:NKGrimm","floor":33.0,"turns":6.0},{"damage":0.0,"enemies":"3 Darklings","floor":35.0,"turns":1.0},{"damage":0.0,"enemies":"3 Shapes","floor":38.0,"turns":1.0},{"damage":3.0,"enemies":"Writhing Mass","floor":41.0,"turns":3.0},{"damage":0.0,"enemies":"Maw","floor":44.0,"turns":2.0},{"damage":0.0,"enemies":"Spire Growth","floor":45.0,"turns":2.0},{"damage":0.0,"enemies":"Transient","floor":46.0,"turns":5.0},{"damage":0.0,"enemies":"Jaw Worm Horde","floor":48.0,"turns":1.0},{"damage":10,"enemies":"Donu and Deca","floor":50,"turns":4}],"seed_played":"2615175883105505987","potions_obtained":[{"floor":4.0,"key":"Fire Potion"},{"floor":7.0,"key":"GamblersBrew"},{"floor":13.0,"key":"SpeedPotion"},{"floor":14.0,"key":"GamblersBrew"},{"floor":18.0,"key":"SpeedPotion"},{"floor":22.0,"key":"FairyPotion"},{"floor":25.0,"key":"LiquidBronze"},{"floor":33.0,"key":"Strength Potion"},{"floor":44.0,"key":"Fruit Juice"},{"floor":45.0,"key":"BlessingOfTheForge"},{"floor":46.0,"key":"LiquidBronze"}],"is_trial":false,"path_per_floor":["M","?","$","M","M","E","M","R","T","E","T","R","M","M","R","B",null,"M","M","$","M","M","R","M","M","T","R","?","R","?","M","R","B",null,"M","R","?","M","$","R","M","$","T","M","M","M","?","M","R","B",null],"character_chosen":"THE_BUGKNIGHT","items_purchased":["HollowMod:theNailsmith","HollowMod:DoubleDash","Toolbox","HollowMod:HuntersJournal","HollowMod:LifebloodCocoon","HollowMod:DoubleDash"],"campfire_rested":1,"item_purchase_floors":[3,20,20,20,39,42],"current_hp_per_floor":[75,75,75,75,75,72,64,64,64,54,54,54,54,53,53,33,75,70,63,63,49,49,71,70,65,65,65,65,65,71,66,66,40,75,75,75,75,75,75,75,75,75,75,80,80,80,80,80,80,72],"gold":172,"neow_bonus":"THREE_ENEMY_KILL","is_daily":false,"chose_seed":false,"campfire_upgraded":9,"win_rate":0.0,"timestamp":1609058131,"path_taken":["M","?","?","?","M","E","M","R","T","E","?","R","M","M","R","BOSS","M","M","$","?","M","R","M","M","T","R","?","R","?","M","R","BOSS","M","M","?","M","$","R","M","?","T","M","M","M","?","M","R","BOSS"],"items_purchased_type":["Card","Card","Relic","Card","Card","Card"],"build_version":"2020-12-22","purchased_purges":2,"victory":true,"max_hp_per_floor":[75,75,75,75,75,75,75,75,75,75,75,75,75,75,75,75,75,75,75,75,75,75,75,75,75,75,75,75,75,75,75,75,75,75,75,75,75,75,75,75,75,75,75,80,80,80,80,80,80,80],"card_choices":[{"not_picked":["HollowMod:LuriensSpire","HollowMod:HeavyBlow"],"picked":"HollowMod:SharpenedNail","floor":1.0},{"not_picked":["HollowMod:VengefulVoid","HollowMod:DoubleDash"],"picked":"HollowMod:SiblingsSouls","floor":4.0},{"not_picked":["HollowMod:InfectedAttack","HollowMod:HeavyBlow"],"picked":"HollowMod:Grubsong","floor":5.0},{"not_picked":["HollowMod:CornifersMapStart","HollowMod:MawleksShell","HollowMod:DescendingDark"],"picked":"SKIP","floor":6.0},{"not_picked":["HollowMod:CornifersMapStart","HollowMod:MawleksShell","HollowMod:DescendingDark"],"picked":"SKIP","floor":6.0},{"not_picked":["HollowMod:TaintedHusks","HollowMod:DoubleDash","HollowMod:VengefulVoid"],"picked":"SKIP","floor":7.0},{"not_picked":["HollowMod:NewGlowingWomb","HollowMod:Hiveblood"],"picked":"HollowMod:DoubleDash","floor":10.0},{"not_picked":["HollowMod:InfectedAttack","HollowMod:DashSlash"],"picked":"HollowMod:DesolateDive","floor":13.0},{"not_picked":["HollowMod:HowlingWraiths","HollowMod:InfectedAttack"],"picked":"HollowMod:SiblingsSouls","floor":14.0},{"not_picked":["HollowMod:BlackTendrils"],"picked":"SKIP","floor":18.0},{"not_picked":[],"picked":"HollowMod:SoulStrike+1","floor":19.0},{"not_picked":[],"picked":"HollowMod:DoubleDash","floor":21.0},{"not_picked":[],"picked":"HollowMod:DesolateDive+1","floor":22.0},{"not_picked":[],"picked":"HollowMod:SoulSplash","floor":24.0},{"not_picked":["HollowMod:ShadowDash+1"],"picked":"SKIP","floor":25.0},{"not_picked":["HollowMod:InfectionAssault+1"],"picked":"SKIP","floor":31.0},{"not_picked":["HollowMod:NewLittleFool"],"picked":"SKIP","floor":38.0},{"not_picked":["HollowMod:DescendingDark"],"picked":"SKIP","floor":41.0},{"not_picked":["HollowMod:RecoilStrike+1"],"picked":"SKIP","floor":44.0},{"not_picked":["HollowMod:BrokenVessel"],"picked":"SKIP","floor":45.0},{"not_picked":["HollowMod:MothsMistake"],"picked":"SKIP","floor":46.0}],"player_experience":196033,"relics_obtained":[{"floor":6.0,"key":"AT_BladeRuinedKing"},{"floor":9.0,"key":"HollowMod:IsmasTear"},{"floor":10.0,"key":"AT_SunfireAegis"},{"floor":11.0,"key":"Potion Belt"},{"floor":26.0,"key":"Lantern"},{"floor":30.0,"key":"HollowMod:GreatKnightMask"},{"floor":43.0,"key":"Bottled Tornado"}],"event_choices":[{"damage_healed":0.0,"max_hp_gain":0.0,"max_hp_loss":0.0,"gold_gain":100.0,"event_name":"Golden Shrine","player_choice":"Pray","floor":2.0,"gold_loss":0.0,"damage_taken":0.0},{"damage_healed":0.0,"max_hp_gain":0.0,"max_hp_loss":0.0,"gold_gain":0.0,"event_name":"Vampires","player_choice":"Ignored","floor":28.0,"gold_loss":0.0,"damage_taken":0.0},{"damage_healed":0.0,"max_hp_gain":0.0,"max_hp_loss":0.0,"gold_gain":0.0,"event_name":"Wheel of Change","player_choice":"Full Heal","floor":37.0,"gold_loss":0.0,"damage_taken":0.0}],"is_beta":false,"boss_relics":[{"not_picked":["Empty Cage","Cursed Key"],"picked":"Busted Crown"},{"not_picked":["Velvet Choker","Runic Dome"],"picked":"AT_TrinityForce"}],"items_purged_floors":[39,42],"is_endless":false,"potions_floor_spawned":[4,7,13,14,18,22,25,33,44,45,46],"ascension_level":0}}