{"host":"jksa5rawk3m4gilz","time":1609065674,"event":{"mods":["BaseMod","Colored Map","Highlight Path","Minty Spire (QoL Compilation)","Quick Restart"],"gold_per_floor":[118,293,293,306,306,341,357,390,416,432,432,443,151,179,179,255,255,270,125,50,50,60,86,86,86,111,126,141,71,96,116,116,193,193,208,221,246,246,246,277,277,306,306,337,337,247,80,96,96,96],"floor_reached":51,"playtime":4132,"items_purged":[],"score":1453,"play_id":"38e979ea-2c7f-4631-b67e-d31302789a9f","local_time":"20201227114114","is_ascension_mode":true,"campfire_choices":[{"floor":11.0,"key":"REST"},{"data":"Leg Sweep","floor":15.0,"key":"SMITH"},{"floor":25.0,"key":"REST"},{"floor":32.0,"key":"REST"},{"data":"Storm of Steel","floor":41.0,"key":"SMITH"},{"floor":45.0,"key":"REST"},{"data":"Apotheosis","floor":49,"key":"SMITH"}],"circlet_count":0,"master_deck":["AscendersBane","Strike_G","Strike_G+1","Defend_G","Defend_G","Defend_G","Defend_G","Defend_G","Survivor","Blade Dance","Blade Dance+1","Finisher","Accuracy","Adrenaline","Endless Agony+1","Blade Dance","Accuracy","Leg Sweep+1","A Thousand Cuts","Infinite Blades+1","Phantasmal Killer","Accuracy","Terror","Backstab+1","Infinite Blades","Storm of Steel+1","CurseOfTheBell","Leg Sweep+1","Blade Dance+1","Cloak And Dagger+1","Footwork","Apotheosis+1"],"relics":["Ring of the Snake","NeowsBlessing","Spirit Poop","Bag of Marbles","Dream Catcher","HornCleat","Shuriken","Whetstone","Oddly Smooth Stone","Centennial Puzzle","Blue Candle","Calling Bell","MealTicket","Paper Crane","Torii","Thread and Needle","Strawberry","Boot","Mercury Hourglass","Toy Ornithopter"],"acts_visited":["Exordium","TheCity","TheBeyond"],"potions_floor_usage":[50],"damage_taken":[{"damage":0.0,"enemies":"2 Louse","floor":1.0,"turns":1.0},{"damage":0.0,"enemies":"Cultist","floor":4.0,"turns":1.0},{"damage":0.0,"enemies":"Gremlin Nob","floor":6.0,"turns":1.0},{"damage":4.0,"enemies":"Small Slimes","floor":7.0,"turns":3.0},{"damage":17.0,"enemies":"Lagavulin","floor":8.0,"turns":4.0},{"damage":0.0,"enemies":"Looter","floor":10.0,"turns":1.0},{"damage":1.0,"enemies":"Blue Slaver","floor":12.0,"turns":2.0},{"damage":0.0,"enemies":"Gremlin Nob","floor":14.0,"turns":2.0},{"damage":0.0,"enemies":"Hexaghost","floor":16.0,"turns":5.0},{"damage":0.0,"enemies":"2 Thieves","floor":18.0,"turns":4.0},{"damage":9.0,"enemies":"Shell Parasite","floor":22.0,"turns":3.0},{"damage":12.0,"enemies":"Slavers","floor":23.0,"turns":3.0},{"damage":0.0,"enemies":"Snake Plant","floor":27.0,"turns":2.0},{"damage":11.0,"enemies":"Centurion and Healer","floor":28.0,"turns":4.0},{"damage":19.0,"enemies":"Book of Stabbing","floor":30.0,"turns":4.0},{"damage":0.0,"enemies":"3 Cultists","floor":31.0,"turns":4.0},{"damage":2.0,"enemies":"Automaton","floor":33.0,"turns":6.0},{"damage":0.0,"enemies":"3 Shapes","floor":35.0,"turns":4.0},{"damage":1.0,"enemies":"3 Darklings","floor":36.0,"turns":3.0},{"damage":1.0,"enemies":"Mind Bloom Boss Battle","floor":37.0,"turns":5.0},{"damage":17.0,"enemies":"Nemesis","floor":40.0,"turns":5.0},{"damage":0.0,"enemies":"Giant Head","floor":42.0,"turns":7.0},{"damage":14.0,"enemies":"Reptomancer","floor":44.0,"turns":4.0},{"damage":16,"enemies":"4 Shapes","floor":48,"turns":5},{"damage":29,"enemies":"Time Eater","floor":50,"turns":5}],"seed_played":"-7330030956827896321","potions_obtained":[{"floor":4.0,"key":"Explosive Potion"},{"floor":7.0,"key":"FearPotion"},{"floor":12.0,"key":"Strength Potion"},{"floor":18.0,"key":"SkillPotion"},{"floor":33.0,"key":"Explosive Potion"},{"floor":42.0,"key":"DistilledChaos"}],"is_trial":false,"path_per_floor":["M","?","?","M","?","E","M","E","T","M","R","M","$","E","R","B",null,"M","$","?","?","M","E","?","R","T","M","M","$","E","M","R","B",null,"M","M","?","?","?","E","R","E","T","E","R","?","$","M","R","B",null],"character_chosen":"THE_SILENT","items_purchased":["Accuracy","HornCleat","Whetstone","Terror","Apotheosis"],"campfire_rested":4,"item_purchase_floors":[13,13,19,29,47],"current_hp_per_floor":[63,63,63,63,63,63,59,42,42,42,63,62,62,62,62,62,68,68,68,68,68,59,47,47,68,68,68,57,57,38,38,59,57,67,67,66,65,65,65,55,55,55,55,41,64,64,77,61,61,37],"gold":96,"neow_bonus":"THREE_ENEMY_KILL","is_daily":false,"chose_seed":false,"campfire_upgraded":3,"win_rate":0.0,"timestamp":1609065674,"path_taken":["M","?","?","?","?","E","M","E","T","M","R","M","$","E","R","BOSS","M","$","?","?","?","E","?","R","T","M","?","$","E","M","R","BOSS","M","M","?","?","?","E","R","E","T","E","R","?","$","?","R","BOSS"],"items_purchased_type":["Card","Relic","Relic","Card","Card"],"build_version":"2020-12-22","purchased_purges":0,"victory":true,"max_hp_per_floor":[70,70,70,70,70,70,70,70,70,70,70,70,70,70,70,70,70,70,70,70,70,70,70,70,70,70,70,70,70,70,70,70,70,70,70,70,70,70,70,77,77,77,77,77,77,77,77,77,77,77],"card_choices":[{"not_picked":["Deadly Poison","Backflip"],"picked":"Blade Dance","floor":1.0},{"not_picked":["Deflect","Acrobatics"],"picked":"Blade Dance","floor":4.0},{"not_picked":["Unload","Terror"],"picked":"Accuracy","floor":6.0},{"not_picked":["Deflect","Escape Plan","Slice"],"picked":"SKIP","floor":7.0},{"not_picked":["Caltrops","Deadly Poison"],"picked":"Adrenaline","floor":8.0},{"not_picked":["Poisoned Stab","All Out Attack","PiercingWail"],"picked":"SKIP","floor":10.0},{"not_picked":["Underhanded Strike","Expertise"],"picked":"Endless Agony","floor":11.0},{"not_picked":["Predator","Flying Knee"],"picked":"Blade Dance","floor":12.0},{"not_picked":["Dodge and Roll","Predator"],"picked":"Leg Sweep","floor":14.0},{"not_picked":["Burst","Corpse Explosion"],"picked":"A Thousand Cuts","floor":16.0},{"not_picked":["Sucker Punch","PiercingWail","Deadly Poison"],"picked":"SKIP","floor":18.0},{"not_picked":["Poisoned Stab","Prepared","Reflex"],"picked":"SKIP","floor":22.0},{"not_picked":["Slice","Prepared"],"picked":"Infinite Blades+1","floor":23.0},{"not_picked":["Dodge and Roll","Underhanded Strike"],"picked":"Phantasmal Killer","floor":25.0},{"not_picked":["Blade Dance","Deflect","Catalyst"],"picked":"SKIP","floor":27.0},{"not_picked":["Endless Agony","Flying Knee"],"picked":"Accuracy","floor":28.0},{"not_picked":["Deadly Poison","Footwork+1"],"picked":"Backstab+1","floor":30.0},{"not_picked":["Deflect","Cloak And Dagger"],"picked":"Infinite Blades","floor":31.0},{"not_picked":["Glass Knife","Grand Finale"],"picked":"Storm of Steel","floor":33.0},{"not_picked":["Masterful Stab+1","Blade Dance"],"picked":"Leg Sweep+1","floor":35.0},{"not_picked":["Concentrate","Dagger Spray","Poisoned Stab"],"picked":"SKIP","floor":36.0},{"not_picked":["Catalyst","Deadly Poison"],"picked":"Blade Dance+1","floor":40.0},{"not_picked":["Quick Slash","Flechettes+1","All Out Attack"],"picked":"SKIP","floor":42.0},{"not_picked":["Dagger Throw","Riddle With Holes"],"picked":"Cloak And Dagger+1","floor":44.0},{"not_picked":["Bane","Dodge and Roll"],"picked":"Footwork","floor":45.0},{"not_picked":["Underhanded Strike+1","Quick Slash","Endless Agony"],"picked":"SKIP","floor":48}],"player_experience":2074195,"relics_obtained":[{"floor":6.0,"key":"Bag of Marbles"},{"floor":8.0,"key":"Dream Catcher"},{"floor":14.0,"key":"Shuriken"},{"floor":23.0,"key":"Oddly Smooth Stone"},{"floor":26.0,"key":"Centennial Puzzle"},{"floor":30.0,"key":"Blue Candle"},{"floor":34.0,"key":"MealTicket"},{"floor":34.0,"key":"Paper Crane"},{"floor":34.0,"key":"Torii"},{"floor":37.0,"key":"Thread and Needle"},{"floor":40.0,"key":"Strawberry"},{"floor":42.0,"key":"Boot"},{"floor":43.0,"key":"Mercury Hourglass"},{"floor":44.0,"key":"Toy Ornithopter"}],"event_choices":[{"damage_healed":0.0,"max_hp_gain":0.0,"max_hp_loss":0.0,"gold_gain":175.0,"event_name":"Liars Game","player_choice":"AGREE","floor":2.0,"gold_loss":0.0,"damage_taken":0.0,"cards_obtained":["Doubt"]},{"cards_removed":["Doubt"],"damage_healed":0.0,"max_hp_gain":0.0,"max_hp_loss":0.0,"gold_gain":0.0,"event_name":"Bonfire Elementals","player_choice":"Offered Curse","floor":3.0,"gold_loss":0.0,"damage_taken":0.0,"relics_obtained":["Spirit Poop"]},{"damage_healed":0.0,"max_hp_gain":0.0,"max_hp_loss":0.0,"gold_gain":0.0,"cards_transformed":["Strike_G"],"event_name":"Living Wall","player_choice":"Change","floor":5.0,"gold_loss":0.0,"damage_taken":0.0,"cards_obtained":["Finisher"]},{"cards_removed":["Strike_G"],"damage_healed":0.0,"max_hp_gain":0.0,"max_hp_loss":0.0,"gold_gain":0.0,"event_name":"Beggar","player_choice":"Gave Gold","floor":20.0,"gold_loss":75.0,"damage_taken":0.0},{"damage_healed":0.0,"max_hp_gain":0.0,"max_hp_loss":0.0,"gold_gain":0.0,"event_name":"The Woman in Blue","player_choice":"Bought 0 Potions","floor":21.0,"gold_loss":0.0,"damage_taken":0.0},{"damage_healed":0.0,"max_hp_gain":0.0,"max_hp_loss":0.0,"gold_gain":0.0,"event_name":"N\u0027loth","player_choice":"Ignored","floor":24.0,"gold_loss":0.0,"damage_taken":0.0},{"damage_healed":0.0,"max_hp_gain":0.0,"max_hp_loss":0.0,"gold_gain":0.0,"event_name":"MindBloom","player_choice":"Fight","floor":37.0,"gold_loss":0.0,"damage_taken":0.0},{"damage_healed":0.0,"max_hp_gain":0.0,"max_hp_loss":0.0,"gold_gain":0.0,"event_name":"Tomb of Lord Red Mask","player_choice":"Ignored","floor":38.0,"gold_loss":0.0,"damage_taken":0.0},{"cards_removed":["Neutralize"],"damage_healed":0.0,"max_hp_gain":0.0,"max_hp_loss":0.0,"gold_gain":0.0,"event_name":"Falling","player_choice":"Removed Attack","floor":39.0,"gold_loss":0.0,"damage_taken":0.0},{"cards_removed":["Strike_G"],"damage_healed":0.0,"max_hp_gain":0.0,"max_hp_loss":0.0,"gold_gain":0.0,"event_name":"Designer","player_choice":"Upgrade and Remove","floor":46.0,"gold_loss":90.0,"damage_taken":0.0,"cards_upgraded":["Blade Dance"]}],"is_beta":false,"boss_relics":[{"not_picked":["Coffee Dripper","Pandora\u0027s Box","Runic Pyramid"]},{"not_picked":["Snecko Eye","Sozu"],"picked":"Calling Bell"}],"items_purged_floors":[],"is_endless":false,"potions_floor_spawned":[4,7,12,14,18,22,33,42,44,48],"ascension_level":13}}