{"host":"hbtiwfagbra37jn7","time":1609077985,"event":{"mods":["BaseMod","Block Reminder","Highlight Path","Minty Spire (QoL Compilation)","Prisma Mod","Rare Cards Sparkle","Relic Stats","StSLib","The Alterego","The Senshi","everything is the same but u backflip on backflip"],"gold_per_floor":[113,36,36,55,74,104,104,104,104],"floor_reached":8,"playtime":341,"items_purged":[],"score":56,"play_id":"2fed3669-cea8-4154-8617-ac6ace004092","local_time":"20201227080625","is_ascension_mode":false,"campfire_choices":[{"data":"PrismaMod:ChloeMordred","floor":7,"key":"SMITH"}],"circlet_count":0,"master_deck":["PrismaMod:ChloeCommonAttack","PrismaMod:ChloeCommonAttack","PrismaMod:ChloeCommonAttack","PrismaMod:ChloeCommonAttack","PrismaMod:ChloeCommonAttack","PrismaMod:ChloeCommonDefend","PrismaMod:ChloeCommonDefend","PrismaMod:ChloeCommonDefend","PrismaMod:ChloeCommonDefend","PrismaMod:ChloeCommonDefend","PrismaMod:ChloeCheapAttack","PrismaMod:ChloeCheapDefend","PrismaMod:ChloeMordred+1","PrismaMod:ChloeBetterTracePools","PrismaMod:ChloeDemonicTutor","PrismaMod:ChloeCheapAttackTwo","PrismaMod:ChloeExhaustOne","PrismaMod:ChloeRitsuka","PrismaMod:ChloeDiscardRecovery","PrismaMod:ChloeMordred","PrismaMod:ChloeCheapDefend","PrismaMod:ChloeCheapDefendTwo"],"relics":["PrismaMod:PrismaTraceOn","NeowsBlessing","Gremlin Horn"],"acts_visited":["Exordium"],"potions_floor_usage":[],"damage_taken":[{"damage":0,"enemies":"Small Slimes","floor":1,"turns":1},{"damage":0,"enemies":"Jaw Worm","floor":4,"turns":1},{"damage":0,"enemies":"2 Louse","floor":5,"turns":1},{"damage":22,"enemies":"Lagavulin","floor":6,"turns":6},{"damage":0,"enemies":"3 Sentries","floor":8,"turns":2}],"seed_played":"-2641877751597755823","potions_obtained":[{"floor":1,"key":"SkillPotion"},{"floor":6,"key":"Regen Potion"}],"is_trial":false,"path_per_floor":["M","$","?","M","M","E","R","E"],"character_chosen":"CHLOE","items_purchased":["PrismaMod:ChloeBetterTracePools"],"campfire_rested":0,"item_purchase_floors":[2],"current_hp_per_floor":[75,75,75,75,75,53,53,53,53],"gold":104,"neow_bonus":"THREE_ENEMY_KILL","is_daily":false,"chose_seed":false,"campfire_upgraded":1,"win_rate":0.0,"timestamp":1609077985,"path_taken":["M","$","?","M","M","E","R","E"],"items_purchased_type":["Card"],"build_version":"2020-12-22","purchased_purges":0,"victory":false,"max_hp_per_floor":[75,75,75,75,75,75,75,75,75],"relic_stats":{"Gremlin Horn":[0,0],"counters":[5,11],"obtain_stats":[{"NeowsBlessing":0,"Gremlin Horn":6,"PrismaMod:PrismaTraceOn":0},{"NeowsBlessing":0,"Gremlin Horn":4,"PrismaMod:PrismaTraceOn":0},{"NeowsBlessing":0,"Gremlin Horn":9,"PrismaMod:PrismaTraceOn":0}]},"card_choices":[{"not_picked":["PrismaMod:ChloeCommonAOEAttack","PrismaMod:ChloeCheapDefend"],"picked":"PrismaMod:ChloeMordred","floor":1},{"not_picked":["PrismaMod:ChloeRitsuka","PrismaMod:ChloeCommonAOEAttack"],"picked":"PrismaMod:ChloeMordred","floor":4},{"not_picked":["PrismaMod:ChloeRhongomyniad","PrismaMod:ChloeCheapAttack"],"picked":"PrismaMod:ChloeCheapDefend","floor":5},{"not_picked":["PrismaMod:ChloeRitsuka","PrismaMod:ChloeCommonAOEAttack"],"picked":"PrismaMod:ChloeCheapDefendTwo","floor":6}],"player_experience":98100,"relics_obtained":[{"floor":6,"key":"Gremlin Horn"}],"event_choices":[],"is_beta":false,"boss_relics":[],"items_purged_floors":[],"is_endless":false,"potions_floor_spawned":[1,6],"killed_by":"3 Sentries","ascension_level":0}}