{"host":"qc8h4lvnd2c314ki","time":1609056781,"event":{"mods":["ATMod(°¢èªMod)","AchievementEnabler","Act Like it!","Arknights The Spire","Aspiration","BaseMod","Better Note","Better Third Choice","Curses Come First","Friendly Minions","GifTheSpireLib","Highlight Path","Mimic Mod","Minty Spire (QoL Compilation)","Random Character Button","Robot Space Explorer","Spicy Shops","StSLib"],"gold_per_floor":[111,0,14,14,14,14,44,44,84,84,104,104,117,130,130,229,279,299,299,116,139,151,151,164,164,164,177,25,25,43,62,62,158,158,177,197,208,260,13,13,13],"floor_reached":40,"playtime":2541,"items_purged":["Pain","Defend_P"],"score":563,"play_id":"24fb9d0f-e8b9-4e46-984a-4280c401cee5","local_time":"20201227161301","daily_mods":["Lethality"],"is_ascension_mode":false,"campfire_choices":[{"data":"Vigilance","floor":6.0,"key":"SMITH"},{"data":"WindmillStrike","floor":8.0,"key":"SMITH"},{"data":"AT_ChampionStep","floor":10.0,"key":"SMITH"},{"data":"Eruption","floor":12.0,"key":"SMITH"},{"floor":15.0,"key":"REST"},{"floor":23.0,"key":"REST"},{"floor":29.0,"key":"REST"},{"floor":32.0,"key":"REST"}],"circlet_count":0,"master_deck":["Strike_P","Strike_P","Defend_P+1","Defend_P","Eruption+1","Vigilance+1","AT_WindFlip","Evaluate","Enlightenment+1","EmptyBody","WindmillStrike+1","AT_ChampionStep+1","Halt","TalkToTheHand","FlurryOfBlows","AT_MachinaRedman","JustLucky","AT_RealFormLess","MentalFortress","Prostrate","CarveReality","ThirdEye","DeusExMachina","BowlingBash+1","WheelKick+1","EmptyFist","DeceiveReality"],"relics":["PureWater","AT_ATBox","ats:Originium","PreservedInsect","Gremlin Horn","Tiny House","WarpedTongs","Strawberry","CaptainsWheel","Membership Card","Empty Cage","AT_GoldPhoenixTree","AT_TimeSand"],"acts_visited":["Exordium","TheCity","TheBeyond"],"potions_floor_usage":[40],"damage_taken":[{"damage":4.0,"enemies":"2 Louse","floor":1.0,"turns":2.0},{"damage":0.0,"enemies":"Small Slimes","floor":3.0,"turns":1.0},{"damage":15.0,"enemies":"Lagavulin","floor":7.0,"turns":5.0},{"damage":4.0,"enemies":"Jaw Worm","floor":9.0,"turns":8.0},{"damage":0.0,"enemies":"Jaw Worm","floor":11.0,"turns":3.0},{"damage":0.0,"enemies":"2 Fungi Beasts","floor":13.0,"turns":2.0},{"damage":16.0,"enemies":"Exordium Thugs","floor":14.0,"turns":3.0},{"damage":37.0,"enemies":"Hexaghost","floor":16.0,"turns":5.0},{"damage":24.0,"enemies":"Shell Parasite","floor":18.0,"turns":5.0},{"damage":59.0,"enemies":"3 Byrds","floor":22.0,"turns":3.0},{"damage":0.0,"enemies":"Snecko","floor":24.0,"turns":3.0},{"damage":0.0,"enemies":"Centurion and Healer","floor":27.0,"turns":1.0},{"damage":38.0,"enemies":"Shelled Parasite and Fungi","floor":30.0,"turns":5.0},{"damage":9.0,"enemies":"Snake Plant","floor":31.0,"turns":3.0},{"damage":53.0,"enemies":"Automaton","floor":33.0,"turns":9.0},{"damage":4.0,"enemies":"Orb Walker","floor":35.0,"turns":4.0},{"damage":0.0,"enemies":"3 Shapes","floor":36.0,"turns":4.0},{"damage":47,"enemies":"Maw","floor":37,"turns":8},{"damage":32,"enemies":"2 Orb Walkers","floor":38,"turns":3},{"damage":20,"enemies":"4 Shapes","floor":40,"turns":1}],"seed_played":"3515355205955426537","potions_obtained":[{"floor":1.0,"key":"SteroidPotion"},{"floor":3.0,"key":"PowerPotion"},{"floor":16.0,"key":"Regen Potion"},{"floor":17.0,"key":"Dexterity Potion"},{"floor":27.0,"key":"SkillPotion"},{"floor":33.0,"key":"Regen Potion"},{"floor":35.0,"key":"Fruit Juice"},{"floor":38,"key":"Ambrosia"}],"is_trial":true,"path_per_floor":["M","?","M","?","?","R","E","R","MIM","R","M","R","M","M","R","B",null,"M","?","$","T","M","R","M","?","T","M","$","R","M","M","R","B",null,"M","M","M","?","$","M"],"character_chosen":"WATCHER","items_purchased":["MentalFortress","Membership Card","AT_TimeSand","EmptyFist","DeceiveReality"],"campfire_rested":4,"item_purchase_floors":[20,28,39,39,39],"current_hp_per_floor":[68,74,74,67,67,67,52,52,48,48,48,48,48,32,55,18,83,59,59,59,66,7,34,34,34,34,34,34,61,23,14,41,3,90,91,91,44,12,12,0,0],"gold":13,"neow_bonus":"","is_daily":false,"chose_seed":false,"campfire_upgraded":4,"win_rate":0.0,"timestamp":1609056781,"path_taken":["M","?","M","?","?","R","E","R","MIM","R","M","R","M","M","R","BOSS","M","?","$","?","M","R","M","?","T","M","$","R","M","M","R","BOSS","M","M","?","?","$","M"],"items_purchased_type":["Card","Relic","Relic","Card","Card"],"build_version":"2020-12-22","purchased_purges":2,"victory":false,"max_hp_per_floor":[72,78,78,78,78,78,78,78,78,78,78,78,78,78,78,78,83,83,83,83,90,90,90,90,90,90,90,90,90,90,90,90,90,90,95,95,95,95,95,95,95],"card_choices":[{"not_picked":["WaveOfTheHand","BowlingBash"],"picked":"Evaluate","floor":1.0},{"not_picked":["Consecrate","EmptyFist"],"picked":"EmptyBody","floor":3.0},{"not_picked":["AT_DivineConfetti","Fasting2"],"picked":"WindmillStrike","floor":7.0},{"not_picked":["Crescendo","Evaluate"],"picked":"AT_ChampionStep","floor":9.0},{"not_picked":["Alpha","FlurryOfBlows"],"picked":"Halt","floor":11.0},{"not_picked":["ThirdEye","ClearTheMind"],"picked":"TalkToTheHand","floor":13.0},{"not_picked":["Consecrate","AT_OneInchPunch"],"picked":"FlurryOfBlows","floor":14.0},{"not_picked":["Brilliance","SpiritShield"],"picked":"AT_MachinaRedman","floor":16.0},{"not_picked":["SashWhip","Crescendo"],"picked":"JustLucky","floor":17.0},{"not_picked":["SashWhip+1","FlurryOfBlows+1"],"picked":"AT_RealFormLess","floor":18.0},{"not_picked":["CutThroughFate","EmptyMind"],"picked":"Prostrate","floor":22.0},{"not_picked":["ClearTheMind","Wireheading","CutThroughFate"],"picked":"SKIP","floor":24.0},{"not_picked":["AT_ChampionStep","Collect+1","ClearTheMind"],"picked":"SKIP","floor":27.0},{"not_picked":["FollowUp","SandsOfTime"],"picked":"CarveReality","floor":30.0},{"not_picked":["CarveReality","SashWhip"],"picked":"ThirdEye","floor":31.0},{"not_picked":["AT_ChampionKick","Vault"],"picked":"DeusExMachina","floor":33.0},{"not_picked":["Protect+1","Collect"],"picked":"BowlingBash+1","floor":35.0},{"not_picked":["PathToVictory+1","AT_RealFormLess","WheelKick"],"picked":"SKIP","floor":36.0},{"not_picked":["Protect","EmptyBody","FlurryOfBlows"],"picked":"SKIP","floor":37},{"not_picked":["FlyingSleeves","EmptyBody"],"picked":"WheelKick+1","floor":38}],"player_experience":488501,"relics_obtained":[{"floor":7.0,"key":"ats:Originium"},{"floor":7.0,"key":"PreservedInsect"},{"floor":9.0,"key":"Gremlin Horn"},{"floor":21.0,"key":"Strawberry"},{"floor":26.0,"key":"CaptainsWheel"},{"floor":38,"key":"AT_GoldPhoenixTree"}],"event_choices":[{"damage_healed":0.0,"max_hp_gain":0.0,"max_hp_loss":0.0,"gold_gain":0.0,"event_name":"betterThird:BetterSerpent","player_choice":"RENOUNCE","floor":2.0,"gold_loss":111.0,"damage_taken":111.0,"cards_obtained":["Enlightenment"]},{"cards_removed":["Strike_P"],"damage_healed":0.0,"max_hp_gain":0.0,"max_hp_loss":0.0,"gold_gain":0.0,"event_name":"Golden Wing","player_choice":"Card Removal","floor":4.0,"gold_loss":0.0,"damage_taken":7.0},{"damage_healed":0.0,"max_hp_gain":0.0,"max_hp_loss":0.0,"gold_gain":0.0,"event_name":"Living Wall","player_choice":"Grow","floor":5.0,"gold_loss":0.0,"damage_taken":0.0,"cards_upgraded":["Enlightenment"]},{"damage_healed":0.0,"max_hp_gain":0.0,"max_hp_loss":0.0,"gold_gain":0.0,"event_name":"Accursed Blacksmith","player_choice":"Rummage","floor":19.0,"gold_loss":0.0,"damage_taken":0.0,"relics_obtained":["WarpedTongs"],"cards_obtained":["Pain"]},{"damage_healed":0.0,"max_hp_gain":0.0,"max_hp_loss":0.0,"gold_gain":0.0,"event_name":"The Woman in Blue","player_choice":"Bought 0 Potions","floor":25.0,"gold_loss":0.0,"damage_taken":0.0},{"damage_healed":0,"gold_gain":0,"player_choice":"Fight","damage_taken":0,"max_hp_gain":0,"max_hp_loss":0,"event_name":"Mysterious Sphere","floor":38,"gold_loss":0}],"is_beta":false,"boss_relics":[{"not_picked":["aspiration:IroncladSkillbook","Black Star"],"picked":"Tiny House"},{"not_picked":["HolyWater","Philosopher\u0027s Stone"],"picked":"Empty Cage"}],"items_purged_floors":[20,39],"is_endless":true,"potions_floor_spawned":[1,3,16,27,31,33,35,38],"killed_by":"4 Shapes","ascension_level":0}}