{"host":"m3txpv198clqze8f","time":1609073047,"event":{"mods":["ATMod(°¢èªMod)","Act Like it!","Arknights The Spire","BaseMod","Colored Powertips","Friendly Minions","Minty Spire (QoL Compilation)","Quick Restart","StSLib","TestMod"],"gold_per_floor":[110,120,120,120,120,153,168,168,213,231,231,231,246,264,264,360,360],"floor_reached":16,"playtime":610,"items_purged":[],"score":177,"play_id":"6509e24e-048e-40c3-8022-50339acbb422","local_time":"20201227204407","is_ascension_mode":false,"campfire_choices":[{"data":"ats:Burning Ground","floor":8.0,"key":"SMITH"},{"data":"ats:Sunburst","floor":15,"key":"SMITH"}],"circlet_count":0,"master_deck":["ats:Strike C","ats:Strike G+1","ats:Strike V","ats:Armor Crushing Shot","ats:Defend","ats:Defend","ats:Defend+1","ats:Defend","ats:Emotion Absorption","ats:Burning Ground+1","ats:Apocalypse","ats:Sunburst+1"],"relics":["ats:Sanity","AT_ATBox","testmod-TestBox","testmod-HeartOfStrike","NeowsBlessing","Toy Ornithopter","ats:Originium","Orichalcum","Question Card"],"acts_visited":["Exordium"],"potions_floor_usage":[14,16],"damage_taken":[{"damage":0.0,"enemies":"2 Louse","floor":1.0,"turns":1.0},{"damage":0.0,"enemies":"Jaw Worm","floor":2.0,"turns":1.0},{"damage":0.0,"enemies":"Lagavulin","floor":6.0,"turns":1.0},{"damage":7.0,"enemies":"Small Slimes","floor":7.0,"turns":3.0},{"damage":8.0,"enemies":"Exordium Wildlife","floor":10.0,"turns":4.0},{"damage":6.0,"enemies":"3 Louse","floor":13.0,"turns":3.0},{"damage":4,"enemies":"Blue Slaver","floor":14,"turns":3},{"damage":40,"enemies":"Hexaghost","floor":16,"turns":11}],"seed_played":"6231481328086927864","potions_obtained":[{"floor":1.0,"key":"Weak Potion"},{"floor":7.0,"key":"EssenceOfSteel"},{"floor":14,"key":"AttackPotion"}],"is_trial":false,"path_per_floor":["M","M","?","?","?","E","M","R","T","M","?","T","M","M","R","B"],"character_chosen":"DOCTOR_CLASS","items_purchased":[],"campfire_rested":0,"item_purchase_floors":[],"current_hp_per_floor":[72,72,58,58,40,40,33,33,33,29,29,29,27,28,28,9,9],"gold":360,"neow_bonus":"THREE_ENEMY_KILL","is_daily":false,"chose_seed":false,"campfire_upgraded":2,"win_rate":0.0,"timestamp":1609073047,"path_taken":["M","M","?","?","?","E","?","R","T","M","?","?","?","M","R","BOSS"],"items_purchased_type":[],"build_version":"2020-12-22","purchased_purges":0,"victory":false,"max_hp_per_floor":[72,72,72,72,72,72,72,72,72,72,72,72,72,72,72,72,72],"card_choices":[{"not_picked":["ats:Directed Diagnosis","ats:Shell Defense","ats:Cat Scratch"],"picked":"SKIP","floor":1.0},{"not_picked":["ats:Consecutive Shot Auto","ats:Assault Order","ats:Poison Spread"],"picked":"SKIP","floor":2.0},{"not_picked":["ats:Flame Of Heaven","ats:Flexible Camouflage"],"picked":"ats:Burning Ground","floor":6.0},{"not_picked":["ats:Explosion Area Strengthen","ats:Spore Proliferation"],"picked":"ats:Apocalypse","floor":7.0},{"not_picked":["ats:Steam Pump","ats:Part Time Job"],"picked":"ats:Sunburst","floor":10.0},{"not_picked":["ats:Cat Scratch","ats:Powerful Strike","ats:Curse Doll","ats:Sword Rain"],"picked":"SKIP","floor":13.0},{"not_picked":["ats:Closed Bolt Burst Fire","ats:Assault Order","ats:Curse Doll","ats:Counter Healing Mode"],"picked":"SKIP","floor":14}],"player_experience":129688,"relics_obtained":[{"floor":6.0,"key":"ats:Originium"},{"floor":9.0,"key":"Orichalcum"},{"floor":12.0,"key":"Question Card"}],"event_choices":[{"damage_healed":0.0,"max_hp_gain":0.0,"max_hp_loss":0.0,"gold_gain":0.0,"event_name":"Shining Light","player_choice":"Entered Light","floor":3.0,"gold_loss":0.0,"damage_taken":14.0,"cards_upgraded":["ats:Defend","ats:Strike G"]},{"damage_healed":0.0,"max_hp_gain":0.0,"max_hp_loss":0.0,"gold_gain":0.0,"event_name":"Liars Game","player_choice":"Ignored","floor":4.0,"gold_loss":0.0,"damage_taken":0.0},{"damage_healed":0.0,"max_hp_gain":0.0,"max_hp_loss":0.0,"gold_gain":0.0,"event_name":"Scrap Ooze","player_choice":"Success","floor":5.0,"gold_loss":0.0,"damage_taken":18.0,"relics_obtained":["Toy Ornithopter"]},{"cards_removed":["ats:Strike S"],"damage_healed":0.0,"max_hp_gain":0.0,"max_hp_loss":0.0,"gold_gain":0.0,"event_name":"Living Wall","player_choice":"Forget","floor":11.0,"gold_loss":0.0,"damage_taken":0.0}],"is_beta":false,"boss_relics":[],"items_purged_floors":[],"is_endless":false,"potions_floor_spawned":[1,7,14],"killed_by":"Hexaghost","ascension_level":0}}