{"host":"ixtszv54kd1m8623","time":1609028706,"event":{"mods":["Act Like it!","Aspiration","Bard","BaseMod","Beaked The Cultist","ChefMod","Colored Map","Colored Powertips","Conspire","Downfall","Gensokyo","Halation","Hermit","Hubris","Infinite Spire","Jorbs\u0027s Wanderer Trilogy","Minty Spire (QoL Compilation)","Replay The Spire","Robot Space Explorer","Shade Mod","Shop Mod","StSLib","The Blackbeard","The Bug Knight","The Cursed","The Dragon Tamer","The Marked","The Runesmith"],"gold_per_floor":[99,117,133,153,253,272,295,295,307,307,307,327,338,7,22,22,22,22],"floor_reached":16,"playtime":960,"items_purged":[],"score":96,"play_id":"a10988df-b9c7-4bb3-b0ef-aa475b3dc414","local_time":"20201226162506","is_ascension_mode":false,"campfire_choices":[{"data":"champ:IronFortress","floor":1,"key":"SMITH"},{"data":"champ:DefensiveStyle","floor":11,"key":"SMITH"}],"circlet_count":0,"master_deck":["champ:Strike","champ:Strike","champ:Strike","champ:Strike","champ:Defend","champ:Defend","champ:Defend","champ:Defend","champ:Execute","champ:Taunt","champ:IronFortress+1","champ:StanceDance+1","champ:TornadoPunch","champ:AdrenalArmor","champ:Control","champ:DefensiveStyle+1","champ:FanOfKnives","champ:Haymaker","champ:TornadoPunch","champ:ShieldWall","champ:GladiatorsShout","champ:RecklessLeap","champ:MurderStrike","champ:BerserkersShout"],"relics":["champ:ChampionCrown","Ancient Tea Set"],"acts_visited":["Exordium"],"potions_floor_usage":[6,13,16,16],"damage_taken":[{"damage":20,"enemies":"infinitespire:Voidling","floor":2,"turns":6},{"damage":15,"enemies":"Jaw Worm","floor":3,"turns":7},{"damage":0,"enemies":"2 Louse","floor":4,"turns":2},{"damage":30,"enemies":"Large Slime","floor":6,"turns":6},{"damage":9,"enemies":"Exordium Wildlife","floor":9,"turns":3},{"damage":41,"enemies":"Gremlin Gang","floor":12,"turns":5},{"damage":11,"enemies":"Red Slaver","floor":13,"turns":4},{"damage":12,"enemies":"downfall:FleeingMerchant","floor":14,"turns":4},{"damage":0,"enemies":"2 Fungi Beasts","floor":15,"turns":2},{"damage":47,"enemies":"downfall:Ironclad","floor":16,"turns":7}],"seed_played":"3820216966030350020","potions_obtained":[{"floor":2,"key":"SkillPotion"},{"floor":3,"key":"Regen Potion"},{"floor":4,"key":"Adrenaline Potion"},{"floor":15,"key":"Block Potion"}],"is_trial":false,"path_per_floor":["R","M","M","M","?","M","T","?","M","?","R","M","M","$","M","B"],"character_chosen":"THE_CHAMP","items_purchased":["champ:ShieldWall","champ:GladiatorsShout","champ:RecklessLeap","champ:MurderStrike"],"campfire_rested":0,"item_purchase_floors":[14,14,14,14],"current_hp_per_floor":[90,85,73,73,73,55,55,55,55,65,65,35,47,42,42,0,0,0],"gold":22,"neow_bonus":"THREE_CARDS","is_daily":false,"chose_seed":false,"campfire_upgraded":2,"win_rate":0.0,"timestamp":1609028706,"path_taken":["R","M","M","?","?","M","T","?","M","?","R","M","M","$","M","BOSS"],"items_purchased_type":["Card","Card","Card","Card"],"build_version":"2020-12-22","purchased_purges":0,"victory":false,"max_hp_per_floor":[90,90,90,90,90,90,90,90,90,100,100,100,100,100,100,100,100,100],"card_choices":[{"not_picked":["champ:AdrenalArmor","champ:RisingSlash"],"picked":"champ:IronFortress","floor":0},{"not_picked":["champ:FocusedGladiator","champ:SkillfulDodge"],"picked":"champ:StanceDance","floor":2},{"not_picked":["champ:Backstep","champ:BerserkerStyle"],"picked":"champ:TornadoPunch","floor":3},{"not_picked":["champ:Backstep","champ:Shatter"],"picked":"champ:AdrenalArmor","floor":4},{"not_picked":["champ:Haymaker","champ:ShieldWall"],"picked":"champ:Control","floor":6},{"not_picked":["champ:Lariat","champ:PerfectedStrike"],"picked":"champ:DefensiveStyle","floor":9},{"not_picked":["champ:GutPunch","champ:IgnorePain"],"picked":"champ:FanOfKnives","floor":12},{"not_picked":["champ:FlashCut","champ:GutPunch"],"picked":"champ:Haymaker","floor":13},{"not_picked":["champ:EnragedBash","champ:FanOfKnives"],"picked":"champ:TornadoPunch","floor":14},{"not_picked":["champ:GladiatorStyle","champ:FalseCounter"],"picked":"champ:BerserkersShout","floor":15}],"player_experience":147293,"relics_obtained":[{"floor":7,"key":"Ancient Tea Set"}],"event_choices":[{"damage_healed":0,"gold_gain":0,"player_choice":"Grow","damage_taken":0,"max_hp_gain":0,"max_hp_loss":0,"event_name":"Living Wall","floor":8,"gold_loss":0,"cards_upgraded":["champ:StanceDance"]}],"is_beta":false,"boss_relics":[],"items_purged_floors":[],"is_endless":false,"potions_floor_spawned":[2,3,4,15],"killed_by":"downfall:Ironclad","ascension_level":0}}