{"host":"7nu0fnckee4tlfez","time":1609074618,"event":{"mods":["2.2 Compatiblity","AchievementEnabler","Astrologer","BaseMod","CapriCore","Colored Map","Downfall","Lobotomy","LobotomyExtend","Marisa£¨Ùöéë¡¡Øª×âÞÞ£©","Minty Spire (QoL Compilation)","StSLib","SuperFastMode","The Immortal"],"gold_per_floor":[113,126,141,66,79,105,105,124,124,124,186,186,236,312,312,440,440,460,510,560,634,382,382,104,122,174,174,224,224,290,311,311,376,376,376,238,263,313,333,333,383,12,12,33,57,57,57,57,57,57],"floor_reached":51,"playtime":3402,"items_purged":["NakedNest","Strike_G","Strike_G","Alriune"],"score":751,"play_id":"b2d436a3-b25a-4e9d-baa5-4c55b93c2b80","local_time":"20201227221018","is_ascension_mode":false,"campfire_choices":[{"data":"Sucker Punch","floor":7.0,"key":"SMITH"},{"floor":12.0,"key":"REST"},{"data":"Blade Dance","floor":15.0,"key":"SMITH"},{"floor":23.0,"key":"DIG"},{"floor":27.0,"key":"DIG"},{"floor":29.0,"key":"DIG"},{"floor":32.0,"key":"DIG"},{"floor":40.0,"key":"REST"},{"floor":46.0,"key":"DIG"},{"floor":49,"key":"DIG"}],"circlet_count":0,"master_deck":["Strike_G+1","Strike_G","Strike_G+1","Defend_G","Defend_G","Defend_G","Defend_G","Defend_G","Survivor","Neutralize","OldLady","Flying Knee","LittleHelper","Escape Plan","Bloodbath","ShyLook","SpiderBud","MeatLantern","Blade Dance+1","CurseOfTheBell","Freischutz","Calculated Gamble","LongBird","Outmaneuver+1","GreedKing","GreedKing"],"relics":["Ring of the Snake","CogitoBucket","LetterFromLob","Pen Nib","LuminousBracelet","Letter Opener","SsserpentHead","Golden Idol","Odd Mushroom","Calling Bell","Bag of Preparation","InkBottle","Shovel","Enchiridion","Whetstone","Oddly Smooth Stone","Pantograph","Bronze Scales","FleshIdol","Regal Pillow","Blue Candle","Mercury Hourglass","MealTicket","Cursed Key","AdjustmentMirror","DollysMirror","Vajra","Art of War"],"acts_visited":["Exordium","TheCity","TheBeyond"],"potions_floor_usage":[],"damage_taken":[{"damage":7.0,"enemies":"Cultist","floor":1.0,"turns":5.0},{"damage":3.0,"enemies":"Jaw Worm","floor":2.0,"turns":3.0},{"damage":5.0,"enemies":"2 Louse","floor":3.0,"turns":6.0},{"damage":5.0,"enemies":"2 Fungi Beasts","floor":5.0,"turns":4.0},{"damage":14.0,"enemies":"3 Sentries","floor":6.0,"turns":6.0},{"damage":42.0,"enemies":"Exordium Wildlife","floor":8.0,"turns":20.0},{"damage":1.0,"enemies":"Blue Slaver","floor":11.0,"turns":4.0},{"damage":4.0,"enemies":"The Mushroom Lair","floor":14.0,"turns":4.0},{"damage":68.0,"enemies":"Hexaghost","floor":16.0,"turns":11.0},{"damage":9.0,"enemies":"3 Byrds","floor":18.0,"turns":4.0},{"damage":87.0,"enemies":"Shell Parasite","floor":25.0,"turns":9.0},{"damage":3.0,"enemies":"Snecko","floor":30.0,"turns":5.0},{"damage":11.0,"enemies":"Snake Plant","floor":31.0,"turns":2.0},{"damage":31.0,"enemies":"Champ","floor":33.0,"turns":8.0},{"damage":0.0,"enemies":"Orb Walker","floor":35.0,"turns":2.0},{"damage":179.0,"enemies":"3 Darklings","floor":36.0,"turns":11.0},{"damage":15.0,"enemies":"Writhing Mass","floor":37.0,"turns":5.0},{"damage":18.0,"enemies":"Maw","floor":39.0,"turns":5.0},{"damage":10.0,"enemies":"Jaw Worm Horde","floor":44.0,"turns":5.0},{"damage":5.0,"enemies":"Spire Growth","floor":45.0,"turns":3.0},{"damage":15.0,"enemies":"3 Darklings","floor":47.0,"turns":3.0},{"damage":10.0,"enemies":"Sphere and 2 Shapes","floor":48.0,"turns":3.0},{"damage":50,"enemies":"FixerMidnight","floor":50,"turns":1}],"seed_played":"-4655228234006250545","potions_obtained":[{"floor":3.0,"key":"FairyPotion"},{"floor":11.0,"key":"Regen Potion"},{"floor":14.0,"key":"Dexterity Potion"},{"floor":28.0,"key":"GhostInAJar"},{"floor":28.0,"key":"LiquidBronze"},{"floor":35.0,"key":"Regen Potion"},{"floor":37.0,"key":"Poison Potion"},{"floor":44.0,"key":"SpeedPotion"}],"is_trial":false,"path_per_floor":["M","M","M","$","M","E","R","M","T","?","M","R","?","?","R","B",null,"M","?","?","T","$","R","$","M","T","R","?","R","M","M","R","B",null,"M","M","M","?","M","R","?","$","T","M","M","R","M","M","R","B",null],"character_chosen":"THE_SILENT","items_purchased":["Oddly Smooth Stone","Bronze Scales","Ancient Potion","DollysMirror"],"campfire_rested":2,"item_purchase_floors":[22,24,42,42],"current_hp_per_floor":[63,60,55,55,50,37,37,22,22,22,24,49,49,47,47,37,79,77,77,61,61,61,61,61,45,45,45,45,45,44,35,35,40,79,79,79,66,66,54,79,79,79,79,74,72,72,58,48,48,56],"gold":57,"neow_bonus":"","is_daily":false,"chose_seed":false,"campfire_upgraded":2,"win_rate":0.0,"timestamp":1609074618,"path_taken":["M","M","?","?","?","E","R","M","T","?","?","R","?","?","R","BOSS","M","?","?","?","$","R","$","M","T","R","?","R","?","M","R","BOSS","M","M","M","?","M","R","?","$","T","M","M","R","M","M","R","BOSS"],"items_purchased_type":["Relic","Relic","Potion","Relic"],"build_version":"2020-12-22","purchased_purges":4,"victory":true,"max_hp_per_floor":[70,70,70,70,70,70,70,85,85,85,85,85,79,79,79,79,79,79,79,79,79,79,79,79,79,79,79,79,79,79,79,79,79,79,79,79,79,79,79,79,79,79,79,79,79,79,79,79,79,79],"card_choices":[{"not_picked":["MHz","SpiderBud"],"picked":"OldLady","floor":1.0},{"not_picked":["Caltrops","PiercingWail"],"picked":"Flying Knee","floor":1.0},{"not_picked":["SpiderBud","Bloodbath"],"picked":"NakedNest","floor":2.0},{"not_picked":["Tactician","Noxious Fumes"],"picked":"Sucker Punch","floor":2.0},{"not_picked":["Wellcheers","CherryBlossoms"],"picked":"LittleHelper","floor":3.0},{"not_picked":["Deadly Poison","Cloak And Dagger"],"picked":"Escape Plan","floor":3.0},{"not_picked":["CrumblingArmor","PunishingBird"],"picked":"Bloodbath","floor":5.0},{"not_picked":["PiercingWail","Bane","Sucker Punch"],"picked":"SKIP","floor":5.0},{"not_picked":["FairyFestival","BeautyBeast"],"picked":"ShyLook","floor":6.0},{"not_picked":["Dagger Throw","Masterful Stab","Choke"],"picked":"SKIP","floor":6.0},{"not_picked":["QueenOfHatred","Murderer"],"picked":"SpiderBud","floor":8.0},{"not_picked":["Predator","Masterful Stab","Bane"],"picked":"SKIP","floor":8.0},{"not_picked":["Rudolta","HeroicMonk","Variant"],"picked":"Singing Bowl","floor":11.0},{"not_picked":["Deadly Poison","Doppelganger","Calculated Gamble"],"picked":"SKIP","floor":11.0},{"not_picked":["SnowQueen","Porccubus","HeroicMonk"],"picked":"Singing Bowl","floor":14.0},{"not_picked":["Funeral","RedShoes"],"picked":"MeatLantern","floor":14.0},{"not_picked":["Terror","Underhanded Strike"],"picked":"Blade Dance","floor":14.0},{"not_picked":["CENSORED","Rudolta"],"picked":"Alriune","floor":16.0},{"not_picked":["Variant","Wellcheers","Scorched"],"picked":"Singing Bowl","floor":18.0},{"not_picked":["Dodge and Roll","PiercingWail","Bouncing Flask"],"picked":"SKIP","floor":18.0},{"not_picked":["Variant","Scorched"],"picked":"Freischutz","floor":25.0},{"not_picked":["PiercingWail+1","Choke"],"picked":"Calculated Gamble","floor":25.0},{"not_picked":["PunishingBird","WhitesApple","Murderer"],"picked":"Singing Bowl","floor":30.0},{"not_picked":["Funeral","WallGazer"],"picked":"LongBird","floor":30.0},{"not_picked":["Skewer","Dodge and Roll"],"picked":"Outmaneuver+1","floor":30.0},{"not_picked":["Variant","VoidDream","CENSORED"],"picked":"Singing Bowl","floor":31.0},{"not_picked":["OSAHOGD","NakedNest"],"picked":"GreedKing","floor":31.0},{"not_picked":["Flying Knee","Die Die Die","Deadly Poison"],"picked":"SKIP","floor":31.0},{"not_picked":["WhitesApple","BeautyBeast","QueenBee"],"picked":"Singing Bowl","floor":33.0},{"not_picked":["RedShoes","Mercenary","SingingMachine"],"picked":"Singing Bowl","floor":35.0},{"not_picked":["Dagger Throw+1","Dodge and Roll","Poisoned Stab+1"],"picked":"SKIP","floor":35.0},{"not_picked":["Scarecrow","HeroicMonk","BigBadWolf"],"picked":"Singing Bowl","floor":36.0},{"not_picked":["Flying Knee+1","All Out Attack+1","Dodge and Roll+1"],"picked":"SKIP","floor":36.0},{"not_picked":["Scarecrow","FairyFestival","OSAHOGD"],"picked":"Singing Bowl","floor":37.0},{"not_picked":["HappyTeddy","Scorched"],"picked":"Yin","floor":37.0},{"not_picked":["Dash+1","Masterful Stab+1","Prepared+1"],"picked":"SKIP","floor":37.0},{"not_picked":["Phantasmal Killer","Masterful Stab","Riddle With Holes"],"picked":"SKIP","floor":39.0},{"not_picked":["Slice+1","Deflect+1","Outmaneuver"],"picked":"SKIP","floor":44.0},{"not_picked":["Slice+1","Deflect+1","Outmaneuver"],"picked":"SKIP","floor":44.0},{"not_picked":["Bouncing Flask","Slice","Outmaneuver"],"picked":"SKIP","floor":45.0},{"not_picked":["Bane+1","Flying Knee","Well Laid Plans"],"picked":"SKIP","floor":47.0},{"not_picked":["Backflip+1","Masterful Stab+1","Skewer+1"],"picked":"SKIP","floor":48.0}],"player_experience":44899,"relics_obtained":[{"floor":1.0,"key":"LetterFromLob"},{"floor":6.0,"key":"Pen Nib"},{"floor":9.0,"key":"Letter Opener"},{"floor":14.0,"key":"Odd Mushroom"},{"floor":17.0,"key":"Bag of Preparation"},{"floor":17.0,"key":"InkBottle"},{"floor":17.0,"key":"Shovel"},{"floor":20.0,"key":"Enchiridion"},{"floor":21.0,"key":"Whetstone"},{"floor":23.0,"key":"Pantograph"},{"floor":26.0,"key":"Regal Pillow"},{"floor":27.0,"key":"Blue Candle"},{"floor":29.0,"key":"Mercury Hourglass"},{"floor":32.0,"key":"MealTicket"},{"floor":46.0,"key":"Vajra"},{"floor":49,"key":"Art of War"}],"event_choices":[{"damage_healed":0.0,"max_hp_gain":0.0,"max_hp_loss":0.0,"gold_gain":0.0,"event_name":"FaceTrader","player_choice":"Trade","floor":10.0,"gold_loss":0.0,"damage_taken":0.0,"relics_obtained":["SsserpentHead"]},{"damage_healed":0.0,"max_hp_gain":0.0,"max_hp_loss":6.0,"gold_gain":0.0,"event_name":"Golden Idol","player_choice":"Lose Max HP","floor":13.0,"gold_loss":0.0,"damage_taken":0.0,"relics_obtained":["Golden Idol"]},{"damage_healed":0.0,"max_hp_gain":0.0,"max_hp_loss":0.0,"gold_gain":0.0,"event_name":"Mushrooms","player_choice":"Fought Mushrooms","floor":14.0,"gold_loss":0.0,"damage_taken":0.0},{"damage_healed":0.0,"max_hp_gain":0.0,"max_hp_loss":0.0,"gold_gain":0.0,"event_name":"Vampires","player_choice":"Ignored","floor":19.0,"gold_loss":0.0,"damage_taken":0.0},{"damage_healed":0.0,"max_hp_gain":0.0,"max_hp_loss":0.0,"gold_gain":0.0,"event_name":"Cursed Tome","player_choice":"Obtained Book","floor":20.0,"gold_loss":0.0,"damage_taken":16.0},{"damage_healed":0.0,"max_hp_gain":0.0,"max_hp_loss":0.0,"gold_gain":0.0,"event_name":"Lab","player_choice":"Got Potions","floor":28.0,"gold_loss":0.0,"damage_taken":0.0},{"cards_removed":["Sucker Punch"],"damage_healed":0.0,"max_hp_gain":0.0,"max_hp_loss":0.0,"gold_gain":0.0,"event_name":"Falling","player_choice":"Removed Attack","floor":38.0,"gold_loss":0.0,"damage_taken":0.0}],"is_beta":false,"boss_relics":[{"not_picked":["SlaversCollar","Runic Dome"],"picked":"Calling Bell"},{"not_picked":["Runic Pyramid","Velvet Choker"],"picked":"Cursed Key"}],"items_purged_floors":[4,22,24,42],"is_endless":false,"potions_floor_spawned":[3,11,14,16,30,31,33,35,37,44,45,48],"ascension_level":0}}