{"host":"pgi3pq8mxxq8gitr","time":1609058863,"event":{"mods":["AchievementEnabler","BaseMod","Better Match","Better Note","Googly Eyes","Minty Spire (QoL Compilation)","Quick Restart","Rare Cards Sparkle","StSLib"],"gold_per_floor":[135,135,168,16,16,91,187,568,568,568,46,100,202,46,46,349,349,388,14,14,14,83,185,185,185,208,241,346,346,271,355,355,658,658,691,841,801,55,55,55,55,55,55,5,5,5,89,212,212,212],"floor_reached":51,"playtime":2454,"items_purged":["Defend_G","Strike_G","Normality"],"score":1042,"play_id":"45e20b5a-1a6a-42e9-8718-3f96d640c615","local_time":"20201227034743","daily_mods":["Cursed Run","Flight","Midas"],"is_ascension_mode":true,"campfire_choices":[{"floor":10,"key":"REST"},{"floor":15,"key":"REST"},{"floor":24,"key":"REST"},{"floor":32,"key":"REST"},{"floor":40,"key":"REST"},{"floor":45,"key":"REST"},{"floor":49,"key":"REST"}],"circlet_count":0,"master_deck":["Strike_G","Strike_G","Strike_G","Defend_G","Defend_G","Defend_G","Defend_G","Survivor","Neutralize","Flying Knee","Poisoned Stab+1","Deflect","Dagger Spray","Quick Slash","Crippling Poison+1","Deflect+1","Bouncing Flask+1","Outmaneuver+1","Wish+1","WindmillStrike+1","Noxious Fumes+1","Chill+1","Meditate+1","Conserve Battery+1","Pommel Strike+1","Beam Cell+1","DeusExMachina+1","Flex+1","DevaForm+1","Protect+1","Apotheosis+1","Rebound+1","Secret Weapon+1","Distraction+1","Chrysalis+1","Madness+1","Madness+1","Writhe","Metallicize+1","PiercingWail+1","Decay"],"relics":["Cursed Key","Darkstone Periapt","Du-Vu Doll","Art of War","Toxic Egg 2","Old Coin","Toy Ornithopter","Shuriken","Pantograph","Ancient Tea Set","PrismaticShard","Empty Cage","Lantern","Orrery","Blood Vial","Dead Branch","Smiling Mask","Frozen Egg 2","Juzu Bracelet","HoveringKite","Incense Burner","Happy Flower","Regal Pillow","Toolbox","Mercury Hourglass","Oddly Smooth Stone","Gambling Chip"],"acts_visited":["Exordium","TheCity","TheBeyond"],"potions_floor_usage":[12,13,16,28,36,47,50],"damage_taken":[{"damage":0,"enemies":"Small Slimes","floor":1,"turns":4},{"damage":0,"enemies":"2 Louse","floor":3,"turns":3},{"damage":9,"enemies":"3 Sentries","floor":6,"turns":8},{"damage":9,"enemies":"Lagavulin","floor":7,"turns":5},{"damage":7,"enemies":"Gremlin Nob","floor":8,"turns":4},{"damage":3,"enemies":"Cultist","floor":12,"turns":3},{"damage":0,"enemies":"Lagavulin","floor":13,"turns":4},{"damage":20,"enemies":"The Guardian","floor":16,"turns":8},{"damage":12,"enemies":"Chosen","floor":18,"turns":5},{"damage":3,"enemies":"Shell Parasite","floor":22,"turns":4},{"damage":33,"enemies":"Gremlin Leader","floor":23,"turns":6},{"damage":0,"enemies":"Snake Plant","floor":27,"turns":3},{"damage":22,"enemies":"Slavers","floor":28,"turns":6},{"damage":37,"enemies":"Gremlin Leader","floor":31,"turns":6},{"damage":73,"enemies":"Collector","floor":33,"turns":9},{"damage":0,"enemies":"Orb Walker","floor":35,"turns":2},{"damage":52,"enemies":"Mind Bloom Boss Battle","floor":36,"turns":5},{"damage":15,"enemies":"Giant Head","floor":47,"turns":4},{"damage":3,"enemies":"Reptomancer","floor":48,"turns":4},{"damage":5,"enemies":"Donu and Deca","floor":50,"turns":9}],"seed_played":"5991082706517877859","potions_obtained":[{"floor":1,"key":"GhostInAJar"},{"floor":8,"key":"CunningPotion"},{"floor":12,"key":"Weak Potion"},{"floor":18,"key":"ColorlessPotion"},{"floor":23,"key":"LiquidBronze"},{"floor":33,"key":"DistilledChaos"},{"floor":35,"key":"SkillPotion"},{"floor":47,"key":"FearPotion"}],"is_trial":true,"path_per_floor":["M","?","M","$","?","E","E","E","T","R","$","M","E","$","R","B",null,"M","$","?","?","M","E","R","?","T","M","E","?","?","E","R","B",null,"M","?","?","$","?","R","?","?","T","$","R","$","E","E","R","B",null],"character_chosen":"THE_SILENT","items_purchased":["Deflect","Dagger Spray","Shuriken","Pantograph","PrismaticShard","Lantern","Noxious Fumes","Orrery","Happy Flower","Distraction+1","Chrysalis+1","Regal Pillow","Toolbox"],"campfire_rested":7,"item_purchase_floors":[4,4,11,11,14,19,19,19,38,38,38,38,38],"current_hp_per_floor":[70,70,70,70,70,61,52,45,51,73,73,73,76,76,76,62,82,70,70,54,54,53,22,48,53,59,61,46,77,77,42,69,26,99,99,47,47,47,35,79,85,85,91,91,111,111,101,100,111,112],"gold":212,"neow_bonus":"","is_daily":false,"chose_seed":false,"campfire_upgraded":0,"win_rate":0.0,"timestamp":1609058863,"path_taken":["M","?","?","$","?","E","E","E","T","R","$","?","E","$","R","BOSS","M","$","?","?","?","E","R","?","T","?","E","?","?","E","R","BOSS","M","?","?","$","?","R","?","?","T","$","R","$","E","E","R","BOSS"],"items_purchased_type":["Card","Card","Relic","Relic","Relic","Relic","Card","Relic","Relic","Card","Card","Relic","Relic"],"build_version":"2020-12-22","purchased_purges":3,"victory":true,"max_hp_per_floor":[70,70,70,70,70,70,70,70,76,76,76,76,76,76,76,82,82,82,82,87,87,87,87,87,87,93,93,93,93,93,93,93,99,99,99,99,99,99,99,99,105,105,111,111,111,111,111,111,111,117],"card_choices":[{"not_picked":["Slice","Blur"],"picked":"Flying Knee","floor":1},{"not_picked":["Tactician","Footwork"],"picked":"Poisoned Stab","floor":3},{"not_picked":["Prepared","Wraith Form v2"],"picked":"Quick Slash","floor":6},{"not_picked":["All Out Attack","Night Terror+1"],"picked":"Crippling Poison+1","floor":7},{"not_picked":["Eviscerate","Expertise+1"],"picked":"Deflect+1","floor":8},{"not_picked":["Backstab","Finisher"],"picked":"Bouncing Flask+1","floor":12},{"not_picked":["Dagger Spray","Skewer"],"picked":"Outmaneuver+1","floor":13},{"not_picked":["Offering+1","Storm of Steel+1"],"picked":"Wish+1","floor":16},{"not_picked":["Iron Wave+1","BattleHymn"],"picked":"WindmillStrike+1","floor":18},{"not_picked":["Rampage","Eviscerate"],"picked":"Chill+1","floor":19},{"not_picked":["Cloak And Dagger+1","Slice"],"picked":"Meditate+1","floor":19},{"not_picked":["Carnage+1","Underhanded Strike+1"],"picked":"Turbo+1","floor":19},{"not_picked":["Backflip+1","Flying Knee+1"],"picked":"Conserve Battery+1","floor":19},{"not_picked":["Blizzard","Crescendo+1"],"picked":"Pommel Strike","floor":19},{"not_picked":["Reckless Charge","Heavy Blade"],"picked":"Beam Cell+1","floor":22},{"not_picked":["CutThroughFate","Rebound+1"],"picked":"DeusExMachina+1","floor":23},{"not_picked":["Deep Breath+1","Outmaneuver+1"],"picked":"Flex+1","floor":27},{"not_picked":["Dual Wield+1","Mind Blast+1"],"picked":"DevaForm+1","floor":28},{"not_picked":["Redo+1","CarveReality"],"picked":"Protect+1","floor":31},{"not_picked":["Ragnarok","DeusExMachina+1"],"picked":"Apotheosis+1","floor":33},{"not_picked":["Slice+1","True Grit+1"],"picked":"Rebound+1","floor":35},{"not_picked":["Leg Sweep+1","Flex+1"],"picked":"Secret Weapon+1","floor":36},{"not_picked":["WaveOfTheHand+1","Compile Driver+1"],"picked":"Metallicize+1","floor":47},{"not_picked":["LessonLearned","Melter+1"],"picked":"PiercingWail+1","floor":48}],"player_experience":66304,"relics_obtained":[{"floor":6,"key":"Art of War"},{"floor":7,"key":"Toxic Egg 2"},{"floor":8,"key":"Old Coin"},{"floor":9,"key":"Toy Ornithopter"},{"floor":13,"key":"Ancient Tea Set"},{"floor":23,"key":"Dead Branch"},{"floor":26,"key":"Smiling Mask"},{"floor":28,"key":"Frozen Egg 2"},{"floor":31,"key":"Juzu Bracelet"},{"floor":36,"key":"Incense Burner"},{"floor":43,"key":"Mercury Hourglass"},{"floor":47,"key":"Oddly Smooth Stone"},{"floor":48,"key":"Gambling Chip"}],"event_choices":[{"cards_removed":["Strike_G"],"damage_healed":0,"gold_gain":0,"player_choice":"Purged","damage_taken":0,"max_hp_gain":0,"max_hp_loss":0,"event_name":"Purifier","floor":2,"gold_loss":0},{"damage_healed":0,"gold_gain":0,"player_choice":"Upgraded","damage_taken":0,"max_hp_gain":0,"max_hp_loss":0,"event_name":"Upgrade Shrine","floor":5,"gold_loss":0,"cards_upgraded":["Poisoned Stab"]},{"damage_healed":0,"gold_gain":0,"player_choice":"Shed Blood","damage_taken":21,"max_hp_gain":5,"max_hp_loss":0,"event_name":"Forgotten Altar","floor":20,"gold_loss":0},{"damage_healed":0,"gold_gain":0,"player_choice":"Gave Potion","damage_taken":0,"relics_obtained":["Blood Vial"],"max_hp_gain":0,"max_hp_loss":0,"event_name":"WeMeetAgain","floor":21,"gold_loss":0},{"cards_removed":["Turbo"],"damage_healed":5,"gold_gain":0,"player_choice":"Offered Common","damage_taken":0,"max_hp_gain":0,"max_hp_loss":0,"event_name":"Bonfire Elementals","floor":25,"gold_loss":0},{"cards_removed":["Turbo"],"damage_healed":5,"gold_gain":0,"player_choice":"Offered Special","damage_taken":0,"max_hp_gain":0,"max_hp_loss":0,"event_name":"Bonfire Elementals","floor":25,"gold_loss":0},{"damage_healed":31,"gold_gain":0,"player_choice":"Heal","damage_taken":0,"max_hp_gain":0,"max_hp_loss":0,"event_name":"The Library","floor":29,"gold_loss":0},{"cards_removed":["Doubt"],"damage_healed":0,"gold_gain":0,"player_choice":"Gave Gold","damage_taken":0,"max_hp_gain":0,"max_hp_loss":0,"event_name":"Beggar","floor":30,"gold_loss":75},{"damage_healed":0,"gold_gain":0,"player_choice":"Fight","damage_taken":0,"max_hp_gain":0,"max_hp_loss":0,"event_name":"MindBloom","floor":36,"gold_loss":0},{"damage_healed":0,"gold_gain":0,"player_choice":"Upgrade","damage_taken":0,"max_hp_gain":0,"max_hp_loss":0,"event_name":"Designer","floor":37,"gold_loss":40,"cards_upgraded":["Noxious Fumes"]},{"damage_healed":0,"gold_gain":0,"player_choice":"Embrace Madness","damage_taken":12,"max_hp_gain":0,"max_hp_loss":0,"event_name":"Winding Halls","floor":39,"gold_loss":0,"cards_obtained":["Madness","Madness"]},{"damage_healed":0,"gold_gain":0,"cards_transformed":["Clumsy"],"player_choice":"Transformed","damage_taken":0,"max_hp_gain":0,"max_hp_loss":0,"event_name":"Transmorgrifier","floor":41,"gold_loss":0,"cards_obtained":["Writhe"]},{"damage_healed":0,"gold_gain":0,"player_choice":"Upgraded","damage_taken":0,"max_hp_gain":0,"max_hp_loss":0,"event_name":"Upgrade Shrine","floor":42,"gold_loss":0,"cards_upgraded":["Pommel Strike"]}],"is_beta":false,"boss_relics":[{"not_picked":["Sozu","Velvet Choker"],"picked":"Empty Cage"},{"not_picked":["Astrolabe","WristBlade"],"picked":"HoveringKite"}],"items_purged_floors":[4,38,44],"is_endless":false,"potions_floor_spawned":[1,8,12,18,23,33,35,47],"ascension_level":1}}