{"host":"bbcqjedmotowk2e9","time":1609084971,"event":{"mods":["AchievementEnabler","Aspiration","BaseMod","Colored Powertips","Energized Spire","GifTheSpireLib","Halation","Hubris","Hyrulean Relics","Infinite Spire","Marisa????????","Minty Spire (QoL Compilation)","Permanent Neow","Quick Restart","Relic Stats","Replay The Spire","Spires And Sneckos","StSLib","Stuff the Spire","Synergy Search","The Disciple"],"gold_per_floor":[17,17,17,34,34,34,34,34,60,60,94,94,109,109,109,109,109],"floor_reached":16,"playtime":633,"items_purged":[],"score":115,"play_id":"722b6999-3f19-4c6d-ba1c-4351474e4b88","local_time":"20201227190251","is_ascension_mode":true,"campfire_choices":[{"data":"StuffTheSpire:MirrorStance","floor":6,"key":"SMITH"},{"data":"Judgement","floor":8,"key":"SMITH"},{"data":"Replay:Poison Smokescreen","floor":10,"key":"SMITH"},{"floor":12,"key":"REST"},{"floor":15,"key":"REST"}],"circlet_count":0,"master_deck":["Strike_P","Strike_P","Strike_P","Defend_P","Defend_P","Eruption","Vigilance","Judgement+1","WaveOfTheHand","StuffTheSpire:FinalStruggle","StuffTheSpire:MirrorStance+1","Replay:Poison Smokescreen+1","Tantrum","Regret","Replay:Battleflow","Crippling Poison"],"relics":["PureWater","Yang","Replay:Kaleidoscope","Smiling Mask","hubris:DisguiseKit","hubris:Towel"],"acts_visited":["Exordium"],"potions_floor_usage":[16],"damage_taken":[{"damage":0,"enemies":"2 Louse","floor":1,"turns":3},{"damage":30,"enemies":"Small Slimes","floor":4,"turns":1},{"damage":48,"enemies":"Lagavulin","floor":11,"turns":8},{"damage":2,"enemies":"Jaw Worm","floor":13,"turns":2},{"damage":56,"enemies":"Hexaghost","floor":16,"turns":9}],"seed_played":"4328780655740183718","potions_obtained":[{"floor":11,"key":"Milkshake"},{"floor":13,"key":"Regen Potion"}],"is_trial":false,"path_per_floor":["M","?","?","M","?","R","$","R","T","R","E","R","M","?","R","B"],"character_chosen":"WATCHER","items_purchased":[],"campfire_rested":2,"item_purchase_floors":[],"current_hp_per_floor":[72,72,72,72,72,72,72,72,72,72,24,45,43,43,64,23,23],"gold":109,"neow_bonus":"THREE_RARE_CARDS","is_daily":false,"chose_seed":false,"campfire_upgraded":3,"win_rate":0.0,"timestamp":1609084971,"path_taken":["M","?","?","M","?","R","$","R","T","R","E","R","?","?","R","BOSS"],"items_purchased_type":[],"build_version":"2020-12-22","purchased_purges":0,"victory":false,"max_hp_per_floor":[72,72,72,72,72,72,72,72,72,72,72,72,72,72,72,72,72],"relic_stats":{"counters":[5,23],"Yang":[16],"Smiling Mask":0,"obtain_stats":[{"hubris:DisguiseKit":11,"Yang":3,"Replay:Kaleidoscope":5,"PureWater":0,"hubris:Towel":14,"Smiling Mask":9},{"hubris:DisguiseKit":3,"Yang":1,"Replay:Kaleidoscope":2,"PureWater":0,"hubris:Towel":4,"Smiling Mask":2},{"hubris:DisguiseKit":12,"Yang":3,"Replay:Kaleidoscope":4,"PureWater":0,"hubris:Towel":14,"Smiling Mask":4}]},"card_choices":[{"not_picked":["DevaForm","DeusExMachina"],"picked":"Judgement","floor":0},{"not_picked":["Replay:BluntJabs","FollowUp"],"picked":"WaveOfTheHand","floor":1},{"not_picked":["Swivel","CrushJoints"],"picked":"Tantrum","floor":4},{"not_picked":["Brilliance","BowlingBash"],"picked":"Replay:Battleflow","floor":11},{"not_picked":["JustLucky","Replay:AtTheReady","Protect"],"picked":"Crippling Poison","floor":13}],"player_experience":568672,"relics_obtained":[{"floor":3,"key":"Yang"},{"floor":9,"key":"Smiling Mask"},{"floor":11,"key":"hubris:DisguiseKit"}],"event_choices":[{"damage_healed":0,"gold_gain":0,"player_choice":"Box","damage_taken":0,"relics_obtained":["Replay:Kaleidoscope"],"max_hp_gain":0,"max_hp_loss":0,"event_name":"Big Fish","floor":5,"gold_loss":0,"cards_obtained":["Regret"]}],"is_beta":false,"boss_relics":[],"items_purged_floors":[],"is_endless":false,"potions_floor_spawned":[11,13],"killed_by":"Hexaghost","ascension_level":4}}