{"host":"qc268ltokmxwqyrx","time":1609106274,"event":{"mods":["BaseMod","Colored Map","Colored Powertips","Minty Spire (QoL Compilation)","Relic Stats","Slay the Relics Exporter","StSLib"],"gold_per_floor":[109,34,34,109,119,119,153,172,199,212,245,245,256,288,288,365,365,381,414,414,61,71,97,97,125,125,125,125],"floor_reached":27,"playtime":2475,"items_purged":["Strike_G"],"score":638,"play_id":"d26d70d0-d4ce-4dc6-80d0-f819e26598d3","local_time":"20201227155754","is_ascension_mode":true,"campfire_choices":[{"data":"Neutralize","floor":6,"key":"SMITH"},{"data":"Deadly Poison","floor":12,"key":"SMITH"},{"data":"Dash","floor":15,"key":"SMITH"},{"data":"Leg Sweep","floor":24,"key":"SMITH"}],"circlet_count":0,"master_deck":["AscendersBane","Strike_G","Strike_G+1","Strike_G","Defend_G","Defend_G","Defend_G","Defend_G","Defend_G","Survivor","Neutralize+1","Endless Agony+1","Slice","PiercingWail","Deadly Poison+1","Masterful Stab","Leg Sweep+1","Dash+1","Bullet Time","Dagger Spray","Bouncing Flask","Backflip","Riddle With Holes","Dash+1","Acrobatics"],"relics":["Ring of the Snake","NeowsBlessing","Pen Nib","Regal Pillow","Bronze Scales","Whetstone","Cursed Key","Red Mask","Snake Skull","Boot","Blue Candle"],"acts_visited":["Exordium","TheCity"],"potions_floor_usage":[11,11,18,19,23,25,25],"damage_taken":[{"damage":0,"enemies":"2 Louse","floor":1,"turns":1},{"damage":0,"enemies":"Jaw Worm","floor":5,"turns":1},{"damage":0,"enemies":"Lagavulin","floor":7,"turns":1},{"damage":1,"enemies":"Small Slimes","floor":8,"turns":4},{"damage":1,"enemies":"Exordium Thugs","floor":10,"turns":4},{"damage":0,"enemies":"Gremlin Nob","floor":11,"turns":3},{"damage":0,"enemies":"Large Slime","floor":13,"turns":7},{"damage":12,"enemies":"Lagavulin","floor":14,"turns":7},{"damage":35,"enemies":"Hexaghost","floor":16,"turns":9},{"damage":0,"enemies":"2 Thieves","floor":18,"turns":4},{"damage":9,"enemies":"Masked Bandits","floor":19,"turns":4},{"damage":0,"enemies":"Chosen","floor":22,"turns":3},{"damage":15,"enemies":"Book of Stabbing","floor":23,"turns":4},{"damage":28,"enemies":"Gremlin Leader","floor":25,"turns":7},{"damage":6,"enemies":"Colosseum Slavers","floor":27,"turns":1}],"seed_played":"7724761617436166687","potions_obtained":[{"floor":5,"key":"Swift Potion"},{"floor":7,"key":"PowerPotion"},{"floor":8,"key":"EssenceOfSteel"},{"floor":14,"key":"DistilledChaos"},{"floor":16,"key":"Poison Potion"},{"floor":19,"key":"Swift Potion"},{"floor":23,"key":"SpeedPotion"}],"is_trial":false,"path_per_floor":["M","?","?","?","M","R","E","M","T","M","E","R","M","E","R","B",null,"M","?","?","$","M","E","R","E","T","?"],"character_chosen":"THE_SILENT","items_purchased":["Snake Skull","Backflip","Strength Potion"],"campfire_rested":0,"item_purchase_floors":[21,21,21],"current_hp_per_floor":[59,59,64,53,53,53,53,52,52,51,51,51,51,39,39,4,54,54,45,45,45,45,30,30,2,2,0,0],"gold":125,"neow_bonus":"THREE_ENEMY_KILL","is_daily":false,"chose_seed":false,"campfire_upgraded":4,"win_rate":0.0,"timestamp":1609106274,"path_taken":["M","?","?","?","M","R","E","M","T","M","E","R","M","E","R","BOSS","M","?","?","$","M","E","R","E","T","?"],"items_purchased_type":["Relic","Card","Potion"],"build_version":"2020-12-22","purchased_purges":1,"victory":false,"max_hp_per_floor":[66,66,71,71,71,71,71,71,71,71,71,71,71,71,71,71,71,71,71,71,71,71,71,71,71,71,71,71],"relic_stats":{"Regal Pillow":0,"counters":[15,60],"Bronze Scales":[136],"Blue Candle":[0],"Pen Nib":[13],"Snake Skull":[8],"Whetstone":["Endless Agony","Strike_G"],"Cursed Key":0,"Boot":[38],"obtain_stats":[{"Regal Pillow":9,"NeowsBlessing":0,"Bronze Scales":11,"Blue Candle":25,"Pen Nib":7,"Snake Skull":21,"Red Mask":19,"Whetstone":14,"Cursed Key":17,"Boot":23,"Ring of the Snake":0},{"Regal Pillow":4,"NeowsBlessing":0,"Bronze Scales":6,"Blue Candle":14,"Pen Nib":3,"Snake Skull":11,"Red Mask":11,"Whetstone":8,"Cursed Key":9,"Boot":13,"Ring of the Snake":0},{"Regal Pillow":7,"NeowsBlessing":0,"Bronze Scales":14,"Blue Candle":59,"Pen Nib":3,"Snake Skull":45,"Red Mask":45,"Whetstone":28,"Cursed Key":37,"Boot":52,"Ring of the Snake":0}],"Ring of the Snake":[30]},"card_choices":[{"not_picked":["Deflect","Infinite Blades"],"picked":"Endless Agony","floor":1},{"not_picked":["Bane","Deflect"],"picked":"Slice","floor":5},{"not_picked":["Reflex","Accuracy"],"picked":"PiercingWail","floor":7},{"not_picked":["Setup","Sucker Punch"],"picked":"Deadly Poison","floor":8},{"not_picked":["Backflip","Underhanded Strike"],"picked":"Masterful Stab","floor":10},{"not_picked":["Flying Knee","Underhanded Strike"],"picked":"Leg Sweep","floor":11},{"not_picked":["Concentrate","Catalyst"],"picked":"Dash","floor":13},{"not_picked":["Night Terror","Grand Finale","Tactician"],"picked":"SKIP","floor":14},{"not_picked":["Venomology","Unload"],"picked":"Bullet Time","floor":16},{"not_picked":["Footwork","Choke"],"picked":"Dagger Spray","floor":18},{"not_picked":["Underhanded Strike","Eviscerate"],"picked":"Bouncing Flask","floor":19},{"not_picked":["Escape Plan","Expertise"],"picked":"Riddle With Holes","floor":22},{"not_picked":["Quick Slash","Backflip"],"picked":"Dash+1","floor":23},{"not_picked":["Night Terror","Accuracy"],"picked":"Acrobatics","floor":25}],"player_experience":1688827,"relics_obtained":[{"floor":7,"key":"Pen Nib"},{"floor":9,"key":"Regal Pillow"},{"floor":11,"key":"Bronze Scales"},{"floor":14,"key":"Whetstone"},{"floor":19,"key":"Red Mask"},{"floor":23,"key":"Boot"},{"floor":25,"key":"Blue Candle"}],"event_choices":[{"cards_removed":["Strike_G"],"damage_healed":0,"gold_gain":0,"player_choice":"Card Removal","damage_taken":0,"max_hp_gain":0,"max_hp_loss":0,"event_name":"The Cleric","floor":2,"gold_loss":75},{"damage_healed":0,"gold_gain":0,"player_choice":"Donut","damage_taken":0,"max_hp_gain":5,"max_hp_loss":0,"event_name":"Big Fish","floor":3,"gold_loss":0},{"damage_healed":0,"gold_gain":75,"player_choice":"Gather Gold","damage_taken":11,"max_hp_gain":0,"max_hp_loss":0,"event_name":"World of Goop","floor":4,"gold_loss":0},{"damage_healed":0,"gold_gain":0,"player_choice":"Fought Bandits","damage_taken":0,"max_hp_gain":0,"max_hp_loss":0,"event_name":"Masked Bandits","floor":19,"gold_loss":0},{"damage_healed":0,"gold_gain":0,"player_choice":"Ignored","damage_taken":0,"max_hp_gain":0,"max_hp_loss":0,"event_name":"The Mausoleum","floor":20,"gold_loss":0},{"damage_healed":0,"gold_gain":0,"player_choice":"Fight","damage_taken":0,"max_hp_gain":0,"max_hp_loss":0,"event_name":"Colosseum","floor":27,"gold_loss":0}],"is_beta":false,"boss_relics":[{"not_picked":["Ring of the Serpent","SacredBark"],"picked":"Cursed Key"}],"items_purged_floors":[21],"is_endless":false,"potions_floor_spawned":[5,7,8,14,16,19,22,23],"killed_by":"Colosseum Slavers","ascension_level":20}}