{"host":"agbyy69nq62afhwx","time":1609079077,"event":{"mods":["BaseMod","Colored Map","DeckTracker","Highlight Path","Keyboard Shortcuts","Minty Spire (QoL Compilation)","Quick Restart","StSLib","SuperFastMode","everything is the same but u backflip on backflip"],"gold_per_floor":[119,119,21,37,53,53,65,140,140,140,3,3,3,41,41,165,165,160,78,99,99,99,99,99,123,123,123,123,123],"floor_reached":28,"playtime":668,"items_purged":["Strike_B","Strike_B"],"score":289,"play_id":"914311e6-ec37-4be7-b249-3b9933223f1b","local_time":"20201227232437","is_ascension_mode":true,"campfire_choices":[{"data":"Fusion","floor":6.0,"key":"SMITH"},{"data":"Dualcast","floor":10.0,"key":"SMITH"},{"floor":13.0,"key":"REST"},{"floor":15.0,"key":"REST"},{"floor":23.0,"key":"REST"}],"circlet_count":0,"master_deck":["Strike_B","Strike_B+1","Defend_B","Defend_B","Zap","Dualcast+1","Beam Cell","Ball Lightning","Conserve Battery","Fusion+1","Compile Driver+1","Consume","Machine Learning","Creative AI","Skim+1","Bandage Up","Echo Form","Skim","Gash"],"relics":["Cracked Core","Pantograph","Whetstone","Golden Idol","HornCleat","Black Star","Akabeko","Lizard Tail"],"acts_visited":["Exordium","TheCity"],"potions_floor_usage":[28,28],"damage_taken":[{"damage":1.0,"enemies":"2 Louse","floor":1.0,"turns":2.0},{"damage":2.0,"enemies":"Jaw Worm","floor":4.0,"turns":2.0},{"damage":6.0,"enemies":"Small Slimes","floor":5.0,"turns":3.0},{"damage":7.0,"enemies":"Exordium Thugs","floor":7.0,"turns":4.0},{"damage":28.0,"enemies":"Lagavulin","floor":14.0,"turns":4.0},{"damage":36.0,"enemies":"The Guardian","floor":16.0,"turns":11.0},{"damage":19.0,"enemies":"2 Thieves","floor":18.0,"turns":5.0},{"damage":16.0,"enemies":"Shell Parasite","floor":20.0,"turns":8.0},{"damage":63.0,"enemies":"Cultist and Chosen","floor":25.0,"turns":7.0},{"damage":38,"enemies":"Book of Stabbing","floor":28,"turns":5}],"seed_played":"-7391201641041139616","potions_obtained":[{"floor":4.0,"key":"Swift Potion"},{"floor":14.0,"key":"SpeedPotion"},{"floor":20.0,"key":"ColorlessPotion"}],"is_trial":false,"path_per_floor":["M","?","$","M","M","R","M","?","T","R","$","?","R","E","R","B",null,"M","$","M","?","?","R","?","M","T","?","E"],"character_chosen":"DEFECT","items_purchased":["Ball Lightning","Consume","Bandage Up"],"campfire_rested":3,"item_purchase_floors":[3,11,19],"current_hp_per_floor":[74,71,71,69,63,63,56,45,45,45,45,25,49,21,45,34,70,51,51,39,39,39,63,63,4,4,4,14,14],"gold":123,"neow_bonus":"TEN_PERCENT_HP_BONUS","is_daily":false,"chose_seed":false,"campfire_upgraded":2,"win_rate":0.0,"timestamp":1609079077,"path_taken":["M","?","?","M","M","R","M","?","T","R","$","?","R","E","R","BOSS","M","$","M","?","?","R","?","M","T","?","E"],"items_purchased_type":["Card","Card","Card"],"build_version":"2020-12-22","purchased_purges":2,"victory":false,"max_hp_per_floor":[82,82,82,82,82,82,82,82,82,82,82,82,82,82,82,82,82,82,82,82,82,82,82,82,82,82,82,82,82],"card_choices":[{"not_picked":["Barrage","Steam Power"],"picked":"Beam Cell","floor":1.0},{"not_picked":["Leap","Scrape"],"picked":"Conserve Battery","floor":4.0},{"not_picked":["Steam","Ball Lightning"],"picked":"Fusion","floor":5.0},{"not_picked":["Storm","Streamline"],"picked":"Compile Driver","floor":7.0},{"not_picked":["Redo","Undo"],"picked":"Machine Learning","floor":14.0},{"not_picked":["Echo Form","Reboot"],"picked":"Creative AI","floor":16.0},{"not_picked":["Stack","Ball Lightning"],"picked":"Skim+1","floor":18.0},{"not_picked":["Ball Lightning","Stack"],"picked":"Echo Form","floor":20.0},{"not_picked":["Rebound","Conserve Battery","Ball Lightning"],"picked":"SKIP","floor":25.0}],"player_experience":388588,"relics_obtained":[{"floor":9.0,"key":"Whetstone"},{"floor":14.0,"key":"HornCleat"},{"floor":26.0,"key":"Lizard Tail"}],"event_choices":[{"damage_healed":0.0,"max_hp_gain":0.0,"max_hp_loss":0.0,"gold_gain":0.0,"event_name":"Scrap Ooze","player_choice":"Success","floor":2.0,"gold_loss":0.0,"damage_taken":3.0,"relics_obtained":["Pantograph"]},{"damage_healed":0.0,"max_hp_gain":0.0,"max_hp_loss":0.0,"gold_gain":75.0,"event_name":"World of Goop","player_choice":"Gather Gold","floor":8.0,"gold_loss":0.0,"damage_taken":11.0},{"damage_healed":0.0,"max_hp_gain":0.0,"max_hp_loss":0.0,"gold_gain":0.0,"event_name":"Golden Idol","player_choice":"Take Damage","floor":12.0,"gold_loss":0.0,"damage_taken":20.0,"relics_obtained":["Golden Idol"]},{"damage_healed":0.0,"max_hp_gain":0.0,"max_hp_loss":0.0,"gold_gain":0.0,"cards_transformed":["Defend_B","Defend_B"],"event_name":"Drug Dealer","player_choice":"Became Test Subject","floor":21.0,"gold_loss":0.0,"damage_taken":0.0,"cards_obtained":["Skim","Gash"]},{"damage_healed":0.0,"max_hp_gain":0.0,"max_hp_loss":0.0,"gold_gain":0.0,"event_name":"Vampires","player_choice":"Ignored","floor":22.0,"gold_loss":0.0,"damage_taken":0.0},{"damage_healed":0.0,"max_hp_gain":0.0,"max_hp_loss":0.0,"gold_gain":0.0,"event_name":"The Mausoleum","player_choice":"Opened","floor":24.0,"gold_loss":0.0,"damage_taken":0.0,"relics_obtained":["Akabeko"]},{"damage_healed":0.0,"max_hp_gain":0.0,"max_hp_loss":0.0,"gold_gain":0.0,"event_name":"Cursed Tome","player_choice":"Ignored","floor":27.0,"gold_loss":0.0,"damage_taken":0.0}],"is_beta":false,"boss_relics":[{"not_picked":["Sozu","Busted Crown"],"picked":"Black Star"}],"items_purged_floors":[3,11],"is_endless":false,"potions_floor_spawned":[4,14,20],"killed_by":"Book of Stabbing","ascension_level":7}}