{"host":"3l94tha3a4jgu0q4","time":1609097737,"event":{"mods":["2.2 Compatiblity","AchievementEnabler","BaseMod","Colored Map","Colored Powertips","Highlight Path","Minty Spire (QoL Compilation)","Permanent Neow","StSLib","SuperFastMode"],"gold_per_floor":[116,116,136,38,38,64,84,84,84,84,101,118,118,136,136,136,136],"floor_reached":16,"playtime":424,"items_purged":["Pain"],"score":158,"play_id":"35c87f44-116b-488d-a545-092f44c1004e","local_time":"20201227113537","is_ascension_mode":true,"campfire_choices":[{"data":"Eruption","floor":10.0,"key":"SMITH"},{"data":"Vault","floor":13.0,"key":"SMITH"},{"data":"Wallop","floor":15.0,"key":"SMITH"}],"circlet_count":0,"master_deck":["AscendersBane","Strike_P","Strike_P","Defend_P","Defend_P","Defend_P","Defend_P","Eruption+1","Vigilance","Wallop+1","TalkToTheHand","Evaluate","Crescendo","EmptyBody","Vault+1","FollowUp","Swivel","FlyingSleeves"],"relics":["Sozu","WarpedTongs","Yang"],"acts_visited":["Exordium"],"potions_floor_usage":[],"damage_taken":[{"damage":0.0,"enemies":"Cultist","floor":1.0,"turns":4.0},{"damage":8.0,"enemies":"Small Slimes","floor":3.0,"turns":4.0},{"damage":48.0,"enemies":"Gremlin Nob","floor":6.0,"turns":4.0},{"damage":0.0,"enemies":"Jaw Worm","floor":7.0,"turns":3.0},{"damage":8.0,"enemies":"Lots of Slimes","floor":11.0,"turns":6.0},{"damage":0.0,"enemies":"Red Slaver","floor":12.0,"turns":3.0},{"damage":0.0,"enemies":"Large Slime","floor":14.0,"turns":5.0},{"damage":19,"enemies":"Slime Boss","floor":16,"turns":6}],"seed_played":"-461430659034109671","potions_obtained":[],"is_trial":false,"path_per_floor":["M","?","M","$","?","E","M","?","T","R","M","M","R","M","R","B"],"character_chosen":"WATCHER","items_purchased":["Evaluate"],"campfire_rested":0,"item_purchase_floors":[4],"current_hp_per_floor":[65,65,57,57,57,9,9,9,9,9,1,1,1,1,1,0,0],"gold":136,"neow_bonus":"BOSS_RELIC","is_daily":false,"chose_seed":false,"campfire_upgraded":3,"win_rate":0.0,"timestamp":1609097737,"path_taken":["M","?","?","?","?","E","?","?","T","R","M","M","R","M","R","BOSS"],"items_purchased_type":["Card"],"build_version":"2020-12-22","purchased_purges":1,"victory":false,"max_hp_per_floor":[72,72,72,72,72,72,72,72,72,72,72,72,72,72,72,72,72],"card_choices":[{"not_picked":["EmptyMind","ClearTheMind"],"picked":"Wallop","floor":1.0},{"not_picked":["Study","CarveReality"],"picked":"TalkToTheHand","floor":3.0},{"not_picked":["DeceiveReality","Prostrate"],"picked":"EmptyBody","floor":6.0},{"not_picked":["ThirdEye","Protect"],"picked":"Vault","floor":7.0},{"not_picked":["Prostrate","CrushJoints"],"picked":"FollowUp","floor":11.0},{"not_picked":["CutThroughFate","Halt"],"picked":"Swivel","floor":12.0},{"not_picked":["ThirdEye","Worship"],"picked":"FlyingSleeves","floor":14.0}],"player_experience":1868448,"relics_obtained":[{"floor":6.0,"key":"Yang"}],"event_choices":[{"damage_healed":0.0,"max_hp_gain":0.0,"max_hp_loss":0.0,"gold_gain":0.0,"event_name":"Accursed Blacksmith","player_choice":"Rummage","floor":2.0,"gold_loss":0.0,"damage_taken":0.0,"relics_obtained":["WarpedTongs"],"cards_obtained":["Pain"]},{"damage_healed":0.0,"max_hp_gain":0.0,"max_hp_loss":0.0,"gold_gain":0.0,"cards_transformed":["Strike_P"],"event_name":"Transmorgrifier","player_choice":"Transformed","floor":5.0,"gold_loss":0.0,"damage_taken":0.0,"cards_obtained":["Crescendo"]},{"cards_removed":["Strike_P"],"damage_healed":0.0,"max_hp_gain":0.0,"max_hp_loss":0.0,"gold_gain":0.0,"event_name":"Purifier","player_choice":"Purged","floor":8.0,"gold_loss":0.0,"damage_taken":0.0}],"is_beta":false,"boss_relics":[],"items_purged_floors":[4],"is_endless":false,"potions_floor_spawned":[1,3,6,12],"killed_by":"Slime Boss","ascension_level":11}}