{"host":"adv1uqz3812gqgbw","time":1609106997,"event":{"mods":["BaseMod","Better Note","Colored Powertips","Custom Start","Dio Mod","GifTheSpireLib","Hermit","Minty Spire (QoL Compilation)","StSLib","The Runesmith","Uncapped"],"gold_per_floor":[110,123,123,123,138,165,190,190,213,228,254,289,289,323,323,400,400,410,419,348,379,399,429,429,462,462,496,530,557,557,587,587,658,658,672,672,672,683,714,741,741,741,741,741,766,766,801,830,830,830,830],"floor_reached":52,"playtime":6177,"items_purged":[],"score":3707,"play_id":"4c015a86-dcfe-4d46-800c-63a67eae5cd0","local_time":"20201227200957","daily_mods":["Diverse","Colorless Cards","Time Dilation","Flight","DeadlyEvents","Elite Swarm","Lethality"],"is_ascension_mode":true,"campfire_choices":[{"data":"1","floor":41,"key":"LIFT"},{"data":"2","floor":42,"key":"LIFT"},{"data":"3","floor":44,"key":"LIFT"}],"circlet_count":0,"master_deck":["dioMod:TheWalk+1","dioMod:TheWalk+1","dioMod:TheWalk+1","Dramatic Entrance+1","Adaptation+1","Crescendo+1","Adrenaline+1","Adrenaline+1","Flex+1","Limit Break+1","Limit Break+1","Inflame+1","Seek+1","Seek+1","Double Energy+1"],"relics":["Unceasing Top","Bag of Marbles","Bag of Preparation","Runesmith:AutoHammer","Runesmith:Nanobots","Lee\u0027s Waffle","Vajra","Unceasing Top","Turnip","Ginger","Fusion Hammer","Coffee Dripper","Bottled Flame","Bottled Lightning","Bottled Tornado","Brimstone","Frozen Eye","Singing Bowl","hermit:DentedPlate","Mango","Strawberry","Pear","Bronze Scales","Anchor","Red Skull","CeramicFish","Dream Catcher","Magic Flower","The Courier","Torii","Lizard Tail","Eternal Feather","Question Card","Smiling Mask","Potion Belt","Ice Cream","Busted Crown","Girya","Toy Ornithopter","Darkstone Periapt","Runesmith:Locket","Akabeko","InkBottle"],"acts_visited":["Exordium","TheCity","TheBeyond"],"potions_floor_usage":[],"damage_taken":[{"damage":0,"enemies":"2 Louse","floor":1,"turns":1},{"damage":0,"enemies":"Cultist","floor":2,"turns":1},{"damage":0,"enemies":"Small Slimes","floor":5,"turns":1},{"damage":0,"enemies":"Gremlin Nob","floor":6,"turns":1},{"damage":0,"enemies":"3 Sentries","floor":7,"turns":1},{"damage":0,"enemies":"Exordium Wildlife","floor":10,"turns":1},{"damage":0,"enemies":"Lagavulin","floor":11,"turns":1},{"damage":0,"enemies":"Gremlin Nob","floor":12,"turns":1},{"damage":0,"enemies":"3 Sentries","floor":14,"turns":1},{"damage":0,"enemies":"Slime Boss","floor":16,"turns":1},{"damage":0,"enemies":"Chosen","floor":18,"turns":1},{"damage":0,"enemies":"Book of Stabbing","floor":21,"turns":1},{"damage":0,"enemies":"Spheric Guardian","floor":22,"turns":1},{"damage":0,"enemies":"Slavers","floor":23,"turns":1},{"damage":0,"enemies":"Gremlin Leader","floor":25,"turns":1},{"damage":0,"enemies":"Slavers","floor":27,"turns":1},{"damage":0,"enemies":"Gremlin Leader","floor":28,"turns":1},{"damage":0,"enemies":"Book of Stabbing","floor":29,"turns":1},{"damage":0,"enemies":"Gremlin Leader","floor":31,"turns":1},{"damage":0,"enemies":"Champ","floor":33,"turns":1},{"damage":0,"enemies":"3 Shapes","floor":35,"turns":1},{"damage":0,"enemies":"3 Darklings","floor":38,"turns":1},{"damage":0,"enemies":"Nemesis","floor":39,"turns":1},{"damage":0,"enemies":"Reptomancer","floor":40,"turns":1},{"damage":0,"enemies":"Nemesis","floor":45,"turns":1},{"damage":0,"enemies":"Giant Head","floor":47,"turns":1},{"damage":0,"enemies":"Nemesis","floor":48,"turns":1},{"damage":0,"enemies":"Time Eater","floor":50,"turns":1},{"damage":0,"enemies":"Jotaro","floor":51,"turns":1}],"seed_played":"3091646801506505108","potions_obtained":[{"floor":1,"key":"PowerPotion"},{"floor":2,"key":"Weak Potion"},{"floor":22,"key":"Fire Potion"},{"floor":39,"key":"FearPotion"},{"floor":40,"key":"Dexterity Potion"},{"floor":45,"key":"BloodPotion"},{"floor":48,"key":"ColorlessPotion"}],"is_trial":true,"path_per_floor":["M","M","?","$","M","E","E","$","T","M","E","E","T","E","R","B",null,"M","?","?","E","M","E","?","E","T","E","E","E","?","E","R","B",null,"M","?","?","M","E","E","R","R","T","R","E","$","E","E","R","B","B",null],"character_chosen":"IRONCLAD","items_purchased":[],"campfire_rested":0,"item_purchase_floors":[],"current_hp_per_floor":[147,149,149,149,151,153,155,155,155,157,159,161,161,163,163,165,165,167,167,167,169,171,173,173,175,175,177,179,181,181,183,183,185,185,187,178,178,180,182,184,184,184,184,184,186,186,188,190,190,190,190],"gold":830,"neow_bonus":"","is_daily":false,"chose_seed":false,"campfire_upgraded":0,"win_rate":0.0,"timestamp":1609106997,"path_taken":["M","M","?","?","M","E","?","?","T","?","?","E","?","?","R","BOSS","M","?","?","?","?","E","?","?","T","E","E","E","?","E","R","BOSS","M","?","?","M","?","E","R","R","T","R","E","$","?","E","R","BOSS","BOSS"],"items_purchased_type":[],"build_version":"2020-12-22","purchased_purges":0,"victory":true,"max_hp_per_floor":[147,149,149,149,151,153,155,155,155,157,159,161,161,163,163,165,165,167,167,167,169,171,173,173,175,175,177,179,181,181,183,183,185,185,187,178,178,180,182,184,184,184,184,184,186,186,188,190,190,190,190],"card_choices":[{"not_picked":["Runesmith:Permafrost","FearNoEvil","Clash"],"picked":"Singing Bowl","floor":1},{"not_picked":["Perfected Strike","Runesmith:EarthShield","Sweeping Beam"],"picked":"Singing Bowl","floor":2},{"not_picked":["Iron Wave","Runesmith:LithiumIon","hermit:LuckOfTheDraw"],"picked":"Singing Bowl","floor":5},{"not_picked":["Thinking Ahead","SpiritShield","Exhume"],"picked":"Singing Bowl","floor":6},{"not_picked":["Ragnarok","Fiend Fire","Adrenaline"],"picked":"Singing Bowl","floor":7},{"not_picked":["Disarm","Outmaneuver","Dual Wield"],"picked":"Singing Bowl","floor":10},{"not_picked":["hermit:Reprieve","Buffer","Limit Break"],"picked":"Singing Bowl","floor":11},{"not_picked":["After Image","Master of Strategy","dioMod:ZaWarudo"],"picked":"Singing Bowl","floor":12},{"not_picked":["Die Die Die","Doppelganger","Biased Cognition"],"picked":"Singing Bowl","floor":14},{"not_picked":["Transmutation","Echo Form","dioMod:Pluck"],"picked":"Singing Bowl","floor":16},{"not_picked":["Twin Strike","FlyingSleeves","hermit:Maintenance"],"picked":"Singing Bowl","floor":18},{"not_picked":["hermit:FatalDesire","Runesmith:LastStand","Bludgeon"],"picked":"Singing Bowl","floor":21},{"not_picked":["Battle Trance","hermit:Scavenge","Melter"],"picked":"Singing Bowl","floor":22},{"not_picked":["Runesmith:FissionHammer","Chrysalis","dioMod:SevenPageMuda"],"picked":"Singing Bowl","floor":23},{"not_picked":["Venomology","Storm of Steel","Scrawl"],"picked":"Singing Bowl","floor":25},{"not_picked":["Barricade","dioMod:Refresh","Runesmith:CraftPrismatica","Corruption"],"picked":"Singing Bowl","floor":27},{"not_picked":["ConjureBlade","Establishment","Runesmith:GrandSlam","Devotion"],"picked":"Singing Bowl","floor":28},{"not_picked":["hermit:Gambit","Phantasmal Killer","Devotion","hermit:FatalDesire"],"picked":"Singing Bowl","floor":29},{"not_picked":["Thunder Strike","Brilliance","dioMod:TheWalk","Devotion"],"picked":"Singing Bowl","floor":31},{"not_picked":["dioMod:Despair","Runesmith:CraftMedicinae","Runesmith:GenerateForcefield","Immolate"],"picked":"Singing Bowl","floor":33},{"not_picked":["Steam","Battle Trance"],"picked":"Singing Bowl","floor":35},{"not_picked":["hermit:Glare","Reflex"],"picked":"Singing Bowl","floor":38},{"not_picked":["Biased Cognition","DevaForm"],"picked":"Singing Bowl","floor":39},{"not_picked":["Bludgeon","Thunder Strike"],"picked":"Singing Bowl","floor":40},{"not_picked":["Amplify","hermit:Gambit"],"picked":"Singing Bowl","floor":45},{"not_picked":["hermit:FatalDesire","Runesmith:UnlimitedPower"],"picked":"Singing Bowl","floor":47},{"not_picked":["Envenom","Chrysalis"],"picked":"Singing Bowl","floor":48}],"player_experience":330926,"relics_obtained":[{"floor":6,"key":"Bronze Scales"},{"floor":7,"key":"Anchor"},{"floor":9,"key":"Red Skull"},{"floor":11,"key":"CeramicFish"},{"floor":12,"key":"Dream Catcher"},{"floor":13,"key":"Magic Flower"},{"floor":21,"key":"Torii"},{"floor":23,"key":"Lizard Tail"},{"floor":25,"key":"Eternal Feather"},{"floor":26,"key":"Question Card"},{"floor":27,"key":"Smiling Mask"},{"floor":29,"key":"Potion Belt"},{"floor":31,"key":"Ice Cream"},{"floor":39,"key":"Girya"},{"floor":40,"key":"Toy Ornithopter"},{"floor":43,"key":"Darkstone Periapt"},{"floor":45,"key":"Runesmith:Locket"},{"floor":47,"key":"Akabeko"},{"floor":48,"key":"InkBottle"}],"event_choices":[{"damage_healed":0,"gold_gain":0,"player_choice":"Ignored","damage_taken":0,"max_hp_gain":0,"max_hp_loss":0,"event_name":"Upgrade Shrine","floor":3,"gold_loss":0},{"damage_healed":0,"gold_gain":0,"player_choice":"Take","damage_taken":0,"max_hp_gain":0,"max_hp_loss":0,"event_name":"betterNote:BetterNote","floor":19,"gold_loss":0,"cards_obtained":["Double Energy"]},{"damage_healed":0,"gold_gain":0,"player_choice":"Paid Gold","damage_taken":0,"relics_obtained":["The Courier"],"max_hp_gain":0,"max_hp_loss":0,"event_name":"WeMeetAgain","floor":20,"gold_loss":71},{"damage_healed":0,"gold_gain":0,"player_choice":"Leave","damage_taken":0,"max_hp_gain":0,"max_hp_loss":0,"event_name":"FaceTrader","floor":24,"gold_loss":0},{"damage_healed":0,"gold_gain":0,"player_choice":"Ignored","damage_taken":0,"max_hp_gain":0,"max_hp_loss":0,"event_name":"Cursed Tome","floor":30,"gold_loss":0},{"damage_healed":0,"gold_gain":0,"player_choice":"Max HP","damage_taken":0,"max_hp_gain":0,"max_hp_loss":9,"event_name":"Winding Halls","floor":36,"gold_loss":0},{"cards_removed":["Flex"],"damage_healed":0,"gold_gain":0,"player_choice":"Purged","damage_taken":0,"max_hp_gain":0,"max_hp_loss":0,"event_name":"Purifier","floor":37,"gold_loss":0}],"is_beta":false,"boss_relics":[{"not_picked":["Pandora\u0027s Box","Coffee Dripper","Calling Bell"]},{"not_picked":["Snecko Eye","Cursed Key"],"picked":"Busted Crown"}],"items_purged_floors":[],"is_endless":false,"potions_floor_spawned":[1,2,6,10,11,22,25,28,39,40,45,48],"ascension_level":20}}