{"host":"1tl36azeqm6yhdgj","time":1609067128,"event":{"mods":["AchievementEnabler","BaseMod","Minty Spire (QoL Compilation)","StSLib","The IronCluck","everything is the same but u backflip on backflip"],"gold_per_floor":[13,13,13,30,50,79,79,110,134,198,198,225,248,208,220,308,370,392,454,391,318,345,357,369,398,459,471,494,520,551,574,586,675,687,713,735,180,180,180,180],"floor_reached":39,"playtime":1522,"items_purged":["Strike_R"],"score":788,"play_id":"cd81894b-a209-4809-9c58-09bfbe4ce7a5","local_time":"20201227060528","is_ascension_mode":true,"campfire_choices":[{"data":"Searing Blow","floor":7.0,"key":"SMITH"},{"data":"Searing Blow+1","floor":11.0,"key":"SMITH"},{"data":"Fire Breathing","floor":15.0,"key":"SMITH"},{"data":"Barricade","floor":23.0,"key":"SMITH"},{"data":"Searing Blow+3","floor":27.0,"key":"SMITH"},{"floor":32.0,"key":"REST"}],"circlet_count":0,"master_deck":["AscendersBane","Strike_R+1","Defend_R","Defend_R","Defend_R","Defend_R","Bash+1","Shockwave","Impervious","Searing Blow+4","Clash","Fire Breathing+1","Exhume","Barricade+1","Anger","Reckless Charge","Thunderclap+1","Flame Barrier","Inflame","Rage","Metallicize","Flex","Feed","Shrug It Off"],"relics":["Black Blood","FossilizedHelix","Vajra","Lantern","Bag of Marbles","Whetstone","MawBank","Tiny House","Letter Opener","Bottled Lightning","Medical Kit"],"acts_visited":["Exordium","TheCity","TheBeyond"],"potions_floor_usage":[39],"damage_taken":[{"damage":0.0,"enemies":"Jaw Worm","floor":1.0,"turns":3.0},{"damage":0.0,"enemies":"Small Slimes","floor":4.0,"turns":4.0},{"damage":7.0,"enemies":"2 Louse","floor":5.0,"turns":3.0},{"damage":20.0,"enemies":"3 Sentries","floor":6.0,"turns":15.0},{"damage":10.0,"enemies":"Lagavulin","floor":8.0,"turns":6.0},{"damage":0.0,"enemies":"Gremlin Nob","floor":12.0,"turns":3.0},{"damage":53.0,"enemies":"Hexaghost","floor":16.0,"turns":11.0},{"damage":13.0,"enemies":"2 Thieves","floor":18.0,"turns":4.0},{"damage":6.0,"enemies":"Chosen","floor":22.0,"turns":5.0},{"damage":20.0,"enemies":"3 Cultists","floor":25.0,"turns":5.0},{"damage":30.0,"enemies":"Centurion and Healer","floor":28.0,"turns":8.0},{"damage":12.0,"enemies":"Snecko","floor":29.0,"turns":6.0},{"damage":0.0,"enemies":"3 Cultists","floor":30.0,"turns":3.0},{"damage":0.0,"enemies":"Snake Plant","floor":31.0,"turns":4.0},{"damage":43.0,"enemies":"Collector","floor":33.0,"turns":10.0},{"damage":34,"enemies":"3 Darklings","floor":35,"turns":8},{"damage":0,"enemies":"Orb Walker","floor":36,"turns":2},{"damage":58,"enemies":"Spire Growth","floor":39,"turns":7}],"seed_played":"6138233132735309999","potions_obtained":[{"floor":4.0,"key":"FearPotion"},{"floor":5.0,"key":"Block Potion"},{"floor":6.0,"key":"CultistPotion"},{"floor":16.0,"key":"Fire Potion"},{"floor":17.0,"key":"Swift Potion"},{"floor":18.0,"key":"Regen Potion"},{"floor":29.0,"key":"LiquidMemories"},{"floor":30.0,"key":"Weak Potion"},{"floor":31.0,"key":"PowerPotion"},{"floor":35,"key":"Weak Potion"}],"is_trial":false,"path_per_floor":["M","$","?","M","M","E","R","E","T","?","R","E","T","?","R","B",null,"M","?","?","?","M","R","?","M","T","R","M","M","M","M","R","B",null,"M","M","$","?","M"],"character_chosen":"IRONCLAD","items_purchased":["BloodPotion","Bottled Lightning","Medical Kit"],"campfire_rested":1,"item_purchase_floors":[37,37,37],"current_hp_per_floor":[74,74,74,75,74,60,60,56,56,56,56,62,62,62,62,15,65,58,58,58,58,58,58,58,44,44,44,35,29,35,41,65,28,67,45,57,57,57,0,0],"gold":180,"neow_bonus":"ONE_RARE_RELIC","is_daily":false,"chose_seed":false,"campfire_upgraded":5,"win_rate":0.0,"timestamp":1609067128,"path_taken":["M","$","?","M","M","E","R","E","T","?","R","E","?","?","R","BOSS","M","?","?","?","?","R","?","M","T","R","M","M","M","M","R","BOSS","M","M","$","?","?"],"items_purchased_type":["Potion","Relic","Relic"],"build_version":"2020-12-22","purchased_purges":1,"victory":false,"max_hp_per_floor":[75,75,75,75,75,75,75,75,75,75,75,75,75,75,75,75,80,80,80,80,80,80,80,80,80,80,80,80,80,80,80,80,80,80,80,80,80,80,80,80],"card_choices":[{"not_picked":["Pommel Strike","Iron Wave"],"picked":"Shockwave","floor":1.0},{"not_picked":["Flex","Power Through"],"picked":"Searing Blow","floor":4.0},{"not_picked":["Dual Wield","Perfected Strike"],"picked":"Clash","floor":5.0},{"not_picked":["Exhume","Searing Blow"],"picked":"Fire Breathing","floor":6.0},{"not_picked":["Iron Wave","Evolve"],"picked":"Exhume","floor":8.0},{"not_picked":["Combust","Armaments","Headbutt"],"picked":"SKIP","floor":12.0},{"not_picked":["Brutality","Impervious"],"picked":"Barricade","floor":16.0},{"not_picked":["Battle Trance","Entrench"],"picked":"Anger","floor":17.0},{"not_picked":["Warcry","Clothesline"],"picked":"Reckless Charge","floor":18.0},{"not_picked":["Pommel Strike","Clothesline"],"picked":"Thunderclap+1","floor":22.0},{"not_picked":["Headbutt+1","Fiend Fire"],"picked":"Flame Barrier","floor":25.0},{"not_picked":["Headbutt","Thunderclap"],"picked":"Inflame","floor":28.0},{"not_picked":["Whirlwind","Twin Strike"],"picked":"Rage","floor":29.0},{"not_picked":["Iron Wave","Clash"],"picked":"Metallicize","floor":30.0},{"not_picked":["Armaments","Perfected Strike"],"picked":"Flex","floor":31.0},{"not_picked":["Brutality","Corruption"],"picked":"Feed","floor":33.0},{"not_picked":["Sword Boomerang","Havoc","Wild Strike"],"picked":"SKIP","floor":35},{"not_picked":["Clothesline","Perfected Strike"],"picked":"Shrug It Off","floor":36}],"player_experience":1974685,"relics_obtained":[{"floor":6.0,"key":"Vajra"},{"floor":8.0,"key":"Lantern"},{"floor":9.0,"key":"Bag of Marbles"},{"floor":12.0,"key":"Whetstone"},{"floor":13.0,"key":"MawBank"}],"event_choices":[{"damage_healed":0.0,"max_hp_gain":0.0,"max_hp_loss":0.0,"gold_gain":0.0,"cards_transformed":["Strike_R"],"event_name":"Living Wall","player_choice":"Change","floor":3.0,"gold_loss":0.0,"damage_taken":0.0,"cards_obtained":["Impervious"]},{"damage_healed":0.0,"max_hp_gain":0.0,"max_hp_loss":0.0,"gold_gain":64.0,"event_name":"Golden Wing","player_choice":"Gained Gold","floor":10.0,"gold_loss":0.0,"damage_taken":0.0},{"damage_healed":0.0,"max_hp_gain":0.0,"max_hp_loss":0.0,"gold_gain":0.0,"event_name":"World of Goop","player_choice":"Left Gold","floor":14.0,"gold_loss":52.0,"damage_taken":0.0},{"damage_healed":0.0,"max_hp_gain":0.0,"max_hp_loss":0.0,"gold_gain":50.0,"event_name":"Nest","player_choice":"Stole From Cult","floor":19.0,"gold_loss":0.0,"damage_taken":0.0},{"cards_removed":["Strike_R"],"damage_healed":0.0,"max_hp_gain":0.0,"max_hp_loss":0.0,"gold_gain":0.0,"event_name":"Beggar","player_choice":"Gave Gold","floor":20.0,"gold_loss":75.0,"damage_taken":0.0},{"damage_healed":0.0,"max_hp_gain":0.0,"max_hp_loss":0.0,"gold_gain":0.0,"event_name":"Addict","player_choice":"Obtained Relic","floor":21.0,"gold_loss":85.0,"damage_taken":0.0,"relics_obtained":["Letter Opener"]},{"damage_healed":0.0,"max_hp_gain":0.0,"max_hp_loss":0.0,"gold_gain":0.0,"event_name":"Vampires","player_choice":"Ignored","floor":24.0,"gold_loss":0.0,"damage_taken":0.0},{"cards_removed":["Strike_R"],"damage_healed":0,"gold_gain":0,"player_choice":"Offered Basic","damage_taken":0,"max_hp_gain":0,"max_hp_loss":0,"event_name":"Bonfire Elementals","floor":38,"gold_loss":0}],"is_beta":false,"boss_relics":[{"not_picked":["Black Star","Runic Cube"],"picked":"Tiny House"},{"not_picked":["Sozu","Runic Pyramid"],"picked":"Black Blood"}],"items_purged_floors":[37],"is_endless":false,"potions_floor_spawned":[4,5,6,16,18,22,29,30,31,35],"killed_by":"Spire Growth","ascension_level":16}}