{"host":"86c6vgocyjlprmyx","time":1609037039,"event":{"mods":["BaseMod","Downfall","Hermit","Minty Spire (QoL Compilation)","Quick Restart","Replay The Spire","Shade Mod","StSLib","The Cursed","The Hierophant"],"gold_per_floor":[111,128,31,31,43,43,43,57,57,77,96,111,128,128,128],"floor_reached":14,"playtime":1574,"items_purged":[],"score":86,"play_id":"f5e9107a-7d36-49f4-a5b2-c75fdf8b67f2","local_time":"20201227034359","is_ascension_mode":false,"campfire_choices":[{"data":"hermit:Snapshot","floor":6,"key":"SMITH"}],"circlet_count":0,"master_deck":["hermit:Strike_Hermit","hermit:Strike_Hermit","hermit:Strike_Hermit","hermit:Strike_Hermit","hermit:Defend_Hermit","hermit:Defend_Hermit","hermit:Defend_Hermit","hermit:Defend_Hermit","hermit:Snapshot+1","hermit:Covet","hermit:Ricochet","hermit:Coalescence","ReplayTheSpireMod:IOU","hermit:WideOpen","hermit:LowProfile","hermit:WideOpen","hermit:TrackingShot","hermit:CalledShot","hermit:Combo"],"relics":["hermit:Momento","ReplayTheSpireMod:CursedCoin","Mirror","Quantum Egg"],"acts_visited":["Exordium"],"potions_floor_usage":[12],"damage_taken":[{"damage":1,"enemies":"Jaw Worm","floor":1,"turns":3},{"damage":0,"enemies":"Cultist","floor":2,"turns":2},{"damage":0,"enemies":"Small Slimes","floor":5,"turns":2},{"damage":2,"enemies":"Looter","floor":8,"turns":2},{"damage":14,"enemies":"Gremlin Gang","floor":10,"turns":7},{"damage":7,"enemies":"Blue Slaver","floor":11,"turns":3},{"damage":10,"enemies":"Looter","floor":12,"turns":3},{"damage":11,"enemies":"Large Slime","floor":13,"turns":4},{"damage":50,"enemies":"Lagavulin","floor":14,"turns":6}],"seed_played":"6074806319783421563","potions_obtained":[{"floor":1,"key":"Weak Potion"},{"floor":11,"key":"SkillPotion"},{"floor":13,"key":"hexamod:EctoCoolerPotion"}],"is_trial":false,"path_per_floor":["M","M","$","?","M","R","$","M","T","M","M","M","M","E"],"character_chosen":"HERMIT","items_purchased":["ReplayTheSpireMod:CursedCoin","Mirror"],"campfire_rested":0,"item_purchase_floors":[3,3],"current_hp_per_floor":[81,81,81,82,82,82,82,80,80,66,59,49,38,0,0],"gold":128,"neow_bonus":"TEN_PERCENT_HP_BONUS","is_daily":false,"chose_seed":false,"campfire_upgraded":1,"win_rate":0.0,"timestamp":1609037039,"path_taken":["M","M","$","?","M","R","$","M","T","M","M","M","?","E"],"items_purchased_type":["Relic","Relic"],"build_version":"2020-12-22","purchased_purges":0,"victory":false,"max_hp_per_floor":[82,82,82,82,82,82,82,82,82,82,82,82,82,82,82],"card_choices":[{"not_picked":["hermit:Determination","hermit:SprayPray"],"picked":"hermit:Ricochet","floor":1},{"not_picked":["hermit:LowProfile","hermit:FullyLoaded"],"picked":"hermit:Coalescence","floor":2},{"not_picked":["hermit:Misfire","hermit:Feint"],"picked":"hermit:WideOpen","floor":5},{"not_picked":["hermit:Virtue","hermit:Vantage"],"picked":"hermit:LowProfile","floor":8},{"not_picked":["hermit:Feint","hermit:FatalDesire"],"picked":"hermit:WideOpen","floor":10},{"not_picked":["hermit:Shortfuse","hermit:WideOpen"],"picked":"hermit:TrackingShot","floor":11},{"not_picked":["hermit:Gestalt","hermit:Feint"],"picked":"hermit:CalledShot","floor":12},{"not_picked":["hermit:Dissolve","hermit:Roulette"],"picked":"hermit:Combo","floor":13}],"player_experience":193754,"relics_obtained":[{"floor":9,"key":"Quantum Egg"}],"event_choices":[{"damage_healed":1,"gold_gain":0,"player_choice":"Full Heal","damage_taken":0,"max_hp_gain":0,"max_hp_loss":0,"event_name":"Wheel of Change","floor":4,"gold_loss":0}],"is_beta":false,"boss_relics":[],"items_purged_floors":[],"is_endless":false,"potions_floor_spawned":[1,11,13],"killed_by":"Lagavulin","ascension_level":0}}