{"host":"qxeepl7ydvsgmfdb","time":1609085411,"event":{"mods":["AchievementEnabler","BaseMod","Colored Powertips","Minty Spire (QoL Compilation)","Quick Restart","slay the spire mod where everything is the same but ironclad has a cowboy hat"],"gold_per_floor":[113,193,193,255,51,51,101,129,129,129,191,35,45,165,165,165,165],"floor_reached":16,"playtime":248,"items_purged":[],"score":160,"play_id":"efa645ee-e9e8-4eaa-a791-ce57ba29169d","local_time":"20201227111011","is_ascension_mode":true,"campfire_choices":[{"data":"Backstab","floor":6,"key":"SMITH"},{"data":"Deadly Poison","floor":10,"key":"SMITH"},{"data":"Deadly Poison","floor":15,"key":"SMITH"}],"circlet_count":0,"master_deck":["Strike_G","Strike_G","Strike_G","Strike_G","Defend_G","Defend_G","Defend_G","Defend_G","Defend_G","Survivor","Neutralize","Backstab+1","Deadly Poison+1","Deadly Poison+1","Dagger Throw","Cloak And Dagger"],"relics":["Ring of the Snake","NeowsBlessing","Gremlin Horn","SsserpentHead","Pen Nib","Ornamental Fan","Shuriken","Blood Vial"],"acts_visited":["Exordium"],"potions_floor_usage":[16],"damage_taken":[{"damage":0,"enemies":"Cultist","floor":1,"turns":1},{"damage":0,"enemies":"Small Slimes","floor":4,"turns":1},{"damage":0,"enemies":"3 Sentries","floor":8,"turns":1},{"damage":0,"enemies":"2 Louse","floor":11,"turns":1},{"damage":0,"enemies":"2 Fungi Beasts","floor":13,"turns":2},{"damage":74,"enemies":"Slime Boss","floor":16,"turns":10}],"seed_played":"1211536321357591746","potions_obtained":[{"floor":8,"key":"ColorlessPotion"}],"is_trial":false,"path_per_floor":["M","T","?","M","$","R","?","E","T","R","M","$","M","?","R","B"],"character_chosen":"THE_SILENT","items_purchased":["Deadly Poison","Pen Nib","Blood Vial"],"campfire_rested":0,"item_purchase_floors":[5,5,12],"current_hp_per_floor":[63,63,63,63,63,63,63,63,63,63,63,63,65,65,65,0,0],"gold":165,"neow_bonus":"THREE_ENEMY_KILL","is_daily":false,"chose_seed":false,"campfire_upgraded":3,"win_rate":0.0,"timestamp":1609085411,"path_taken":["M","?","?","?","$","R","?","E","T","R","?","$","M","?","R","BOSS"],"items_purchased_type":["Card","Relic","Relic"],"build_version":"2020-12-22","purchased_purges":0,"victory":false,"max_hp_per_floor":[70,70,70,70,70,70,70,70,70,70,70,70,70,70,70,70,70],"card_choices":[{"not_picked":["Prepared","Poisoned Stab"],"picked":"Backstab","floor":1},{"not_picked":["Dagger Throw","Underhanded Strike"],"picked":"Deadly Poison","floor":4},{"not_picked":["Underhanded Strike","Flechettes"],"picked":"Dagger Throw","floor":8},{"not_picked":["Masterful Stab","Crippling Poison","Tactician"],"picked":"SKIP","floor":11},{"not_picked":["Setup","Deflect"],"picked":"Cloak And Dagger","floor":13}],"player_experience":406761,"relics_obtained":[{"floor":2,"key":"Gremlin Horn"},{"floor":8,"key":"Ornamental Fan"},{"floor":9,"key":"Shuriken"}],"event_choices":[{"damage_healed":0,"gold_gain":0,"player_choice":"Trade","damage_taken":0,"relics_obtained":["SsserpentHead"],"max_hp_gain":0,"max_hp_loss":0,"event_name":"FaceTrader","floor":3,"gold_loss":0},{"cards_removed":["Strike_G"],"damage_healed":0,"gold_gain":0,"player_choice":"Purged","damage_taken":0,"max_hp_gain":0,"max_hp_loss":0,"event_name":"Purifier","floor":7,"gold_loss":0},{"damage_healed":0,"gold_gain":70,"player_choice":"Gained Gold","damage_taken":0,"max_hp_gain":0,"max_hp_loss":0,"event_name":"Golden Wing","floor":14,"gold_loss":0}],"is_beta":false,"boss_relics":[],"items_purged_floors":[],"is_endless":false,"potions_floor_spawned":[8],"killed_by":"Slime Boss","ascension_level":6}}