{"host":"dhyczjm99amxd3qx","time":1609043259,"event":{"mods":["BaseMod","Colored Map","Googly Eyes","Highlight Path","Minty Spire (QoL Compilation)","Quick Restart","StSLib"],"gold_per_floor":[362,362,373,386,29,29,63,63,133,168,138,169,185,205,205,308,308,322,333,233,244,255,255,255],"floor_reached":23,"playtime":1530,"items_purged":["Clumsy","Defend_B"],"score":213,"play_id":"5ddcffb8-7ef0-4e99-8c63-4277fea94e59","local_time":"20201226232739","is_ascension_mode":false,"campfire_choices":[{"data":"Coolheaded","floor":6.0,"key":"SMITH"},{"data":"Self Repair","floor":8.0,"key":"SMITH"},{"data":"Loop","floor":15.0,"key":"SMITH"}],"circlet_count":0,"master_deck":["Strike_B","Strike_B","Strike_B","Strike_B","Defend_B","Defend_B","Defend_B","Zap","Dualcast","Chill+1","Loop+1","Turbo","Self Repair+1","Coolheaded+1","Beam Cell+1","Ball Lightning+1","Ball Lightning+1","Creative AI","Rebound+1","Ball Lightning+1","Storm+1","Undo"],"relics":["Cracked Core","Runic Capacitor","Toy Ornithopter","Matryoshka","Question Card","Molten Egg 2","Sozu"],"acts_visited":["Exordium","TheCity"],"potions_floor_usage":[],"damage_taken":[{"damage":3.0,"enemies":"2 Louse","floor":1.0,"turns":4.0},{"damage":0.0,"enemies":"Cultist","floor":3.0,"turns":5.0},{"damage":9.0,"enemies":"Small Slimes","floor":4.0,"turns":3.0},{"damage":8.0,"enemies":"Lagavulin","floor":7.0,"turns":7.0},{"damage":10.0,"enemies":"3 Sentries","floor":10.0,"turns":10.0},{"damage":26.0,"enemies":"Gremlin Nob","floor":12.0,"turns":5.0},{"damage":7.0,"enemies":"Red Slaver","floor":13.0,"turns":5.0},{"damage":2.0,"enemies":"Large Slime","floor":14.0,"turns":5.0},{"damage":46.0,"enemies":"The Guardian","floor":16.0,"turns":7.0},{"damage":17.0,"enemies":"Shell Parasite","floor":18.0,"turns":5.0},{"damage":9.0,"enemies":"3 Byrds","floor":19.0,"turns":4.0},{"damage":17.0,"enemies":"Sentry and Sphere","floor":21.0,"turns":5.0},{"damage":19,"enemies":"Snake Plant","floor":22,"turns":3},{"damage":52,"enemies":"Slavers","floor":23,"turns":5}],"seed_played":"8465990644274695421","potions_obtained":[{"floor":1.0,"key":"PowerPotion"},{"floor":10.0,"key":"EssenceOfSteel"},{"floor":14.0,"key":"Fruit Juice"}],"is_trial":false,"path_per_floor":["M","?","M","M","$","R","E","R","T","E","?","E","M","M","R","B",null,"M","M","$","M","M","E"],"character_chosen":"DEFECT","items_purchased":["Runic Capacitor","Self Repair","Coolheaded"],"campfire_rested":0,"item_purchase_floors":[5,5,5],"current_hp_per_floor":[72,72,72,63,63,63,62,62,62,62,62,51,54,72,72,36,80,73,74,74,67,48,0,0],"gold":255,"neow_bonus":"TWO_FIFTY_GOLD","is_daily":false,"chose_seed":false,"campfire_upgraded":3,"win_rate":0.0,"timestamp":1609043259,"path_taken":["M","?","?","M","$","R","E","R","T","E","?","E","?","M","R","BOSS","M","M","$","M","M","E"],"items_purchased_type":["Relic","Card","Card"],"build_version":"2020-12-22","purchased_purges":2,"victory":false,"max_hp_per_floor":[75,75,75,75,75,75,75,75,75,75,75,75,75,80,80,80,80,80,80,80,80,80,80,80],"card_choices":[{"not_picked":["Auto Shields","Steam"],"picked":"Chill","floor":1.0},{"not_picked":["Blizzard","Tempest"],"picked":"Loop","floor":3.0},{"not_picked":["Stack","Gash"],"picked":"Turbo","floor":4.0},{"not_picked":["Barrage","Sweeping Beam","Steam"],"picked":"SKIP","floor":7.0},{"not_picked":["All For One","Scrape","Thunder Strike"],"picked":"SKIP","floor":10.0},{"not_picked":["Redo","BootSequence","Rebound+1"],"picked":"Beam Cell+1","floor":12.0},{"not_picked":["Coolheaded","Consume","Rip and Tear+1"],"picked":"Ball Lightning+1","floor":13.0},{"not_picked":["Streamline+1","Loop","Genetic Algorithm"],"picked":"Ball Lightning+1","floor":14.0},{"not_picked":["Reboot","Amplify","All For One+1"],"picked":"Creative AI","floor":16.0},{"not_picked":["Redo","Hologram+1","Leap"],"picked":"Rebound+1","floor":18.0},{"not_picked":["Hologram","Chill+1","Cold Snap+1"],"picked":"Ball Lightning+1","floor":19.0},{"not_picked":["Steam+1","Beam Cell+1","FTL+1"],"picked":"Storm+1","floor":21.0},{"not_picked":["Turbo","Blizzard+1","Barrage+1"],"picked":"Undo","floor":22}],"player_experience":84866,"relics_obtained":[{"floor":7.0,"key":"Toy Ornithopter"},{"floor":9.0,"key":"Matryoshka"},{"floor":10.0,"key":"Question Card"},{"floor":12.0,"key":"Molten Egg 2"}],"event_choices":[{"damage_healed":0.0,"max_hp_gain":0.0,"max_hp_loss":0.0,"gold_gain":0.0,"event_name":"Upgrade Shrine","player_choice":"Upgraded","floor":2.0,"gold_loss":0.0,"damage_taken":0.0,"cards_upgraded":["Chill"]},{"damage_healed":0.0,"max_hp_gain":0.0,"max_hp_loss":0.0,"gold_gain":0.0,"event_name":"The Woman in Blue","player_choice":"Bought 2 Potions","floor":11.0,"gold_loss":0.0,"damage_taken":0.0}],"is_beta":false,"boss_relics":[{"not_picked":["SacredBark","Cursed Key"],"picked":"Sozu"}],"items_purged_floors":[5,20],"is_endless":false,"potions_floor_spawned":[1,10,14,18,22],"killed_by":"Slavers","ascension_level":0}}