{"host":"ij91kspbsf1i6fsu","time":1609034192,"event":{"mods":["AchievementEnabler","BaseMod","Colored Map","Minty Spire (QoL Compilation)","Rare Cards Sparkle","StSLib","The Hierophant","everything is the same but u backflip on backflip"],"gold_per_floor":[112,112,112,127,91,91,122,122,122,122,135,154,154,162,162,132,132],"floor_reached":16,"playtime":1713,"items_purged":[],"score":108,"play_id":"694bbab7-c57f-4d6e-ab34-bb3a90136152","local_time":"20201226185632","is_ascension_mode":false,"campfire_choices":[{"floor":10.0,"key":"REST"},{"floor":13,"key":"REST"},{"data":"hierophant:OrnateJavelin","floor":15,"key":"SMITH"}],"circlet_count":0,"master_deck":["hierophant:Strike_Hierophant","hierophant:Strike_Hierophant","hierophant:Strike_Hierophant","hierophant:Strike_Hierophant","hierophant:Punish","hierophant:Defend_Hierophant","hierophant:Defend_Hierophant","hierophant:Defend_Hierophant","hierophant:Defend_Hierophant","hierophant:ChurchCoffers","hierophant:RepressedViolence+1","hierophant:Repentance","hierophant:Martyrdom","hierophant:MirrorShield+1","hierophant:Empathy","hierophant:MorningPrayer","hierophant:OrnateJavelin+1"],"relics":["hierophant:PropheticMaskRelic","Eternal Feather","Gremlin Horn","Bag of Marbles"],"acts_visited":["Exordium"],"potions_floor_usage":[12],"damage_taken":[{"damage":13.0,"enemies":"Cultist","floor":1.0,"turns":6.0},{"damage":8.0,"enemies":"Jaw Worm","floor":4.0,"turns":3.0},{"damage":31.0,"enemies":"3 Sentries","floor":7.0,"turns":8.0},{"damage":3.0,"enemies":"2 Louse","floor":11.0,"turns":3.0},{"damage":30,"enemies":"Gremlin Nob","floor":12,"turns":4},{"damage":1,"enemies":"Exordium Wildlife","floor":14,"turns":2},{"damage":65,"enemies":"Hexaghost","floor":16,"turns":10}],"seed_played":"-3209482879255987092","potions_obtained":[{"floor":4.0,"key":"Energy Potion"},{"floor":11.0,"key":"SteroidPotion"}],"is_trial":false,"path_per_floor":["M","?","?","M","$","?","E","?","T","R","M","E","R","M","R","B"],"character_chosen":"HIEROPHANT","items_purchased":["hierophant:Martyrdom"],"campfire_rested":2,"item_purchase_floors":[5],"current_hp_per_floor":[69,74,74,66,66,66,35,18,18,50,47,17,52,51,60,0,0],"gold":132,"neow_bonus":"TEN_PERCENT_HP_BONUS","is_daily":false,"chose_seed":false,"campfire_upgraded":1,"win_rate":0.0,"timestamp":1609034192,"path_taken":["M","?","?","M","$","?","E","?","T","R","M","E","R","?","R","BOSS"],"items_purchased_type":["Card"],"build_version":"2020-12-22","purchased_purges":0,"victory":false,"max_hp_per_floor":[82,87,87,87,87,87,87,87,87,87,87,87,87,87,87,87,87],"card_choices":[{"not_picked":["hierophant:FlamingChariot","hierophant:Rebuild"],"picked":"hierophant:RepressedViolence","floor":1.0},{"not_picked":["hierophant:MorningPrayer","hierophant:Encroach"],"picked":"hierophant:Repentance","floor":4.0},{"not_picked":["hierophant:RustyCrate","hierophant:Doubloon"],"picked":"hierophant:MirrorShield","floor":7.0},{"not_picked":["hierophant:Dazzle","hierophant:Bribe"],"picked":"hierophant:Empathy","floor":11.0},{"not_picked":["hierophant:Smite","hierophant:ThreeLashes"],"picked":"hierophant:MorningPrayer","floor":12},{"not_picked":["hierophant:Alms","hierophant:FlamingChariot"],"picked":"hierophant:OrnateJavelin","floor":14}],"player_experience":11438,"relics_obtained":[{"floor":7.0,"key":"Eternal Feather"},{"floor":9.0,"key":"Gremlin Horn"},{"floor":12,"key":"Bag of Marbles"}],"event_choices":[{"damage_healed":0.0,"max_hp_gain":5.0,"max_hp_loss":0.0,"gold_gain":0.0,"event_name":"Big Fish","player_choice":"Donut","floor":2.0,"gold_loss":0.0,"damage_taken":0.0},{"damage_healed":0.0,"max_hp_gain":0.0,"max_hp_loss":0.0,"gold_gain":0.0,"event_name":"Golden Wing","player_choice":"Ignored","floor":3.0,"gold_loss":0.0,"damage_taken":0.0},{"damage_healed":0.0,"max_hp_gain":0.0,"max_hp_loss":0.0,"gold_gain":0.0,"event_name":"Liars Game","player_choice":"Ignored","floor":6.0,"gold_loss":0.0,"damage_taken":0.0},{"damage_healed":0.0,"max_hp_gain":0.0,"max_hp_loss":0.0,"gold_gain":0.0,"event_name":"Shining Light","player_choice":"Entered Light","floor":8.0,"gold_loss":0.0,"damage_taken":17.0,"cards_upgraded":["hierophant:RepressedViolence","hierophant:MirrorShield"]}],"is_beta":false,"boss_relics":[],"items_purged_floors":[],"is_endless":false,"potions_floor_spawned":[4,11],"killed_by":"Hexaghost","ascension_level":0}}