{"host":"nptej036rrbiurf5","time":1609058267,"event":{"mods":["BaseMod","Colored Map","Colored Powertips","DeckTracker","Minty Spire (QoL Compilation)","StSLib","SuperFastMode"],"gold_per_floor":[109,259,274,2,2,36,56,82,159,186,202,202,202,217,217,291,291,308,321,334,79,0,0,35,50,50,50,100,115,115,115],"floor_reached":30,"playtime":859,"items_purged":["Doubt","Strike_B"],"score":542,"play_id":"38ec2aff-e9ef-45ee-abd9-d628b43382eb","local_time":"20201227173747","is_ascension_mode":true,"campfire_choices":[{"floor":12.0,"key":"REST"},{"data":"Lockon","floor":15.0,"key":"SMITH"},{"data":"Electrodynamics","floor":23.0,"key":"SMITH"}],"circlet_count":0,"master_deck":["AscendersBane","Strike_B","Defend_B","Defend_B","Defend_B","Defend_B","Zap","Dualcast","Lockon+1","Consume+1","Undo","Compile Driver","Ball Lightning","Coolheaded+1","Turbo+1","Electrodynamics+1","Hologram+1","Coolheaded+1","Purity+1","Reinforced Body+1","Coolheaded+1","Writhe","Barrage"],"relics":["Cracked Core","NeowsBlessing","Runic Capacitor","Regal Pillow","Orichalcum","InkBottle","Toxic Egg 2","Empty Cage","Lizard Tail","Centennial Puzzle"],"acts_visited":["Exordium","TheCity"],"potions_floor_usage":[],"damage_taken":[{"damage":0.0,"enemies":"Jaw Worm","floor":1.0,"turns":1.0},{"damage":0.0,"enemies":"Small Slimes","floor":3.0,"turns":1.0},{"damage":0.0,"enemies":"3 Sentries","floor":6.0,"turns":1.0},{"damage":2.0,"enemies":"Cultist","floor":7.0,"turns":4.0},{"damage":14.0,"enemies":"Lagavulin","floor":10.0,"turns":5.0},{"damage":23.0,"enemies":"Exordium Wildlife","floor":11.0,"turns":5.0},{"damage":23.0,"enemies":"3 Louse","floor":14.0,"turns":3.0},{"damage":4.0,"enemies":"Slime Boss","floor":16.0,"turns":5.0},{"damage":15.0,"enemies":"Spheric Guardian","floor":18.0,"turns":5.0},{"damage":5.0,"enemies":"3 Byrds","floor":19.0,"turns":3.0},{"damage":16.0,"enemies":"Snake Plant","floor":20.0,"turns":4.0},{"damage":28.0,"enemies":"Slavers","floor":24.0,"turns":4.0},{"damage":10.0,"enemies":"Sentry and Sphere","floor":25.0,"turns":4.0},{"damage":26,"enemies":"Centurion and Healer","floor":29,"turns":8},{"damage":12,"enemies":"Snecko","floor":30,"turns":3}],"seed_played":"-8885356873433996274","potions_obtained":[{"floor":6.0,"key":"SkillPotion"},{"floor":7.0,"key":"BlessingOfTheForge"},{"floor":10.0,"key":"CultistPotion"},{"floor":18.0,"key":"Energy Potion"},{"floor":20.0,"key":"Fruit Juice"}],"is_trial":false,"path_per_floor":["M","?","M","$","?","E","M","T","T","E","M","R","?","M","R","B",null,"M","M","M","$","?","R","E","M","T","?","?","M","M"],"character_chosen":"DEFECT","items_purchased":["Runic Capacitor","Undo","Coolheaded+1","Purity+1"],"campfire_rested":1,"item_purchase_floors":[4,4,21,21],"current_hp_per_floor":[64,64,64,64,64,64,62,62,62,48,25,61,61,38,38,34,62,47,42,31,31,31,31,3,33,33,33,33,7,0,0],"gold":115,"neow_bonus":"THREE_ENEMY_KILL","is_daily":false,"chose_seed":false,"campfire_upgraded":2,"win_rate":0.0,"timestamp":1609058267,"path_taken":["M","?","M","$","?","E","?","?","T","E","M","R","?","M","R","BOSS","M","M","M","$","?","R","E","M","T","?","?","M","M"],"items_purchased_type":["Relic","Card","Card","Card"],"build_version":"2020-12-22","purchased_purges":2,"victory":false,"max_hp_per_floor":[71,71,71,71,71,71,71,71,71,71,71,71,71,71,71,71,71,71,71,76,76,76,76,76,76,76,76,76,76,76,76],"card_choices":[{"not_picked":["Rebound","Double Energy"],"picked":"Lockon","floor":1.0},{"not_picked":["Loop","Go for the Eyes"],"picked":"Consume","floor":3.0},{"not_picked":["FTL","Melter"],"picked":"Compile Driver","floor":6.0},{"not_picked":["Recycle","Hello World"],"picked":"Ball Lightning","floor":7.0},{"not_picked":["Compile Driver","Sweeping Beam","Cold Snap"],"picked":"SKIP","floor":10.0},{"not_picked":["Tempest+1","Self Repair"],"picked":"Coolheaded+1","floor":11.0},{"not_picked":["Storm","Reprogram+1"],"picked":"Turbo+1","floor":14.0},{"not_picked":["Buffer","Machine Learning"],"picked":"Electrodynamics","floor":16.0},{"not_picked":["Ball Lightning","Turbo+1","FTL"],"picked":"SKIP","floor":18.0},{"not_picked":["Sweeping Beam","Rebound","Redo+1"],"picked":"SKIP","floor":19.0},{"not_picked":["Blizzard+1","Steam+1"],"picked":"Hologram+1","floor":20.0},{"not_picked":["Turbo+1","Undo+1"],"picked":"Reinforced Body+1","floor":24.0},{"not_picked":["Undo+1","Barrage"],"picked":"Coolheaded+1","floor":25.0},{"not_picked":["Steam+1","FTL"],"picked":"Barrage","floor":29}],"player_experience":859090,"relics_obtained":[{"floor":6.0,"key":"Regal Pillow"},{"floor":8.0,"key":"Orichalcum"},{"floor":9.0,"key":"InkBottle"},{"floor":10.0,"key":"Toxic Egg 2"},{"floor":24.0,"key":"Lizard Tail"}],"event_choices":[{"damage_healed":0.0,"max_hp_gain":0.0,"max_hp_loss":0.0,"gold_gain":150.0,"event_name":"Liars Game","player_choice":"AGREE","floor":2.0,"gold_loss":0.0,"damage_taken":0.0,"cards_obtained":["Doubt"]},{"damage_healed":0.0,"max_hp_gain":0.0,"max_hp_loss":0.0,"gold_gain":0.0,"event_name":"WeMeetAgain","player_choice":"Ignored","floor":5.0,"gold_loss":0.0,"damage_taken":0.0},{"damage_healed":0.0,"max_hp_gain":0.0,"max_hp_loss":0.0,"gold_gain":0.0,"event_name":"Upgrade Shrine","player_choice":"Upgraded","floor":13.0,"gold_loss":0.0,"damage_taken":0.0,"cards_upgraded":["Consume"]},{"damage_healed":0.0,"max_hp_gain":0.0,"max_hp_loss":0.0,"gold_gain":0.0,"event_name":"Masked Bandits","player_choice":"Paid Fearfully","floor":22.0,"gold_loss":79.0,"damage_taken":0.0},{"damage_healed":0,"gold_gain":0,"player_choice":"Opened","damage_taken":0,"relics_obtained":["Centennial Puzzle"],"max_hp_gain":0,"max_hp_loss":0,"event_name":"The Mausoleum","floor":27,"gold_loss":0,"cards_obtained":["Writhe"]},{"damage_healed":0,"gold_gain":50,"player_choice":"Stole From Cult","damage_taken":0,"max_hp_gain":0,"max_hp_loss":0,"event_name":"Nest","floor":28,"gold_loss":0}],"is_beta":false,"boss_relics":[{"not_picked":["Runic Pyramid","Fusion Hammer"],"picked":"Empty Cage"}],"items_purged_floors":[4,21],"is_endless":false,"potions_floor_spawned":[6,7,10,18,20],"killed_by":"Snecko","ascension_level":18}}