{"host":"xkmvu47k9fdstweo","time":1609033720,"event":{"mods":["BaseMod","Colored Map","Conspire","Hubris","Minty Spire (QoL Compilation)","Quick Restart","Railgun Mod","Shop Mod","StSLib","The Alterego","The Servant 0.9.4","The Wild Card","TheBandit","WarShipGirlsR/??è≠èóR mod","vexMod"],"gold_per_floor":[115,115,127,52,65,98,98,98,98],"floor_reached":8,"playtime":307,"items_purged":["hubris:Lust"],"score":78,"play_id":"1b59ee78-ca49-4e89-9e5f-1f68b5e6aa1f","local_time":"20201226204840","is_ascension_mode":true,"campfire_choices":[{"data":"Electrodynamics","floor":7,"key":"SMITH"}],"circlet_count":0,"master_deck":["Strike_B","Strike_B","Strike_B","Strike_B","Defend_B","Defend_B","Defend_B","Defend_B","Zap","Dualcast","Electrodynamics+1","Coolheaded","Genetic Algorithm","Genetic Algorithm","Doom and Gloom"],"relics":["Cracked Core","Bag of Preparation"],"acts_visited":["Exordium"],"potions_floor_usage":[8],"damage_taken":[{"damage":3.0,"enemies":"2 Louse","floor":1.0,"turns":3.0},{"damage":0,"enemies":"Small Slimes","floor":3,"turns":2},{"damage":0,"enemies":"Cultist","floor":5,"turns":4},{"damage":32,"enemies":"Lagavulin","floor":6,"turns":8},{"damage":35,"enemies":"Gremlin Nob","floor":8,"turns":3}],"seed_played":"-1423502103677514104","potions_obtained":[{"floor":1.0,"key":"SteroidPotion"},{"floor":3,"key":"GamblersBrew"},{"floor":6,"key":"GamblersBrew"}],"is_trial":false,"path_per_floor":["M","?","M","$","M","E","R","E"],"character_chosen":"DEFECT","items_purchased":[],"campfire_rested":0,"item_purchase_floors":[],"current_hp_per_floor":[65,65,65,65,65,33,33,0,0],"gold":98,"neow_bonus":"THREE_RARE_CARDS","is_daily":false,"chose_seed":false,"campfire_upgraded":1,"win_rate":0.0,"timestamp":1609033720,"path_taken":["M","?","M","$","M","E","R","E"],"items_purchased_type":[],"build_version":"2020-12-22","purchased_purges":1,"victory":false,"max_hp_per_floor":[75,75,75,75,75,75,75,75,75],"card_choices":[{"not_picked":["hubris:SpecializedCircuitry","Echo Form"],"picked":"Electrodynamics","floor":0.0},{"not_picked":["Cold Snap","hubris:PowerSurge"],"picked":"Coolheaded","floor":1.0},{"not_picked":["Go for the Eyes","Turbo"],"picked":"Genetic Algorithm","floor":3},{"not_picked":["Streamline","Beam Cell"],"picked":"Genetic Algorithm","floor":5},{"not_picked":["Darkness","Turbo"],"picked":"Doom and Gloom","floor":6}],"player_experience":341510,"relics_obtained":[{"floor":6,"key":"Bag of Preparation"}],"event_choices":[],"is_beta":false,"boss_relics":[],"items_purged_floors":[4],"is_endless":false,"potions_floor_spawned":[1,3,6],"killed_by":"Gremlin Nob","ascension_level":8}}