{"host":"31s8hzukbhz1k6i6","time":1609105522,"event":{"mods":["BaseMod","Colored Map","Minty Spire (QoL Compilation)","Relic Stats","UnlockEverythingMod"],"gold_per_floor":[109,109,109,125,125,469,483,496,496,69,100,121,144,163,163,291,291,305,220,80,93,93,129,129,129,199,239,239,338,338,363,363,493,493,517,517,540,561,579,579,579],"floor_reached":40,"playtime":1568,"items_purged":["Strike_R"],"score":573,"play_id":"726b478c-8ab2-4fe5-b0b4-47e32d1a6a61","local_time":"20201227134522","is_ascension_mode":true,"campfire_choices":[{"data":"Spot Weakness","floor":15,"key":"SMITH"},{"data":"Fire Breathing","floor":24,"key":"SMITH"},{"data":"Burning Pact","floor":30,"key":"SMITH"},{"data":"Sword Boomerang","floor":32,"key":"SMITH"}],"circlet_count":0,"master_deck":["Strike_R+1","Strike_R+1","Strike_R+1","Defend_R+1","Defend_R+1","Defend_R+1","Bash+1","Clothesline","Pommel Strike","Fire Breathing+1","Spot Weakness+1","Impervious","Sword Boomerang+1","Reaper","Offering","Immolate","Power Through","Evolve+1","Burning Pact+1","True Grit+1","Offering","True Grit+1","Warcry+1","Fire Breathing","Pommel Strike+1"],"relics":["Burning Blood","Anchor","Golden Idol","StrikeDummy","Old Coin","Charon\u0027s Ashes","Red Skull","Whetstone","Empty Cage","MealTicket","Paper Frog","Molten Egg 2","Ancient Tea Set","Coffee Dripper"],"acts_visited":["Exordium","TheCity","TheBeyond"],"potions_floor_usage":[16,18,23,40,40],"damage_taken":[{"damage":4.0,"enemies":"Jaw Worm","floor":1.0,"turns":6.0},{"damage":0,"enemies":"Small Slimes","floor":4,"turns":3},{"damage":8,"enemies":"Gremlin Nob","floor":6,"turns":3},{"damage":0,"enemies":"2 Louse","floor":7,"turns":2},{"damage":0,"enemies":"2 Fungi Beasts","floor":8,"turns":3},{"damage":15,"enemies":"Lagavulin","floor":11,"turns":6},{"damage":0,"enemies":"Large Slime","floor":12,"turns":4},{"damage":0,"enemies":"3 Louse","floor":13,"turns":2},{"damage":3,"enemies":"Lots of Slimes","floor":14,"turns":4},{"damage":20,"enemies":"Hexaghost","floor":16,"turns":8},{"damage":6,"enemies":"Shell Parasite","floor":18,"turns":2},{"damage":7,"enemies":"Spheric Guardian","floor":21,"turns":3},{"damage":30,"enemies":"Book of Stabbing","floor":23,"turns":4},{"damage":18,"enemies":"Gremlin Leader","floor":27,"turns":7},{"damage":6,"enemies":"Snecko","floor":31,"turns":2},{"damage":56,"enemies":"Champ","floor":33,"turns":13},{"damage":21,"enemies":"3 Darklings","floor":35,"turns":2},{"damage":1,"enemies":"Orb Walker","floor":37,"turns":2},{"damage":48,"enemies":"Maw","floor":38,"turns":9},{"damage":34,"enemies":"Writhing Mass","floor":39,"turns":7},{"damage":30,"enemies":"Nemesis","floor":40,"turns":5}],"seed_played":"122358772069249536","potions_obtained":[{"floor":1.0,"key":"LiquidBronze"},{"floor":11,"key":"Fire Potion"},{"floor":14,"key":"DistilledChaos"},{"floor":27,"key":"Swift Potion"},{"floor":33,"key":"SneckoOil"},{"floor":37,"key":"Dexterity Potion"},{"floor":38,"key":"SkillPotion"}],"is_trial":false,"path_per_floor":["M","?","?","M","?","E","M","M","T","$","E","M","M","M","R","B",null,"M","?","$","M","$","E","R","?","T","E","?","?","R","M","R","B",null,"M","?","M","M","M","E"],"character_chosen":"IRONCLAD","items_purchased":["Spot Weakness","Impervious","Red Skull","Immolate"],"campfire_rested":0,"item_purchase_floors":[10,10,10,20],"current_hp_per_floor":[80,85,79,79,61,59,65,71,71,71,62,68,74,79,79,65,76,79,79,79,78,79,55,55,55,55,54,54,54,54,57,57,7,61,70,70,75,44,24,0,0],"gold":579,"neow_bonus":"RANDOM_COMMON_RELIC","is_daily":false,"chose_seed":false,"campfire_upgraded":4,"win_rate":0.0,"timestamp":1609105522,"path_taken":["M","?","?","M","?","E","M","M","T","$","E","M","M","M","R","BOSS","M","?","$","M","$","E","R","?","T","E","?","?","R","M","R","BOSS","M","?","M","?","M","E"],"items_purchased_type":["Card","Card","Relic","Card"],"build_version":"2020-12-22","purchased_purges":1,"victory":false,"max_hp_per_floor":[80,85,79,79,79,79,79,79,79,79,79,79,79,79,79,79,79,79,79,79,79,79,79,79,79,79,79,79,79,79,79,79,79,79,79,79,79,79,79,79,79],"relic_stats":{"counters":[21,97],"Golden Idol":133,"MealTicket":1,"Charon\u0027s Ashes":[137],"Whetstone":["Bash","Strike_R"],"obtain_stats":[{"Golden Idol":3,"Charon\u0027s Ashes":9,"Whetstone":11,"Empty Cage":17,"Ancient Tea Set":27,"Burning Blood":0,"Old Coin":6,"Anchor":0,"MealTicket":19,"Molten Egg 2":26,"Coffee Dripper":34,"StrikeDummy":5,"Red Skull":10,"Paper Frog":23},{"Golden Idol":1,"Charon\u0027s Ashes":5,"Whetstone":6,"Empty Cage":10,"Ancient Tea Set":14,"Burning Blood":0,"Old Coin":3,"Anchor":0,"MealTicket":11,"Molten Egg 2":13,"Coffee Dripper":16,"StrikeDummy":2,"Red Skull":5,"Paper Frog":13},{"Golden Idol":6,"Charon\u0027s Ashes":17,"Whetstone":23,"Empty Cage":41,"Ancient Tea Set":57,"Burning Blood":0,"Old Coin":12,"Anchor":0,"MealTicket":43,"Molten Egg 2":50,"Coffee Dripper":72,"StrikeDummy":9,"Red Skull":17,"Paper Frog":50}],"Burning Blood":102},"card_choices":[{"not_picked":["Rage","Body Slam"],"picked":"Clothesline","floor":1.0},{"not_picked":["Sword Boomerang","Power Through"],"picked":"Pommel Strike","floor":4},{"not_picked":["Havoc","Intimidate"],"picked":"Fire Breathing","floor":6},{"not_picked":["Entrench","Iron Wave","Havoc"],"picked":"SKIP","floor":7},{"not_picked":["Iron Wave","Headbutt","Flex"],"picked":"SKIP","floor":8},{"not_picked":["Barricade","True Grit"],"picked":"Sword Boomerang","floor":11},{"not_picked":["Pummel","Flex","True Grit"],"picked":"SKIP","floor":12},{"not_picked":["Iron Wave","Perfected Strike"],"picked":"Reaper","floor":13},{"not_picked":["Carnage","Clothesline","Sever Soul"],"picked":"SKIP","floor":14},{"not_picked":["Reaper","Barricade"],"picked":"Offering","floor":16},{"not_picked":["Havoc","Perfected Strike+1","Entrench"],"picked":"SKIP","floor":18},{"not_picked":["Twin Strike","Spot Weakness","Hemokinesis+1"],"picked":"SKIP","floor":21},{"not_picked":["Iron Wave","Infernal Blade+1"],"picked":"Power Through","floor":23},{"not_picked":["Hemokinesis+1","Cleave+1"],"picked":"Burning Pact","floor":27},{"not_picked":["Armaments","Clothesline+1"],"picked":"True Grit+1","floor":31},{"not_picked":["Impervious","Exhume"],"picked":"Offering","floor":33},{"not_picked":["Whirlwind+1","Heavy Blade+1"],"picked":"True Grit+1","floor":35},{"not_picked":["Body Slam+1","Twin Strike+1"],"picked":"Warcry+1","floor":37},{"not_picked":["Anger+1","Havoc"],"picked":"Fire Breathing","floor":38},{"not_picked":["Searing Blow+1","Clash+1"],"picked":"Pommel Strike+1","floor":39}],"player_experience":37652,"relics_obtained":[{"floor":6,"key":"Old Coin"},{"floor":9,"key":"Charon\u0027s Ashes"},{"floor":11,"key":"Whetstone"},{"floor":23,"key":"Paper Frog"},{"floor":26,"key":"Molten Egg 2"},{"floor":27,"key":"Ancient Tea Set"}],"event_choices":[{"damage_healed":0,"gold_gain":0,"player_choice":"Donut","damage_taken":0,"max_hp_gain":5,"max_hp_loss":0,"event_name":"Big Fish","floor":2,"gold_loss":0},{"damage_healed":0,"gold_gain":0,"player_choice":"Lose Max HP","damage_taken":0,"relics_obtained":["Golden Idol"],"max_hp_gain":0,"max_hp_loss":6,"event_name":"Golden Idol","floor":3,"gold_loss":0},{"damage_healed":0,"gold_gain":0,"player_choice":"Success","damage_taken":18,"relics_obtained":["StrikeDummy"],"max_hp_gain":0,"max_hp_loss":0,"event_name":"Scrap Ooze","floor":5,"gold_loss":0},{"damage_healed":0,"gold_gain":0,"player_choice":"Obtained Relic","damage_taken":0,"relics_obtained":["MealTicket"],"max_hp_gain":0,"max_hp_loss":0,"event_name":"Addict","floor":19,"gold_loss":85},{"damage_healed":0,"gold_gain":0,"player_choice":"Read","damage_taken":0,"max_hp_gain":0,"max_hp_loss":0,"event_name":"The Library","floor":25,"gold_loss":0,"cards_obtained":["Evolve"]},{"damage_healed":0,"gold_gain":0,"player_choice":"Simplicity","damage_taken":0,"max_hp_gain":0,"max_hp_loss":0,"event_name":"Back to Basics","floor":28,"gold_loss":0,"cards_upgraded":["Strike_R","Strike_R","Defend_R","Defend_R","Defend_R"]},{"damage_healed":0,"gold_gain":99,"player_choice":"Stole From Cult","damage_taken":0,"max_hp_gain":0,"max_hp_loss":0,"event_name":"Nest","floor":29,"gold_loss":0},{"damage_healed":0,"gold_gain":0,"player_choice":"Forge","damage_taken":0,"max_hp_gain":0,"max_hp_loss":0,"event_name":"Accursed Blacksmith","floor":36,"gold_loss":0,"cards_upgraded":["Evolve"]}],"is_beta":false,"boss_relics":[{"not_picked":["Snecko Eye","Black Blood"],"picked":"Empty Cage"},{"not_picked":["Velvet Choker","Calling Bell"],"picked":"Coffee Dripper"}],"items_purged_floors":[10],"is_endless":false,"potions_floor_spawned":[1,11,14,27,33,37,38],"killed_by":"Nemesis","ascension_level":5}}