{"host":"ktoxvvst1mwxww91","time":1609069175,"event":{"mods":["BaseMod","Hermit","Minty Spire (QoL Compilation)","StSLib","The Hierophant","The Mystic","The Necromancer"],"gold_per_floor":[119,44,62,62,62,62,95,115,140,168,168,93,119,138,138,216,216,233,53,51,51,51,51,51,51,78,26,26,41,41,58,58,58,58],"floor_reached":33,"playtime":786,"items_purged":["Defend_B"],"score":575,"play_id":"fe7ca5b4-a495-4a2f-8eec-ca0a5705c899","local_time":"20201227123935","is_ascension_mode":true,"campfire_choices":[{"data":"Zap","floor":6.0,"key":"SMITH"},{"data":"Defragment","floor":15.0,"key":"SMITH"},{"data":"Biased Cognition","floor":23.0,"key":"SMITH"},{"data":"Ghostly","floor":28.0,"key":"SMITH"},{"floor":32.0,"key":"REST"}],"circlet_count":0,"master_deck":["AscendersBane","Defend_B","Defend_B","Defend_B","Zap+1","Dualcast","Ball Lightning","Leap","Defragment+1","Reinforced Body","Leap","Go for the Eyes","Conserve Battery","Thunder Strike","Biased Cognition+1","Cold Snap","Chill","Ghostly+1","Ghostly","Ghostly","Ball Lightning","Go for the Eyes"],"relics":["Cracked Core","NeowsBlessing","MealTicket","PreservedInsect","Pear","Juzu Bracelet","Philosopher\u0027s Stone","Potion Belt","Nilry\u0027s Codex"],"acts_visited":["Exordium","TheCity"],"potions_floor_usage":[33],"damage_taken":[{"damage":0.0,"enemies":"Small Slimes","floor":1.0,"turns":1.0},{"damage":0.0,"enemies":"2 Louse","floor":3.0,"turns":1.0},{"damage":0.0,"enemies":"Lagavulin","floor":7.0,"turns":1.0},{"damage":1.0,"enemies":"Cultist","floor":8.0,"turns":3.0},{"damage":6.0,"enemies":"Gremlin Nob","floor":10.0,"turns":3.0},{"damage":0.0,"enemies":"Lagavulin","floor":13.0,"turns":6.0},{"damage":3.0,"enemies":"Blue Slaver","floor":14.0,"turns":4.0},{"damage":38.0,"enemies":"Slime Boss","floor":16.0,"turns":12.0},{"damage":9.0,"enemies":"Chosen","floor":18.0,"turns":5.0},{"damage":14.0,"enemies":"2 Thieves","floor":20.0,"turns":5.0},{"damage":13.0,"enemies":"Snake Plant","floor":29.0,"turns":5.0},{"damage":0.0,"enemies":"Snecko","floor":31.0,"turns":4.0},{"damage":28,"enemies":"Champ","floor":33,"turns":10}],"seed_played":"-8324655815857806191","potions_obtained":[{"floor":1.0,"key":"Block Potion"},{"floor":3.0,"key":"PotionOfCapacity"},{"floor":16.0,"key":"Weak Potion"},{"floor":20.0,"key":"Fruit Juice"},{"floor":29.0,"key":"Weak Potion"},{"floor":31.0,"key":"EssenceOfSteel"}],"is_trial":false,"path_per_floor":["M","?","M","?","?","R","E","M","T","E","?","$","E","M","R","B",null,"M","$","M","?","?","R","?","?","T","$","R","M","?","M","R","B"],"character_chosen":"DEFECT","items_purchased":["Biased Cognition","Ball Lightning"],"campfire_rested":1,"item_purchase_floors":[19,27],"current_hp_per_floor":[64,64,64,64,64,64,64,63,63,67,72,86,86,83,83,45,76,67,82,73,73,73,73,46,46,46,48,48,35,14,14,28,0,0],"gold":58,"neow_bonus":"THREE_ENEMY_KILL","is_daily":false,"chose_seed":false,"campfire_upgraded":4,"win_rate":0.0,"timestamp":1609069175,"path_taken":["M","?","M","?","?","R","E","?","T","E","?","$","E","M","R","BOSS","M","$","M","?","?","R","?","?","T","?","R","M","?","M","R","BOSS"],"items_purchased_type":["Card","Card"],"build_version":"2020-12-22","purchased_purges":1,"victory":false,"max_hp_per_floor":[71,71,71,71,71,71,71,71,71,81,86,86,86,86,86,86,86,86,86,91,91,91,91,96,48,48,48,48,48,48,48,48,48,48],"card_choices":[{"not_picked":["Recycle","Skim"],"picked":"Ball Lightning","floor":1.0},{"not_picked":["Tempest","Skim"],"picked":"Leap","floor":3.0},{"not_picked":["Blizzard","Steam"],"picked":"Defragment","floor":7.0},{"not_picked":["Reprogram","Compile Driver"],"picked":"Reinforced Body","floor":8.0},{"not_picked":["Steam","Force Field"],"picked":"Leap","floor":10.0},{"not_picked":["Creative AI","Chill"],"picked":"Go for the Eyes","floor":13.0},{"not_picked":["Steam","Turbo"],"picked":"Conserve Battery","floor":14.0},{"not_picked":["Fission","Machine Learning"],"picked":"Thunder Strike","floor":16.0},{"not_picked":["Aggregate","Genetic Algorithm","Barrage+1"],"picked":"SKIP","floor":18.0},{"not_picked":["Chill","Streamline","Gash"],"picked":"SKIP","floor":20.0},{"not_picked":["Auto Shields","Beam Cell"],"picked":"Go for the Eyes","floor":29.0},{"not_picked":["Heatsinks","Sweeping Beam","Barrage"],"picked":"SKIP","floor":31.0}],"player_experience":932784,"relics_obtained":[{"floor":7.0,"key":"MealTicket"},{"floor":9.0,"key":"PreservedInsect"},{"floor":10.0,"key":"Pear"},{"floor":13.0,"key":"Juzu Bracelet"},{"floor":26.0,"key":"Potion Belt"},{"floor":30.0,"key":"Nilry\u0027s Codex"}],"event_choices":[{"cards_removed":["Strike_B"],"damage_healed":0.0,"max_hp_gain":0.0,"max_hp_loss":0.0,"gold_gain":0.0,"event_name":"The Cleric","player_choice":"Card Removal","floor":2.0,"gold_loss":75.0,"damage_taken":0.0},{"cards_removed":["Strike_B"],"damage_healed":0.0,"max_hp_gain":0.0,"max_hp_loss":0.0,"gold_gain":0.0,"event_name":"Living Wall","player_choice":"Forget","floor":4.0,"gold_loss":0.0,"damage_taken":0.0},{"damage_healed":0.0,"max_hp_gain":0.0,"max_hp_loss":0.0,"gold_gain":0.0,"event_name":"Lab","player_choice":"Got Potions","floor":5.0,"gold_loss":0.0,"damage_taken":0.0},{"damage_healed":0.0,"max_hp_gain":5.0,"max_hp_loss":0.0,"gold_gain":0.0,"event_name":"Big Fish","player_choice":"Donut","floor":11.0,"gold_loss":0.0,"damage_taken":0.0},{"damage_healed":0.0,"max_hp_gain":0.0,"max_hp_loss":0.0,"gold_gain":0.0,"cards_transformed":["Strike_B","Strike_B"],"event_name":"Drug Dealer","player_choice":"Became Test Subject","floor":21.0,"gold_loss":0.0,"damage_taken":0.0,"cards_obtained":["Cold Snap","Chill"]},{"damage_healed":0.0,"max_hp_gain":0.0,"max_hp_loss":0.0,"gold_gain":0.0,"event_name":"Vampires","player_choice":"Ignored","floor":22.0,"gold_loss":0.0,"damage_taken":0.0},{"damage_healed":0.0,"max_hp_gain":5.0,"max_hp_loss":0.0,"gold_gain":0.0,"event_name":"Forgotten Altar","player_choice":"Shed Blood","floor":24.0,"gold_loss":0.0,"damage_taken":32.0},{"damage_healed":0.0,"max_hp_gain":0.0,"max_hp_loss":48.0,"gold_gain":0.0,"event_name":"Ghosts","player_choice":"Became a Ghost","floor":25.0,"gold_loss":0.0,"damage_taken":0.0,"cards_obtained":["Ghostly","Ghostly","Ghostly"]},{"damage_healed":0.0,"max_hp_gain":0.0,"max_hp_loss":0.0,"gold_gain":0.0,"event_name":"Cursed Tome","player_choice":"Obtained Book","floor":30.0,"gold_loss":0.0,"damage_taken":21.0}],"is_beta":false,"boss_relics":[{"not_picked":["Runic Dome","Busted Crown"],"picked":"Philosopher\u0027s Stone"}],"items_purged_floors":[12],"is_endless":false,"potions_floor_spawned":[1,3,10,16,20,29,31],"killed_by":"Champ","ascension_level":17}}