{"host":"e4wnmsyty9uvvtwf","time":1609067541,"event":{"mods":["Act Like it!","BaseMod","Colored Map","Colored Powertips","Gensokyo","Marisa£®ÏF”Í°°ƒß¿Ì…≥£©","Minty Spire (QoL Compilation)","Rare Cards Sparkle","StSLib"],"gold_per_floor":[110,110,210,230,230,256,267,14,40,40,57,57,57,88,88,311,311,330,330,210,210,49,49,49,83,83,83,111,122,139,17,17,95,95,106,61,81,81,231,231,231,242,269,281,281,295,73,100,100,100,100],"floor_reached":52,"playtime":2594,"items_purged":["Pride"],"score":2112,"play_id":"9adee5c5-f67b-4fd0-9f08-20f5a335e71c","local_time":"20201227191221","is_ascension_mode":true,"campfire_choices":[{"data":"CollectingQuirk","floor":13,"key":"SMITH"},{"data":"BlazeAway","floor":15,"key":"SMITH"},{"data":"BinaryStars","floor":23,"key":"SMITH"},{"data":"DeepEcoloBomb","floor":27,"key":"SMITH"},{"data":"DarkMatter","floor":32,"key":"SMITH"},{"floor":41,"key":"REST"},{"data":"Gensokyo:PrivateSquare","floor":45,"key":"SMITH"},{"data":"Gensokyo:MarisaTwilightSpark","floor":49,"key":"SMITH"}],"circlet_count":0,"master_deck":["AscendersBane","Strike_MRS","Strike_MRS","Strike_MRS","Strike_MRS","Defend_MRS","Defend_MRS","Defend_MRS","Defend_MRS","MasterSpark","UpSweep","PowerUp","Gensokyo:MarisaTwilightSpark+1","EarthLightRay","EnergyFlow","CollectingQuirk+1","BlazeAway+1","6A","BinaryStars+1","PulseMagic","Gensokyo:AllTheWorldsEvil","MeteoricShower","ShootTheMoon","DeepEcoloBomb+1","DarkMatter+1","SatelliteIllusion","Gensokyo:PrivateSquare+1","IllusionStar+1","BigCrunch","PropBag"],"relics":["MiniHakkero","NeowsBlessing","Gensokyo:Justice","Blood Vial","ClockworkSouvenir","Smiling Mask","Pantograph","SlaversCollar","Calipers","Gensokyo:MaskOfHope","Gensokyo:DirgeOfMelancholy","Gensokyo:MosesMiracle","AmplifyWand","Gremlin Horn","Nunchaku","ExperimentalFamiliar","Bag of Preparation","Pen Nib","Orichalcum","Lantern","Centennial Puzzle"],"acts_visited":["Exordium","Gensokyo:Gensokyo","Gensokyo:Gensokyoer"],"potions_floor_usage":[11,16,39,50,51],"damage_taken":[{"damage":0,"enemies":"Gensokyo:Gryphon","floor":1,"turns":1},{"damage":0,"enemies":"Gensokyo:2_Kodama","floor":4,"turns":1},{"damage":0,"enemies":"Gensokyo:Cirno","floor":6,"turns":2},{"damage":0,"enemies":"Gensokyo:3_Fairies","floor":7,"turns":3},{"damage":4,"enemies":"Gensokyo:Kitsune","floor":11,"turns":3},{"damage":10,"enemies":"Gensokyo:Mamizou","floor":14,"turns":8},{"damage":70,"enemies":"Gensokyo:Kokoro","floor":16,"turns":13},{"damage":10,"enemies":"Gensokyo:AngelMirror","floor":18,"turns":3},{"damage":11,"enemies":"Gensokyo:Reisen","floor":25,"turns":5},{"damage":9,"enemies":"Gensokyo:Tenshi","floor":28,"turns":4},{"damage":5,"enemies":"Gensokyo:3_Dogs","floor":29,"turns":3},{"damage":0,"enemies":"Gensokyo:Wraith","floor":30,"turns":4},{"damage":55,"enemies":"Gensokyo:Kaguya","floor":33,"turns":14},{"damage":10,"enemies":"Gensokyo:3_Boulders","floor":35,"turns":5},{"damage":22,"enemies":"Gensokyo:AncientGuardian","floor":37,"turns":4},{"damage":11,"enemies":"Gensokyo:Sharpion","floor":39,"turns":5},{"damage":0,"enemies":"Gensokyo:SeedOfUnknown","floor":42,"turns":2},{"damage":9,"enemies":"Gensokyo:Rafflesia","floor":44,"turns":10},{"damage":0,"enemies":"Gensokyo:Dusk_and_Dawn","floor":46,"turns":1},{"damage":0,"enemies":"Gensokyo:Kasen","floor":48,"turns":4},{"damage":12,"enemies":"Gensokyo:Scarlet_Devils","floor":50,"turns":6},{"damage":0,"enemies":"Gensokyo:Yuyuko","floor":51,"turns":8}],"seed_played":"3060488747417876257","potions_obtained":[{"floor":6,"key":"DistilledChaos"},{"floor":7,"key":"ShroomBrew"},{"floor":16,"key":"ShroomBrew"},{"floor":18,"key":"FearPotion"},{"floor":44,"key":"SkillPotion"}],"is_trial":false,"path_per_floor":["M","?","?","M","?","E","M","COS","T","$","M","?","R","E","R","B",null,"M","?","?","?","$","R","?","E","T","R","E","M","M","COS","R","B",null,"M","COS","M","?","M","?","R","M","T","M","R","M","$","E","R","B","B",null],"character_chosen":"MARISA","items_purchased":["MeteoricShower","ShootTheMoon","Lantern"],"campfire_rested":1,"item_purchase_floors":[22,22,47],"current_hp_per_floor":[63,63,63,63,63,63,69,69,69,69,66,66,66,60,60,4,54,50,50,50,50,50,50,50,45,45,45,42,43,49,49,49,19,57,53,53,37,37,32,32,53,59,59,56,56,58,58,60,60,58,58],"gold":100,"neow_bonus":"THREE_ENEMY_KILL","is_daily":false,"chose_seed":false,"campfire_upgraded":7,"win_rate":0.0,"timestamp":1609067541,"path_taken":["M","?","?","?","?","E","M","COS","T","$","?","?","R","E","R","BOSS","M","?","?","?","$","R","?","E","T","R","E","M","M","COS","R","BOSS","M","COS","M","?","M","?","R","M","T","M","R","?","$","E","R","BOSS","BOSS"],"items_purchased_type":["Card","Card","Relic"],"build_version":"2020-12-22","purchased_purges":1,"victory":true,"max_hp_per_floor":[70,70,70,70,70,70,70,70,70,70,70,70,70,70,70,70,70,70,70,70,70,70,70,70,70,70,70,70,70,70,70,70,70,70,70,70,70,70,70,70,70,70,70,70,70,70,70,70,70,70,70],"card_choices":[{"not_picked":["NonDirectionalLaser","MilkyWay"],"picked":"PowerUp","floor":1},{"not_picked":["OneTimeOff","LuminesStrike"],"picked":"Orbital","floor":4},{"not_picked":["SporeBomb","RefractionSpark"],"picked":"EarthLightRay","floor":6},{"not_picked":["6A","DoubleSpark"],"picked":"EnergyFlow","floor":7},{"not_picked":["WitchOfGreed","ShootingEcho"],"picked":"CollectingQuirk","floor":11},{"not_picked":["OortCloud","AlicesGift"],"picked":"BlazeAway","floor":12},{"not_picked":["ShootingEcho","DC"],"picked":"6A","floor":12},{"not_picked":["Acceleration","DoubleSpark","6A"],"picked":"SKIP","floor":14},{"not_picked":["EscapeVelocity","JA"],"picked":"BinaryStars","floor":16},{"not_picked":["IllusionStar","ShootingEcho"],"picked":"PulseMagic","floor":18},{"not_picked":["AsteroidBelt","SprinkleStarSeal"],"picked":"DeepEcoloBomb","floor":25},{"not_picked":["DoubleSpark","WitchLeyline","EnergyRecoil"],"picked":"SKIP","floor":28},{"not_picked":["MilkyWay","EnergyFlow"],"picked":"DarkMatter","floor":29},{"not_picked":["UnstableBomb","SprinkleStarSeal","WitchOfGreed"],"picked":"SKIP","floor":30},{"not_picked":["TreasureHunter","JA"],"picked":"SatelliteIllusion","floor":33},{"not_picked":["MeteoricShower","LuminesStrike","Acceleration"],"picked":"SKIP","floor":35},{"not_picked":["WitchOfGreed","WitchLeyline","MachineGunSpark"],"picked":"SKIP","floor":37},{"not_picked":["WitchLeyline","MachineGunSpark+1"],"picked":"IllusionStar+1","floor":42},{"not_picked":["IllusionStar+1","DarkMatter"],"picked":"BigCrunch","floor":44},{"not_picked":["AsteroidBelt","ManaConvection"],"picked":"PropBag","floor":46},{"not_picked":["UnstableBomb+1","GravityBeat","StarlightTyphoon"],"picked":"SKIP","floor":48}],"player_experience":663791,"relics_obtained":[{"floor":6,"key":"Blood Vial"},{"floor":9,"key":"Smiling Mask"},{"floor":14,"key":"Pantograph"},{"floor":25,"key":"AmplifyWand"},{"floor":26,"key":"Gremlin Horn"},{"floor":28,"key":"Nunchaku"},{"floor":29,"key":"Gensokyo:MosesMiracle"},{"floor":43,"key":"Orichalcum"},{"floor":48,"key":"Centennial Puzzle"}],"event_choices":[],"is_beta":false,"boss_relics":[{"not_picked":["Ectoplasm","Velvet Choker"],"picked":"SlaversCollar"},{"not_picked":["Black Star","Snecko Eye"],"picked":"ExperimentalFamiliar"}],"items_purged_floors":[47],"is_endless":false,"potions_floor_spawned":[6,7,16,18,29,37,44,46],"ascension_level":20}}