{"host":"0azimyi6n3ugndj4","time":1609061562,"event":{"mods":["2.2 Compatiblity","BaseMod","Bestiary","Conspire","Curses Come First","Defuse TimeMaze Blight","Hyrulean Relics","Infinite Spire","Minty Spire (QoL Compilation)","Relic Stats","Replay The Spire","StSLib","SuperFastMode","Uncapped","¡¼?Úª?ø«¡½REMEMod"],"gold_per_floor":[129,129,129,165,165,222,222,306,306,393,343,343,64,130,130,376,376,439,523,523,643,643,643,643],"floor_reached":23,"playtime":447,"items_purged":[],"score":494,"play_id":"6f77c0e5-6d34-427f-8dbe-6f8ff7ffab24","local_time":"20201227183242","daily_mods":["Shiny","Vintage","ControlledChaos","Diverse","Colorless Cards","Heirloom","Time Dilation","Flight","Elite Swarm","Lethality","Midas","Night Terrors","Binary"],"is_ascension_mode":true,"campfire_choices":[],"circlet_count":0,"master_deck":["AscendersBane","Brilliance","Devotion","LessonLearned","Vault","Alpha","Establishment","REME_WorshipGod","Replay:LoomingThreat","DeusExMachina","Judgement","REME_EmptyShield","MasterReality","Blasphemy","Ragnarok","REME_CRH","Scrawl","Wish","Omniscience","SpiritShield","DevaForm","Hyperbeam","REME_ForAll","Machine Learning","Buffer","Mirror Shield","Seek","Echo Form","All For One","Reboot","Fission","Core Surge","Thunder Strike","Biased Cognition","REME_Shoggoth","Electrodynamics","ReplayRNGCard","ReplayTheSpireMod:Omega Cannon","Rainbow","Meteor Strike","Amplify","REME_ShadowForm","ReplayTheSpireMod:Necrosis","Corpse Explosion","Die Die Die","Atom Bomb","ReplayTheSpireMod:From All Sides","Adrenaline","Envenom","Doppelganger","Burst","Wraith Form v2","REME_SpectralBlade","Tools of the Trade","REME_CopyPotion","After Image","Poison Darts","A Thousand Cuts","Venomology","Replay:Bag of Tricks","Malaise","Phantasmal Killer","Night Terror","infinitespire:Neurotoxin","Unload","REME_GrazeFinale","Bullet Time","Storm of Steel","Glass Knife","Grand Finale","Double Tap","Demon Form","REME_ACTH","Fiend Fire","Eclipse","conspire:Purge","Berserk","Impervious","Juggernaut","Brutality","Demonic Infusion","conspire:HitWhereItHurts","Exhume","Offering","REME_Fury","Bludgeon","Feed","Replay:Many Hands","Limit Break","Corruption","Barricade","Hemogenesis","REME_TheLastStrike","Reaper","Immolate","Thinking Ahead","Metamorphosis","Master of Strategy","Magnetism","REME_HeartOfCthun","Chrysalis","Mayhem","REME_PuzzleBox","Secret Weapon","Midas Touch","ReplayTheSpireMod:Brewmster","REME_AllRoundStrike","Poisoned Strike","REME_MawOfCthun","REME_EyeOfCthun","REME_WheelOfFate","Sadistic Nature","Replay:Dark Deal","REME_Flogging","ReplayUltimateDefense","Transmutation","REME_BattleFury","HandOfGreed","ReplayTheSpireMod:Necrogeddon","Apotheosis","Panache","Violence","Secret Technique","REME_BodyOfCthun","The Bomb","Crow Ritual","REME_BuildACard","REME_ProfessionalPlagiarism","Reaper","Abandon+1","Bludgeon","MasterReality","conspire:SpireCoStock","Unload","ReplayTheSpireMod:Tripwire"],"relics":["Cracked Core","Frozen Eye","Busted Crown","REME_ComplimentaryCards","Pocketwatch","Question Card","infinitespire:CheckeredPen","zeldaRelics:CourageTriforce","conspire:Dentures","conspire:IceCreamScoop","Prayer Wheel","zeldaRelics:WisdomPiece","zeldaRelics:Boomerang","Replay:Wax Seal","Empty Cage","Happy Flower","Replay:Mystery Machine","Solar Panel"],"acts_visited":["Exordium","TheCity"],"potions_floor_usage":[21,23],"damage_taken":[{"damage":0,"enemies":"2 Louse","floor":1,"turns":1},{"damage":8,"enemies":"Jaw Worm","floor":4,"turns":2},{"damage":0,"enemies":"Cultist","floor":6,"turns":1},{"damage":6,"enemies":"3 Sentries","floor":8,"turns":3},{"damage":0,"enemies":"Gremlin Nob","floor":10,"turns":2},{"damage":30,"enemies":"Large Slime","floor":14,"turns":4},{"damage":37,"enemies":"The Guardian","floor":16,"turns":6},{"damage":0,"enemies":"Spheric Guardian","floor":18,"turns":2},{"damage":48,"enemies":"3 Byrds","floor":19,"turns":2},{"damage":0,"enemies":"conspire:MimicChest","floor":21,"turns":2},{"damage":24,"enemies":"Nightmare","floor":23,"turns":2}],"seed_played":"-7276715960173252954","potions_obtained":[{"floor":1,"key":"Energy Potion"}],"is_trial":true,"path_per_floor":["M","?","?","M","T","M","?","E","T","E","?","T","$","M","R","B",null,"M","M","?","?","?","NM"],"character_chosen":"DEFECT","items_purchased":["zeldaRelics:Boomerang","FairyPotion"],"campfire_rested":0,"item_purchase_floors":[13,13],"current_hp_per_floor":[64,64,64,56,56,56,56,50,50,50,50,50,50,47,52,15,61,61,13,13,13,24,0,0],"gold":643,"neow_bonus":"","is_daily":false,"chose_seed":false,"campfire_upgraded":0,"win_rate":0.0,"timestamp":1609061562,"path_taken":["M","?","?","?","?","?","?","E","T","E","?","?","?","M","R","BOSS","M","?","?","?","?","NM"],"items_purchased_type":["Relic","Potion"],"build_version":"2020-12-22","purchased_purges":0,"victory":false,"max_hp_per_floor":[71,71,71,71,71,71,71,71,71,71,71,71,71,71,76,76,76,76,76,76,76,81,81,81],"relic_stats":{"Busted Crown":16,"Happy Flower":[2],"counters":[11,27],"Prayer Wheel":0,"Question Card":8,"obtain_stats":[{"conspire:Dentures":6,"Solar Panel":21,"zeldaRelics:WisdomPiece":10,"zeldaRelics:Boomerang":13,"Happy Flower":18,"infinitespire:CheckeredPen":4,"Replay:Mystery Machine":19,"Question Card":1,"Empty Cage":17,"zeldaRelics:CourageTriforce":9,"Frozen Eye":0,"Busted Crown":0,"Prayer Wheel":10,"zeldaRelics:CouragePiece":5,"Replay:Wax Seal":14,"Cracked Core":0,"conspire:IceCreamScoop":7,"REME_ComplimentaryCards":0,"Pocketwatch":0},{"conspire:Dentures":3,"Solar Panel":10,"zeldaRelics:WisdomPiece":5,"zeldaRelics:Boomerang":5,"Happy Flower":8,"infinitespire:CheckeredPen":2,"Replay:Mystery Machine":9,"Question Card":1,"Empty Cage":7,"zeldaRelics:CourageTriforce":4,"Frozen Eye":0,"Busted Crown":0,"Prayer Wheel":5,"zeldaRelics:CouragePiece":2,"Replay:Wax Seal":6,"Cracked Core":0,"conspire:IceCreamScoop":3,"REME_ComplimentaryCards":0,"Pocketwatch":0},{"conspire:Dentures":4,"Solar Panel":25,"zeldaRelics:WisdomPiece":9,"zeldaRelics:Boomerang":9,"Happy Flower":21,"infinitespire:CheckeredPen":3,"Replay:Mystery Machine":23,"Question Card":1,"Empty Cage":19,"zeldaRelics:CourageTriforce":7,"Frozen Eye":0,"Busted Crown":0,"Prayer Wheel":9,"zeldaRelics:CouragePiece":3,"Replay:Wax Seal":13,"Cracked Core":0,"conspire:IceCreamScoop":4,"REME_ComplimentaryCards":0,"Pocketwatch":0}],"Pocketwatch":[27]},"card_choices":[{"not_picked":[],"picked":"Bludgeon","floor":8},{"not_picked":[],"picked":"MasterReality","floor":10},{"not_picked":[],"picked":"Unload","floor":16},{"not_picked":[],"picked":"ReplayTheSpireMod:Tripwire","floor":21}],"player_experience":1446378,"relics_obtained":[{"floor":1,"key":"Question Card"},{"floor":4,"key":"infinitespire:CheckeredPen"},{"floor":5,"key":"zeldaRelics:CouragePiece"},{"floor":6,"key":"conspire:Dentures"},{"floor":7,"key":"conspire:IceCreamScoop"},{"floor":8,"key":"zeldaRelics:CouragePiece"},{"floor":9,"key":"zeldaRelics:CouragePiece"},{"floor":10,"key":"zeldaRelics:WisdomPiece"},{"floor":12,"key":"zeldaRelics:WisdomPiece"},{"floor":14,"key":"Replay:Wax Seal"},{"floor":18,"key":"Happy Flower"},{"floor":19,"key":"Replay:Mystery Machine"},{"floor":21,"key":"Solar Panel"}],"event_choices":[{"damage_healed":0,"gold_gain":0,"player_choice":"Invest 1","damage_taken":0,"max_hp_gain":0,"max_hp_loss":0,"event_name":"conspire:Investor","floor":11,"gold_loss":0},{"damage_healed":0,"gold_gain":0,"player_choice":"Donut","damage_taken":0,"max_hp_gain":5,"max_hp_loss":0,"event_name":"Big Fish","floor":15,"gold_loss":0},{"damage_healed":0,"gold_gain":0,"player_choice":"Shed Blood","damage_taken":27,"max_hp_gain":5,"max_hp_loss":0,"event_name":"Forgotten Altar","floor":22,"gold_loss":0}],"is_beta":false,"boss_relics":[{"not_picked":["Tiny House","Velvet Choker"],"picked":"Empty Cage"}],"items_purged_floors":[],"is_endless":false,"potions_floor_spawned":[1,16,19,21],"killed_by":"Nightmare","ascension_level":20}}