{"host":"iyvjjqtjrywxqc57","time":1609066050,"event":{"mods":["AchievementEnabler","BaseMod","Bestiary","Better Altar","Better Match","Better Note","Better Sensory Stone","Better Skull","Better Third Choice","Colored Map","Colored Powertips","Displayed Cursed Tome","Downfall","Jorbs\u0027s Wanderer Trilogy","Minty Spire (QoL Compilation)","Quick Restart","Rare Cards Sparkle","Relic Stats","StSLib"],"gold_per_floor":[115,115,126,58,18,18,48,58,58,69,83,9,25,59,59,154,154,164,164,263,263,274,274,290,310,337,337,337,337,26,26,26],"floor_reached":31,"playtime":2832,"items_purged":[],"score":345,"play_id":"ce5cd764-1433-4f20-8944-0192d90ebd0c","local_time":"20201227044730","is_ascension_mode":false,"campfire_choices":[{"data":"Well Laid Plans","floor":6,"key":"SMITH"},{"floor":15,"key":"REST"},{"data":"Die Die Die","floor":23,"key":"SMITH"},{"data":"Riddle With Holes","floor":29,"key":"SMITH"}],"circlet_count":0,"master_deck":["Strike_G","Strike_G","Strike_G","Strike_G","Strike_G","Defend_G","Defend_G","Defend_G","Defend_G","Defend_G","Survivor","Neutralize","Dodge and Roll","Vengeance+1","Leg Sweep+1","Well Laid Plans+1","Riddle With Holes+1","Bouncing Flask+1","PiercingWail+1","Infinite Blades+1","Catalyst+1","Blur+1","Die Die Die+1","Deflect+1","Outmaneuver+1","Dodge and Roll+1","Expertise+1"],"relics":["SlaversCollar","Toxic Egg 2","Gremlin Horn","Frozen Egg 2","Bronze Scales","Coffee Dripper","Sundial","Ancient Tea Set","Meat on the Bone"],"acts_visited":["Exordium","TheCity"],"potions_floor_usage":[7,16,24,24,24,25,31],"damage_taken":[{"damage":2,"enemies":"2 Louse","floor":1,"turns":3},{"damage":6,"enemies":"Small Slimes","floor":3,"turns":4},{"damage":0,"enemies":"3 Sentries","floor":7,"turns":7},{"damage":13,"enemies":"Cultist","floor":8,"turns":4},{"damage":0,"enemies":"Looter","floor":10,"turns":3},{"damage":22,"enemies":"Lots of Slimes","floor":11,"turns":6},{"damage":6,"enemies":"3 Louse","floor":13,"turns":6},{"damage":0,"enemies":"Lagavulin","floor":14,"turns":4},{"damage":0,"enemies":"Slime Boss","floor":16,"turns":3},{"damage":11,"enemies":"Shell Parasite","floor":18,"turns":3},{"damage":17,"enemies":"2 Thieves","floor":22,"turns":4},{"damage":11,"enemies":"3 Cultists","floor":24,"turns":4},{"damage":21,"enemies":"Shelled Parasite and Fungi","floor":25,"turns":4},{"damage":6,"enemies":"Colosseum Slavers","floor":27,"turns":5},{"damage":7,"enemies":"Snake Plant","floor":31,"turns":1}],"seed_played":"1123306080346717788","potions_obtained":[{"floor":5,"key":"Explosive Potion"},{"floor":5,"key":"Block Potion"},{"floor":5,"key":"DuplicationPotion"},{"floor":8,"key":"Strength Potion"},{"floor":14,"key":"hexamod:EctoCoolerPotion"},{"floor":16,"key":"Fire Potion"},{"floor":24,"key":"SneckoOil"}],"is_trial":false,"path_per_floor":["M","?","M","$","?","R","E","M","T","M","M","$","M","E","R","B",null,"M","?","?","T","M","R","M","M","T","?","?","R","$","M"],"character_chosen":"THE_SILENT","items_purchased":["Well Laid Plans","Infinite Blades+1","Meat on the Bone","AttackPotion"],"campfire_rested":1,"item_purchase_floors":[4,12,30,30],"current_hp_per_floor":[68,59,53,53,53,53,53,40,40,40,18,18,12,12,33,33,70,59,59,59,59,42,42,31,10,10,4,4,4,4,0,0],"gold":26,"neow_bonus":"BOSS_RELIC","is_daily":false,"chose_seed":false,"campfire_upgraded":3,"win_rate":0.0,"timestamp":1609066050,"path_taken":["M","?","M","$","?","R","E","M","T","M","M","$","?","E","R","BOSS","M","?","?","?","M","R","M","M","T","?","?","R","?","M"],"items_purchased_type":["Card","Card","Relic","Potion"],"build_version":"2020-12-22","purchased_purges":0,"victory":false,"max_hp_per_floor":[70,70,70,70,70,70,70,70,70,70,70,70,70,70,70,70,70,70,70,70,70,70,70,70,70,70,70,70,70,70,70,70],"relic_stats":{"Gremlin Horn":[11,11],"counters":[15,61],"Sundial":[2],"Bronze Scales":[72],"obtain_stats":[{"SlaversCollar":0,"Gremlin Horn":7,"Sundial":21,"Bronze Scales":14,"Coffee Dripper":17,"Toxic Egg 2":2,"Frozen Egg 2":9,"Ancient Tea Set":26,"Ring of the Snake":0,"Meat on the Bone":30},{"SlaversCollar":0,"Gremlin Horn":3,"Sundial":10,"Bronze Scales":8,"Coffee Dripper":9,"Toxic Egg 2":1,"Frozen Egg 2":4,"Ancient Tea Set":13,"Ring of the Snake":0,"Meat on the Bone":14},{"SlaversCollar":0,"Gremlin Horn":14,"Sundial":43,"Bronze Scales":37,"Coffee Dripper":40,"Toxic Egg 2":3,"Frozen Egg 2":18,"Ancient Tea Set":55,"Ring of the Snake":0,"Meat on the Bone":60}],"Meat on the Bone":0},"card_choices":[{"not_picked":["Acrobatics","Blade Dance"],"picked":"Dodge and Roll","floor":1},{"not_picked":["Outmaneuver+1","Blade Dance+1"],"picked":"Leg Sweep+1","floor":3},{"not_picked":["Dagger Throw","Prepared+1"],"picked":"Riddle With Holes","floor":7},{"not_picked":["Sucker Punch","Envenom"],"picked":"Bouncing Flask+1","floor":8},{"not_picked":["Acrobatics+1","Tactician+1","Flechettes"],"picked":"SKIP","floor":10},{"not_picked":["Blade Dance+1","Backflip+1"],"picked":"PiercingWail+1","floor":11},{"not_picked":["Dagger Throw","Prepared+1"],"picked":"Catalyst+1","floor":13},{"not_picked":["Acrobatics+1","Backflip+1"],"picked":"Blur+1","floor":14},{"not_picked":["Adrenaline+1","Glass Knife"],"picked":"Die Die Die","floor":16},{"not_picked":["Slice","Flying Knee"],"picked":"Deflect+1","floor":18},{"not_picked":["Acrobatics+1","Choke"],"picked":"Outmaneuver+1","floor":22},{"not_picked":["Sucker Punch","Quick Slash"],"picked":"Dodge and Roll+1","floor":24},{"not_picked":["Poisoned Stab","Deflect+1"],"picked":"Expertise+1","floor":25}],"player_experience":56889,"relics_obtained":[{"floor":7,"key":"Gremlin Horn"},{"floor":9,"key":"Frozen Egg 2"},{"floor":14,"key":"Bronze Scales"},{"floor":21,"key":"Sundial"},{"floor":26,"key":"Ancient Tea Set"}],"event_choices":[{"damage_healed":0,"gold_gain":0,"player_choice":"Bought 3 Potions","damage_taken":0,"max_hp_gain":0,"max_hp_loss":0,"event_name":"The Woman in Blue","floor":5,"gold_loss":0},{"cards_removed":["Strike_G"],"damage_healed":0,"gold_gain":0,"player_choice":"Give","damage_taken":0,"max_hp_gain":0,"max_hp_loss":0,"event_name":"betterNote:BetterNote","floor":19,"gold_loss":0,"cards_obtained":["Strike_B"]},{"damage_healed":0,"gold_gain":99,"player_choice":"Steal","damage_taken":0,"max_hp_gain":0,"max_hp_loss":0,"event_name":"betterThird:BetterNest","floor":20,"gold_loss":0},{"damage_healed":0,"gold_gain":0,"player_choice":"Fight","damage_taken":0,"max_hp_gain":0,"max_hp_loss":0,"event_name":"Colosseum","floor":27,"gold_loss":0},{"damage_healed":0,"gold_gain":0,"player_choice":"Fled From Nobs","damage_taken":0,"max_hp_gain":0,"max_hp_loss":0,"event_name":"Colosseum","floor":27,"gold_loss":0},{"damage_healed":0,"gold_gain":0,"player_choice":"Ignored","damage_taken":0,"max_hp_gain":0,"max_hp_loss":0,"event_name":"Vampires","floor":28,"gold_loss":0}],"is_beta":false,"boss_relics":[{"not_picked":["WristBlade","Fusion Hammer"],"picked":"Coffee Dripper"}],"items_purged_floors":[],"is_endless":false,"potions_floor_spawned":[8,10,14,16,22,24],"killed_by":"Snake Plant","ascension_level":0}}