{"host":"vc42n08di9czm3e7","time":1609117223,"event":{"mods":["AchievementEnabler","Act Like it!","BaseMod","BetterRewards","Colored Powertips","Downfall","Friendly Minions","GifTheSpireLib","Minty Spire (QoL Compilation)","Quick Restart","Rare Cards Sparkle","StSLib","The Construct","The Jungle"],"gold_per_floor":[111,123,139,149,67,98,23,23,50,50,15,31,31,49,49,149,149,149,149],"floor_reached":18,"playtime":656,"items_purged":["Strike_B"],"score":162,"play_id":"71e94723-4454-407d-89f7-8842181642fa","local_time":"20201227200023","is_ascension_mode":false,"campfire_choices":[{"floor":8,"key":"REST"},{"data":"Defragment","floor":13,"key":"SMITH"},{"data":"White Noise","floor":15,"key":"SMITH"}],"circlet_count":0,"master_deck":["Strike_B","Strike_B","Strike_B","Defend_B","Defend_B","Defend_B","Zap","Dualcast","Chaos","Leap","Coolheaded","Chill","Doom and Gloom","BootSequence","Defragment+1","White Noise+1","Machine Learning","CurseOfTheBell"],"relics":["Cracked Core","Lantern","Pen Nib","Calling Bell","Vajra","Mummified Hand","Turnip"],"acts_visited":["Exordium","TheCity"],"potions_floor_usage":[6,16,16,18],"damage_taken":[{"damage":0,"enemies":"Cultist","floor":1,"turns":3},{"damage":2,"enemies":"Small Slimes","floor":2,"turns":4},{"damage":11,"enemies":"Jaw Worm","floor":3,"turns":3},{"damage":11,"enemies":"2 Fungi Beasts","floor":4,"turns":4},{"damage":48,"enemies":"Gremlin Nob","floor":6,"turns":5},{"damage":1,"enemies":"Looter","floor":12,"turns":3},{"damage":2,"enemies":"3 Louse","floor":14,"turns":3},{"damage":22,"enemies":"Hexaghost","floor":16,"turns":10},{"damage":10,"enemies":"Spheric Guardian","floor":18,"turns":3}],"seed_played":"8226678613213397672","potions_obtained":[{"floor":3,"key":"Weak Potion"},{"floor":4,"key":"SkillPotion"},{"floor":12,"key":"ColorlessPotion"},{"floor":14,"key":"SteroidPotion"},{"floor":16,"key":"sneckomod:MuddlingPotion"}],"is_trial":false,"path_per_floor":["M","M","M","M","$","E","$","R","T","?","?","M","R","M","R","B",null,"M"],"character_chosen":"DEFECT","items_purchased":["Doom and Gloom"],"campfire_rested":1,"item_purchase_floors":[5],"current_hp_per_floor":[75,73,62,51,51,3,3,25,25,25,43,42,42,40,40,18,75,65,65],"gold":149,"neow_bonus":"REMOVE_CARD","is_daily":false,"chose_seed":false,"campfire_upgraded":2,"win_rate":0.0,"timestamp":1609117223,"path_taken":["M","M","M","M","$","E","$","R","T","?","?","M","R","M","R","BOSS","M"],"items_purchased_type":["Card"],"build_version":"2020-12-22","purchased_purges":1,"victory":false,"max_hp_per_floor":[75,75,75,75,75,75,75,75,75,75,75,75,75,75,75,75,75,75,75],"card_choices":[{"not_picked":["Turbo","Steam Power"],"picked":"Chaos","floor":1},{"not_picked":["Compile Driver","Aggregate"],"picked":"Leap","floor":2},{"not_picked":["Scrape","Gash"],"picked":"Coolheaded","floor":3},{"not_picked":["Coolheaded","BootSequence"],"picked":"Chill","floor":4},{"not_picked":["Turbo","Rip and Tear"],"picked":"BootSequence","floor":6},{"not_picked":["Go for the Eyes","Cold Snap"],"picked":"Defragment","floor":12},{"not_picked":["Go for the Eyes","Coolheaded"],"picked":"White Noise","floor":14},{"not_picked":["Meteor Strike","Thunder Strike"],"picked":"Machine Learning","floor":16}],"player_experience":275245,"relics_obtained":[{"floor":6,"key":"Lantern"},{"floor":9,"key":"Pen Nib"},{"floor":17,"key":"Vajra"},{"floor":17,"key":"Mummified Hand"},{"floor":17,"key":"Turnip"}],"event_choices":[{"damage_healed":0,"gold_gain":0,"player_choice":"Ignored","damage_taken":0,"max_hp_gain":0,"max_hp_loss":0,"event_name":"Liars Game","floor":10,"gold_loss":0},{"damage_healed":18,"gold_gain":0,"player_choice":"Healed","damage_taken":0,"max_hp_gain":0,"max_hp_loss":0,"event_name":"The Cleric","floor":11,"gold_loss":35}],"is_beta":false,"boss_relics":[{"not_picked":["Black Star","Coffee Dripper"],"picked":"Calling Bell"}],"items_purged_floors":[7],"is_endless":false,"potions_floor_spawned":[3,4,12,14,16],"killed_by":"Spheric Guardian","ascension_level":0}}