{"host":"f5ezd1v29dtbwkzo","time":1609081921,"event":{"mods":["2.2 Compatiblity","BaseMod","Hermit","Minty Spire (QoL Compilation)","Rare Cards Sparkle","Replay The Spire","StSLib"],"gold_per_floor":[115,129,129,148,158,158,176,211,211,225,225,244,298,330,330,429,429,449,28,43,59,0,0,16,16,16,49,66,94,133,149,149],"floor_reached":31,"playtime":1788,"items_purged":[],"score":334,"play_id":"60c581cd-5d98-4844-990d-934bec28e354","local_time":"20201227181201","is_ascension_mode":false,"campfire_choices":[{"data":"Cold Snap","floor":6,"key":"SMITH"},{"data":"Zap","floor":11,"key":"SMITH"},{"floor":15,"key":"REST"},{"floor":23,"key":"REST"},{"floor":25,"key":"REST"}],"circlet_count":0,"master_deck":["Strike_B","Strike_B","Strike_B","Strike_B","Defend_B","Defend_B","Defend_B","Defend_B","Zap+1","Dualcast","Cold Snap+1","Crystallizer+1","Crystallizer","Gash","Undo","Barrage","Melter","Electrodynamics","Streamline","Gash+1","Defragment","Redo+1","Reinforced Body+1","Gash","Static Discharge+1","Defragment+1","Hologram+1","Reinforced Body+1"],"relics":["SlaversCollar","ReplayTheSpireMod:Ninjato","Pear","WingedGreaves","Replay:Grab Bag","Busted Crown","Fusion Hammer","Black Star","SacredBark","PreservedInsect","Lee\u0027s Waffle","Oddly Smooth Stone","Mummified Hand","Potion Belt","Replay:Bandana","Bag of Marbles","Divine Protection","Pantograph"],"acts_visited":["Exordium","TheCity"],"potions_floor_usage":[8,16,16,18,27,27,30,31],"damage_taken":[{"damage":5,"enemies":"2 Louse","floor":1,"turns":3},{"damage":7,"enemies":"Jaw Worm","floor":2,"turns":5},{"damage":0,"enemies":"Small Slimes","floor":4,"turns":4},{"damage":1,"enemies":"Red Slaver","floor":5,"turns":4},{"damage":0,"enemies":"Blue Slaver","floor":7,"turns":3},{"damage":6,"enemies":"3 Sentries","floor":8,"turns":8},{"damage":13,"enemies":"Gremlin Gang","floor":10,"turns":7},{"damage":23,"enemies":"Exordium Thugs","floor":12,"turns":4},{"damage":12,"enemies":"Replay:BlueRogue","floor":14,"turns":7},{"damage":17,"enemies":"Hexaghost","floor":16,"turns":9},{"damage":0,"enemies":"2 Thieves","floor":18,"turns":3},{"damage":5,"enemies":"Shell Parasite","floor":20,"turns":5},{"damage":39,"enemies":"Snake Plant","floor":21,"turns":4},{"damage":13,"enemies":"Cultist and Chosen","floor":24,"turns":6},{"damage":7,"enemies":"Gremlin Leader","floor":27,"turns":4},{"damage":12,"enemies":"Centurion and Healer","floor":28,"turns":6},{"damage":20,"enemies":"Replay:Snechameleon","floor":29,"turns":3},{"damage":25,"enemies":"Book of Stabbing","floor":30,"turns":5},{"damage":10,"enemies":"Colosseum Slavers","floor":31,"turns":4},{"damage":32,"enemies":"Colosseum Nobs","floor":31,"turns":3}],"seed_played":"-8515492351397802851","potions_obtained":[{"floor":4,"key":"Explosive Potion"},{"floor":8,"key":"FearPotion"},{"floor":10,"key":"DuplicationPotion"},{"floor":12,"key":"SkillPotion"},{"floor":14,"key":"Fire Potion"},{"floor":18,"key":"DistilledChaos"},{"floor":20,"key":"Explosive Potion"},{"floor":24,"key":"SkillPotion"},{"floor":30,"key":"PowerPotion"}],"is_trial":false,"path_per_floor":["M","M","?","M","M","R","M","E","T","M","R","M","?","E","R","B",null,"M","$","M","M","?","R","M","R","T","E","M","E","E","?"],"character_chosen":"DEFECT","items_purchased":["PreservedInsect","Gash+1","Lee\u0027s Waffle","Defragment"],"campfire_rested":3,"item_purchase_floors":[19,19,19,19],"current_hp_per_floor":[70,63,63,63,62,62,62,56,66,53,53,30,30,18,43,26,85,85,92,87,48,48,75,62,89,89,82,70,50,25,0,0],"gold":149,"neow_bonus":"BOSS_RELIC","is_daily":false,"chose_seed":false,"campfire_upgraded":2,"win_rate":0.0,"timestamp":1609081921,"path_taken":["M","M","?","M","M","R","M","E","T","M","R","M","?","E","R","BOSS","M","$","M","M","?","R","M","R","T","E","M","E","E","?"],"items_purchased_type":["Relic","Card","Relic","Card"],"build_version":"2020-12-22","purchased_purges":0,"victory":false,"max_hp_per_floor":[75,75,75,75,75,75,75,75,85,85,85,85,85,85,85,85,85,85,92,92,92,92,92,92,92,92,92,92,92,92,92,92],"card_choices":[{"not_picked":["Conserve Battery","Turbo"],"picked":"Cold Snap","floor":1},{"not_picked":["Go for the Eyes","Sweeping Beam"],"picked":"Crystallizer","floor":2},{"not_picked":["Coolheaded","Go for the Eyes"],"picked":"Crystallizer","floor":4},{"not_picked":["Stack","Turbo"],"picked":"Gash","floor":5},{"not_picked":["Panic Button","Steam"],"picked":"Undo","floor":7},{"not_picked":["Amplify","Scrape"],"picked":"Barrage","floor":8},{"not_picked":["BasicCrystalCard","Steam","Turbo"],"picked":"SKIP","floor":10},{"not_picked":["Steam Power","Genetic Algorithm"],"picked":"Melter","floor":12},{"not_picked":["Compile Driver","Steam","Stack"],"picked":"SKIP","floor":14},{"not_picked":["Amplify","Rainbow"],"picked":"Electrodynamics","floor":16},{"not_picked":[],"picked":"Streamline","floor":18},{"not_picked":[],"picked":"Redo+1","floor":20},{"not_picked":[],"picked":"Reinforced Body+1","floor":21},{"not_picked":[],"picked":"Gash","floor":24},{"not_picked":[],"picked":"Static Discharge+1","floor":27},{"not_picked":[],"picked":"Defragment+1","floor":28},{"not_picked":[],"picked":"Hologram+1","floor":29},{"not_picked":[],"picked":"Reinforced Body+1","floor":30}],"player_experience":299876,"relics_obtained":[{"floor":8,"key":"ReplayTheSpireMod:Ninjato"},{"floor":9,"key":"Pear"},{"floor":14,"key":"WingedGreaves"},{"floor":26,"key":"Oddly Smooth Stone"},{"floor":27,"key":"Mummified Hand"},{"floor":27,"key":"Potion Belt"},{"floor":29,"key":"Replay:Bandana"},{"floor":29,"key":"Bag of Marbles"},{"floor":30,"key":"Divine Protection"},{"floor":30,"key":"Pantograph"}],"event_choices":[{"damage_healed":0,"gold_gain":0,"player_choice":"Grow","damage_taken":0,"max_hp_gain":0,"max_hp_loss":0,"event_name":"Living Wall","floor":3,"gold_loss":0,"cards_upgraded":["Crystallizer"]},{"damage_healed":0,"gold_gain":54,"player_choice":"Gained Gold","damage_taken":0,"max_hp_gain":0,"max_hp_loss":0,"event_name":"Golden Wing","floor":13,"gold_loss":0},{"damage_healed":0,"gold_gain":0,"player_choice":"Paid Fearfully","damage_taken":0,"max_hp_gain":0,"max_hp_loss":0,"event_name":"Masked Bandits","floor":22,"gold_loss":59},{"damage_healed":0,"gold_gain":0,"player_choice":"Fight","damage_taken":0,"max_hp_gain":0,"max_hp_loss":0,"event_name":"Colosseum","floor":31,"gold_loss":0},{"damage_healed":0,"gold_gain":0,"player_choice":"Fought Nobs","damage_taken":0,"max_hp_gain":0,"max_hp_loss":0,"event_name":"Colosseum","floor":31,"gold_loss":0}],"is_beta":false,"boss_relics":[{"not_picked":["ChewingGum","Inserter"],"picked":"Replay:Grab Bag"},{"not_picked":["Coffee Dripper","Cursed Key"],"picked":"Busted Crown"},{"not_picked":["ReplayTheSpireMod:Onyx Gauntlets","Replay:Bronze Core"],"picked":"Fusion Hammer"},{"not_picked":["Empty Cage","Pandora\u0027s Box"],"picked":"Black Star"},{"not_picked":["Astrolabe","Snecko Eye"],"picked":"SacredBark"}],"items_purged_floors":[],"is_endless":false,"potions_floor_spawned":[4,8,10,12,14,18,20,24,30],"killed_by":"Colosseum Nobs","ascension_level":0}}