{"host":"q9718omregw4er46","time":1609089588,"event":{"mods":["BaseMod","Bestiary","Colored Powertips","Minty Spire (QoL Compilation)","Quick Restart","Relic Stats"],"gold_per_floor":[119,33,33,47,66,91,91,121,146,173,113,113,51,83,83,160,160,170,170,170,170,143,143,170,196,196,209,234,118,118,130,130,201,201,212,212,237,251,27,27,53,53,99,130,140,169,195,205,205,205,205,205,205,18,50,50,50],"floor_reached":56,"playtime":3735,"items_purged":["Strike_B","Strike_B","Dualcast"],"score":2124,"play_id":"76ced526-f3c1-4378-8def-e24f4dd262c2","local_time":"20201227221948","is_ascension_mode":true,"campfire_choices":[{"data":"Sunder","floor":7.0,"key":"SMITH"},{"floor":12.0,"key":"REST"},{"floor":15.0,"key":"REST"},{"data":"Biased Cognition","floor":23.0,"key":"SMITH"},{"data":"Defragment","floor":30.0,"key":"SMITH"},{"data":"Loop","floor":32.0,"key":"SMITH"},{"data":"Seek","floor":40.0,"key":"SMITH"},{"data":"Consume","floor":42.0,"key":"SMITH"},{"floor":49.0,"key":"RECALL"},{"data":"Capacitor","floor":53.0,"key":"SMITH"}],"circlet_count":0,"master_deck":["AscendersBane","Defend_B","Defend_B","Defend_B","Zap","Consume+1","Sunder+1","Cold Snap+1","Echo Form","Self Repair","Glacier","Biased Cognition+1","Machine Learning","Loop+1","Heatsinks+1","Capacitor+1","Defragment+1","White Noise","Seek+1","Undo+1","Amplify+1","Loop+1","Doom and Gloom+1","Hologram","Force Field","Recycle"],"relics":["Snecko Eye","Ancient Tea Set","The Courier","Potion Belt","Centennial Puzzle","InkBottle","Inserter","Regal Pillow","Tiny Chest","Eternal Feather","PreservedInsect","Astrolabe","Emotion Chip","Membership Card","Whetstone","Bag of Marbles","Blood Vial","Akabeko","TungstenRod","Happy Flower","Blue Candle"],"acts_visited":["Exordium","TheCity","TheBeyond","TheEnding"],"potions_floor_usage":[56,56],"damage_taken":[{"damage":4.0,"enemies":"Jaw Worm","floor":1.0,"turns":4.0},{"damage":1.0,"enemies":"2 Louse","floor":4.0,"turns":2.0},{"damage":4.0,"enemies":"Small Slimes","floor":5.0,"turns":4.0},{"damage":23.0,"enemies":"Gremlin Nob","floor":6.0,"turns":4.0},{"damage":1.0,"enemies":"Lagavulin","floor":10.0,"turns":6.0},{"damage":30.0,"enemies":"Gremlin Nob","floor":14.0,"turns":4.0},{"damage":0.0,"enemies":"The Guardian","floor":16.0,"turns":10.0},{"damage":6.0,"enemies":"Chosen","floor":18.0,"turns":4.0},{"damage":12.0,"enemies":"2 Thieves","floor":22.0,"turns":4.0},{"damage":10.0,"enemies":"Slavers","floor":25.0,"turns":6.0},{"damage":0.0,"enemies":"Centurion and Healer","floor":27.0,"turns":6.0},{"damage":30.0,"enemies":"Book of Stabbing","floor":28.0,"turns":7.0},{"damage":0.0,"enemies":"Chosen and Byrds","floor":31.0,"turns":4.0},{"damage":8.0,"enemies":"Champ","floor":33.0,"turns":11.0},{"damage":22.0,"enemies":"3 Darklings","floor":35.0,"turns":7.0},{"damage":16.0,"enemies":"Mind Bloom Boss Battle","floor":37.0,"turns":11.0},{"damage":0.0,"enemies":"Orb Walker","floor":38.0,"turns":8.0},{"damage":0.0,"enemies":"Giant Head","floor":41.0,"turns":12.0},{"damage":5.0,"enemies":"Nemesis","floor":44.0,"turns":10.0},{"damage":3.0,"enemies":"Spire Growth","floor":45.0,"turns":3.0},{"damage":5.0,"enemies":"Reptomancer","floor":46.0,"turns":6.0},{"damage":2.0,"enemies":"Sphere and 2 Shapes","floor":48.0,"turns":5.0},{"damage":20.0,"enemies":"Donu and Deca","floor":50.0,"turns":8.0},{"damage":14.0,"enemies":"Time Eater","floor":51.0,"turns":15.0},{"damage":53.0,"enemies":"Shield and Spear","floor":55.0,"turns":11.0},{"damage":39,"enemies":"The Heart","floor":56,"turns":14}],"seed_played":"-1211923957032114442","potions_obtained":[{"floor":1.0,"key":"Swift Potion"},{"floor":5.0,"key":"ColorlessPotion"},{"floor":10.0,"key":"AttackPotion"},{"floor":16.0,"key":"PotionOfCapacity"},{"floor":18.0,"key":"BlessingOfTheForge"},{"floor":22.0,"key":"Dexterity Potion"},{"floor":28.0,"key":"CultistPotion"},{"floor":41.0,"key":"SkillPotion"}],"is_trial":false,"path_per_floor":["M","$","?","M","M","E","R","?","T","E","$","R","$","E","R","B",null,"M","?","?","?","M","R","T","E","T","M","E","$","R","M","R","B",null,"M","?","?","M","$","R","E","R","T","E","M","E","T","M","R","B","B",null,"R","$","E","B"],"character_chosen":"DEFECT","items_purchased":["Sunder","Self Repair","Defragment","Membership Card","PowerPotion","TungstenRod","Happy Flower"],"campfire_rested":2,"item_purchase_floors":[2,13,29,39,39,54,54],"current_hp_per_floor":[60,60,60,59,55,32,32,32,32,31,31,52,52,22,43,50,66,71,71,71,51,46,46,46,50,50,64,48,48,60,60,72,76,76,68,63,61,75,75,76,76,76,76,76,76,76,76,76,76,70,72,75,76,76,37,0,0],"gold":50,"neow_bonus":"BOSS_RELIC","is_daily":false,"chose_seed":true,"campfire_upgraded":7,"win_rate":0.0,"timestamp":1609089588,"path_taken":["M","$","?","M","M","E","R","?","T","E","$","R","?","E","R","BOSS","M","?","?","?","M","R","?","E","T","?","E","$","R","M","R","BOSS","M","?","?","M","$","R","E","R","T","E","M","E","?","M","R","BOSS","BOSS","R","$","E","BOSS"],"items_purchased_type":["Card","Card","Card","Relic","Potion","Relic","Relic"],"build_version":"2020-12-22","purchased_purges":3,"victory":false,"max_hp_per_floor":[71,71,71,71,71,71,71,71,71,71,71,71,71,71,71,71,71,71,71,71,76,76,76,76,76,76,76,76,76,76,76,76,76,76,76,76,76,76,76,76,76,76,76,76,76,76,76,76,76,76,76,76,76,76,76,76,76],"relic_stats":{"Regal Pillow":0,"Inserter":[71],"Happy Flower":[8],"counters":[26,184],"Astrolabe":["Undo","Amplify","Loop"],"Blue Candle":[0],"Eternal Feather":26,"PreservedInsect":316,"Whetstone":["Doom and Gloom","Cold Snap"],"Blood Vial":4,"Centennial Puzzle":[48],"Emotion Chip":[21,4,16,1,0],"Snecko Eye":[373,340,349,365],"Tiny Chest":1,"obtain_stats":[{"Potion Belt":9,"Regal Pillow":24,"Inserter":17,"Happy Flower":54,"Astrolabe":34,"Blue Candle":55,"Eternal Feather":26,"The Courier":8,"PreservedInsect":28,"Whetstone":41,"Ancient Tea Set":6,"Akabeko":47,"Blood Vial":46,"Centennial Puzzle":10,"Emotion Chip":37,"Snecko Eye":0,"Tiny Chest":25,"Bag of Marbles":44,"Membership Card":39,"Cracked Core":0,"InkBottle":14,"TungstenRod":54},{"Potion Belt":4,"Regal Pillow":9,"Inserter":7,"Happy Flower":24,"Astrolabe":14,"Blue Candle":25,"Eternal Feather":10,"The Courier":4,"PreservedInsect":12,"Whetstone":18,"Ancient Tea Set":4,"Akabeko":21,"Blood Vial":21,"Centennial Puzzle":5,"Emotion Chip":16,"Snecko Eye":0,"Tiny Chest":10,"Bag of Marbles":19,"Membership Card":17,"Cracked Core":0,"InkBottle":6,"TungstenRod":24},{"Potion Belt":14,"Regal Pillow":42,"Inserter":34,"Happy Flower":159,"Astrolabe":75,"Blue Candle":170,"Eternal Feather":48,"The Courier":14,"PreservedInsect":61,"Whetstone":113,"Ancient Tea Set":14,"Akabeko":132,"Blood Vial":132,"Centennial Puzzle":20,"Emotion Chip":93,"Snecko Eye":0,"Tiny Chest":48,"Bag of Marbles":123,"Membership Card":101,"Cracked Core":0,"InkBottle":24,"TungstenRod":159}],"InkBottle":[68],"TungstenRod":18},"card_choices":[{"not_picked":["Storm","Stack"],"picked":"Consume","floor":1.0},{"not_picked":["Hello World","Coolheaded","Turbo"],"picked":"SKIP","floor":4.0},{"not_picked":["Double Energy","Hello World"],"picked":"Cold Snap","floor":5.0},{"not_picked":["Reinforced Body","Sweeping Beam"],"picked":"Echo Form","floor":6.0},{"not_picked":["Rebound","Tempest","FTL"],"picked":"SKIP","floor":10.0},{"not_picked":["Beam Cell","All For One"],"picked":"Glacier","floor":14.0},{"not_picked":["Machine Learning","Thunder Strike"],"picked":"Biased Cognition","floor":16.0},{"not_picked":["Conserve Battery","Redo","Turbo"],"picked":"SKIP","floor":18.0},{"not_picked":["Barrage","Hologram"],"picked":"Machine Learning","floor":22.0},{"not_picked":["Self Repair","Turbo"],"picked":"Loop","floor":25.0},{"not_picked":["Barrage","Leap"],"picked":"Heatsinks+1","floor":27.0},{"not_picked":["Stack","Turbo"],"picked":"Capacitor","floor":28.0},{"not_picked":["Blizzard","Redo"],"picked":"White Noise","floor":31.0},{"not_picked":["All For One","Machine Learning"],"picked":"Seek","floor":33.0},{"not_picked":["Chaos","Turbo","Reinforced Body+1"],"picked":"SKIP","floor":35.0},{"not_picked":["Conserve Battery+1","Double Energy","Beam Cell"],"picked":"SKIP","floor":38.0},{"not_picked":["Self Repair+1","Lockon"],"picked":"Doom and Gloom","floor":41.0},{"not_picked":["Beam Cell","Rebound","Consume"],"picked":"SKIP","floor":44.0},{"not_picked":["Coolheaded","Streamline+1"],"picked":"Hologram","floor":45.0},{"not_picked":["Storm","Go for the Eyes"],"picked":"Force Field","floor":46.0},{"not_picked":["Stack","Sweeping Beam"],"picked":"Recycle","floor":48.0},{"not_picked":["Hyperbeam","Beam Cell","Redo"],"picked":"SKIP","floor":55.0}],"player_experience":1127668,"relics_obtained":[{"floor":6.0,"key":"Ancient Tea Set"},{"floor":9.0,"key":"Potion Belt"},{"floor":10.0,"key":"Centennial Puzzle"},{"floor":14.0,"key":"InkBottle"},{"floor":24.0,"key":"Regal Pillow"},{"floor":25.0,"key":"Tiny Chest"},{"floor":26.0,"key":"Eternal Feather"},{"floor":28.0,"key":"PreservedInsect"},{"floor":37.0,"key":"Emotion Chip"},{"floor":41.0,"key":"Whetstone"},{"floor":44.0,"key":"Bag of Marbles"},{"floor":46.0,"key":"Blood Vial"},{"floor":47.0,"key":"Akabeko"},{"floor":55.0,"key":"Blue Candle"}],"event_choices":[{"damage_healed":0.0,"max_hp_gain":0.0,"max_hp_loss":0.0,"gold_gain":0.0,"event_name":"Liars Game","player_choice":"Ignored","floor":3.0,"gold_loss":0.0,"damage_taken":0.0},{"damage_healed":0.0,"max_hp_gain":0.0,"max_hp_loss":0.0,"gold_gain":30.0,"event_name":"Dead Adventurer","player_choice":"Searched \u00272\u0027 times","floor":8.0,"gold_loss":0.0,"damage_taken":0.0,"relics_obtained":["The Courier"]},{"damage_healed":0.0,"max_hp_gain":0.0,"max_hp_loss":0.0,"gold_gain":0.0,"event_name":"Ghosts","player_choice":"Ignored","floor":19.0,"gold_loss":0.0,"damage_taken":0.0},{"damage_healed":0.0,"max_hp_gain":0.0,"max_hp_loss":0.0,"gold_gain":0.0,"event_name":"The Mausoleum","player_choice":"Ignored","floor":20.0,"gold_loss":0.0,"damage_taken":0.0},{"damage_healed":0.0,"max_hp_gain":5.0,"max_hp_loss":0.0,"gold_gain":0.0,"event_name":"Forgotten Altar","player_choice":"Shed Blood","floor":21.0,"gold_loss":0.0,"damage_taken":25.0},{"damage_healed":0.0,"max_hp_gain":0.0,"max_hp_loss":0.0,"gold_gain":0.0,"event_name":"SensoryStone","player_choice":"Memory 2","floor":36.0,"gold_loss":0.0,"damage_taken":5.0},{"damage_healed":0.0,"max_hp_gain":0.0,"max_hp_loss":0.0,"gold_gain":0.0,"event_name":"MindBloom","player_choice":"Fight","floor":37.0,"gold_loss":0.0,"damage_taken":0.0}],"is_beta":false,"boss_relics":[{"not_picked":["SlaversCollar","Velvet Choker"],"picked":"Inserter"},{"not_picked":["Nuclear Battery","Calling Bell"],"picked":"Astrolabe"}],"items_purged_floors":[11,29,39],"is_endless":false,"potions_floor_spawned":[1,5,10,16,18,22,28,41,44,46],"killed_by":"The Heart","ascension_level":20}}