{"host":"91blwi3hgehj6ch9","time":1609082448,"event":{"mods":["2.2 Compatiblity","AchievementEnabler","BaseMod","Colored Map","DeckTracker","Keyboard Shortcuts","Minty Spire (QoL Compilation)","Permanent Neow","Quick Restart","StSLib","SuperFastMode"],"gold_per_floor":[118,118,118,118,46,81,96,96,96,129,29,45,60,78,78,181,181,199,209,221,136,149,149,149,25,25,0,0,0,15,15,15,117,117,136,186,197,197,211,211,9,9,63,82,99,119,133,152,152,152],"floor_reached":51,"playtime":6869,"items_purged":["Strike_G","Defend_G","Strike_G"],"score":914,"play_id":"3ec8707d-a904-405e-a05d-3ab030c731aa","local_time":"20201228002048","is_ascension_mode":true,"campfire_choices":[{"data":"Cloak And Dagger","floor":8.0,"key":"SMITH"},{"data":"Prepared","floor":15.0,"key":"SMITH"},{"data":"Tactician","floor":23.0,"key":"SMITH"},{"data":"A Thousand Cuts","floor":29.0,"key":"SMITH"},{"data":"Blade Dance","floor":32.0,"key":"SMITH"},{"data":"Acrobatics","floor":40,"key":"SMITH"},{"data":"Tactician","floor":42,"key":"SMITH"},{"data":"Accuracy","floor":49,"key":"SMITH"}],"circlet_count":0,"master_deck":["Strike_G","Defend_G+1","Defend_G","Survivor+1","Neutralize","Masterful Stab","Dash","Cloak And Dagger+1","Infinite Blades","Escape Plan","Terror","Tactician+1","Prepared+1","Acrobatics+1","Expertise","After Image","Leg Sweep+1","Accuracy","Backstab+1","Acrobatics","A Thousand Cuts+1","Backflip","Blade Dance+1","Accuracy+1","Dodge and Roll+1","Escape Plan+1","Finisher+1","Prepared+1","PiercingWail+1","Dodge and Roll+1","Tactician+1","Prepared+1","Escape Plan+1","Escape Plan+1"],"relics":["Ring of the Snake","Kunai","Singing Bowl","Pen Nib","Philosopher\u0027s Stone","MealTicket","Prayer Wheel","HoveringKite","Du-Vu Doll"],"acts_visited":["Exordium","TheCity","TheBeyond"],"potions_floor_usage":[44,50,50,50,50,50],"damage_taken":[{"damage":2.0,"enemies":"2 Louse","floor":1.0,"turns":3.0},{"damage":25.0,"enemies":"3 Sentries","floor":6.0,"turns":9.0},{"damage":0.0,"enemies":"Jaw Worm","floor":7.0,"turns":3.0},{"damage":1.0,"enemies":"Lagavulin","floor":10.0,"turns":7.0},{"damage":0.0,"enemies":"Small Slimes","floor":12.0,"turns":3.0},{"damage":0.0,"enemies":"Exordium Thugs","floor":13.0,"turns":4.0},{"damage":0.0,"enemies":"Large Slime","floor":14.0,"turns":4.0},{"damage":0.0,"enemies":"The Guardian","floor":16.0,"turns":9.0},{"damage":4.0,"enemies":"3 Byrds","floor":18.0,"turns":5.0},{"damage":0.0,"enemies":"Shell Parasite","floor":19.0,"turns":5.0},{"damage":0.0,"enemies":"Snake Plant","floor":20.0,"turns":4.0},{"damage":0.0,"enemies":"3 Cultists","floor":22.0,"turns":5.0},{"damage":7.0,"enemies":"Centurion and Healer","floor":30.0,"turns":6.0},{"damage":0.0,"enemies":"Automaton","floor":33.0,"turns":5.0},{"damage":0.0,"enemies":"Orb Walker","floor":35.0,"turns":3.0},{"damage":18.0,"enemies":"2 Orb Walkers","floor":36.0,"turns":5.0},{"damage":0.0,"enemies":"3 Shapes","floor":37.0,"turns":4.0},{"damage":0,"enemies":"3 Darklings","floor":39,"turns":4},{"damage":10,"enemies":"Writhing Mass","floor":44,"turns":2},{"damage":0,"enemies":"Jaw Worm Horde","floor":45,"turns":3},{"damage":2,"enemies":"Spire Growth","floor":46,"turns":4},{"damage":0,"enemies":"Transient","floor":47,"turns":5},{"damage":0,"enemies":"Jaw Worm Horde","floor":48,"turns":3},{"damage":51,"enemies":"Time Eater","floor":50,"turns":8}],"seed_played":"8085554125680965608","potions_obtained":[{"floor":10.0,"key":"ColorlessPotion"},{"floor":13.0,"key":"SteroidPotion"},{"floor":14.0,"key":"Fire Potion"},{"floor":19.0,"key":"Dexterity Potion"},{"floor":30.0,"key":"EntropicBrew"},{"floor":44,"key":"Swift Potion"},{"floor":45,"key":"SmokeBomb"},{"floor":48,"key":"Energy Potion"}],"is_trial":false,"path_per_floor":["M","?","?","?","$","E","M","R","T","E","$","M","M","M","R","B",null,"M","M","M","?","M","R","?","$","T","?","$","R","M","$","R","B",null,"M","?","M","?","M","R","$","R","T","M","M","M","M","M","R","B",null],"character_chosen":"THE_SILENT","items_purchased":["Infinite Blades","Prepared","Backflip","Tactician"],"campfire_rested":0,"item_purchase_floors":[5,11,25,41],"current_hp_per_floor":[61,61,48,48,48,23,23,23,23,22,22,22,24,24,24,24,55,51,51,51,51,51,51,51,65,65,65,65,65,58,65,65,67,67,67,49,51,51,51,51,66,66,66,58,60,60,60,64,64,13],"gold":152,"neow_bonus":"TRANSFORM_TWO_CARDS","is_daily":false,"chose_seed":false,"campfire_upgraded":8,"win_rate":0.0,"timestamp":1609082448,"path_taken":["M","?","?","?","$","E","M","R","T","E","?","M","?","M","R","BOSS","M","M","M","?","M","R","?","$","T","?","?","R","M","$","R","BOSS","M","?","M","?","?","R","$","R","T","M","M","M","M","M","R","BOSS"],"items_purchased_type":["Card","Card","Card","Card"],"build_version":"2020-12-22","purchased_purges":3,"victory":true,"max_hp_per_floor":[63,63,63,63,63,63,63,63,63,63,63,63,65,65,65,65,65,65,65,65,65,65,65,65,65,65,65,65,65,65,65,65,67,67,67,67,69,69,69,69,69,69,69,71,73,75,75,79,79,79],"card_choices":[{"not_picked":["Sucker Punch","Dagger Throw"],"picked":"Cloak And Dagger","floor":1.0},{"not_picked":["Eviscerate","Underhanded Strike"],"picked":"Escape Plan","floor":6.0},{"not_picked":["Deflect","Prepared"],"picked":"Terror","floor":7.0},{"not_picked":["Reflex","Dagger Throw"],"picked":"Tactician","floor":10.0},{"not_picked":["Underhanded Strike","Flying Knee"],"picked":"Acrobatics","floor":12.0},{"not_picked":["Predator","Heel Hook","Quick Slash"],"picked":"Singing Bowl","floor":13.0},{"not_picked":["Setup","Dagger Spray"],"picked":"Expertise","floor":14.0},{"not_picked":["Night Terror","Venomology"],"picked":"After Image","floor":16.0},{"not_picked":["Cloak And Dagger","Deflect"],"picked":"Leg Sweep+1","floor":18.0},{"not_picked":["Dagger Throw+1","Backflip"],"picked":"Accuracy","floor":19.0},{"not_picked":["Dagger Spray+1","Deadly Poison"],"picked":"Backstab+1","floor":20.0},{"not_picked":["Poisoned Stab+1","Dagger Throw"],"picked":"Acrobatics","floor":22.0},{"not_picked":["Envenom","Dash+1"],"picked":"Blade Dance","floor":30.0},{"not_picked":["Heel Hook+1","Prepared"],"picked":"Accuracy","floor":30.0},{"not_picked":["Phantasmal Killer","Corpse Explosion","Bullet Time"],"picked":"Singing Bowl","floor":33.0},{"not_picked":["Terror+1","Cloak And Dagger"],"picked":"Dodge and Roll+1","floor":35.0},{"not_picked":["Skewer+1","Acrobatics+1"],"picked":"Escape Plan+1","floor":35.0},{"not_picked":["Prepared","Bullet Time"],"picked":"Finisher+1","floor":36.0},{"not_picked":["Finisher","Crippling Poison+1","Leg Sweep"],"picked":"Singing Bowl","floor":37.0},{"not_picked":["Slice+1","Leg Sweep+1"],"picked":"Prepared+1","floor":37.0},{"not_picked":["Heel Hook","Sucker Punch"],"picked":"PiercingWail+1","floor":39},{"not_picked":["Crippling Poison+1","Bane"],"picked":"Dodge and Roll+1","floor":39},{"not_picked":["Skewer","Predator","Accuracy"],"picked":"Singing Bowl","floor":44},{"not_picked":["Heel Hook+1","Predator+1"],"picked":"Prepared+1","floor":44},{"not_picked":["Deflect+1","Flying Knee"],"picked":"Escape Plan+1","floor":45},{"not_picked":["Caltrops","Riddle With Holes+1","Dodge and Roll"],"picked":"Singing Bowl","floor":45},{"not_picked":["Accuracy+1","All Out Attack"],"picked":"Escape Plan+1","floor":46},{"not_picked":["Backstab+1","Quick Slash","All Out Attack+1"],"picked":"Singing Bowl","floor":46},{"not_picked":["Setup","PiercingWail","Distraction"],"picked":"Singing Bowl","floor":48},{"not_picked":["Acrobatics","Bouncing Flask","Poisoned Stab"],"picked":"Singing Bowl","floor":48}],"player_experience":100887,"relics_obtained":[{"floor":6.0,"key":"Kunai"},{"floor":9.0,"key":"Singing Bowl"},{"floor":10.0,"key":"Pen Nib"},{"floor":26.0,"key":"Prayer Wheel"},{"floor":36.0,"key":"Du-Vu Doll"}],"event_choices":[{"cards_removed":["Strike_G"],"damage_healed":0.0,"max_hp_gain":0.0,"max_hp_loss":0.0,"gold_gain":0.0,"event_name":"Living Wall","player_choice":"Forget","floor":2.0,"gold_loss":0.0,"damage_taken":0.0},{"damage_healed":0.0,"max_hp_gain":0.0,"max_hp_loss":0.0,"gold_gain":0.0,"event_name":"Shining Light","player_choice":"Entered Light","floor":3.0,"gold_loss":0.0,"damage_taken":13.0,"cards_upgraded":["Defend_G","Survivor"]},{"damage_healed":0.0,"max_hp_gain":0.0,"max_hp_loss":0.0,"gold_gain":0.0,"event_name":"Liars Game","player_choice":"Ignored","floor":4.0,"gold_loss":0.0,"damage_taken":0.0},{"damage_healed":0.0,"max_hp_gain":0.0,"max_hp_loss":0.0,"gold_gain":0.0,"event_name":"Addict","player_choice":"Obtained Relic","floor":21.0,"gold_loss":85.0,"damage_taken":0.0,"relics_obtained":["MealTicket"]},{"damage_healed":0.0,"max_hp_gain":0.0,"max_hp_loss":0.0,"gold_gain":0.0,"event_name":"The Library","player_choice":"Read","floor":24.0,"gold_loss":0.0,"damage_taken":0.0,"cards_obtained":["A Thousand Cuts"]},{"damage_healed":0.0,"max_hp_gain":0.0,"max_hp_loss":0.0,"gold_gain":0.0,"event_name":"Masked Bandits","player_choice":"Paid Fearfully","floor":27.0,"gold_loss":25.0,"damage_taken":0.0},{"damage_healed":0.0,"max_hp_gain":0.0,"max_hp_loss":0.0,"gold_gain":0.0,"event_name":"Mysterious Sphere","player_choice":"Fight","floor":36.0,"gold_loss":0.0,"damage_taken":0.0},{"cards_removed":["Defend_G"],"damage_healed":0.0,"max_hp_gain":0.0,"max_hp_loss":0.0,"gold_gain":0.0,"event_name":"Purifier","player_choice":"Purged","floor":38.0,"gold_loss":0.0,"damage_taken":0.0}],"is_beta":false,"boss_relics":[{"not_picked":["Black Star","Snecko Eye"],"picked":"Philosopher\u0027s Stone"},{"not_picked":["Fusion Hammer","Ring of the Serpent"],"picked":"HoveringKite"}],"items_purged_floors":[11,25,41],"is_endless":false,"potions_floor_spawned":[10,13,14,16,19,30,35,36,44,45,48],"ascension_level":5}}