{"host":"1ltt377nc7aury4n","time":1609043470,"event":{"mods":["AchievementEnabler","BaseMod","Best Route Mod","Colored Powertips","Minty Spire (QoL Compilation)","StSLib"],"gold_per_floor":[112,123,139,159,177,207,207,233,233,245,265,13,41,57,57,162,162,178,196,111,111,111,139,139,174,174,174,205,216,232,232,232,328,328,339,339,16,16,67,67,87,114,166,195,212,231,36,36,36,36],"floor_reached":51,"playtime":4327,"items_purged":["Redo"],"score":825,"play_id":"e853dd70-2753-4d58-a56d-662930ea605d","local_time":"20201226233110","is_ascension_mode":true,"campfire_choices":[{"floor":7,"key":"REST"},{"data":"Rainbow","floor":15,"key":"SMITH"},{"floor":24,"key":"REST"},{"data":"Capacitor","floor":27,"key":"SMITH"},{"floor":32,"key":"REST"},{"floor":40,"key":"REST"},{"floor":49,"key":"REST"}],"circlet_count":0,"master_deck":["Zap+1","Dualcast+1","Sweeping Beam+1","Coolheaded+1","Barrage+1","Rainbow+1","Chill+1","Blizzard+1","Capacitor+1","Hyperbeam+1","Cold Snap+1","White Noise+1","FTL+1","Gash+1","Streamline+1","Seek+1","Hologram+1","Consume+1","Electrodynamics+1","Defragment+1","Chaos+1","Defragment+1"],"relics":["Cracked Core","Blood Vial","Centennial Puzzle","Incense Burner","Meat on the Bone","Omamori","Pandora\u0027s Box","MealTicket","Bottled Tornado","Lizard Tail","Mango","Shovel","SlaversCollar","Letter Opener","Bird Faced Urn","Anchor","Dream Catcher","Bottled Flame","Art of War","Mark of the Bloom"],"acts_visited":["Exordium","TheCity","TheBeyond"],"potions_floor_usage":[10,13,16,16,23,25,33,39,41,50,50],"damage_taken":[{"damage":1,"enemies":"Cultist","floor":1,"turns":3},{"damage":1,"enemies":"Small Slimes","floor":2,"turns":3},{"damage":4,"enemies":"2 Louse","floor":3,"turns":2},{"damage":10,"enemies":"Large Slime","floor":4,"turns":4},{"damage":15,"enemies":"3 Louse","floor":5,"turns":3},{"damage":8,"enemies":"Lagavulin","floor":6,"turns":5},{"damage":0,"enemies":"Gremlin Gang","floor":10,"turns":1},{"damage":0,"enemies":"2 Fungi Beasts","floor":11,"turns":3},{"damage":8,"enemies":"Gremlin Nob","floor":13,"turns":4},{"damage":9,"enemies":"Exordium Thugs","floor":14,"turns":5},{"damage":33,"enemies":"The Guardian","floor":16,"turns":9},{"damage":0,"enemies":"Chosen","floor":18,"turns":4},{"damage":4,"enemies":"3 Byrds","floor":19,"turns":4},{"damage":49,"enemies":"Slavers","floor":23,"turns":5},{"damage":15,"enemies":"Book of Stabbing","floor":25,"turns":5},{"damage":52,"enemies":"Gremlin Leader","floor":28,"turns":7},{"damage":2,"enemies":"Cultist and Chosen","floor":29,"turns":5},{"damage":14,"enemies":"3 Cultists","floor":30,"turns":5},{"damage":56,"enemies":"Collector","floor":33,"turns":11},{"damage":22,"enemies":"3 Shapes","floor":35,"turns":3},{"damage":44,"enemies":"2 Orb Walkers","floor":39,"turns":4},{"damage":17,"enemies":"Orb Walker","floor":41,"turns":3},{"damage":28,"enemies":"Reptomancer","floor":42,"turns":5},{"damage":12,"enemies":"Giant Head","floor":44,"turns":9},{"damage":53,"enemies":"Maw","floor":45,"turns":7},{"damage":52,"enemies":"4 Shapes","floor":46,"turns":5},{"damage":1,"enemies":"Donu and Deca","floor":50,"turns":5}],"seed_played":"6993124657161468373","potions_obtained":[{"floor":3,"key":"EssenceOfSteel"},{"floor":6,"key":"Explosive Potion"},{"floor":10,"key":"PowerPotion"},{"floor":14,"key":"Fire Potion"},{"floor":16,"key":"EssenceOfSteel"},{"floor":18,"key":"FairyPotion"},{"floor":23,"key":"SneckoOil"},{"floor":25,"key":"SmokeBomb"},{"floor":30,"key":"FearPotion"},{"floor":33,"key":"Regen Potion"},{"floor":39,"key":"SkillPotion"},{"floor":45,"key":"SpeedPotion"},{"floor":46,"key":"Fire Potion"}],"is_trial":false,"path_per_floor":["M","M","M","M","M","E","R","T","T","M","M","$","E","M","R","B",null,"M","M","?","?","?","E","R","E","T","R","E","M","M","?","R","B",null,"M","?","$","?","?","R","M","E","T","E","M","M","$","?","R","B",null],"character_chosen":"DEFECT","items_purchased":["Meat on the Bone","Letter Opener","Art of War","Block Potion"],"campfire_rested":5,"item_purchase_floors":[12,37,47,47],"current_hp_per_floor":[74,73,69,59,44,36,58,58,58,60,62,62,56,49,49,30,75,75,71,71,57,90,53,80,67,81,81,43,55,55,55,86,44,104,82,82,97,97,60,89,82,64,64,62,31,29,44,44,44,43],"gold":36,"neow_bonus":"UPGRADE_CARD","is_daily":false,"chose_seed":false,"campfire_upgraded":2,"win_rate":0.0,"timestamp":1609043470,"path_taken":["M","M","M","?","M","E","R","?","T","M","M","$","E","M","R","BOSS","M","?","?","?","?","E","R","E","T","R","E","M","?","?","R","BOSS","M","?","$","?","?","R","M","E","T","E","M","M","$","?","R","BOSS"],"items_purchased_type":["Relic","Relic","Relic","Potion"],"build_version":"2020-12-22","purchased_purges":1,"victory":true,"max_hp_per_floor":[75,75,75,75,75,75,75,75,75,75,75,75,75,75,75,75,75,75,75,75,80,90,90,90,90,104,104,104,104,104,104,104,104,104,104,99,99,99,99,99,99,99,99,99,99,99,99,99,99,99],"card_choices":[{"not_picked":["Turbo","Auto Shields","Stack"],"picked":"SKIP","floor":1},{"not_picked":["Loop","Tempest"],"picked":"Sweeping Beam","floor":2},{"not_picked":["Ball Lightning","Leap"],"picked":"Coolheaded","floor":3},{"not_picked":["Beam Cell","Lockon"],"picked":"Barrage","floor":4},{"not_picked":["Recycle","Sweeping Beam"],"picked":"Rainbow","floor":5},{"not_picked":["Sweeping Beam","Melter"],"picked":"Chill","floor":6},{"not_picked":["Genetic Algorithm","Force Field","Scrape"],"picked":"SKIP","floor":10},{"not_picked":["Rebound","Turbo"],"picked":"Blizzard","floor":11},{"not_picked":["Cold Snap","Storm"],"picked":"Capacitor","floor":13},{"not_picked":["Redo","Coolheaded","Stack"],"picked":"SKIP","floor":14},{"not_picked":["Rainbow","Biased Cognition"],"picked":"Meteor Strike","floor":16},{"not_picked":["Reinforced Body","Leap"],"picked":"Streamline+1","floor":18},{"not_picked":["Steam","Sweeping Beam+1","Reinforced Body"],"picked":"SKIP","floor":19},{"not_picked":["Beam Cell+1","Stack"],"picked":"Seek","floor":23},{"not_picked":["Coolheaded","Undo"],"picked":"Hologram+1","floor":25},{"not_picked":["Recycle+1","Rebound+1","Coolheaded"],"picked":"SKIP","floor":28},{"not_picked":["Force Field+1","Gash","Static Discharge"],"picked":"SKIP","floor":29},{"not_picked":["Reinforced Body","Turbo"],"picked":"Consume","floor":30},{"not_picked":["Amplify","Hyperbeam"],"picked":"Electrodynamics","floor":33},{"not_picked":["Leap","Compile Driver"],"picked":"Defragment","floor":35},{"not_picked":["Self Repair+1","Conserve Battery+1","Compile Driver"],"picked":"SKIP","floor":41},{"not_picked":["Hologram+1","Cold Snap","Hyperbeam"],"picked":"SKIP","floor":42},{"not_picked":["Heatsinks+1","Fusion","Hello World"],"picked":"SKIP","floor":44},{"not_picked":["Rebound+1","Go for the Eyes"],"picked":"Chaos+1","floor":45},{"not_picked":["Ball Lightning+1","Hologram+1","Compile Driver"],"picked":"SKIP","floor":46},{"not_picked":["Compile Driver","Leap+1"],"picked":"Defragment+1","floor":49}],"player_experience":235040,"relics_obtained":[{"floor":6,"key":"Blood Vial"},{"floor":8,"key":"Centennial Puzzle"},{"floor":9,"key":"Incense Burner"},{"floor":13,"key":"Omamori"},{"floor":23,"key":"Bottled Tornado"},{"floor":25,"key":"Lizard Tail"},{"floor":26,"key":"Mango"},{"floor":28,"key":"Shovel"},{"floor":39,"key":"Bird Faced Urn"},{"floor":42,"key":"Anchor"},{"floor":43,"key":"Dream Catcher"},{"floor":44,"key":"Bottled Flame"}],"event_choices":[{"damage_healed":0,"gold_gain":0,"player_choice":"Obtained Relic","damage_taken":0,"relics_obtained":["MealTicket"],"max_hp_gain":0,"max_hp_loss":0,"event_name":"Addict","floor":20,"gold_loss":85},{"damage_healed":0,"gold_gain":0,"player_choice":"Shed Blood","damage_taken":19,"max_hp_gain":5,"max_hp_loss":0,"event_name":"Forgotten Altar","floor":21,"gold_loss":0},{"cards_removed":["Meteor Strike"],"damage_healed":23,"gold_gain":0,"player_choice":"Offered Rare","damage_taken":0,"max_hp_gain":10,"max_hp_loss":0,"event_name":"Bonfire Elementals","floor":22,"gold_loss":0},{"cards_removed":["Redo"],"damage_healed":0,"gold_gain":0,"player_choice":"Elegance","damage_taken":0,"max_hp_gain":0,"max_hp_loss":0,"event_name":"Back to Basics","floor":31,"gold_loss":0},{"damage_healed":0,"gold_gain":0,"player_choice":"Max HP","damage_taken":0,"max_hp_gain":0,"max_hp_loss":5,"event_name":"Winding Halls","floor":36,"gold_loss":0},{"cards_removed":["All For One"],"damage_healed":0,"gold_gain":0,"player_choice":"Removed Attack","damage_taken":0,"max_hp_gain":0,"max_hp_loss":0,"event_name":"Falling","floor":38,"gold_loss":0},{"damage_healed":0,"gold_gain":0,"player_choice":"Fight","damage_taken":0,"max_hp_gain":0,"max_hp_loss":0,"event_name":"Mysterious Sphere","floor":39,"gold_loss":0},{"damage_healed":0,"gold_gain":0,"player_choice":"Upgrade","damage_taken":0,"relics_obtained":["Mark of the Bloom"],"max_hp_gain":0,"max_hp_loss":0,"event_name":"MindBloom","floor":48,"gold_loss":0,"cards_upgraded":["Dualcast","Sweeping Beam","Coolheaded","Barrage","Chill","Blizzard","Hyperbeam","Cold Snap","White Noise","FTL","Gash","Seek","Consume","Electrodynamics","Defragment"]}],"is_beta":false,"boss_relics":[{"not_picked":["Black Star","Empty Cage"],"picked":"Pandora\u0027s Box"},{"not_picked":["Calling Bell","FrozenCore"],"picked":"SlaversCollar"}],"items_purged_floors":[37],"is_endless":false,"potions_floor_spawned":[3,6,10,14,16,18,23,25,30,33,39,45,46],"ascension_level":2}}