{"host":"qj91dvco5uhu9oti","time":1609071584,"event":{"mods":["BaseMod","Colored Map","Keyboard Shortcuts","Minty Spire (QoL Compilation)","Permanent Neow","Relic Stats","StSLib","SuperFastMode","everything is the same but u backflip on backflip"],"gold_per_floor":[138,7,38,38,38,38,103,177,177,243,281,356,356,430,430,430,430],"floor_reached":16,"playtime":324,"items_purged":["Strike_R"],"score":208,"play_id":"f76047b9-401c-4489-a6fe-aaeb82cfc2d3","local_time":"20201227211944","is_ascension_mode":true,"campfire_choices":[{"data":"HandOfGreed","floor":6,"key":"SMITH"},{"data":"Entrench","floor":13,"key":"SMITH"},{"data":"Metallicize","floor":15,"key":"SMITH"}],"circlet_count":0,"master_deck":["AscendersBane","Strike_R","Strike_R","Strike_R","Strike_R","Defend_R","Defend_R","Defend_R","Defend_R","Bash","HandOfGreed+1","Rage","Shrug It Off","Evolve","Metallicize+1","Ghostly Armor","Ghostly Armor","Entrench+1","Uppercut"],"relics":["Burning Blood","Golden Idol","Incense Burner","Calipers"],"acts_visited":["Exordium"],"potions_floor_usage":[],"damage_taken":[{"damage":7,"enemies":"Jaw Worm","floor":1,"turns":2},{"damage":0,"enemies":"Cultist","floor":3,"turns":3},{"damage":28,"enemies":"Gremlin Nob","floor":7,"turns":4},{"damage":2,"enemies":"2 Louse","floor":8,"turns":4},{"damage":0,"enemies":"2 Fungi Beasts","floor":10,"turns":4},{"damage":9,"enemies":"Blue Slaver","floor":11,"turns":6},{"damage":5,"enemies":"Large Slime","floor":12,"turns":10},{"damage":6,"enemies":"Exordium Wildlife","floor":14,"turns":7},{"damage":32,"enemies":"The Guardian","floor":16,"turns":2}],"seed_played":"-5487223112911210366","potions_obtained":[{"floor":1,"key":"Swift Potion"},{"floor":7,"key":"Ancient Potion"}],"is_trial":false,"path_per_floor":["M","$","M","$","?","R","E","M","T","M","M","M","R","M","R","B"],"character_chosen":"IRONCLAD","items_purchased":["Shrug It Off"],"campfire_rested":0,"item_purchase_floors":[2],"current_hp_per_floor":[67,67,68,68,45,45,23,27,27,33,30,31,31,31,31,0,0],"gold":430,"neow_bonus":"RANDOM_COLORLESS_2","is_daily":false,"chose_seed":false,"campfire_upgraded":3,"win_rate":0.0,"timestamp":1609071584,"path_taken":["M","$","M","$","?","R","E","M","T","M","M","M","R","M","R","BOSS"],"items_purchased_type":["Card"],"build_version":"2020-12-22","purchased_purges":1,"victory":false,"max_hp_per_floor":[68,68,68,68,68,68,68,68,68,68,68,68,68,68,68,68,68],"relic_stats":{"counters":[9,42],"Golden Idol":29,"obtain_stats":[{"Calipers":9,"Golden Idol":5,"Incense Burner":7,"Burning Blood":0},{"Calipers":4,"Golden Idol":2,"Incense Burner":3,"Burning Blood":0},{"Calipers":13,"Golden Idol":5,"Incense Burner":9,"Burning Blood":0}],"Burning Blood":43},"card_choices":[{"not_picked":["Secret Technique","Mayhem"],"picked":"HandOfGreed","floor":0},{"not_picked":["Headbutt","Dark Embrace"],"picked":"Rage","floor":1},{"not_picked":["Warcry","Flex"],"picked":"Evolve","floor":3},{"not_picked":["Cleave","Fiend Fire"],"picked":"Metallicize","floor":7},{"not_picked":["Perfected Strike","Blood for Blood","Heavy Blade"],"picked":"SKIP","floor":8},{"not_picked":["Twin Strike","Inflame"],"picked":"Ghostly Armor","floor":10},{"not_picked":["Wild Strike","Clash"],"picked":"Ghostly Armor","floor":11},{"not_picked":["Headbutt","Power Through"],"picked":"Entrench","floor":12},{"not_picked":["Hemokinesis","Dropkick"],"picked":"Uppercut","floor":14}],"player_experience":291261,"relics_obtained":[{"floor":7,"key":"Incense Burner"},{"floor":9,"key":"Calipers"}],"event_choices":[{"damage_healed":0,"gold_gain":0,"player_choice":"Take Damage","damage_taken":23,"relics_obtained":["Golden Idol"],"max_hp_gain":0,"max_hp_loss":0,"event_name":"Golden Idol","floor":5,"gold_loss":0}],"is_beta":false,"boss_relics":[],"items_purged_floors":[2],"is_endless":false,"potions_floor_spawned":[1,7,12,14],"killed_by":"The Guardian","ascension_level":20}}