{"host":"ccz","time":1609051829,"event":{"mods":["BaseMod","Minty Spire (QoL Compilation)","Reimu£®≤©¿ˆ¡È√Œ£©","StSLib","°æπ¶ƒ‹Mod°øªÏ„Á÷Æª∑–ﬁ∏¥≤π∂°","ÛÙª÷∏ƒœ"],"gold_per_floor":[113,123,137,62,75,75,91,91,91,39,49,49,66,81,81,186,186,196,196,215,234,253,253,153,153,153,184,199,213,312,30,30,128,128,139,49,62,62,62,62,62],"floor_reached":40,"playtime":1431,"items_purged":["Strike_Lin:ReiMu","Strike_Lin:ReiMu","Strike_Lin:ReiMu"],"score":427,"play_id":"fbf50868-bcac-425f-92ab-1fae28e90384","local_time":"20201227145029","is_ascension_mode":false,"campfire_choices":[{"data":"RainPray2:ReiMu","floor":6.0,"key":"SMITH"},{"data":"PrepareRite:ReiMu","floor":12.0,"key":"SMITH"},{"data":"ManaGlint:ReiMu","floor":15.0,"key":"SMITH"},{"data":"SpringWay:ReiMu","floor":23,"key":"SMITH"},{"data":"Free:ReiMu","floor":25,"key":"SMITH"},{"data":"Free:ReiMu","floor":32,"key":"SMITH"}],"circlet_count":0,"master_deck":["SpreadBorder2:ReiMu","PrepareRite:ReiMu+1","RainPray2:ReiMu+1","AirStrike:ReiMu","Conquer:ReiMu","SpreadBorder2:ReiMu","ManaGlint:ReiMu+1","Conquer:ReiMu","Free:ReiMu+1","Free:ReiMu+1","SpringWay:ReiMu+1","SpreadBorder2:ReiMu+1","EmergencyTakeOff:ReiMu+1","SpringWay:ReiMu","CardOfSanctity:ReiMu+1","TakeOff:ReiMu+1"],"relics":["FlyPower:ReiMu","NeowsBlessing","Pear","Runic Dome","Mummified Hand","Mercury Hourglass","Lee\u0027s Waffle","Pandora\u0027s Box","Torii"],"acts_visited":["Exordium","TheCity","TheBeyond"],"potions_floor_usage":[27,27,40,40],"damage_taken":[{"damage":0.0,"enemies":"Cultist","floor":1.0,"turns":1.0},{"damage":0.0,"enemies":"Jaw Worm","floor":2.0,"turns":1.0},{"damage":0.0,"enemies":"2 Louse","floor":3.0,"turns":2.0},{"damage":5.0,"enemies":"2 Fungi Beasts","floor":5.0,"turns":7.0},{"damage":23.0,"enemies":"Lots of Slimes","floor":7.0,"turns":8.0},{"damage":0.0,"enemies":"Exordium Thugs","floor":11.0,"turns":3.0},{"damage":5.0,"enemies":"Looter","floor":13.0,"turns":2.0},{"damage":6.0,"enemies":"Lots of Slimes","floor":14.0,"turns":2.0},{"damage":15.0,"enemies":"Slime Boss","floor":16.0,"turns":7.0},{"damage":13,"enemies":"2 Thieves","floor":18,"turns":4},{"damage":15,"enemies":"3 Byrds","floor":20,"turns":5},{"damage":0,"enemies":"Snake Plant","floor":21,"turns":4},{"damage":0,"enemies":"Snecko","floor":22,"turns":6},{"damage":36,"enemies":"Slavers","floor":27,"turns":6},{"damage":0,"enemies":"Cultist and Chosen","floor":28,"turns":6},{"damage":0,"enemies":"Shelled Parasite and Fungi","floor":29,"turns":7},{"damage":10,"enemies":"Champ","floor":33,"turns":15},{"damage":0,"enemies":"3 Shapes","floor":35,"turns":1},{"damage":46,"enemies":"3 Darklings","floor":37,"turns":6},{"damage":55,"enemies":"Nemesis","floor":40,"turns":11}],"seed_played":"-3262565875010222309","potions_obtained":[{"floor":7.0,"key":"ColorlessPotion"},{"floor":11.0,"key":"SpeedPotion"},{"floor":13.0,"key":"LiquidMemories"},{"floor":14.0,"key":"Ancient Potion"},{"floor":22,"key":"Block Potion"},{"floor":27,"key":"Explosive Potion"},{"floor":28,"key":"DistilledChaos"}],"is_trial":false,"path_per_floor":["M","M","M","$","M","R","M","?","T","$","M","R","M","M","R","B",null,"M","?","M","M","M","R","$","R","T","E","M","M","?","$","R","B",null,"M","?","M","T","?","E"],"character_chosen":"REIMU","items_purchased":["Conquer:ReiMu","Lee\u0027s Waffle"],"campfire_rested":0,"item_purchase_floors":[10,31],"current_hp_per_floor":[65,65,65,65,60,60,37,37,47,47,47,47,42,36,36,21,75,62,62,47,47,47,47,47,47,47,11,11,11,11,82,82,72,82,82,82,36,36,36,0,0],"gold":62,"neow_bonus":"THREE_ENEMY_KILL","is_daily":false,"chose_seed":false,"campfire_upgraded":6,"win_rate":0.0,"timestamp":1609051829,"path_taken":["M","M","?","$","M","R","M","?","T","$","M","R","M","M","R","BOSS","BOSS","M","?","?","M","M","R","$","R","T","E","M","M","?","$","R","BOSS","M","?","?","?","?","E"],"items_purchased_type":["Card","Relic"],"build_version":"2020-12-18","purchased_purges":3,"victory":false,"max_hp_per_floor":[65,65,65,65,65,65,65,65,75,75,75,75,75,75,75,75,75,75,75,75,75,75,75,75,75,75,75,75,75,75,82,82,82,82,82,82,82,82,82,82,82],"card_choices":[{"not_picked":["WonderfulDomain:ReiMu","CareerPray:ReiMu"],"picked":"SpreadBorder2:ReiMu","floor":1.0},{"not_picked":["SubcavityInstant:ReiMu","TightArray:ReiMu"],"picked":"PrepareRite:ReiMu","floor":2.0},{"not_picked":["SafetyPray:ReiMu","Meditation:ReiMu"],"picked":"RainPray2:ReiMu","floor":3.0},{"not_picked":["Revelation:ReiMu","Crusade:ReiMu"],"picked":"AirStrike:ReiMu","floor":5.0},{"not_picked":["SubcavityFantasy:ReiMu","OrbThrow:ReiMu","OctopathBindingBorder2:ReiMu"],"picked":"SKIP","floor":7.0},{"not_picked":["BarrageOfMoneybags:ReiMu","Enchanting:ReiMu"],"picked":"SpreadBorder2:ReiMu","floor":11.0},{"not_picked":["Intuition:ReiMu","FoulBorder2:ReiMu"],"picked":"ManaGlint:ReiMu","floor":13.0},{"not_picked":["CollectionFlower2:ReiMu","CareerPray:ReiMu"],"picked":"Conquer:ReiMu","floor":14.0},{"not_picked":["Authority:ReiMu","CeremonyResonance:ReiMu"],"picked":"Free:ReiMu","floor":16},{"not_picked":["AirStrike:ReiMu","SpiritualOutbreak2:ReiMu","LovePray:ReiMu+1"],"picked":"SKIP","floor":18},{"not_picked":["Conquer:ReiMu","PayForSelf:ReiMu+1"],"picked":"SpringWay:ReiMu","floor":20},{"not_picked":["TightArray:ReiMu+1","SubAcupoint:ReiMu"],"picked":"SpreadBorder2:ReiMu+1","floor":21},{"not_picked":["Meditation:ReiMu+1","CeremonyResonance:ReiMu"],"picked":"EmergencyTakeOff:ReiMu+1","floor":22},{"not_picked":["CeremonyResonance:ReiMu","RainPray2:ReiMu","EmergencyTakeOff:ReiMu"],"picked":"SKIP","floor":27},{"not_picked":["EmergencyTakeOff:ReiMu","Meditation:ReiMu","Amulet:ReiMu"],"picked":"SKIP","floor":28},{"not_picked":["PayForSelf:ReiMu","Intuition:ReiMu"],"picked":"SpringWay:ReiMu","floor":29},{"not_picked":["Determination:ReiMu","Dreaming:ReiMu"],"picked":"CardOfSanctity:ReiMu","floor":33},{"not_picked":["Gathering:ReiMu","OrbThrow:ReiMu+1"],"picked":"TakeOff:ReiMu+1","floor":35},{"not_picked":["CareerPray:ReiMu+1","WonderfulDomain:ReiMu+1","Enchanting:ReiMu+1"],"picked":"SKIP","floor":37}],"player_experience":143962,"relics_obtained":[{"floor":9.0,"key":"Pear"},{"floor":26,"key":"Mummified Hand"},{"floor":27,"key":"Mercury Hourglass"},{"floor":38,"key":"Torii"}],"event_choices":[{"cards_removed":["NB:ReiMu"],"damage_healed":0.0,"max_hp_gain":0.0,"max_hp_loss":0.0,"gold_gain":0.0,"event_name":"Living Wall","player_choice":"Forget","floor":8.0,"gold_loss":0.0,"damage_taken":0.0},{"damage_healed":0,"gold_gain":0,"player_choice":"Copied","damage_taken":0,"max_hp_gain":0,"max_hp_loss":0,"event_name":"Duplicator","floor":19,"gold_loss":0,"cards_obtained":["Free:ReiMu"]},{"damage_healed":0,"gold_gain":99,"player_choice":"Stole From Cult","damage_taken":0,"max_hp_gain":0,"max_hp_loss":0,"event_name":"Nest","floor":30,"gold_loss":0},{"cards_removed":["Stagnation:ReiMu"],"damage_healed":0,"gold_gain":0,"player_choice":"Upgrade and Remove","damage_taken":0,"max_hp_gain":0,"max_hp_loss":0,"event_name":"Designer","floor":36,"gold_loss":90,"cards_upgraded":["CardOfSanctity:ReiMu"]},{"damage_healed":0,"gold_gain":0,"player_choice":"Ignored","damage_taken":0,"max_hp_gain":0,"max_hp_loss":0,"event_name":"SecretPortal","floor":39,"gold_loss":0}],"is_beta":true,"boss_relics":[{"not_picked":["DonationBox:ReiMu","Tiny House"],"picked":"Runic Dome"},{"not_picked":["Sozu","CrownOfHeavens:ReiMu"],"picked":"Pandora\u0027s Box"}],"items_purged_floors":[4,24,31],"is_endless":false,"potions_floor_spawned":[7,11,13,14,20,22,27,28,35],"killed_by":"Nemesis","ascension_level":0}}