{"host":"atc9njsbcy6dgluf","time":1609068296,"event":{"mods":["BaseMod","Minty Spire (QoL Compilation)","StSLib","The Marked"],"gold_per_floor":[112,128,141,316,333,346,346,356,356,387,403,21,54,65,65,166,166,179,179,179,179,189,21,46,59,59,59,59,59,59],"floor_reached":29,"playtime":2363,"items_purged":["Doubt","Pain"],"score":282,"play_id":"e3430fa7-ca99-41c3-ae48-f9af21d32d1a","local_time":"20201227122456","is_ascension_mode":false,"campfire_choices":[{"floor":7.0,"key":"REST"},{"floor":15.0,"key":"REST"}],"circlet_count":0,"master_deck":["theMarked:Strike","theMarked:Strike","theMarked:Strike","theMarked:Strike","theMarked:Defend","theMarked:Defend","theMarked:Defend","theMarked:SoldierOfQuellstein","theMarked:GodGivenPower","theMarked:EmpowerWeapon","theMarked:ElectricStrings","theMarked:MaelstromOfLightning","theMarked:HeightenedSenses","theMarked:WastefulDefense","theMarked:EnhancedHearing","theMarked:ChainLightning","theMarked:RogueSparks","theMarked:ThrowWeapon","theMarked:Snap","theMarked:HeritageOfTheMarked","Dark Shackles","theMarked:WardOff","theMarked:Opportunist+1","theMarked:HeritageOfTheMarked","theMarked:ElectricStrings+1","theMarked:EnhancedHearing"],"relics":["theMarked:BronzeBlade","Juzu Bracelet","Eternal Feather","Ancient Tea Set","WarpedTongs","Ice Cream","Pocketwatch"],"acts_visited":["Exordium","TheCity"],"potions_floor_usage":[24],"damage_taken":[{"damage":2.0,"enemies":"Small Slimes","floor":1.0,"turns":4.0},{"damage":1.0,"enemies":"Jaw Worm","floor":2.0,"turns":3.0},{"damage":1.0,"enemies":"2 Louse","floor":3.0,"turns":3.0},{"damage":11.0,"enemies":"Lots of Slimes","floor":5.0,"turns":4.0},{"damage":5.0,"enemies":"2 Fungi Beasts","floor":6.0,"turns":3.0},{"damage":7.0,"enemies":"3 Louse","floor":8.0,"turns":3.0},{"damage":26.0,"enemies":"3 Sentries","floor":10.0,"turns":7.0},{"damage":6.0,"enemies":"Looter","floor":11.0,"turns":4.0},{"damage":0.0,"enemies":"Gremlin Nob","floor":13.0,"turns":2.0},{"damage":10.0,"enemies":"Exordium Thugs","floor":14.0,"turns":4.0},{"damage":15.0,"enemies":"Slime Boss","floor":16.0,"turns":8.0},{"damage":0.0,"enemies":"Chosen","floor":18.0,"turns":3.0},{"damage":2,"enemies":"3 Byrds","floor":22,"turns":3},{"damage":39,"enemies":"Gremlin Leader","floor":24,"turns":6},{"damage":23,"enemies":"Shelled Parasite and Fungi","floor":25,"turns":4},{"damage":10,"enemies":"Chosen and Byrds","floor":29,"turns":1}],"seed_played":"1398005029495436032","potions_obtained":[{"floor":3.0,"key":"SpeedPotion"},{"floor":5.0,"key":"FearPotion"},{"floor":11.0,"key":"DistilledChaos"},{"floor":14.0,"key":"Fire Potion"},{"floor":18.0,"key":"Energy Potion"}],"is_trial":false,"path_per_floor":["M","M","M","?","M","M","R","M","T","E","M","$","E","M","R","B",null,"M","?","?","?","M","$","E","M","T","?","$","M"],"character_chosen":"THE_DEFAULT","items_purchased":["Eternal Feather","theMarked:RogueSparks","theMarked:HeritageOfTheMarked"],"campfire_rested":2,"item_purchase_floors":[12,12,23],"current_hp_per_floor":[47,46,45,45,34,29,50,43,43,17,11,11,11,1,31,16,70,70,70,70,70,68,68,29,6,6,6,6,0,0],"gold":59,"neow_bonus":"REMOVE_TWO","is_daily":false,"chose_seed":false,"campfire_upgraded":0,"win_rate":0.0,"timestamp":1609068296,"path_taken":["M","M","M","?","M","M","R","M","T","E","M","$","E","M","R","BOSS","M","?","?","?","M","?","E","M","T","?","$","M"],"items_purchased_type":["Relic","Card","Card"],"build_version":"2020-12-22","purchased_purges":2,"victory":false,"max_hp_per_floor":[70,70,70,70,70,70,70,70,70,70,70,70,70,70,70,70,70,70,70,70,70,70,70,70,70,70,70,70,70,70],"card_choices":[{"not_picked":["theMarked:TwofoldDefense","theMarked:KeepCalmAndFightOn"],"picked":"theMarked:GodGivenPower","floor":1.0},{"not_picked":["theMarked:Improvise","theMarked:RepellingDischarge"],"picked":"theMarked:EmpowerWeapon","floor":2.0},{"not_picked":["theMarked:Frustration","theMarked:WardOff"],"picked":"theMarked:ElectricStrings","floor":3.0},{"not_picked":["theMarked:SwordAndMagic","theMarked:Electrocute"],"picked":"theMarked:MaelstromOfLightning","floor":5.0},{"not_picked":["theMarked:WardOff","theMarked:ResourceFulStrike"],"picked":"theMarked:HeightenedSenses","floor":6.0},{"not_picked":["theMarked:Snap","theMarked:RepellingDischarge"],"picked":"theMarked:WastefulDefense","floor":8.0},{"not_picked":["theMarked:Aftermath","theMarked:Panic"],"picked":"theMarked:EnhancedHearing","floor":10.0},{"not_picked":["theMarked:TwofoldDefense","theMarked:Electrocute"],"picked":"theMarked:ChainLightning","floor":11.0},{"not_picked":["theMarked:WardOff","theMarked:Frustration"],"picked":"theMarked:ThrowWeapon","floor":13.0},{"not_picked":["theMarked:RepellingDischarge","theMarked:BanishingStrike","theMarked:GodGivenPower"],"picked":"SKIP","floor":14.0},{"not_picked":["theMarked:UnarmedFury","theMarked:ThrowWeapon"],"picked":"theMarked:Snap","floor":16.0},{"not_picked":["theMarked:Improvise","theMarked:Convert","theMarked:SelfDefenseTraining"],"picked":"SKIP","floor":18.0},{"not_picked":["theMarked:Improvise","theMarked:Convert","theMarked:SelfDefenseTraining"],"picked":"SKIP","floor":18.0},{"not_picked":["theMarked:EmpowerWeapon","theMarked:ResourceFulStrike"],"picked":"theMarked:Opportunist+1","floor":22},{"not_picked":["theMarked:MaelstromOfLightning","theMarked:EnhanceMovement+1"],"picked":"theMarked:ElectricStrings+1","floor":24},{"not_picked":["theMarked:RepellingDischarge+1","theMarked:EmpowerWeapon"],"picked":"theMarked:EnhancedHearing","floor":25}],"player_experience":568224,"relics_obtained":[{"floor":10.0,"key":"Juzu Bracelet"},{"floor":13.0,"key":"Ancient Tea Set"},{"floor":24,"key":"Ice Cream"},{"floor":26,"key":"Pocketwatch"}],"event_choices":[{"damage_healed":0.0,"max_hp_gain":0.0,"max_hp_loss":0.0,"gold_gain":175.0,"event_name":"Liars Game","player_choice":"AGREE","floor":4.0,"gold_loss":0.0,"damage_taken":0.0,"cards_obtained":["Doubt"]},{"damage_healed":0.0,"max_hp_gain":0.0,"max_hp_loss":0.0,"gold_gain":0.0,"event_name":"The Library","player_choice":"Read","floor":19.0,"gold_loss":0.0,"damage_taken":0.0,"cards_obtained":["theMarked:HeritageOfTheMarked"]},{"damage_healed":0,"gold_gain":0,"player_choice":"2 cards matched","damage_taken":0,"max_hp_gain":0,"max_hp_loss":0,"event_name":"Match and Keep!","floor":20,"gold_loss":0,"cards_obtained":["Dark Shackles","theMarked:WardOff"]},{"damage_healed":0,"gold_gain":0,"player_choice":"Rummage","damage_taken":0,"relics_obtained":["WarpedTongs"],"max_hp_gain":0,"max_hp_loss":0,"event_name":"Accursed Blacksmith","floor":21,"gold_loss":0,"cards_obtained":["Pain"]},{"damage_healed":0,"gold_gain":0,"player_choice":"Ignored","damage_taken":0,"max_hp_gain":0,"max_hp_loss":0,"event_name":"Cursed Tome","floor":27,"gold_loss":0}],"is_beta":false,"boss_relics":[{"not_picked":["theMarked:Eyepatch","Runic Pyramid"],"picked":"theMarked:BronzeBlade"}],"items_purged_floors":[12,23],"is_endless":false,"potions_floor_spawned":[3,5,11,14,18],"killed_by":"Chosen and Byrds","ascension_level":0}}