{"host":"bq4pt811tk9yrmjl","time":1609107587,"event":{"mods":["AchievementEnabler","BaseMod","Colored Map","Colored Powertips","Defuse TimeMaze Blight","Hermit","Minty Spire (QoL Compilation)","StSLib","SuperFastMode"],"gold_per_floor":[109,184,149,149,69,69,99,99,148,218,238,254,273,283,283,381,381,400,400,315,341,341,341,374,374,400,417,417,417],"floor_reached":28,"playtime":609,"items_purged":[],"score":272,"play_id":"3f36ef4b-d015-4982-bc97-196bb39c7220","local_time":"20201227201947","is_ascension_mode":true,"campfire_choices":[{"data":"hermit:Shortfuse","floor":6.0,"key":"SMITH"},{"floor":8.0,"key":"RECALL"},{"data":"hermit:Snapshot","floor":15.0,"key":"SMITH"},{"floor":23,"key":"REST"},{"floor":25,"key":"REST"}],"circlet_count":0,"master_deck":["hermit:Strike_Hermit","hermit:Strike_Hermit","hermit:Strike_Hermit","hermit:Strike_Hermit","hermit:Defend_Hermit","hermit:Defend_Hermit","hermit:Defend_Hermit","hermit:Defend_Hermit","hermit:Snapshot+1","hermit:Covet","hermit:Dive","hermit:Shortfuse+1","hermit:BodyArmor","hermit:Vantage","hermit:ShadowCloak","hermit:Coalescence+1","hermit:FlashPowder","hermit:Maintenance"],"relics":["hermit:Momento","NeowsBlessing","Bag of Marbles","Sozu","hermit:RyeStalk","Red Mask","Incense Burner","Juzu Bracelet"],"acts_visited":["Exordium","TheCity"],"potions_floor_usage":[],"damage_taken":[{"damage":0.0,"enemies":"Small Slimes","floor":1.0,"turns":1.0},{"damage":0.0,"enemies":"Gremlin Nob","floor":7.0,"turns":1.0},{"damage":0.0,"enemies":"2 Louse","floor":11.0,"turns":1.0},{"damage":1.0,"enemies":"Jaw Worm","floor":12.0,"turns":3.0},{"damage":0.0,"enemies":"2 Fungi Beasts","floor":13.0,"turns":3.0},{"damage":2.0,"enemies":"Looter","floor":14.0,"turns":4.0},{"damage":68.0,"enemies":"Hexaghost","floor":16.0,"turns":11.0},{"damage":12.0,"enemies":"Chosen","floor":18.0,"turns":7.0},{"damage":28,"enemies":"Masked Bandits","floor":21,"turns":7},{"damage":21,"enemies":"Slavers","floor":24,"turns":11},{"damage":14,"enemies":"Spheric Guardian","floor":27,"turns":6},{"damage":38,"enemies":"Book of Stabbing","floor":28,"turns":8}],"seed_played":"2944842168711954130","potions_obtained":[{"floor":1.0,"key":"hermit:Tonic"},{"floor":11.0,"key":"ColorlessPotion"},{"floor":14.0,"key":"Fire Potion"}],"is_trial":false,"path_per_floor":["M","?","?","?","$","R","E","R","T","?","M","M","M","M","R","B",null,"M","?","?","?","?","R","E","R","T","M","E"],"character_chosen":"HERMIT","items_purchased":["hermit:Shortfuse"],"campfire_rested":2,"item_purchase_floors":[5],"current_hp_per_floor":[75,64,75,75,75,75,75,75,75,75,75,74,74,72,72,4,75,63,63,63,35,35,57,36,58,58,44,6,6],"gold":417,"neow_bonus":"THREE_ENEMY_KILL","is_daily":false,"chose_seed":false,"campfire_upgraded":2,"win_rate":0.0,"timestamp":1609107587,"path_taken":["M","?","?","?","$","R","E","R","T","?","?","M","M","M","R","BOSS","M","?","?","?","?","R","E","R","T","M","E"],"items_purchased_type":["Card"],"build_version":"2020-12-22","purchased_purges":0,"victory":false,"max_hp_per_floor":[75,75,75,75,75,75,75,75,75,75,75,75,75,75,75,75,75,75,75,75,75,75,75,75,75,75,75,75,75],"card_choices":[{"not_picked":["hermit:Spite","hermit:Grudge"],"picked":"hermit:Dive","floor":1.0},{"not_picked":["hermit:Ricochet","hermit:Snipe"],"picked":"hermit:BodyArmor","floor":7.0},{"not_picked":["hermit:HighCaliber","hermit:Ricochet","hermit:Malice"],"picked":"SKIP","floor":11.0},{"not_picked":["hermit:CursedWeapon","hermit:BodyArmor"],"picked":"hermit:Vantage","floor":12.0},{"not_picked":["hermit:TakeCover","hermit:Deadeye"],"picked":"hermit:ShadowCloak","floor":13.0},{"not_picked":["hermit:FullyLoaded","hermit:Misfire","hermit:Roulette"],"picked":"SKIP","floor":14.0},{"not_picked":["hermit:Midnight+1","hermit:Roulette","hermit:Determination"],"picked":"SKIP","floor":18.0},{"not_picked":["hermit:Virtue+1","hermit:TakeCover"],"picked":"hermit:Coalescence+1","floor":21},{"not_picked":["hermit:ShadowCloak","hermit:Roulette+1"],"picked":"hermit:FlashPowder","floor":24},{"not_picked":["hermit:LowProfile","hermit:Deadeye+1"],"picked":"hermit:Maintenance","floor":27}],"player_experience":129878,"relics_obtained":[{"floor":7.0,"key":"Bag of Marbles"},{"floor":21,"key":"Red Mask"},{"floor":24,"key":"Incense Burner"},{"floor":26,"key":"Juzu Bracelet"}],"event_choices":[{"damage_healed":0.0,"max_hp_gain":0.0,"max_hp_loss":0.0,"gold_gain":75.0,"event_name":"World of Goop","player_choice":"Gather Gold","floor":2.0,"gold_loss":0.0,"damage_taken":11.0},{"damage_healed":18.0,"max_hp_gain":0.0,"max_hp_loss":0.0,"gold_gain":0.0,"event_name":"The Cleric","player_choice":"Healed","floor":3.0,"gold_loss":35.0,"damage_taken":0.0},{"damage_healed":0.0,"max_hp_gain":0.0,"max_hp_loss":0.0,"gold_gain":0.0,"event_name":"Shining Light","player_choice":"Ignored","floor":4.0,"gold_loss":0.0,"damage_taken":0.0},{"damage_healed":0.0,"max_hp_gain":0.0,"max_hp_loss":0.0,"gold_gain":70.0,"event_name":"Golden Wing","player_choice":"Gained Gold","floor":10.0,"gold_loss":0.0,"damage_taken":0.0},{"damage_healed":0,"gold_gain":0,"player_choice":"Ignored","damage_taken":0,"max_hp_gain":0,"max_hp_loss":0,"event_name":"Cursed Tome","floor":19,"gold_loss":0},{"damage_healed":0,"gold_gain":0,"player_choice":"Obtained Relic","damage_taken":0,"relics_obtained":["hermit:RyeStalk"],"max_hp_gain":0,"max_hp_loss":0,"event_name":"Addict","floor":20,"gold_loss":85},{"damage_healed":0,"gold_gain":0,"player_choice":"Fought Bandits","damage_taken":0,"max_hp_gain":0,"max_hp_loss":0,"event_name":"Masked Bandits","floor":21,"gold_loss":0},{"damage_healed":0,"gold_gain":0,"player_choice":"0 cards matched","damage_taken":0,"max_hp_gain":0,"max_hp_loss":0,"event_name":"Match and Keep!","floor":22,"gold_loss":0,"cards_obtained":[]}],"is_beta":false,"boss_relics":[{"not_picked":["Snecko Eye","Ectoplasm"],"picked":"Sozu"}],"items_purged_floors":[],"is_endless":false,"potions_floor_spawned":[1,11,14,24],"killed_by":"Book of Stabbing","ascension_level":1}}