{"host":"mniz8q056kux99zk","time":1609083871,"event":{"mods":["BaseMod","CapriCore","Highlight Path","Hubris","Infinite Spire","Minty Spire (QoL Compilation)","Replay The Spire","StSLib","The Necromancer"],"gold_per_floor":[109,20,20,30,30,58,58,87,87,119,219,233,233,233,233,330,380,390,390,400,400,412,412,412,424,478,489,505,537,551,15,15,113,113,138,138,158,180,202,202,202],"floor_reached":40,"playtime":2534,"items_purged":[],"score":658,"play_id":"1efbb71c-134e-4d79-9b29-f664289c375f","local_time":"20201227104431","is_ascension_mode":true,"campfire_choices":[{"floor":7,"key":"REST"},{"floor":13,"key":"REST"},{"floor":23,"key":"REST"},{"floor":32,"key":"REST"}],"circlet_count":0,"master_deck":["Strike_P","Strike_P","Strike_P+1","Strike_P","Defend_P","Defend_P","Defend_P","Defend_P","Eruption","Vigilance","EmptyBody","EmptyFist+1","FlurryOfBlows","infinitespire:Gouge","Collect","Worship","Replay:Battleflow","MentalFortress","DeusExMachina","Prostrate","Halt","infinitespire:DeathsTouch","infinitespire:Gouge","ReachHeaven","Brilliance","Vault","SashWhip+1","DevaForm","EmptyFist+1","CarveReality","EmptyFist","Replay:DivineShield"],"relics":["ReplayTheSpireMod:DimensionalGlitch","Replay:Wax Seal","Ornamental Fan","Singing Bowl","hubris:OldNail","Peace Pipe","Tiny House","Black Star","Smiling Mask","Replay:Mystery Machine","GoldenEye","Omamori","Replay:Kaleidoscope","Anchor","infinitespire:EvilPickle","Honey Jar"],"acts_visited":["Exordium","TheCity","TheBeyond"],"potions_floor_usage":[6,10,18,18,25,29,29,33,33,39,40],"damage_taken":[{"damage":1,"enemies":"Jaw Worm","floor":1,"turns":4},{"damage":0,"enemies":"Small Slimes","floor":4,"turns":3},{"damage":19,"enemies":"3 Sentries","floor":6,"turns":8},{"damage":13,"enemies":"Lagavulin","floor":8,"turns":7},{"damage":0,"enemies":"Gremlin Nob","floor":10,"turns":2},{"damage":1,"enemies":"Cultist","floor":12,"turns":3},{"damage":16,"enemies":"Fading Forest","floor":16,"turns":11},{"damage":24,"enemies":"3 Byrds","floor":18,"turns":8},{"damage":6,"enemies":"Shell Parasite","floor":20,"turns":5},{"damage":8,"enemies":"Snecko","floor":22,"turns":5},{"damage":14,"enemies":"Snake Plant","floor":25,"turns":2},{"damage":1,"enemies":"Cultist and Chosen","floor":27,"turns":5},{"damage":5,"enemies":"Centurion and Healer","floor":28,"turns":6},{"damage":35,"enemies":"Nightmare","floor":29,"turns":8},{"damage":0,"enemies":"Sentry and Sphere","floor":30,"turns":5},{"damage":21,"enemies":"Pondfish","floor":33,"turns":9},{"damage":22,"enemies":"3 Darklings","floor":35,"turns":5},{"damage":1,"enemies":"3 Shapes","floor":37,"turns":3},{"damage":0,"enemies":"Transient","floor":38,"turns":6},{"damage":32,"enemies":"4 Shapes","floor":39,"turns":5},{"damage":45,"enemies":"Reptomancer","floor":40,"turns":4}],"seed_played":"-4284551810364328507","potions_obtained":[{"floor":1,"key":"SkillPotion"},{"floor":6,"key":"Doom Potion"},{"floor":8,"key":"Swift Potion"},{"floor":12,"key":"BottledMiracle"},{"floor":16,"key":"ColorlessPotion"},{"floor":22,"key":"DuplicationPotion"},{"floor":27,"key":"Swift Potion"},{"floor":30,"key":"BottledMiracle"},{"floor":33,"key":"LiquidMemories"},{"floor":38,"key":"Energy Potion"}],"is_trial":false,"path_per_floor":["M","$","?","M","?","E","R","E","T","E","?","M","R","T","R","B",null,"M","AVR","M","?","M","R","?","M","T","M","M","NM","M","$","R","B",null,"M","?","M","M","M","E"],"character_chosen":"WATCHER","items_purchased":["EmptyFist","FlurryOfBlows","Replay:Kaleidoscope","Anchor","FearPotion","SashWhip+1"],"campfire_rested":4,"item_purchase_floors":[2,2,31,31,31,31],"current_hp_per_floor":[71,71,44,44,47,28,50,37,37,37,37,38,61,61,77,61,82,58,58,54,54,46,71,71,59,59,60,55,20,22,22,49,28,90,68,73,74,76,44,0,0],"gold":202,"neow_bonus":"BOSS_RELIC","is_daily":false,"chose_seed":false,"campfire_upgraded":0,"win_rate":0.0,"timestamp":1609083871,"path_taken":["M","$","?","M","?","E","R","E","T","E","?","?","R","?","R","BOSS","M","AVR","M","?","?","R","?","M","T","M","M","NM","M","$","R","BOSS","M","?","?","M","M","E"],"items_purchased_type":["Card","Card","Relic","Relic","Potion","Card"],"build_version":"2020-12-22","purchased_purges":0,"victory":false,"max_hp_per_floor":[72,72,72,72,75,75,75,75,75,75,75,77,77,77,77,77,82,82,82,84,84,84,84,84,86,86,88,88,88,90,90,90,90,90,90,90,92,94,94,94,94],"card_choices":[{"not_picked":["JustLucky","Crescendo"],"picked":"EmptyBody","floor":1},{"not_picked":["ReplayTheSpireMod:Haul","infinitespire:Starlight"],"picked":"infinitespire:Gouge","floor":3},{"not_picked":["SandsOfTime","WheelKick"],"picked":"Collect","floor":4},{"not_picked":["Swivel","Collect"],"picked":"Worship","floor":6},{"not_picked":["FlurryOfBlows","Study"],"picked":"Replay:Battleflow","floor":8},{"not_picked":["LessonLearned","BowlingBash"],"picked":"MentalFortress","floor":10},{"not_picked":["ClearTheMind","Study","PathToVictory"],"picked":"Singing Bowl","floor":12},{"not_picked":["Ragnarok","Omniscience"],"picked":"DeusExMachina","floor":16},{"not_picked":["Replay:BluntJabs","SashWhip"],"picked":"Prostrate","floor":17},{"not_picked":["Perseverance+1","PathToVictory"],"picked":"Halt","floor":18},{"not_picked":["Replay:Hum","EmptyMind","FlyingSleeves"],"picked":"Singing Bowl","floor":20},{"not_picked":["Worship+1","WaveOfTheHand"],"picked":"ReachHeaven","floor":22},{"not_picked":["FlurryOfBlows+1","Protect","JustLucky"],"picked":"Singing Bowl","floor":25},{"not_picked":["Protect","JustLucky+1","Replay:ManipulateFuture"],"picked":"Singing Bowl","floor":27},{"not_picked":["PathToVictory","SignatureMove"],"picked":"Brilliance","floor":28},{"not_picked":["ThirdEye+1","WreathOfFlame"],"picked":"Vault","floor":29},{"not_picked":["Prostrate","ClearTheMind","EmptyFist+1"],"picked":"Singing Bowl","floor":30},{"not_picked":["DeusExMachina","Ragnarok"],"picked":"DevaForm","floor":33},{"not_picked":["ThirdEye","PathToVictory+1","Wireheading"],"picked":"EmptyFist+1","floor":35},{"not_picked":["ThirdEye","EmptyMind","CutThroughFate+1","CarveReality"],"picked":"Singing Bowl","floor":37},{"not_picked":["ReachHeaven+1","Evaluate+1","EmptyFist","EmptyBody"],"picked":"Singing Bowl","floor":38},{"not_picked":["InnerPeace+1","Replay:BluntJabs","Judgement"],"picked":"Replay:DivineShield","floor":39}],"player_experience":103298,"relics_obtained":[{"floor":6,"key":"Replay:Wax Seal"},{"floor":8,"key":"Ornamental Fan"},{"floor":9,"key":"Singing Bowl"},{"floor":10,"key":"hubris:OldNail"},{"floor":14,"key":"Peace Pipe"},{"floor":26,"key":"Replay:Mystery Machine"},{"floor":29,"key":"GoldenEye"},{"floor":29,"key":"Omamori"}],"event_choices":[{"damage_healed":0,"gold_gain":100,"player_choice":"Pray","damage_taken":0,"max_hp_gain":0,"max_hp_loss":0,"event_name":"Golden Shrine","floor":11,"gold_loss":0},{"damage_healed":0,"gold_gain":0,"player_choice":"Copied","damage_taken":0,"max_hp_gain":0,"max_hp_loss":0,"event_name":"Duplicator","floor":21,"gold_loss":0,"cards_obtained":["infinitespire:Gouge"]},{"damage_healed":0,"gold_gain":0,"player_choice":"Ignored","damage_taken":0,"max_hp_gain":0,"max_hp_loss":0,"event_name":"Ghosts","floor":24,"gold_loss":0},{"cards_removed":["EmptyFist"],"damage_healed":5,"gold_gain":0,"player_choice":"Offered Common","damage_taken":0,"max_hp_gain":0,"max_hp_loss":0,"event_name":"Bonfire Elementals","floor":36,"gold_loss":0},{"cards_removed":["EmptyFist"],"damage_healed":5,"gold_gain":0,"player_choice":"Offered Special","damage_taken":0,"max_hp_gain":0,"max_hp_loss":0,"event_name":"Bonfire Elementals","floor":36,"gold_loss":0}],"is_beta":false,"boss_relics":[{"not_picked":["SlaversCollar","hubris:TerracottaHorce"],"picked":"Tiny House"},{"not_picked":["hubris:Stopwatch","Painkiller Herb"],"picked":"Honey Jar"}],"items_purged_floors":[],"is_endless":true,"potions_floor_spawned":[1,6,8,12,16,22,27,30,33,38],"killed_by":"Reptomancer","ascension_level":1}}