{"host":"soyfmymeou4emntr","time":1609040315,"event":{"mods":["BaseMod","Minty Spire (QoL Compilation)","Relic Sorter","Relic Stats","StSLib"],"gold_per_floor":[112,35,52,64,76,106,106,131,157,174,202,38,54,54,54,132,132,146,71,91,34,53,53,81,81,81,81,97,22,22,22,22],"floor_reached":31,"playtime":2905,"items_purged":[],"score":550,"play_id":"17739388-8fd8-4ee3-9024-fa75caadfb08","local_time":"20201226203835","is_ascension_mode":true,"campfire_choices":[{"floor":7.0,"key":"REST"},{"floor":15,"key":"REST"},{"floor":23,"key":"REST"},{"floor":25,"key":"REST"},{"data":"Noxious Fumes","floor":27,"key":"SMITH"}],"circlet_count":0,"master_deck":["AscendersBane","Strike_G","Strike_G","Strike_G+1","Strike_G","Strike_G","Defend_G","Defend_G","Defend_G","Defend_G","Defend_G","Survivor","Neutralize+1","Crippling Poison","Noxious Fumes+1","Predator","Bane","PiercingWail","Adrenaline","Calculated Gamble","Leg Sweep","Well Laid Plans","Flying Knee","Malaise","PiercingWail","Footwork","Backflip","Eviscerate+1","Well Laid Plans+1","Acrobatics","Bane+1","Caltrops+1"],"relics":["Ring of the Snake","NeowsBlessing","Nunchaku","Whetstone","Omamori","Oddly Smooth Stone","OrangePellets","Sozu","Frozen Egg 2","Blood Vial","Prayer Wheel","Bottled Lightning"],"acts_visited":["Exordium","TheCity"],"potions_floor_usage":[11,15,16,24],"damage_taken":[{"damage":0.0,"enemies":"Cultist","floor":1.0,"turns":1.0},{"damage":0.0,"enemies":"Small Slimes","floor":3.0,"turns":1.0},{"damage":0.0,"enemies":"Jaw Worm","floor":4.0,"turns":1.0},{"damage":11.0,"enemies":"2 Fungi Beasts","floor":5.0,"turns":4.0},{"damage":25.0,"enemies":"Lagavulin","floor":6.0,"turns":7.0},{"damage":21.0,"enemies":"Gremlin Nob","floor":8.0,"turns":4.0},{"damage":8.0,"enemies":"3 Louse","floor":10.0,"turns":4.0},{"damage":4,"enemies":"3 Sentries","floor":11,"turns":6},{"damage":2,"enemies":"Gremlin Gang","floor":13,"turns":6},{"damage":24,"enemies":"Hexaghost","floor":16,"turns":13},{"damage":17,"enemies":"Chosen","floor":18,"turns":6},{"damage":0,"enemies":"3 Byrds","floor":20,"turns":6},{"damage":5,"enemies":"Snake Plant","floor":22,"turns":6},{"damage":43,"enemies":"Gremlin Leader","floor":24,"turns":10},{"damage":12,"enemies":"Snecko","floor":28,"turns":7},{"damage":31,"enemies":"Centurion and Healer","floor":31,"turns":5}],"seed_played":"-6229248331444989834","potions_obtained":[{"floor":3.0,"key":"LiquidMemories"},{"floor":8.0,"key":"Fruit Juice"},{"floor":10.0,"key":"DistilledChaos"},{"floor":13,"key":"ColorlessPotion"},{"floor":16,"key":"Dexterity Potion"}],"is_trial":false,"path_per_floor":["M","$","M","M","M","E","R","E","T","M","E","$","M","$","R","B",null,"M","$","M","?","M","R","E","R","T","R","M","$","T","M"],"character_chosen":"THE_SILENT","items_purchased":["Noxious Fumes","OrangePellets","Footwork","Caltrops+1"],"campfire_rested":4,"item_purchase_floors":[2,12,19,29],"current_hp_per_floor":[59,59,59,59,48,23,42,21,21,13,9,9,7,7,33,9,56,39,39,39,39,34,55,12,33,33,33,23,23,23,0,0],"gold":22,"neow_bonus":"THREE_ENEMY_KILL","is_daily":false,"chose_seed":false,"campfire_upgraded":1,"win_rate":0.0,"timestamp":1609040315,"path_taken":["M","$","?","M","M","E","R","E","T","?","E","$","M","?","R","BOSS","M","$","M","?","M","R","E","R","T","R","M","$","?","?"],"items_purchased_type":["Card","Relic","Card","Card"],"build_version":"2020-12-22","purchased_purges":0,"victory":false,"max_hp_per_floor":[66,66,66,66,66,66,66,66,66,66,66,66,66,66,71,71,71,71,71,71,71,71,71,71,71,71,71,71,71,71,71,71],"relic_stats":{"Sozu":3,"Blood Vial":4,"OrangePellets":[3],"Nunchaku":[12],"counters":[16,87],"Prayer Wheel":1,"Whetstone":["Neutralize","Strike_G"],"obtain_stats":[{"Sozu":17,"Blood Vial":24,"OrangePellets":12,"Nunchaku":6,"NeowsBlessing":0,"Oddly Smooth Stone":11,"Prayer Wheel":26,"Omamori":9,"Whetstone":8,"Bottled Lightning":30,"Frozen Egg 2":21,"Ring of the Snake":0},{"Sozu":10,"Blood Vial":14,"OrangePellets":8,"Nunchaku":5,"NeowsBlessing":0,"Oddly Smooth Stone":8,"Prayer Wheel":14,"Omamori":6,"Whetstone":6,"Bottled Lightning":15,"Frozen Egg 2":12,"Ring of the Snake":0},{"Sozu":47,"Blood Vial":75,"OrangePellets":28,"Nunchaku":14,"NeowsBlessing":0,"Oddly Smooth Stone":28,"Prayer Wheel":75,"Omamori":18,"Whetstone":18,"Bottled Lightning":82,"Frozen Egg 2":59,"Ring of the Snake":0}],"Ring of the Snake":[32]},"card_choices":[{"not_picked":["Bane","Catalyst"],"picked":"Crippling Poison","floor":1.0},{"not_picked":["Dagger Throw","Escape Plan"],"picked":"Predator","floor":3.0},{"not_picked":["Expertise","Calculated Gamble"],"picked":"Bane","floor":4.0},{"not_picked":["Dodge and Roll","Quick Slash"],"picked":"PiercingWail","floor":5.0},{"not_picked":["Cloak And Dagger","Blur"],"picked":"Adrenaline","floor":6.0},{"not_picked":["Blade Dance","Distraction"],"picked":"Calculated Gamble","floor":8.0},{"not_picked":["Eviscerate","Dodge and Roll"],"picked":"Leg Sweep","floor":10.0},{"not_picked":["Bane","Choke"],"picked":"Well Laid Plans","floor":11},{"not_picked":["Sucker Punch","Dagger Spray"],"picked":"Flying Knee","floor":13},{"not_picked":["Burst","Adrenaline"],"picked":"Malaise","floor":16},{"not_picked":["Outmaneuver","Choke"],"picked":"PiercingWail","floor":18},{"not_picked":["Cloak And Dagger","Deflect"],"picked":"Backflip","floor":20},{"not_picked":["Distraction","Expertise"],"picked":"Eviscerate+1","floor":22},{"not_picked":["Dodge and Roll","Reflex"],"picked":"Well Laid Plans+1","floor":24},{"not_picked":["Poisoned Stab","Deflect"],"picked":"Acrobatics","floor":28},{"not_picked":["Flechettes","Glass Knife"],"picked":"Bane+1","floor":28}],"player_experience":2633664,"relics_obtained":[{"floor":6.0,"key":"Nunchaku"},{"floor":8.0,"key":"Whetstone"},{"floor":9.0,"key":"Omamori"},{"floor":11,"key":"Oddly Smooth Stone"},{"floor":24,"key":"Blood Vial"},{"floor":26,"key":"Prayer Wheel"},{"floor":30,"key":"Bottled Lightning"}],"event_choices":[{"damage_healed":0,"gold_gain":0,"player_choice":"Paid Gold","damage_taken":0,"relics_obtained":["Frozen Egg 2"],"max_hp_gain":0,"max_hp_loss":0,"event_name":"WeMeetAgain","floor":21,"gold_loss":57}],"is_beta":false,"boss_relics":[{"not_picked":["Empty Cage","Fusion Hammer"],"picked":"Sozu"}],"items_purged_floors":[],"is_endless":false,"potions_floor_spawned":[3,8,10,13,16,18,22,24],"killed_by":"Centurion and Healer","ascension_level":20}}