{"host":"chv1qanoipyt46jc","time":1609087982,"event":{"mods":["2.2 Compatiblity","AchievementEnabler","BaseMod","BetterRewards","CapriCore","Card Filter","Gold Saver","Grow up Mod","Melee Mod","Minty Spire (QoL Compilation)","Rare Cards Sparkle","Relic Filter","Remove Card Discount Mod","Reorder Act Four","StSLib"],"gold_per_floor":[918,1018,1036,1047,1063,1063,1076,1076,1100,1135,1147,1147,1158,1185,1185,1281,1281,1300,1313,1326,1336,1351,1381,1381,1412,1435,1433,1433,1433,1449,1463,1463,1566,1566,1581,1601,1611,1605,1605,1605,1615,1650,1673,1685,1707,1736,1773,1799,1811,1823,1835,1843,1843,1873,1873],"floor_reached":56,"playtime":2510,"items_purged":["meleeMod_Jab","meleeMod_Jab","meleeMod_Jab","meleeMod_Jab","meleeMod_Shield","meleeMod_Shield","meleeMod_Shield","meleeMod_Shield","meleeMod_NeutralAir","meleeMod_BackAir","meleeMod_UpAir","meleeMod_UpAir","meleeMod_Grab+1","meleeMod_Grab+1"],"score":1622,"play_id":"a19dc310-516d-4815-9766-0ed43ce007ee","local_time":"20201227105302","is_ascension_mode":false,"campfire_choices":[{"data":"meleeMod_BabActivated","floor":6,"key":"SMITH"},{"data":"meleeMod_Grab","floor":8,"key":"SMITH"},{"data":"meleeMod_BackAir","floor":12,"key":"SMITH"},{"data":"meleeMod_DashDance","floor":15,"key":"SMITH"},{"floor":24,"key":"RECALL"},{"data":"meleeMod_DashDance","floor":29,"key":"SMITH"},{"data":"meleeMod_SoftKnee","floor":32,"key":"SMITH"},{"data":"meleeMod_VCancel","floor":40,"key":"SMITH"},{"data":"meleeMod_Grab","floor":44,"key":"SMITH"},{"floor":49,"key":"REST"},{"floor":53,"key":"REST"}],"circlet_count":0,"master_deck":["meleeMod_BackAir+1","meleeMod_DashDance+1","meleeMod_DashDance+1","meleeMod_BabActivated+1","meleeMod_Grab+1","meleeMod_NeutralAir+1","meleeMod_BackAir+1","meleeMod_BabActivated+1","meleeMod_SoftKnee+1","meleeMod_VCancel+1","meleeMod_NeutralAir+1"],"relics":["meleeMod_TeamBeerMang0","Shuriken","Bronze Scales","Mummified Hand","Boot","White Beast Statue","Centennial Puzzle","SlaversCollar","Bottled Flame","Red Mask","meleeMod_AirWobbling","Black Star","Art of War","CaptainsWheel","MawBank","Vajra","Whetstone","TungstenRod","Pen Nib"],"acts_visited":["Exordium","TheCity","TheBeyond","TheEnding"],"potions_floor_usage":[55,55,55,55,55,55],"damage_taken":[{"damage":0,"enemies":"Small Slimes","floor":1,"turns":1},{"damage":0,"enemies":"Cultist","floor":3,"turns":2},{"damage":0,"enemies":"2 Louse","floor":4,"turns":1},{"damage":0,"enemies":"2 Fungi Beasts","floor":5,"turns":2},{"damage":2,"enemies":"Blue Slaver","floor":7,"turns":2},{"damage":18,"enemies":"3 Sentries","floor":10,"turns":4},{"damage":0,"enemies":"Exordium Wildlife","floor":11,"turns":1},{"damage":0,"enemies":"2 Fungi Beasts","floor":13,"turns":2},{"damage":0,"enemies":"Gremlin Nob","floor":14,"turns":2},{"damage":3,"enemies":"The Guardian","floor":16,"turns":5},{"damage":2,"enemies":"Spheric Guardian","floor":18,"turns":3},{"damage":10,"enemies":"Chosen","floor":19,"turns":2},{"damage":6,"enemies":"Centurion and Healer","floor":20,"turns":4},{"damage":6,"enemies":"3 Cultists","floor":21,"turns":3},{"damage":3,"enemies":"Shelled Parasite and Fungi","floor":22,"turns":2},{"damage":6,"enemies":"Gremlin Leader","floor":23,"turns":3},{"damage":3,"enemies":"Masked Bandits","floor":25,"turns":3},{"damage":3,"enemies":"Snake Plant","floor":30,"turns":2},{"damage":6,"enemies":"Cultist and Chosen","floor":31,"turns":2},{"damage":32,"enemies":"Collector","floor":33,"turns":3},{"damage":14,"enemies":"3 Darklings","floor":35,"turns":3},{"damage":26,"enemies":"3 Shapes","floor":36,"turns":2},{"damage":0,"enemies":"Sphere and 2 Shapes","floor":37,"turns":3},{"damage":0,"enemies":"Writhing Mass","floor":41,"turns":2},{"damage":43,"enemies":"Reptomancer","floor":42,"turns":3},{"damage":13,"enemies":"Maw","floor":45,"turns":3},{"damage":8,"enemies":"3 Darklings","floor":46,"turns":3},{"damage":5,"enemies":"Giant Head","floor":47,"turns":3},{"damage":7,"enemies":"Jaw Worm Horde","floor":48,"turns":2},{"damage":9,"enemies":"Time Eater","floor":50,"turns":2},{"damage":0,"enemies":"Shield and Spear","floor":54,"turns":3},{"damage":65,"enemies":"The Heart","floor":55,"turns":4}],"seed_played":"6590406147347163414","potions_obtained":[{"floor":1,"key":"BlessingOfTheForge"},{"floor":3,"key":"PowerPotion"},{"floor":4,"key":"Energy Potion"},{"floor":18,"key":"Energy Potion"},{"floor":25,"key":"EntropicBrew"}],"is_trial":false,"path_per_floor":["M","?","M","M","M","R","M","R","T","E","M","R","M","E","R","B",null,"M","M","M","M","M","E","R","?","T","$","?","R","M","M","R","B",null,"M","M","M","$","?","R","M","E","T","R","M","M","E","M","R","B",null,"$","R","E","B",null],"character_chosen":"FALCON","items_purchased":["Shuriken","meleeMod_Grab","meleeMod_DashDance","Bronze Scales","meleeMod_DashDance","Mummified Hand","meleeMod_BabActivated","meleeMod_Grab","Boot","meleeMod_UpAir"],"campfire_rested":2,"item_purchase_floors":[0,0,0,0,0,0,0,0,0,0],"current_hp_per_floor":[52,62,72,82,92,102,110,120,130,122,132,142,152,162,172,179,265,273,273,277,281,288,292,302,309,319,329,339,349,356,360,370,348,435,431,415,425,435,445,455,465,432,442,452,449,451,456,459,585,586,605,615,625,635,580],"gold":1873,"neow_bonus":"","is_daily":false,"chose_seed":false,"campfire_upgraded":8,"win_rate":0.0,"timestamp":1609087982,"path_taken":["M","?","M","M","M","R","M","R","T","E","M","R","?","E","R","BOSS","M","M","M","M","M","E","R","?","T","$","?","R","M","M","R","BOSS","M","M","M","$","?","R","M","E","T","R","M","M","E","M","R","BOSS","$","R","E","BOSS"],"items_purchased_type":["Relic","Card","Card","Relic","Card","Relic","Card","Card","Relic","Card"],"build_version":"2020-12-22","purchased_purges":14,"victory":true,"max_hp_per_floor":[105,115,125,135,145,155,165,175,185,195,205,215,225,235,245,255,265,275,285,295,305,315,325,335,345,355,365,375,385,395,405,415,425,435,445,455,465,475,485,495,505,515,525,535,545,555,565,575,585,595,605,615,625,635,645],"card_choices":[{"not_picked":["meleeMod_Moonwalking","meleeMod_Knee","meleeMod_UpTilt"],"picked":"SKIP","floor":1},{"not_picked":["meleeMod_DownTilt","meleeMod_UpTilt","meleeMod_SweetSpot"],"picked":"SKIP","floor":3},{"not_picked":["meleeMod_DownSmash","meleeMod_SweetSpot","meleeMod_CommandGrab"],"picked":"SKIP","floor":4},{"not_picked":["meleeMod_SweetSpot","meleeMod_Taunt","meleeMod_Gentleman"],"picked":"SKIP","floor":5},{"not_picked":["meleeMod_Taunt","meleeMod_UpTilt"],"picked":"meleeMod_UpAir","floor":7},{"not_picked":["meleeMod_UnclePunch","meleeMod_CrouchCancel","meleeMod_MindReader"],"picked":"SKIP","floor":10},{"not_picked":["meleeMod_DownTilt","meleeMod_DownSmash","meleeMod_GetUpAttack"],"picked":"SKIP","floor":11},{"not_picked":["meleeMod_UpSmash","meleeMod_ShieldPoke","meleeMod_DownAir"],"picked":"SKIP","floor":13},{"not_picked":["meleeMod_ForwardSmash","meleeMod_UCF","meleeMod_Taunt"],"picked":"SKIP","floor":14},{"not_picked":["meleeMod_BackAir","meleeMod_SweetSpot"],"picked":"meleeMod_NeutralAir+1","floor":18},{"not_picked":["meleeMod_UpTilt+1","meleeMod_ShieldPoke"],"picked":"meleeMod_NeutralAir+1","floor":19},{"not_picked":["meleeMod_UCF","meleeMod_DownSmash","meleeMod_Pause"],"picked":"SKIP","floor":20},{"not_picked":["meleeMod_SweetSpot","meleeMod_Knee+1"],"picked":"meleeMod_BackAir","floor":21},{"not_picked":["meleeMod_WaveDash","meleeMod_CommandGrab","meleeMod_DashDance"],"picked":"SKIP","floor":22},{"not_picked":["meleeMod_AirDodge","meleeMod_Pause"],"picked":"meleeMod_BackAir+1","floor":23},{"not_picked":["meleeMod_ShieldDrop","meleeMod_HaxDash"],"picked":"meleeMod_BabActivated+1","floor":25},{"not_picked":["meleeMod_UpAir","meleeMod_RockCrock+1","meleeMod_ForwardSmash"],"picked":"SKIP","floor":30},{"not_picked":["meleeMod_ForwardSmash","meleeMod_Cautious+1"],"picked":"meleeMod_SoftKnee","floor":31},{"not_picked":["meleeMod_UCF","meleeMod_SDRemix"],"picked":"meleeMod_VCancel","floor":33},{"not_picked":["meleeMod_WaveLand","meleeMod_Gentleman+1","meleeMod_NeutralAir"],"picked":"SKIP","floor":35},{"not_picked":["meleeMod_DownSmash+1","meleeMod_Gentleman","meleeMod_TeamAttackOn+1"],"picked":"SKIP","floor":36},{"not_picked":["meleeMod_RapidJabs+1","meleeMod_FalconKick+1","meleeMod_DropZone"],"picked":"SKIP","floor":37},{"not_picked":["meleeMod_WeTechThose","meleeMod_DownAir+1"],"picked":"meleeMod_Grab+1","floor":41},{"not_picked":["meleeMod_WallJump+1","meleeMod_DownSmash","meleeMod_BackAir"],"picked":"SKIP","floor":42},{"not_picked":["meleeMod_PowerShield+1","meleeMod_FalconPunch"],"picked":"meleeMod_NeutralAir","floor":45},{"not_picked":["meleeMod_UpAir+1","meleeMod_RapidJabs+1","meleeMod_Knee+1"],"picked":"SKIP","floor":46},{"not_picked":["meleeMod_SweetSpot+1","meleeMod_PhantomHit","meleeMod_DownSmash"],"picked":"SKIP","floor":47},{"not_picked":["meleeMod_DownTilt","meleeMod_DashDance","meleeMod_ForwardTilt+1"],"picked":"SKIP","floor":48},{"not_picked":["meleeMod_FireFlower","meleeMod_ForwardTilt","meleeMod_WaveLand"],"picked":"SKIP","floor":54}],"player_experience":297974,"relics_obtained":[{"floor":10,"key":"White Beast Statue"},{"floor":14,"key":"Centennial Puzzle"},{"floor":23,"key":"Bottled Flame"},{"floor":25,"key":"Red Mask"},{"floor":26,"key":"meleeMod_AirWobbling"},{"floor":42,"key":"Art of War"},{"floor":42,"key":"CaptainsWheel"},{"floor":43,"key":"MawBank"},{"floor":47,"key":"Vajra"},{"floor":47,"key":"Whetstone"},{"floor":54,"key":"TungstenRod"},{"floor":54,"key":"Pen Nib"}],"event_choices":[{"damage_healed":0,"gold_gain":100,"player_choice":"Pray","damage_taken":0,"max_hp_gain":0,"max_hp_loss":0,"event_name":"Golden Shrine","floor":2,"gold_loss":0},{"damage_healed":0,"gold_gain":0,"player_choice":"Fought Bandits","damage_taken":0,"max_hp_gain":0,"max_hp_loss":0,"event_name":"Masked Bandits","floor":25,"gold_loss":0},{"damage_healed":0,"gold_gain":0,"player_choice":"Ignored","damage_taken":0,"max_hp_gain":0,"max_hp_loss":0,"event_name":"Vampires","floor":28,"gold_loss":0},{"cards_removed":["meleeMod_NeutralAir"],"damage_healed":0,"gold_gain":0,"player_choice":"Removed Attack","damage_taken":0,"max_hp_gain":0,"max_hp_loss":0,"event_name":"Falling","floor":39,"gold_loss":0}],"is_beta":false,"boss_relics":[{"not_picked":["Astrolabe","Sozu"],"picked":"SlaversCollar"},{"not_picked":["Runic Dome","Busted Crown"],"picked":"Black Star"}],"items_purged_floors":[0,0,0,0,0,0,0,0,27,38,38,38,52,52],"is_endless":false,"potions_floor_spawned":[1,3,4,7,11,13,14,16,18,19,20,21,22,23,25,30,31,33,35,36,37,41,42,45,46,47,48,54],"ascension_level":0}}