{"host":"e4wnmsyty9uvvtwf","time":1609048770,"event":{"mods":["Aspiration","BaseMod","Colored Map","Colored Powertips","Marisa£®ÏF”Í°°ƒß¿Ì…≥£©","Minty Spire (QoL Compilation)","Rare Cards Sparkle","Replay The Spire","StSLib"],"gold_per_floor":[362,362,83,96,171,171,204,204,277,308,308,308,325,356,356,429,429,440,440,440],"floor_reached":19,"playtime":637,"items_purged":["Injury"],"score":348,"play_id":"f73c5c3c-9c57-46f3-b63d-b98aff28a627","local_time":"20201227135930","is_ascension_mode":true,"campfire_choices":[{"data":"Bandage Up","floor":6.0,"key":"SMITH"},{"floor":8.0,"key":"REST"},{"data":"Rage","floor":12.0,"key":"SMITH"}],"circlet_count":0,"master_deck":["AscendersBane","Strike_R","Strike_R","Strike_R","Strike_R","Strike_R","Defend_R","Defend_R","Defend_R","Defend_R","Bash","Thunderclap","Bandage Up+1","Body Slam+1","Cleave+1","Reckless Charge+1","Sword Boomerang+1","Rage+1","Iron Wave+1","Entrench+1","Immolate+1","Intimidate"],"relics":["Burning Blood","Molten Egg 2","aspiration:StickyExplosives_weak","Darkstone Periapt","Replay:WaspNest","Replay:Wax Seal","Replay:Multitool","aspiration:WatcherSkillbook"],"acts_visited":["Exordium","TheCity"],"potions_floor_usage":[],"damage_taken":[{"damage":16.0,"enemies":"Jaw Worm","floor":1.0,"turns":5.0},{"damage":8.0,"enemies":"2 Louse","floor":4.0,"turns":2.0},{"damage":40.0,"enemies":"3 Sentries","floor":7.0,"turns":7.0},{"damage":20.0,"enemies":"Lagavulin","floor":10.0,"turns":4.0},{"damage":0.0,"enemies":"Cultist","floor":13.0,"turns":2.0},{"damage":30.0,"enemies":"3 Sentries","floor":14.0,"turns":5.0},{"damage":25,"enemies":"Fading Forest","floor":16,"turns":11},{"damage":28,"enemies":"Spheric Guardian","floor":18,"turns":5},{"damage":54,"enemies":"Shell Parasite","floor":19,"turns":6}],"seed_played":"-6798967138043754421","potions_obtained":[{"floor":7.0,"key":"Flashbang"},{"floor":13.0,"key":"FearPotion"},{"floor":14.0,"key":"Explosive Potion"},{"floor":16,"key":"LiquidMemories"}],"is_trial":false,"path_per_floor":["M","?","$","M","?","R","E","R","T","E","T","R","M","E","R_BF","B",null,"M","M"],"character_chosen":"IRONCLAD","items_purchased":["Bandage Up","Body Slam+1","Cleave+1"],"campfire_rested":1,"item_purchase_floors":[3,3,3],"current_hp_per_floor":[58,58,58,60,49,49,21,41,41,33,33,33,39,21,41,28,58,42,0,0],"gold":440,"neow_bonus":"TWO_FIFTY_GOLD","is_daily":false,"chose_seed":false,"campfire_upgraded":2,"win_rate":0.0,"timestamp":1609048770,"path_taken":["M","?","$","M","?","R","E","R","T","E","?","R","?","E","R_BF","BOSS","M","M"],"items_purchased_type":["Card","Card","Card"],"build_version":"2020-12-22","purchased_purges":1,"victory":false,"max_hp_per_floor":[68,68,68,68,68,68,68,68,68,68,68,68,68,68,68,68,68,68,68,68],"card_choices":[{"not_picked":["Pommel Strike","ReplayTheSpireMod:Strike From Hell"],"picked":"Thunderclap","floor":1.0},{"not_picked":["Heavy Blade+1","Perfected Strike+1"],"picked":"Reckless Charge+1","floor":4.0},{"not_picked":["Searing Blow+1","Exhume"],"picked":"Sword Boomerang+1","floor":7.0},{"not_picked":["Warcry","Hemokinesis+1"],"picked":"Rage","floor":10.0},{"not_picked":["Blood for Blood+1","Replay:Undeath\u0027s Touch+1"],"picked":"Iron Wave+1","floor":13.0},{"not_picked":["Corruption","Heavy Blade+1"],"picked":"Entrench","floor":14.0},{"not_picked":["Demon Form","Feed+1"],"picked":"Immolate+1","floor":16},{"not_picked":["ReplayTheSpireMod:Corrosion Curse","Twin Strike+1","ReplayReversal"],"picked":"Intimidate","floor":18}],"player_experience":655380,"relics_obtained":[{"floor":7.0,"key":"aspiration:StickyExplosives_weak"},{"floor":9.0,"key":"Darkstone Periapt"},{"floor":10.0,"key":"Replay:WaspNest"},{"floor":11.0,"key":"Replay:Wax Seal"},{"floor":14.0,"key":"Replay:Multitool"}],"event_choices":[{"damage_healed":0.0,"max_hp_gain":0.0,"max_hp_loss":0.0,"gold_gain":75.0,"event_name":"World of Goop","player_choice":"Gather Gold","floor":5.0,"gold_loss":0.0,"damage_taken":11.0}],"is_beta":false,"boss_relics":[{"not_picked":["SlaversCollar","Electric Blood"],"picked":"aspiration:WatcherSkillbook"}],"items_purged_floors":[3],"is_endless":false,"potions_floor_spawned":[7,13,14,16],"killed_by":"Shell Parasite","ascension_level":18}}