{"host":"m1ntkrf87179kmo6","time":1609032452,"event":{"mods":["BaseMod","Better Third Choice","Minty Spire (QoL Compilation)","Shade Mod","StSLib"],"gold_per_floor":[121,133,163,175,197,209,221,246,258,50,82,93,93,110,110,212,212,212,212,159,177,188,188,188,203,285,285,297,317,175,194,194,194,194],"floor_reached":33,"playtime":2555,"items_purged":["Regret"],"score":251,"play_id":"42c1f02e-0814-4fa5-91de-5d47ba808d43","local_time":"20201226212732","is_ascension_mode":false,"campfire_choices":[{"floor":6,"key":"RECALL"},{"data":"Shade:AnimateDead","floor":13,"key":"SMITH"},{"data":"Shade:Bite_Shade","floor":15,"key":"SMITH"},{"data":"Shade:ExtraLimbs","floor":27,"key":"SMITH"},{"floor":32,"key":"REST"}],"circlet_count":0,"master_deck":["Shade:Strike_Shade","Shade:Strike_Shade","Shade:Strike_Shade","Shade:Defend_Shade","Shade:Defend_Shade","Shade:Defend_Shade","Shade:Defend_Shade","Shade:AnimateDead+1","Shade:CarefulCut","Shade:Excise","Shade:ExtraLimbs+1","Shade:ClawBack","Shade:GreyBargain","Shade:Bite_Shade+1","CurseOfTheBell","Shade:FuneraryArmor","Shade:Brains","Shade:ClawBack","Writhe"],"relics":["Shade:YorickSkull","MawBank","StoneCalendar","Thread and Needle","Bronze Scales","HornCleat","Calling Bell","MealTicket","Shuriken","Gambling Chip","Mummified Hand","Kunai","Singing Bowl"],"acts_visited":["Exordium","TheCity"],"potions_floor_usage":[11,16,18,25,28,33],"damage_taken":[{"damage":0,"enemies":"2 Louse","floor":1,"turns":3},{"damage":0,"enemies":"Cultist","floor":3,"turns":3},{"damage":0,"enemies":"Small Slimes","floor":5,"turns":5},{"damage":2,"enemies":"3 Louse","floor":8,"turns":4},{"damage":2,"enemies":"Gremlin Nob","floor":11,"turns":3},{"damage":0,"enemies":"Exordium Thugs","floor":12,"turns":4},{"damage":0,"enemies":"Blue Slaver","floor":14,"turns":2},{"damage":7,"enemies":"The Guardian","floor":16,"turns":9},{"damage":0,"enemies":"2 Thieves","floor":18,"turns":1},{"damage":0,"enemies":"Spheric Guardian","floor":21,"turns":4},{"damage":24,"enemies":"Snecko","floor":22,"turns":7},{"damage":0,"enemies":"Centurion and Healer","floor":25,"turns":5},{"damage":4,"enemies":"Shelled Parasite and Fungi","floor":28,"turns":5},{"damage":32,"enemies":"Snake Plant","floor":29,"turns":6},{"damage":16,"enemies":"Snecko","floor":31,"turns":6},{"damage":76,"enemies":"Champ","floor":33,"turns":13}],"seed_played":"537414324024834269","potions_obtained":[{"floor":1,"key":"Strength Potion"},{"floor":12,"key":"Swift Potion"},{"floor":14,"key":"SmokeBomb"},{"floor":22,"key":"GamblersBrew"},{"floor":25,"key":"Dexterity Potion"},{"floor":31,"key":"EssenceOfSteel"}],"is_trial":false,"path_per_floor":["M","?","M","$","M","R","?","M","T","$","E","M","R","M","R","B",null,"M","?","$","M","M","?","?","M","T","R","M","M","?","M","R","B"],"character_chosen":"SHADE","items_purchased":["Bronze Scales","Shade:FuneraryArmor"],"campfire_rested":1,"item_purchase_floors":[10,20],"current_hp_per_floor":[65,65,65,65,65,65,65,63,63,63,61,61,61,61,61,60,65,65,65,65,65,44,65,65,65,65,65,64,36,36,28,48,0,0],"gold":194,"neow_bonus":"RANDOM_COMMON_RELIC","is_daily":false,"chose_seed":false,"campfire_upgraded":3,"win_rate":0.0,"timestamp":1609032452,"path_taken":["M","?","?","?","M","R","?","M","T","$","E","M","R","M","R","BOSS","M","?","?","M","M","?","?","M","T","R","M","M","?","M","R","BOSS"],"items_purchased_type":["Relic","Card"],"build_version":"2020-12-22","purchased_purges":1,"victory":false,"max_hp_per_floor":[65,65,65,65,65,65,65,65,65,65,65,65,65,65,65,65,65,65,65,65,65,65,65,65,65,65,65,65,65,65,67,67,67,67],"card_choices":[{"not_picked":["Shade:CallWraith","Shade:BoneShards","Shade:SkeletonHug"],"picked":"SKIP","floor":1},{"not_picked":["Shade:CoffinDance","Shade:GraveStillness"],"picked":"Shade:Excise","floor":3},{"not_picked":["Shade:SkeletonArmy","Shade:MadHubris"],"picked":"Shade:ExtraLimbs","floor":5},{"not_picked":["Shade:CoffinDance","Shade:SoulToxin"],"picked":"Shade:ClawBack","floor":8},{"not_picked":["Shade:Bonestorm","Shade:CommandSoldier"],"picked":"Shade:GreyBargain","floor":11},{"not_picked":["Shade:BoneShards","Shade:CoffinDance","Shade:SensePrey"],"picked":"SKIP","floor":12},{"not_picked":["Shade:SensePrey","Shade:RavenousHorde"],"picked":"Shade:Bite_Shade","floor":14},{"not_picked":["Shade:WallOfFlesh+1","Shade:CallWraith"],"picked":"Shade:Brains","floor":21},{"not_picked":["Shade:FleshToFlesh+1","Shade:SkeletonHug"],"picked":"Shade:ClawBack","floor":22},{"not_picked":["Shade:CoffinDance","Shade:StitchTogether","Shade:FeralStrike"],"picked":"SKIP","floor":25},{"not_picked":["Shade:Asphyxiate+1","Shade:FingerOfDeath","Shade:FeralStrike"],"picked":"SKIP","floor":28},{"not_picked":["Shade:SkeletonArmy","Shade:ExtraLimbs","Shade:CoffinDance+1"],"picked":"SKIP","floor":29},{"not_picked":["Shade:FreshBones","Shade:FleshToFlesh+1","Shade:SoulPierce"],"picked":"Singing Bowl","floor":31}],"player_experience":1129262,"relics_obtained":[{"floor":9,"key":"Thread and Needle"},{"floor":11,"key":"HornCleat"},{"floor":17,"key":"MealTicket"},{"floor":17,"key":"Shuriken"},{"floor":17,"key":"Gambling Chip"},{"floor":26,"key":"Kunai"}],"event_choices":[{"cards_removed":["Shade:Strike_Shade"],"damage_healed":0,"gold_gain":0,"player_choice":"Purged","damage_taken":0,"max_hp_gain":0,"max_hp_loss":0,"event_name":"Purifier","floor":2,"gold_loss":0},{"damage_healed":0,"gold_gain":0,"player_choice":"Box","damage_taken":0,"relics_obtained":["StoneCalendar"],"max_hp_gain":0,"max_hp_loss":0,"event_name":"Big Fish","floor":7,"gold_loss":0,"cards_obtained":["Regret"]},{"damage_healed":0,"gold_gain":0,"player_choice":"0 cards matched","damage_taken":0,"max_hp_gain":0,"max_hp_loss":0,"event_name":"Match and Keep!","floor":19,"gold_loss":0,"cards_obtained":[]},{"damage_healed":21,"gold_gain":0,"player_choice":"Heal","damage_taken":0,"max_hp_gain":0,"max_hp_loss":0,"event_name":"The Library","floor":23,"gold_loss":0},{"damage_healed":0,"gold_gain":0,"player_choice":"Opened","damage_taken":0,"relics_obtained":["Mummified Hand"],"max_hp_gain":0,"max_hp_loss":0,"event_name":"The Mausoleum","floor":24,"gold_loss":0,"cards_obtained":["Writhe"]},{"damage_healed":0,"gold_gain":0,"player_choice":"Paid Gold","damage_taken":0,"relics_obtained":["Singing Bowl"],"max_hp_gain":0,"max_hp_loss":0,"event_name":"WeMeetAgain","floor":30,"gold_loss":142}],"is_beta":false,"boss_relics":[{"not_picked":["Pandora\u0027s Box","Fusion Hammer"],"picked":"Calling Bell"}],"items_purged_floors":[10],"is_endless":false,"potions_floor_spawned":[1,12,14,22,25,31],"killed_by":"Champ","ascension_level":0}}