{"host":"yer03dsd277nstsn","time":1609063759,"event":{"mods":["BaseMod","Minty Spire (QoL Compilation)"],"gold_per_floor":[114,124,199,211,11,38,53,53,53,88,104,118,132,152,152,152,152],"floor_reached":16,"playtime":764,"items_purged":[],"score":145,"play_id":"2fb83661-4673-4c57-98df-4887d6330f46","local_time":"20201227040919","is_ascension_mode":true,"campfire_choices":[{"floor":8,"key":"REST"},{"floor":15,"key":"REST"}],"circlet_count":0,"master_deck":["Strike_B","Strike_B","Strike_B","Strike_B","Defend_B","Defend_B","Defend_B","Defend_B","Zap","Dualcast","Ball Lightning","Rebound","Hologram","Cold Snap","Conserve Battery","Consume","Streamline","Auto Shields"],"relics":["Cracked Core","Lantern","MealTicket","Ornamental Fan","Kunai"],"acts_visited":["Exordium"],"potions_floor_usage":[7,14,16,16],"damage_taken":[{"damage":4,"enemies":"Jaw Worm","floor":1,"turns":3},{"damage":0,"enemies":"Small Slimes","floor":2,"turns":2},{"damage":1,"enemies":"Cultist","floor":4,"turns":3},{"damage":29,"enemies":"Lagavulin","floor":6,"turns":7},{"damage":5,"enemies":"Exordium Wildlife","floor":7,"turns":3},{"damage":10,"enemies":"Gremlin Nob","floor":10,"turns":3},{"damage":10,"enemies":"Exordium Thugs","floor":11,"turns":3},{"damage":0,"enemies":"Lots of Slimes","floor":12,"turns":3},{"damage":19,"enemies":"Exordium Wildlife","floor":13,"turns":3},{"damage":6,"enemies":"Exordium Thugs","floor":14,"turns":4},{"damage":35,"enemies":"Hexaghost","floor":16,"turns":9}],"seed_played":"-1379559117087495158","potions_obtained":[{"floor":4,"key":"SteroidPotion"},{"floor":7,"key":"SkillPotion"},{"floor":10,"key":"EssenceOfSteel"},{"floor":13,"key":"Strength Potion"}],"is_trial":false,"path_per_floor":["M","M","?","M","$","E","M","R","T","E","M","M","M","M","R","B"],"character_chosen":"DEFECT","items_purchased":["Lantern","Cold Snap"],"campfire_rested":2,"item_purchase_floors":[5,5],"current_hp_per_floor":[78,78,67,66,66,37,32,56,56,46,36,36,17,11,35,0,0],"gold":152,"neow_bonus":"TEN_PERCENT_HP_BONUS","is_daily":false,"chose_seed":false,"campfire_upgraded":0,"win_rate":0.0,"timestamp":1609063759,"path_taken":["M","M","?","M","$","E","M","R","T","E","M","M","M","M","R","BOSS"],"items_purchased_type":["Relic","Card"],"build_version":"2020-12-22","purchased_purges":0,"victory":false,"max_hp_per_floor":[82,82,82,82,82,82,82,82,82,82,82,82,82,82,82,82,82],"card_choices":[{"not_picked":["Rebound","Redo"],"picked":"Ball Lightning","floor":1},{"not_picked":["Storm","Hologram"],"picked":"Rebound","floor":2},{"not_picked":["Force Field","Scrape"],"picked":"Hologram","floor":4},{"not_picked":["Amplify","Storm","Stack"],"picked":"SKIP","floor":6},{"not_picked":["Redo","Steam Power","Hologram"],"picked":"SKIP","floor":7},{"not_picked":["Hello World","Go for the Eyes","Redo"],"picked":"SKIP","floor":10},{"not_picked":["Turbo","Blizzard"],"picked":"Conserve Battery","floor":11},{"not_picked":["Gash","Cold Snap"],"picked":"Consume","floor":12},{"not_picked":["Darkness","Beam Cell"],"picked":"Streamline","floor":13},{"not_picked":["Barrage","Fission"],"picked":"Auto Shields","floor":14}],"player_experience":367825,"relics_obtained":[{"floor":6,"key":"MealTicket"},{"floor":9,"key":"Ornamental Fan"},{"floor":10,"key":"Kunai"}],"event_choices":[{"damage_healed":0,"gold_gain":75,"player_choice":"Gather Gold","damage_taken":11,"max_hp_gain":0,"max_hp_loss":0,"event_name":"World of Goop","floor":3,"gold_loss":0}],"is_beta":false,"boss_relics":[],"items_purged_floors":[],"is_endless":false,"potions_floor_spawned":[4,7,10,13],"killed_by":"Hexaghost","ascension_level":5}}