{"host":"zig6x0mxqzam82fb","time":1609108471,"event":{"mods":["BaseMod","Block Reminder","Colored Map","Colored Powertips","Minty Spire (QoL Compilation)","Relic Stats","StSLib","The Marked"],"gold_per_floor":[118,135,151,163,163,192,192,209,209,224,224,250,302,321,321,419,419,434,29,49,148,73,73,83,83,83,83,118,118,118,135,135,135,135],"floor_reached":33,"playtime":2122,"items_purged":["Pain"],"score":291,"play_id":"b18f3a3a-5990-4bac-8d86-48403253a176","local_time":"20201227173431","is_ascension_mode":true,"campfire_choices":[{"floor":7,"key":"REST"},{"floor":11,"key":"REST"},{"floor":15,"key":"REST"},{"floor":23,"key":"REST"},{"floor":25,"key":"REST"},{"data":"theMarked:StartUp","floor":29,"key":"SMITH"},{"floor":32,"key":"REST"}],"circlet_count":0,"master_deck":["theMarked:Strike+1","theMarked:Strike+1","theMarked:Strike+1","theMarked:Strike+1","theMarked:Defend+1","theMarked:Defend+1","theMarked:Defend+1","theMarked:Defend+1","theMarked:SoldierOfQuellstein","theMarked:TurnInvisible","theMarked:StartUp","theMarked:Parkour","theMarked:StartUp+1","theMarked:MaelstromOfLightning","theMarked:ChainLightning","theMarked:RepellingDischarge","theMarked:MagicAdept","theMarked:Defy","theMarked:Electrocute","theMarked:SummonStrength","theMarked:Parkour","theMarked:HeightenedSenses","Injury","theMarked:RepellingDischarge+1"],"relics":["theMarked:ArtifactOfAir","WarpedTongs","Kunai","Juzu Bracelet","Nunchaku","Cursed Key","Singing Bowl","Peace Pipe","Pear","StrikeDummy"],"acts_visited":["Exordium","TheCity"],"potions_floor_usage":[16,16,18,24,33,33,33],"damage_taken":[{"damage":0,"enemies":"Small Slimes","floor":1,"turns":3},{"damage":0,"enemies":"Cultist","floor":2,"turns":3},{"damage":0,"enemies":"2 Louse","floor":3,"turns":1},{"damage":9,"enemies":"Exordium Wildlife","floor":4,"turns":3},{"damage":35,"enemies":"3 Sentries","floor":6,"turns":7},{"damage":5,"enemies":"Looter","floor":8,"turns":2},{"damage":12,"enemies":"Large Slime","floor":10,"turns":4},{"damage":27,"enemies":"Lagavulin","floor":12,"turns":6},{"damage":8,"enemies":"Blue Slaver","floor":14,"turns":2},{"damage":16,"enemies":"Hexaghost","floor":16,"turns":9},{"damage":33,"enemies":"3 Byrds","floor":18,"turns":6},{"damage":0,"enemies":"Spheric Guardian","floor":20,"turns":3},{"damage":24,"enemies":"Snake Plant","floor":24,"turns":3},{"damage":43,"enemies":"Slavers","floor":28,"turns":5},{"damage":12,"enemies":"Centurion and Healer","floor":31,"turns":4},{"damage":53,"enemies":"Automaton","floor":33,"turns":6}],"seed_played":"-3069776818548954597","potions_obtained":[{"floor":1,"key":"Ancient Potion"},{"floor":4,"key":"LiquidBronze"},{"floor":8,"key":"BlessingOfTheForge"},{"floor":12,"key":"ColorlessPotion"},{"floor":14,"key":"AttackPotion"},{"floor":24,"key":"GamblersBrew"},{"floor":31,"key":"EntropicBrew"}],"is_trial":false,"path_per_floor":["M","M","M","M","?","E","R","M","T","M","R","E","?","M","R","B",null,"M","$","M","?","?","R","M","R","T","?","E","R","?","M","R","B"],"character_chosen":"THE_DEFAULT","items_purchased":["Singing Bowl","Regen Potion"],"campfire_rested":6,"item_purchase_floors":[19,19],"current_hp_per_floor":[70,70,70,61,61,26,47,42,42,30,51,24,24,16,37,21,70,37,37,39,39,39,60,41,62,62,62,31,31,31,19,44,0,0],"gold":135,"neow_bonus":"ONE_RANDOM_RARE_CARD","is_daily":false,"chose_seed":false,"campfire_upgraded":1,"win_rate":0.0,"timestamp":1609108471,"path_taken":["M","M","M","M","?","E","R","?","T","M","R","E","?","M","R","BOSS","M","$","M","?","?","R","M","R","T","?","E","R","?","M","R","BOSS"],"items_purchased_type":["Relic","Potion"],"build_version":"2020-12-22","purchased_purges":1,"victory":false,"max_hp_per_floor":[70,70,70,70,70,70,70,70,70,70,70,70,70,70,70,70,70,70,70,72,72,72,72,72,72,72,72,84,84,84,84,84,84,84],"relic_stats":{"Peace Pipe":0,"Nunchaku":[6],"Singing Bowl":4,"counters":[16,67],"Juzu Bracelet":1,"Kunai":[7],"Cursed Key":1,"obtain_stats":[{"Peace Pipe":26,"theMarked:ArtifactOfAir":0,"Nunchaku":12,"Pear":28,"Singing Bowl":19,"Juzu Bracelet":9,"Kunai":6,"Cursed Key":17,"StrikeDummy":30,"WarpedTongs":5},{"Peace Pipe":13,"theMarked:ArtifactOfAir":0,"Nunchaku":8,"Pear":14,"Singing Bowl":11,"Juzu Bracelet":6,"Kunai":5,"Cursed Key":10,"StrikeDummy":14,"WarpedTongs":4},{"Peace Pipe":52,"theMarked:ArtifactOfAir":0,"Nunchaku":29,"Pear":57,"Singing Bowl":46,"Juzu Bracelet":19,"Kunai":17,"Cursed Key":40,"StrikeDummy":57,"WarpedTongs":10}],"WarpedTongs":[57]},"card_choices":[{"not_picked":["theMarked:Overcharge","theMarked:RepellingDischarge"],"picked":"theMarked:StartUp","floor":1},{"not_picked":["theMarked:ResourceFulStrike","theMarked:HeightenedSenses"],"picked":"theMarked:Parkour","floor":2},{"not_picked":["theMarked:SwordAndMagic","theMarked:WardOff"],"picked":"theMarked:StartUp","floor":3},{"not_picked":["theMarked:BanishingStrike","theMarked:Parkour"],"picked":"theMarked:MaelstromOfLightning","floor":4},{"not_picked":["theMarked:Improvise","theMarked:HeightenedSenses"],"picked":"theMarked:ChainLightning","floor":6},{"not_picked":["theMarked:SwordAndMagic","theMarked:ResourceFulStrike"],"picked":"theMarked:RepellingDischarge","floor":8},{"not_picked":["theMarked:TurnInvisible","theMarked:ElectricStrings"],"picked":"theMarked:MagicAdept","floor":10},{"not_picked":["theMarked:ResourceFulStrike","theMarked:BanishingStrike"],"picked":"theMarked:Defy","floor":12},{"not_picked":["theMarked:RogueSparks","theMarked:EmpowerWeapon"],"picked":"theMarked:Electrocute","floor":14},{"not_picked":["theMarked:ThrowWeapon","theMarked:UnarmedFury"],"picked":"theMarked:SummonStrength","floor":16},{"not_picked":["theMarked:EmpowerWeapon","theMarked:SwordAndMagic"],"picked":"theMarked:Parkour","floor":18},{"not_picked":["theMarked:RogueSparks","theMarked:WardOff","theMarked:EmpowerWeapon"],"picked":"Singing Bowl","floor":20},{"not_picked":["theMarked:WastefulAttack","theMarked:EmpowerWeapon"],"picked":"theMarked:HeightenedSenses","floor":24},{"not_picked":["theMarked:TunnelVision","theMarked:Convert","theMarked:WastefulAttack"],"picked":"Singing Bowl","floor":28},{"not_picked":["theMarked:TakeCover","theMarked:MagicAdept+1"],"picked":"theMarked:RepellingDischarge+1","floor":31}],"player_experience":361046,"relics_obtained":[{"floor":6,"key":"Kunai"},{"floor":9,"key":"Juzu Bracelet"},{"floor":12,"key":"Nunchaku"},{"floor":26,"key":"Peace Pipe"},{"floor":28,"key":"Pear"}],"event_choices":[{"damage_healed":0,"gold_gain":0,"player_choice":"Rummage","damage_taken":0,"relics_obtained":["WarpedTongs"],"max_hp_gain":0,"max_hp_loss":0,"event_name":"Accursed Blacksmith","floor":5,"gold_loss":0,"cards_obtained":["Pain"]},{"damage_healed":0,"gold_gain":52,"player_choice":"Gained Gold","damage_taken":0,"max_hp_gain":0,"max_hp_loss":0,"event_name":"Golden Wing","floor":13,"gold_loss":0},{"damage_healed":0,"gold_gain":99,"player_choice":"Stole From Cult","damage_taken":0,"max_hp_gain":0,"max_hp_loss":0,"event_name":"Nest","floor":21,"gold_loss":0},{"cards_removed":["theMarked:Strike"],"damage_healed":0,"gold_gain":0,"player_choice":"Gave Gold","damage_taken":0,"max_hp_gain":0,"max_hp_loss":0,"event_name":"Beggar","floor":22,"gold_loss":75},{"damage_healed":0,"gold_gain":0,"player_choice":"Simplicity","damage_taken":0,"max_hp_gain":0,"max_hp_loss":0,"event_name":"Back to Basics","floor":27,"gold_loss":0,"cards_upgraded":["theMarked:Strike","theMarked:Strike","theMarked:Strike","theMarked:Strike","theMarked:Defend","theMarked:Defend","theMarked:Defend","theMarked:Defend"]},{"damage_healed":0,"gold_gain":0,"player_choice":"Opened","damage_taken":0,"relics_obtained":["StrikeDummy"],"max_hp_gain":0,"max_hp_loss":0,"event_name":"The Mausoleum","floor":30,"gold_loss":0}],"is_beta":false,"boss_relics":[{"not_picked":["Pandora\u0027s Box","theMarked:Eyepatch"],"picked":"Cursed Key"}],"items_purged_floors":[19],"is_endless":false,"potions_floor_spawned":[1,4,8,12,14,24,31],"killed_by":"Automaton","ascension_level":1}}