{"host":"uwh382mre4waz4ff","time":1609058894,"event":{"mods":["AchievementEnabler","BaseMod","Better Note","Better Third Choice","BetterRewards","HololiveMod","Minty Spire (QoL Compilation)","Quick Restart","Shop Mod","StSLib"],"gold_per_floor":[83,83,83,94,107,107,119,136,136,153,172,190,202,218,218,316,316,330,330,348,348,366,366,366,379,379,396,416,370,370,370,370,470,470,489,489,502,352,363,363,363,154,154,87,101,101,111,126,126,126],"floor_reached":51,"playtime":1251,"items_purged":["Hololive_Strike","Hololive_Strike","Hololive_Defend","Hololive_IdolExercise","Doubt"],"score":1049,"play_id":"23922a45-05fa-433c-b153-4ba225d1ea0c","local_time":"20201227164814","is_ascension_mode":false,"campfire_choices":[{"data":"Hololive_CallShiroganeNoel","floor":6,"key":"SMITH"},{"data":"Hololive_Rebirth","floor":15,"key":"SMITH"},{"data":"Hololive_CallAmaneKanata","floor":23,"key":"SMITH"},{"data":"Hololive_CallHoshimachiSuisei","floor":32,"key":"SMITH"},{"data":"Hololive_CallHoshimachiSuisei","floor":40,"key":"SMITH"},{"data":"Hololive_CallInugamiKorone","floor":46,"key":"SMITH"},{"data":"Hololive_CallInugamiKorone","floor":49,"key":"SMITH"}],"circlet_count":0,"master_deck":["Hololive_CallHoushouMarine","Hololive_CallShiroganeNoel+1","Hololive_CallUruhaRushia","Hololive_CallShiranuiFlare","Hololive_CallUsadaPekora","Hololive_CallTokoyamiTowa","Hololive_CallTokinoSora","Hololive_CallAmaneKanata+1","Hololive_CallTsunomakiWatame","Hololive_CallInugamiKorone+1","Hololive_CallTsunomakiWatame","Hololive_CallArtia","Hololive_Rebirth+1","Hololive_CallNekomataOkayu","Hololive_CallShishiroBotan","Hololive_CallShirakamiFubuki","Hololive_MaximGun+1","Hololive_CallAiraniIofifteen","Hololive_CallNatsuiroMatsuri","Hololive_CallFriendA","Hololive_CallHoshimachiSuisei+1","Hololive_CocoNews","Hololive_CallYozoraMel","Hololive_CallHoshimachiSuisei+1","Hololive_CallInugamiKorone+1","Hololive_CallRosalyn+1","Hololive_CallYozoraMel","Hololive_CallKiryuuCoco","Hololive_CallMurasakiShion+1","Hololive_DDD","Hololive_CallYuzukiChoco+1"],"relics":["Hololive_TheStar"],"acts_visited":["Exordium","TheCity","TheBeyond"],"potions_floor_usage":[35,50,50,50,50],"damage_taken":[{"damage":0,"enemies":"2 Louse","floor":1,"turns":2},{"damage":0,"enemies":"Cultist","floor":4,"turns":2},{"damage":0,"enemies":"Jaw Worm","floor":5,"turns":2},{"damage":0,"enemies":"Blue Slaver","floor":7,"turns":1},{"damage":0,"enemies":"3 Louse","floor":8,"turns":2},{"damage":0,"enemies":"Exordium Wildlife","floor":10,"turns":3},{"damage":0,"enemies":"Looter","floor":11,"turns":2},{"damage":0,"enemies":"Exordium Thugs","floor":12,"turns":2},{"damage":0,"enemies":"3 Louse","floor":13,"turns":2},{"damage":0,"enemies":"Lots of Slimes","floor":14,"turns":2},{"damage":0,"enemies":"Hexaghost","floor":16,"turns":3},{"damage":0,"enemies":"3 Byrds","floor":18,"turns":2},{"damage":0,"enemies":"Shell Parasite","floor":20,"turns":2},{"damage":0,"enemies":"Snecko","floor":22,"turns":3},{"damage":0,"enemies":"Centurion and Healer","floor":25,"turns":5},{"damage":0,"enemies":"3 Cultists","floor":27,"turns":3},{"damage":0,"enemies":"Snake Plant","floor":28,"turns":2},{"damage":0,"enemies":"Automaton","floor":33,"turns":7},{"damage":0,"enemies":"3 Shapes","floor":35,"turns":2},{"damage":0,"enemies":"Orb Walker","floor":37,"turns":2},{"damage":0,"enemies":"Jaw Worm Horde","floor":39,"turns":4},{"damage":0,"enemies":"3 Darklings","floor":45,"turns":4},{"damage":0,"enemies":"Transient","floor":47,"turns":5},{"damage":0,"enemies":"Spire Growth","floor":48,"turns":3},{"damage":0,"enemies":"Time Eater","floor":50,"turns":10}],"seed_played":"-7645209351144598265","potions_obtained":[{"floor":1,"key":"PowerPotion"},{"floor":3,"key":"Block Potion"},{"floor":3,"key":"DistilledChaos"},{"floor":5,"key":"DuplicationPotion"},{"floor":33,"key":"EntropicBrew"},{"floor":35,"key":"Fruit Juice"},{"floor":37,"key":"GamblersBrew"},{"floor":48,"key":"SteroidPotion"}],"is_trial":false,"path_per_floor":["M","?","?","M","M","R","M","M","T","M","M","M","M","M","R","B",null,"M","?","M","?","M","R","?","M","T","M","M","$","?","?","R","B",null,"M","?","M","$","M","R","?","$","T","$","M","R","M","M","R","B",null],"character_chosen":"Hololive_HololiveCharacter","items_purchased":["Hololive_CallTokoyamiTowa","Hololive_CallTokinoSora","Hololive_CallAmaneKanata","Hololive_CocoNews","Hololive_CallYozoraMel","Hololive_CallKiryuuCoco"],"campfire_rested":0,"item_purchase_floors":[0,0,0,29,42,44],"current_hp_per_floor":[20,20,20,20,20,20,20,20,20,20,20,20,20,20,20,20,35,35,35,35,35,35,35,35,35,35,35,35,35,35,35,35,35,35,40,40,40,40,40,40,40,40,40,40,40,40,40,40,40,40],"gold":126,"neow_bonus":"","is_daily":false,"chose_seed":false,"campfire_upgraded":7,"win_rate":0.0,"timestamp":1609058894,"path_taken":["M","?","?","M","M","R","M","M","T","M","M","?","M","M","R","BOSS","M","?","M","?","M","R","?","M","T","M","M","$","?","?","R","BOSS","M","?","M","$","?","R","?","$","T","?","M","R","M","M","R","BOSS"],"items_purchased_type":["Card","Card","Card","Card","Card","Card"],"build_version":"2020-12-22","purchased_purges":5,"victory":true,"max_hp_per_floor":[35,35,35,35,35,35,35,35,35,35,35,35,35,35,35,35,35,35,35,35,35,35,35,35,35,35,35,35,35,35,35,35,35,35,40,40,40,40,40,40,40,40,40,40,40,40,40,40,40,40],"card_choices":[{"not_picked":["Hololive_BringToTrial","Hololive_LuckPotion","Hololive_OvertimeWork"],"picked":"Hololive_CallTsunomakiWatame","floor":1},{"not_picked":["Hololive_LuckPotion","Hololive_Drill","Hololive_Rebound","Hololive_Psychosis"],"picked":"SKIP","floor":4},{"not_picked":["Hololive_FlyingPonyTail","Hololive_Rebound","Hololive_RevenueBasedLive"],"picked":"Hololive_CallInugamiKorone","floor":5},{"not_picked":["Hololive_StrengthChampion","Hololive_Trident","Hololive_CallTokoyamiTowa"],"picked":"Hololive_CallTsunomakiWatame","floor":7},{"not_picked":["Hololive_CocoNews","Hololive_SoulCatcher","Hololive_StrengthChampion"],"picked":"Hololive_CallArtia","floor":8},{"not_picked":["Hololive_StrengthChampion","Hololive_HuntDinosaur","Hololive_Sequa"],"picked":"Hololive_Rebirth","floor":10},{"not_picked":["Hololive_Drill","Hololive_HuntDinosaur","Hololive_Yoholoon","Hololive_LuckPotion"],"picked":"SKIP","floor":11},{"not_picked":["Hololive_ILoveYou","Hololive_RevenueBasedLive","Hololive_StarCraft"],"picked":"Hololive_CallNekomataOkayu","floor":12},{"not_picked":["Hololive_CallYogiri","Hololive_DevilCharm","Hololive_HuntDinosaur"],"picked":"Hololive_CallShishiroBotan","floor":13},{"not_picked":["Hololive_CallYogiri","Hololive_Trident","Hololive_HuntDinosaur"],"picked":"Hololive_CallShirakamiFubuki","floor":14},{"not_picked":["Hololive_ScarfAndHalo","Hololive_DiamondStrike","Hololive_WolfAndLamb"],"picked":"Hololive_MaximGun","floor":16},{"not_picked":["Hololive_Psychosis","Hololive_StrengthChampion","Hololive_RevenueBasedLive"],"picked":"Hololive_CallAiraniIofifteen","floor":18},{"not_picked":["Hololive_CallUsadaPekora+1","Hololive_CallTokinoSora+1","Hololive_Trident+1"],"picked":"Hololive_CallNatsuiroMatsuri","floor":20},{"not_picked":["Hololive_Teleport","Hololive_FlyingPonyTail","Hololive_Trident","Hololive_Rebound"],"picked":"SKIP","floor":22},{"not_picked":["Hololive_Recruit","Hololive_Psychosis","Hololive_Drill","Hololive_Sequa"],"picked":"SKIP","floor":25},{"not_picked":["Hololive_LuckPotion+1","Hololive_RevenueBasedLive","Hololive_OvertimeWork"],"picked":"Hololive_CallFriendA","floor":27},{"not_picked":["Hololive_CallArtia","Hololive_CallAyundaRisu","Hololive_CocoNews"],"picked":"Hololive_CallHoshimachiSuisei","floor":28},{"not_picked":["Hololive_Nanodesu","Hololive_AWSL","Hololive_DurableLive"],"picked":"Hololive_IdolExercise","floor":33},{"not_picked":["Hololive_Breathe+1","Hololive_CallYogiri","Hololive_ManjiGathering+1"],"picked":"Hololive_CallYozoraMel","floor":35},{"not_picked":["Hololive_CocoNews","Hololive_OvertimeWork+1","Hololive_FlyingPonyTail"],"picked":"Hololive_CallInugamiKorone","floor":37},{"not_picked":["Hololive_Watashimo","Hololive_Breathe","Hololive_Psychosis+1"],"picked":"Hololive_CallRosalyn+1","floor":39},{"not_picked":["Hololive_CocoNews+1","Hololive_FlyingPonyTail","Hololive_Spy+1"],"picked":"Hololive_CallMurasakiShion+1","floor":45},{"not_picked":["Hololive_ILoveYou","Hololive_DevilCharm","Hololive_Rebound"],"picked":"Hololive_DDD","floor":47},{"not_picked":["Hololive_Sequa+1","Hololive_CallShiranuiFlare+1","Hololive_HuntDinosaur"],"picked":"Hololive_CallYuzukiChoco+1","floor":48}],"player_experience":266843,"relics_obtained":[],"event_choices":[{"damage_healed":0,"gold_gain":0,"player_choice":"LEAVE","damage_taken":0,"max_hp_gain":0,"max_hp_loss":0,"event_name":"betterThird:BetterScrap","floor":2,"gold_loss":0,"cards_obtained":["Burst"]},{"damage_healed":0,"gold_gain":0,"player_choice":"Got Potions","damage_taken":0,"max_hp_gain":0,"max_hp_loss":0,"event_name":"Lab","floor":3,"gold_loss":0},{"cards_removed":["Hololive_Defend"],"damage_healed":5,"gold_gain":0,"player_choice":"Offered Special","damage_taken":0,"max_hp_gain":0,"max_hp_loss":0,"event_name":"Bonfire Elementals","floor":19,"gold_loss":0},{"damage_healed":0,"gold_gain":0,"player_choice":"Forge","damage_taken":0,"max_hp_gain":0,"max_hp_loss":0,"event_name":"Accursed Blacksmith","floor":21,"gold_loss":0,"cards_upgraded":["Hololive_MaximGun"]},{"damage_healed":0,"gold_gain":0,"player_choice":"Bought 0 Potions","damage_taken":0,"max_hp_gain":0,"max_hp_loss":0,"event_name":"The Woman in Blue","floor":24,"gold_loss":0},{"damage_healed":0,"gold_gain":0,"player_choice":"Cursed","damage_taken":0,"max_hp_gain":0,"max_hp_loss":0,"event_name":"Wheel of Change","floor":30,"gold_loss":0,"cards_obtained":["Decay"]},{"cards_removed":["Decay"],"damage_healed":0,"gold_gain":0,"player_choice":"Removed Curses","damage_taken":0,"max_hp_gain":0,"max_hp_loss":0,"event_name":"Fountain of Cleansing","floor":31,"gold_loss":0},{"damage_healed":0,"gold_gain":0,"cards_transformed":["Hololive_StrengthChampion"],"player_choice":"Transformed","damage_taken":0,"max_hp_gain":0,"max_hp_loss":0,"event_name":"Transmorgrifier","floor":36,"gold_loss":0,"cards_obtained":["Hololive_CallHoshimachiSuisei"]},{"damage_healed":0,"gold_gain":0,"player_choice":"Heal","damage_taken":0,"max_hp_gain":0,"max_hp_loss":0,"event_name":"MindBloom","floor":41,"gold_loss":0,"cards_obtained":["Doubt"]}],"is_beta":false,"boss_relics":[{"not_picked":["Hololive_TopUpMoneyS","SlaversCollar","Runic Dome"]},{"not_picked":["Calling Bell","Pandora\u0027s Box","Coffee Dripper"]}],"items_purged_floors":[0,0,0,38,42],"is_endless":false,"potions_floor_spawned":[1,5,7,8,22,27,33,35,37,48],"ascension_level":0}}