{"host":"uyrebrj0204enqpc","time":1609083840,"event":{"mods":["Act Like it!","Bard","BaseMod","Block Reminder","Challenge The Spire","Colored Map","Colored Powertips","DeckTracker","Downfall","GifTheSpireLib","HexUI Lib","Highlight Path","Hubris","Infinite Spire","Minty Spire (QoL Compilation)","Pale of the Ancients","Quick Restart","Random Character Button","Relic Sorter","Relic Stats","Replay The Spire","Shop Mod","StSLib","The Blue Laboratory","The Bug Knight","The Cursed","The Jungle","The Marked","Wandering Minibosses"],"gold_per_floor":[119,119,119,194,209,240,240,269,269,297,311,16,16,32,32,136,136,155,165,185,185,204,232,232,258,258,39,55,74,99,129,129,143,143],"floor_reached":33,"playtime":1461,"items_purged":["Strike_R"],"score":393,"play_id":"c78bb029-f6d6-4a43-a1aa-f898e5c02d6b","local_time":"20201227104400","is_ascension_mode":true,"campfire_choices":[{"data":"Searing Blow","floor":7.0,"key":"SMITH"},{"data":"Feed","floor":13.0,"key":"SMITH"},{"floor":24.0,"key":"REST"},{"data":"infinitespire:OneForAll","floor":32,"key":"SMITH"}],"circlet_count":0,"master_deck":["Strike_R","Strike_R","Strike_R","Strike_R","Defend_R","Defend_R","Defend_R","Bash","Searing Blow+1","Double Tap","hubris:ReadiedAction","Impervious","Inflame","Feed+1","Flex+1","Heavy Blade","RitualDagger","hubris:SharpeningStone","Shrug It Off","infinitespire:OneForAll+1"],"relics":["Burning Blood","hubris:Icosahedron","Ginger","Dream Catcher","FossilizedHelix","Regal Pillow","Medical Kit","hubris:CuriousFeather","Black Star","hubris:SphereOfDissonance","Darkstone Periapt","Bronze Scales","Gremlin Horn","Oddly Smooth Stone","Replay:Bandana","Replay:WaspNest"],"acts_visited":["Exordium","TheCity"],"potions_floor_usage":[30],"damage_taken":[{"damage":0.0,"enemies":"Small Slimes","floor":1.0,"turns":3.0},{"damage":9.0,"enemies":"2 Louse","floor":5.0,"turns":2.0},{"damage":39.0,"enemies":"3 Sentries","floor":6.0,"turns":9.0},{"damage":16.0,"enemies":"Gremlin Nob","floor":8.0,"turns":3.0},{"damage":18.0,"enemies":"Lagavulin","floor":10.0,"turns":6.0},{"damage":2.0,"enemies":"Jaw Worm","floor":11.0,"turns":3.0},{"damage":0.0,"enemies":"Gremlin Gang","floor":14.0,"turns":3.0},{"damage":12.0,"enemies":"Hexaghost","floor":16.0,"turns":8.0},{"damage":0.0,"enemies":"Chosen","floor":18.0,"turns":3.0},{"damage":10.0,"enemies":"2 Thieves","floor":19.0,"turns":4.0},{"damage":13.0,"enemies":"Shelled Parasite and Fungi","floor":20.0,"turns":3.0},{"damage":36.0,"enemies":"3 Cultists","floor":22.0,"turns":5.0},{"damage":52.0,"enemies":"Slavers","floor":23.0,"turns":5.0},{"damage":12.0,"enemies":"Gremlin Leader","floor":25.0,"turns":6.0},{"damage":0.0,"enemies":"Snecko","floor":28.0,"turns":4.0},{"damage":63.0,"enemies":"Cultist and Chosen","floor":29.0,"turns":7.0},{"damage":13,"enemies":"Slavers","floor":30,"turns":4},{"damage":0,"enemies":"Sentry and Sphere","floor":31,"turns":3},{"damage":46,"enemies":"Champ","floor":33,"turns":7}],"seed_played":"-1160539130565795087","potions_obtained":[{"floor":10.0,"key":"Fruit Juice"},{"floor":11.0,"key":"CultistPotion"},{"floor":16.0,"key":"blueLaboratory:FruitPunch"},{"floor":19.0,"key":"AttackPotion"},{"floor":20.0,"key":"Fire Potion"},{"floor":22.0,"key":"SteroidPotion"},{"floor":29.0,"key":"Milkshake"}],"is_trial":false,"path_per_floor":["M","?","?","?","M","E","R","E","T","E","M","$","R","M","R_BF","B",null,"M","M","M","?","M","E","R","E","T","$","M","M","E","M","R","B"],"character_chosen":"IRONCLAD","items_purchased":["Feed","Medical Kit","Oddly Smooth Stone"],"campfire_rested":1,"item_purchase_floors":[12,12,27],"current_hp_per_floor":[80,80,85,74,82,49,49,39,39,27,31,31,31,41,29,27,93,97,95,92,86,60,18,66,64,64,64,74,17,19,29,29,0,0],"gold":143,"neow_bonus":"REMOVE_CARD","is_daily":false,"chose_seed":false,"campfire_upgraded":3,"win_rate":0.0,"timestamp":1609083840,"path_taken":["M","?","?","?","M","E","R","E","T","E","M","$","R","M","R_BF","BOSS","M","?","M","?","M","E","R","E","T","$","M","M","E","M","R","BOSS"],"items_purchased_type":["Card","Relic","Relic"],"build_version":"2020-12-22","purchased_purges":1,"victory":false,"max_hp_per_floor":[80,80,85,85,85,85,85,85,85,85,85,85,85,89,89,93,93,97,99,103,103,107,111,111,115,115,115,119,119,128,132,132,132,132],"relic_stats":{"Darkstone Periapt":0,"Dream Catcher":1,"Regal Pillow":15,"Gremlin Horn":[4,4],"counters":[19,88],"Bronze Scales":[51],"Black Star":3,"Ginger":[5],"Medical Kit":[5],"obtain_stats":[{"Darkstone Periapt":23,"Regal Pillow":10,"Gremlin Horn":26,"hubris:SphereOfDissonance":23,"Oddly Smooth Stone":27,"Replay:WaspNest":30,"Ginger":6,"Medical Kit":12,"Burning Blood":0,"Dream Catcher":8,"Replay:Bandana":30,"hubris:Icosahedron":2,"Bronze Scales":25,"hubris:CuriousFeather":15,"Black Star":17,"FossilizedHelix":9},{"Darkstone Periapt":13,"Regal Pillow":5,"Gremlin Horn":14,"hubris:SphereOfDissonance":13,"Oddly Smooth Stone":14,"Replay:WaspNest":17,"Ginger":3,"Medical Kit":6,"Burning Blood":0,"Dream Catcher":4,"Replay:Bandana":17,"hubris:Icosahedron":1,"Bronze Scales":14,"hubris:CuriousFeather":7,"Black Star":8,"FossilizedHelix":4},{"Darkstone Periapt":57,"Regal Pillow":23,"Gremlin Horn":63,"hubris:SphereOfDissonance":57,"Oddly Smooth Stone":63,"Replay:WaspNest":78,"Ginger":14,"Medical Kit":26,"Burning Blood":0,"Dream Catcher":17,"Replay:Bandana":78,"hubris:Icosahedron":3,"Bronze Scales":63,"hubris:CuriousFeather":29,"Black Star":37,"FossilizedHelix":17}],"Burning Blood":96},"card_choices":[{"not_picked":["True Grit","Clash"],"picked":"Searing Blow","floor":1.0},{"not_picked":["Thunderclap","Run Through"],"picked":"Double Tap","floor":5.0},{"not_picked":["Reckless Charge","Whirlwind"],"picked":"hubris:ReadiedAction","floor":6.0},{"not_picked":["Replay:Undeath\u0027s Touch","Anger"],"picked":"Impervious","floor":8.0},{"not_picked":["Battle Trance","Dropkick","Clash"],"picked":"SKIP","floor":10.0},{"not_picked":["Massacre","Sentinel"],"picked":"Inflame","floor":11.0},{"not_picked":["Clash","Warcry","ReplayTheSpireMod:Strike From Hell"],"picked":"SKIP","floor":14.0},{"not_picked":["ReplayTheSpireMod:Limb From Limb+1","Anger+1","Bloodletting"],"picked":"SKIP","floor":18.0},{"not_picked":["Body Slam","Clothesline+1"],"picked":"Flex+1","floor":19.0},{"not_picked":["Replay:Many Hands","Sever Soul"],"picked":"Heavy Blade","floor":20.0},{"not_picked":["Wild Strike","Warcry+1","Sword Boomerang"],"picked":"SKIP","floor":22.0},{"not_picked":["Havoc","Replay:Undeath\u0027s Touch","True Grit"],"picked":"SKIP","floor":23.0},{"not_picked":["Blood for Blood","Pommel Strike"],"picked":"hubris:SharpeningStone","floor":25.0},{"not_picked":["Rampage","Searing Blow","Life Link+1"],"picked":"SKIP","floor":28.0},{"not_picked":["Clothesline","Heavy Blade"],"picked":"Shrug It Off","floor":29.0},{"not_picked":["Cleave+1","Sever Soul","Hemogenesis"],"picked":"SKIP","floor":30},{"not_picked":["Replay:Undeath\u0027s Touch","Perfected Strike"],"picked":"infinitespire:OneForAll","floor":31}],"player_experience":943932,"relics_obtained":[{"floor":6.0,"key":"Ginger"},{"floor":8.0,"key":"Dream Catcher"},{"floor":9.0,"key":"FossilizedHelix"},{"floor":10.0,"key":"Regal Pillow"},{"floor":23.0,"key":"hubris:SphereOfDissonance"},{"floor":23.0,"key":"Darkstone Periapt"},{"floor":25.0,"key":"Bronze Scales"},{"floor":26.0,"key":"Gremlin Horn"},{"floor":30,"key":"Replay:Bandana"},{"floor":30,"key":"Replay:WaspNest"}],"event_choices":[{"damage_healed":0.0,"max_hp_gain":5.0,"max_hp_loss":0.0,"gold_gain":0.0,"event_name":"Big Fish","player_choice":"Donut","floor":3.0,"gold_loss":0.0,"damage_taken":0.0},{"damage_healed":0.0,"max_hp_gain":0.0,"max_hp_loss":0.0,"gold_gain":75.0,"event_name":"World of Goop","player_choice":"Gather Gold","floor":4.0,"gold_loss":0.0,"damage_taken":11.0},{"damage_healed":0.0,"max_hp_gain":0.0,"max_hp_loss":0.0,"gold_gain":0.0,"event_name":"Scrap Ooze","player_choice":"Success","floor":15.0,"gold_loss":0.0,"damage_taken":12.0,"relics_obtained":["hubris:CuriousFeather"]},{"damage_healed":0.0,"max_hp_gain":0.0,"max_hp_loss":0.0,"gold_gain":0.0,"event_name":"Nest","player_choice":"Joined the Cult","floor":21.0,"gold_loss":0.0,"damage_taken":6.0,"cards_obtained":["RitualDagger"]}],"is_beta":false,"boss_relics":[{"not_picked":["hubris:TerracottaHorce","Cursed Key"],"picked":"Black Star"}],"items_purged_floors":[27],"is_endless":false,"potions_floor_spawned":[10,11,16,19,20,22,29],"killed_by":"Champ","ascension_level":1}}