{"host":"ydujlihd8f5px9gp","time":1609108854,"event":{"mods":["AchievementEnabler","BaseMod","Block Reminder","Colored Map","Minty Spire (QoL Compilation)","ojb\u0027s Info Mod"],"gold_per_floor":[116,134,144,164,164,164,181,161,161,161,193,204,222,241,241,345,345,357,377,388,388,401,401,416,416,416,416,428,428,428,446,446,543,543,562,581,214,234,254,254,272,272,297,297,315,331,108,124,124,124],"floor_reached":51,"playtime":3409,"items_purged":[],"score":686,"play_id":"43c37c3a-e9f0-4e92-bc01-6e16865165a8","local_time":"20201227204054","is_ascension_mode":false,"campfire_choices":[{"data":"Vigilance","floor":6,"key":"SMITH"},{"data":"Eruption","floor":10,"key":"SMITH"},{"data":"EmptyFist","floor":15,"key":"SMITH"},{"data":"PathToVictory","floor":23,"key":"SMITH"},{"data":"WheelKick","floor":25,"key":"SMITH"},{"data":"1","floor":27,"key":"LIFT"},{"data":"2","floor":32,"key":"LIFT"},{"data":"3","floor":40,"key":"LIFT"},{"data":"Tantrum","floor":42,"key":"SMITH"},{"data":"LikeWater","floor":44,"key":"SMITH"},{"data":"PathToVictory","floor":49,"key":"SMITH"}],"circlet_count":0,"master_deck":["Strike_P+1","Strike_P+1","Strike_P+1","Strike_P+1","Defend_P+1","Defend_P+1","Defend_P+1","Defend_P+1","Eruption+1","Vigilance+1","PathToVictory+1","WheelKick+1","EmptyFist+1","BowlingBash","LikeWater+1","Tantrum+1","Study","MasterReality","FollowUp","Consecrate","Wallop+1","Crescendo+1","BattleHymn","PathToVictory+1","Judgement","EmptyFist+1","Perseverance+1","FollowUp+1","Parasite","Perseverance+1"],"relics":["PureWater","Thread and Needle","StoneCalendar","Coffee Dripper","Girya","Incense Burner","Black Star","OrangePellets","Juzu Bracelet","Toy Ornithopter","War Paint"],"acts_visited":["Exordium","TheCity","TheBeyond"],"potions_floor_usage":[16,20,22,28,31,33,33,46,48,50,50],"damage_taken":[{"damage":2,"enemies":"Jaw Worm","floor":1,"turns":5},{"damage":0,"enemies":"Small Slimes","floor":2,"turns":3},{"damage":0,"enemies":"Cultist","floor":3,"turns":2},{"damage":0,"enemies":"Large Slime","floor":4,"turns":3},{"damage":6,"enemies":"3 Louse","floor":7,"turns":3},{"damage":7,"enemies":"3 Sentries","floor":11,"turns":10},{"damage":0,"enemies":"Blue Slaver","floor":12,"turns":3},{"damage":0,"enemies":"Lots of Slimes","floor":13,"turns":4},{"damage":0,"enemies":"Gremlin Gang","floor":14,"turns":4},{"damage":0,"enemies":"Slime Boss","floor":16,"turns":4},{"damage":1,"enemies":"2 Thieves","floor":18,"turns":3},{"damage":0,"enemies":"Chosen","floor":19,"turns":3},{"damage":0,"enemies":"Centurion and Healer","floor":20,"turns":4},{"damage":0,"enemies":"Cultist and Chosen","floor":22,"turns":3},{"damage":5,"enemies":"Snecko","floor":24,"turns":6},{"damage":0,"enemies":"3 Cultists","floor":28,"turns":4},{"damage":0,"enemies":"Shelled Parasite and Fungi","floor":31,"turns":3},{"damage":49,"enemies":"Champ","floor":33,"turns":8},{"damage":0,"enemies":"Orb Walker","floor":35,"turns":2},{"damage":1,"enemies":"3 Shapes","floor":36,"turns":5},{"damage":0,"enemies":"Transient","floor":38,"turns":5},{"damage":21,"enemies":"Writhing Mass","floor":39,"turns":5},{"damage":0,"enemies":"Maw","floor":41,"turns":5},{"damage":1,"enemies":"Sphere and 2 Shapes","floor":45,"turns":3},{"damage":0,"enemies":"Spire Growth","floor":46,"turns":2},{"damage":22,"enemies":"Jaw Worm Horde","floor":48,"turns":4},{"damage":35,"enemies":"Time Eater","floor":50,"turns":8}],"seed_played":"-4599224965546550625","potions_obtained":[{"floor":3,"key":"EssenceOfSteel"},{"floor":7,"key":"AttackPotion"},{"floor":8,"key":"DistilledChaos"},{"floor":16,"key":"LiquidBronze"},{"floor":20,"key":"AttackPotion"},{"floor":24,"key":"LiquidMemories"},{"floor":31,"key":"Regen Potion"},{"floor":35,"key":"Swift Potion"},{"floor":39,"key":"Block Potion"},{"floor":41,"key":"LiquidBronze"}],"is_trial":false,"path_per_floor":["M","M","M","M","?","R","M","?","T","R","E","M","M","M","R","B",null,"M","M","M","?","M","R","M","R","T","R","M","?","T","M","R","B",null,"M","M","$","M","M","R","M","R","T","R","M","M","$","M","R","B",null],"character_chosen":"WATCHER","items_purchased":["Perseverance","OrangePellets","Juzu Bracelet","War Paint","Regen Potion"],"campfire_rested":0,"item_purchase_floors":[37,37,37,47,47],"current_hp_per_floor":[77,77,77,77,77,77,71,71,71,71,64,64,64,64,64,64,79,78,78,78,78,78,78,73,73,73,73,73,73,73,73,73,36,79,79,78,78,78,57,57,57,57,57,57,56,61,61,44,44,34],"gold":124,"neow_bonus":"TEN_PERCENT_HP_BONUS","is_daily":false,"chose_seed":false,"campfire_upgraded":8,"win_rate":0.0,"timestamp":1609108854,"path_taken":["M","M","M","M","?","R","M","?","T","R","E","M","?","M","R","BOSS","M","M","M","?","M","R","M","R","T","R","M","?","?","M","R","BOSS","M","M","?","M","M","R","M","R","T","R","M","M","$","M","R","BOSS"],"items_purchased_type":["Card","Relic","Relic","Relic","Potion"],"build_version":"2020-12-22","purchased_purges":0,"victory":true,"max_hp_per_floor":[79,79,79,79,79,79,79,79,79,79,79,79,79,79,79,79,79,79,79,79,79,79,79,79,79,79,79,79,79,79,79,79,79,79,79,79,79,79,79,79,79,79,79,79,79,79,79,79,79,79],"card_choices":[{"not_picked":["SignatureMove","Prostrate"],"picked":"PathToVictory","floor":1},{"not_picked":["FollowUp","Halt"],"picked":"WheelKick","floor":2},{"not_picked":["Halt","Consecrate"],"picked":"EmptyFist","floor":3},{"not_picked":["Prostrate","Meditate"],"picked":"MasterReality","floor":4},{"not_picked":["DeceiveReality","SashWhip"],"picked":"LikeWater","floor":7},{"not_picked":["Blasphemy","SandsOfTime"],"picked":"Tantrum","floor":11},{"not_picked":["InnerPeace","EmptyBody","LikeWater"],"picked":"SKIP","floor":12},{"not_picked":["BowlingBash","SashWhip"],"picked":"Study","floor":13},{"not_picked":["FlurryOfBlows","Prostrate","Protect"],"picked":"SKIP","floor":14},{"not_picked":["Devotion","Blasphemy"],"picked":"MasterReality","floor":16},{"not_picked":["CutThroughFate+1","JustLucky+1"],"picked":"FollowUp","floor":18},{"not_picked":["Weave+1","FlurryOfBlows"],"picked":"Consecrate","floor":19},{"not_picked":["Pray+1","BowlingBash","Meditate"],"picked":"SKIP","floor":20},{"not_picked":["Protect+1","EmptyBody"],"picked":"Wallop+1","floor":22},{"not_picked":["ClearTheMind+1","Halt"],"picked":"Crescendo+1","floor":24},{"not_picked":["Evaluate","LessonLearned"],"picked":"BattleHymn","floor":28},{"not_picked":["Tantrum","Prostrate"],"picked":"PathToVictory","floor":31},{"not_picked":["Ragnarok","Omniscience"],"picked":"Judgement","floor":33},{"not_picked":["EmptyMind","SashWhip+1","Evaluate+1"],"picked":"SKIP","floor":35},{"not_picked":["CrushJoints+1","Swivel"],"picked":"EmptyFist+1","floor":36},{"not_picked":["CutThroughFate","Vengeance"],"picked":"FollowUp+1","floor":38},{"not_picked":["FlurryOfBlows","BattleHymn","Vengeance+1"],"picked":"SKIP","floor":39},{"not_picked":["Crescendo+1","Evaluate+1"],"picked":"Perseverance","floor":41},{"not_picked":["CutThroughFate","Weave+1","Evaluate+1"],"picked":"SKIP","floor":45},{"not_picked":["Nirvana+1","ThirdEye","ConjureBlade"],"picked":"SKIP","floor":46},{"not_picked":["Weave","ThirdEye+1","BowlingBash"],"picked":"SKIP","floor":48}],"player_experience":50451,"relics_obtained":[{"floor":9,"key":"Thread and Needle"},{"floor":11,"key":"StoneCalendar"},{"floor":26,"key":"Girya"},{"floor":30,"key":"Incense Burner"},{"floor":43,"key":"Toy Ornithopter"}],"event_choices":[{"damage_healed":0,"gold_gain":0,"cards_transformed":["MasterReality"],"player_choice":"Change","damage_taken":0,"max_hp_gain":0,"max_hp_loss":0,"event_name":"Living Wall","floor":5,"gold_loss":0,"cards_obtained":["BowlingBash"]},{"damage_healed":0,"gold_gain":0,"player_choice":"Bought 1 Potion","damage_taken":0,"max_hp_gain":0,"max_hp_loss":0,"event_name":"The Woman in Blue","floor":8,"gold_loss":0},{"damage_healed":0,"gold_gain":0,"player_choice":"Simplicity","damage_taken":0,"max_hp_gain":0,"max_hp_loss":0,"event_name":"Back to Basics","floor":21,"gold_loss":0,"cards_upgraded":["Strike_P","Strike_P","Strike_P","Strike_P","Defend_P","Defend_P","Defend_P","Defend_P"]},{"damage_healed":0,"gold_gain":0,"player_choice":"Ignored","damage_taken":0,"max_hp_gain":0,"max_hp_loss":0,"event_name":"Vampires","floor":29,"gold_loss":0}],"is_beta":false,"boss_relics":[{"not_picked":["Philosopher\u0027s Stone","Snecko Eye"],"picked":"Coffee Dripper"},{"not_picked":["Astrolabe","Calling Bell"],"picked":"Black Star"}],"items_purged_floors":[],"is_endless":false,"potions_floor_spawned":[3,7,11,16,20,24,31,35,39,41],"ascension_level":0}}