{"host":"x565ttcahk6mfbvs","time":1609034061,"event":{"mods":["AchievementEnabler","BaseMod","BetterRewards","Downfall","Minty Spire (QoL Compilation)","Permanent Neow","Remove Card Discount Mod","StSLib"],"gold_per_floor":[209,224,3920,3920,3916,3916,3931,3631,3685,3644,3644,3658,3691,3703,3703,3722,3722,3722,3722,3732,3759,3759,3759,3759,3759,3777,3797,3724,3724,3724,3724],"floor_reached":32,"playtime":796,"items_purged":["Bash","Havoc","Defend_R"],"score":520,"play_id":"0f742562-3c1e-4cc2-bf79-11e1ede82f4f","local_time":"20201226195421","is_ascension_mode":false,"campfire_choices":[{"data":"Strike_R","floor":6,"key":"SMITH"},{"floor":15,"key":"DIG"},{"floor":23,"key":"DIG"},{"floor":25,"key":"DIG"},{"floor":30,"key":"DIG"}],"circlet_count":0,"master_deck":["Strike_R+1","Strike_R+1","Strike_R+1","Strike_R+1","Strike_R+1","Defend_R+1","Defend_R+1","Perfected Strike+1","Perfected Strike+1","Perfected Strike+1","Perfected Strike+1","Perfected Strike+1","Twin Strike+1","Twin Strike+1","Twin Strike+1","Twin Strike+1","Twin Strike+1"],"relics":["Burning Blood","Unceasing Top","Membership Card","Potion Belt","Blood Vial","Lantern","Shovel","Cauldron","Ginger","Nunchaku","Dream Catcher","Boot","Orichalcum","War Paint","Oddly Smooth Stone","Brimstone","Strawberry"],"acts_visited":["Exordium","TheCity","TheBeyond"],"potions_floor_usage":[],"damage_taken":[{"damage":11,"enemies":"Jaw Worm","floor":1,"turns":4},{"damage":0,"enemies":"Cultist","floor":2,"turns":3},{"damage":0,"enemies":"2 Louse","floor":7,"turns":2},{"damage":0,"enemies":"Looter","floor":12,"turns":1},{"damage":9,"enemies":"3 Sentries","floor":13,"turns":2},{"damage":0,"enemies":"Blue Slaver","floor":14,"turns":1},{"damage":0,"enemies":"3 Darklings","floor":16,"turns":2},{"damage":3,"enemies":"3 Shapes","floor":20,"turns":1},{"damage":0,"enemies":"Nemesis","floor":21,"turns":1},{"damage":0,"enemies":"Writhing Mass","floor":26,"turns":1},{"damage":0,"enemies":"Spire Growth","floor":27,"turns":1},{"damage":0,"enemies":"Jaw Worm Horde","floor":29,"turns":1},{"damage":3,"enemies":"Awakened One","floor":31,"turns":3}],"seed_played":"1613058371943852854","potions_obtained":[{"floor":8,"key":"BlessingOfTheForge"},{"floor":8,"key":"EntropicBrew"},{"floor":8,"key":"LiquidBronze"},{"floor":8,"key":"EssenceOfSteel"},{"floor":8,"key":"Weak Potion"}],"is_trial":false,"path_per_floor":["M","M","$","?","$","R","M","$","T","?","?","M","E","M","R","M","?","?","?","M","E","?","R","T","R","M","M","$","M","R","B",null],"character_chosen":"IRONCLAD","items_purchased":["Membership Card","Potion Belt","Blood Vial","Lantern","Shovel","Cauldron","Oddly Smooth Stone"],"campfire_rested":0,"item_purchase_floors":[3,3,3,8,8,8,28],"current_hp_per_floor":[75,80,80,80,80,80,80,80,80,80,80,80,77,80,80,80,76,76,76,76,76,76,76,76,76,76,76,76,76,83,83],"gold":3724,"neow_bonus":"HUNDRED_GOLD","is_daily":false,"chose_seed":false,"campfire_upgraded":1,"win_rate":0.0,"timestamp":1609034061,"path_taken":["M","M","$","?","?","R","M","$","T","?","?","M","E","?","R","BOSS","M","?","?","?","M","E","?","R","T","R","M","M","$","M","R","BOSS"],"items_purchased_type":["Relic","Relic","Relic","Relic","Relic","Relic","Relic"],"build_version":"2020-12-22","purchased_purges":3,"victory":true,"max_hp_per_floor":[80,80,80,80,80,80,80,80,80,80,80,80,80,80,80,80,76,76,76,76,76,76,76,76,76,76,76,76,76,83,83],"card_choices":[{"not_picked":["Heavy Blade","Pummel","Dual Wield"],"picked":"SKIP","floor":1},{"not_picked":["Disarm","Pummel","Flex"],"picked":"SKIP","floor":2},{"not_picked":["Flame Barrier","Headbutt","Whirlwind"],"picked":"SKIP","floor":7},{"not_picked":["Havoc","Perfected Strike","Pommel Strike"],"picked":"SKIP","floor":12},{"not_picked":["Whirlwind","Impervious","Headbutt"],"picked":"SKIP","floor":13},{"not_picked":["True Grit","Heavy Blade","Sword Boomerang"],"picked":"SKIP","floor":14},{"not_picked":["Whirlwind+1","Wild Strike+1","Thunderclap+1"],"picked":"SKIP","floor":16},{"not_picked":["Headbutt+1","Clash","Wild Strike+1"],"picked":"SKIP","floor":20},{"not_picked":["Sword Boomerang","Warcry","Shockwave"],"picked":"SKIP","floor":21},{"not_picked":["Cleave+1","Uppercut+1","Perfected Strike"],"picked":"SKIP","floor":26},{"not_picked":["Second Wind+1","Clash+1","Juggernaut"],"picked":"SKIP","floor":27},{"not_picked":["Body Slam","Combust","Pommel Strike"],"picked":"SKIP","floor":29}],"player_experience":298641,"relics_obtained":[{"floor":13,"key":"Ginger"},{"floor":15,"key":"Nunchaku"},{"floor":21,"key":"Dream Catcher"},{"floor":23,"key":"Boot"},{"floor":24,"key":"Orichalcum"},{"floor":25,"key":"War Paint"},{"floor":30,"key":"Strawberry"}],"event_choices":[{"damage_healed":0,"gold_gain":0,"player_choice":"1 cards matched","damage_taken":0,"max_hp_gain":0,"max_hp_loss":0,"event_name":"Match and Keep!","floor":4,"gold_loss":0,"cards_obtained":["Havoc"]},{"damage_healed":0,"gold_gain":0,"player_choice":"Left Gold","damage_taken":0,"max_hp_gain":0,"max_hp_loss":0,"event_name":"World of Goop","floor":10,"gold_loss":41},{"damage_healed":0,"gold_gain":0,"player_choice":"Ignored","damage_taken":0,"max_hp_gain":0,"max_hp_loss":0,"event_name":"Liars Game","floor":11,"gold_loss":0},{"damage_healed":0,"gold_gain":0,"player_choice":"Max HP","damage_taken":0,"max_hp_gain":0,"max_hp_loss":4,"event_name":"Winding Halls","floor":17,"gold_loss":0},{"damage_healed":0,"gold_gain":0,"player_choice":"Upgrade","damage_taken":0,"relics_obtained":["Mark of the Bloom"],"max_hp_gain":0,"max_hp_loss":0,"event_name":"MindBloom","floor":18,"gold_loss":0,"cards_upgraded":["Strike_R","Strike_R","Strike_R","Strike_R","Defend_R","Defend_R","Defend_R","Perfected Strike","Perfected Strike","Perfected Strike","Perfected Strike","Perfected Strike","Twin Strike","Twin Strike","Twin Strike","Twin Strike","Twin Strike"]},{"cards_removed":["Defend_R"],"damage_healed":0,"gold_gain":0,"player_choice":"Removed Skill","damage_taken":0,"max_hp_gain":0,"max_hp_loss":0,"event_name":"Falling","floor":19,"gold_loss":0},{"damage_healed":0,"gold_gain":0,"player_choice":"Ignored","damage_taken":0,"max_hp_gain":0,"max_hp_loss":0,"event_name":"Tomb of Lord Red Mask","floor":22,"gold_loss":0}],"is_beta":false,"boss_relics":[],"items_purged_floors":[3,5,5],"is_endless":false,"potions_floor_spawned":[7,14,21,26,29],"ascension_level":0}}