{"host":"56c2xpjnpymkv18q","time":1609071811,"event":{"mods":["ATMod(°¢èªMod)","BaseMod","GungeonMod","Minty Spire (QoL Compilation)","Quick Restart","Relic Stats","Replay The Spire","Spicy Shops","StSLib"],"gold_per_floor":[99,99,109,89,119,119,152,180,180,211,228,228,30,30,30,133,133,161,161,180,180,210,210,309,309,309,309,325,337,348,359,379,379,379,481,481,492,492,518,320,179,204,204,234,259,290,322,352,5,27,27,27],"floor_reached":53,"playtime":4566,"items_purged":[],"score":1074,"play_id":"f852d60a-78ad-4636-bb1c-f022525d1cc2","local_time":"20201227202331","daily_mods":["Shiny","Heirloom","Flight","DeadlyEvents","Elite Swarm"],"is_ascension_mode":true,"campfire_choices":[{"data":"DemoMod:BlackHoleGun","floor":6.0,"key":"SMITH"},{"floor":12.0,"key":"REST"},{"floor":15.0,"key":"REST"},{"floor":23.0,"key":"REST"},{"floor":25.0,"key":"REST"},{"floor":27.0,"key":"REST"},{"floor":33.0,"key":"REST"},{"floor":43,"key":"REST"},{"floor":51,"key":"REST"}],"circlet_count":0,"master_deck":["DemoMod:BSG","DemoMod:GunslingerForm","DemoMod:FinishedGun","DemoMod:SuppressiveFire+1","DemoMod:FullFirepower","DemoMod:DoubleVision","DemoMod:FightSabre","DemoMod:BlankBullets","DemoMod:Slinger+1","DemoMod:BlackHoleGun+1","DemoMod:ThirdPartyController","DemoMod:BalloonGun","DemoMod:DarkMarker","DemoMod:Elimentaler","DemoMod:BulletBore","AT_FamilyPortrait","DemoMod:ProbeStrike","DemoMod:BalloonGun","DemoMod:FullFirepower","DemoMod:HardPowerCard","DemoMod:FullFirepower","DemoMod:TripleGun+1","DemoMod:RadGun+1","DemoMod:CursedBullets+1","DemoMod:AWP+1","DemoMod:MachoBrace","DemoMod:BalloonGun","DemoMod:ConditionalReflex+1","DemoMod:PotionOfGunFriendShip+1","DemoMod:HuntsMan+1","DemoMod:HungryBullets","DemoMod:Elimentaler","DemoMod:SuppressiveFire","DemoMod:ZorGun+1","DemoMod:BattleInHaste+1","DemoMod:ManualReload","DemoMod:DoubleVision","DemoMod:StickyCrossBow+1","DemoMod:FullFirepower","DemoMod:PotionOfGunFriendShip+1"],"relics":["DemoMod:Dog","AT_ATBox","DemoMod:NanoMachines","Potion Belt","Shuriken","Bronze Scales","DemoMod:ClearGuonStone","Replay:PocketPolymizer","Astrolabe","HornCleat","ChewingGum","DemoMod:PartiallyEatenCheese","DemoMod:ResourcefulSack","DemoMod:RatBoots","Ring of Chaos","DemoMod:VorpalBullet","Replay:Wax Seal","MealTicket","Replay:Bottled Snecko","AT_ChloranthyRing","AT_SilvercatRing","DemoMod:AgedBell","Mummified Hand","Durian"],"acts_visited":["Exordium","TheCity","TheCity","TheBeyond"],"potions_floor_usage":[34,46,52,52],"damage_taken":[{"damage":0.0,"enemies":"Cultist","floor":3.0,"turns":1.0},{"damage":0.0,"enemies":"Jaw Worm","floor":5.0,"turns":2.0},{"damage":16.0,"enemies":"Gremlin Nob","floor":7.0,"turns":3.0},{"damage":20.0,"enemies":"3 Sentries","floor":8.0,"turns":3.0},{"damage":6.0,"enemies":"Gremlin Nob","floor":10.0,"turns":3.0},{"damage":0.0,"enemies":"2 Louse","floor":11.0,"turns":2.0},{"damage":41.0,"enemies":"The Guardian","floor":16.0,"turns":7.0},{"damage":13.0,"enemies":"2 Thieves","floor":18.0,"turns":3.0},{"damage":1.0,"enemies":"Shell Parasite","floor":20.0,"turns":3.0},{"damage":24.0,"enemies":"Slavers","floor":22.0,"turns":2.0},{"damage":10.0,"enemies":"DemoMod:Veteran_shot_gun_kin_and_red_shotgun_kin","floor":28.0,"turns":3.0},{"damage":0.0,"enemies":"DemoMod:Veteran_shot_gun_kin_and_bullet_kin","floor":29.0,"turns":2.0},{"damage":16.0,"enemies":"DemoMod:Veteran_shot_gun_kin_and_red_shotgun_kin_with_gunsinger","floor":30.0,"turns":1.0},{"damage":4.0,"enemies":"DemoMod:Veteran_shot_gun_kin_and_blue_shotgun_kin_with_gunsinger","floor":31.0,"turns":2.0},{"damage":27.0,"enemies":"DemoMod:Red_and_blue_shotgun_kin_with_gunsinger","floor":32.0,"turns":3.0},{"damage":6,"enemies":"DemoMod:ResourcefulRat","floor":35,"turns":11},{"damage":0,"enemies":"3 Shapes","floor":37,"turns":3},{"damage":2,"enemies":"Reptomancer","floor":39,"turns":2},{"damage":22,"enemies":"Giant Head","floor":42,"turns":6},{"damage":0,"enemies":"Orb Walker","floor":44,"turns":3},{"damage":0,"enemies":"R_Hoarder","floor":46,"turns":4},{"damage":14,"enemies":"Reptomancer","floor":47,"turns":3},{"damage":22,"enemies":"R_Hoarder","floor":48,"turns":3},{"damage":0,"enemies":"Orb Walker","floor":50,"turns":1},{"damage":15,"enemies":"Time Eater","floor":52,"turns":10}],"seed_played":"-2936704352761187726","potions_obtained":[{"floor":4.0,"key":"LiquidBronze"},{"floor":5.0,"key":"Milkshake"},{"floor":8.0,"key":"Energy Potion"},{"floor":18.0,"key":"EssenceOfSteel"},{"floor":20.0,"key":"Swift Potion"},{"floor":29.0,"key":"Explosive Potion"},{"floor":31.0,"key":"FearPotion"},{"floor":42,"key":"Weak Potion"},{"floor":48,"key":"Block Potion"},{"floor":50,"key":"AttackPotion"}],"is_trial":true,"path_per_floor":["?","?","M","?","M","R","E","E","T","E","M","R","$","T","R","B",null,"M","?","M","?","E","R","?","R","T","R","M","M","M","M","M","R","B","B",null,"M","?","E","$","?","E","R","?","T","E","E","E","$","M","R","B",null],"character_chosen":"HUNTRESS","items_purchased":["DemoMod:GnawedKey","DemoMod:PracticeMakesPerfect","Replay:Wax Seal","MealTicket","Mummified Hand","Durian"],"campfire_rested":8,"item_purchase_floors":[13,13,40,40,49,49],"current_hp_per_floor":[63,63,63,63,63,63,47,27,27,21,21,42,42,42,63,22,58,45,30,29,29,5,26,26,47,64,70,60,60,44,40,13,34,15,9,55,55,55,53,53,53,31,52,52,52,58,44,22,42,42,64,49],"gold":27,"neow_bonus":"","is_daily":false,"chose_seed":false,"campfire_upgraded":1,"win_rate":0.0,"timestamp":1609071811,"path_taken":["?","?","M","?","?","R","?","E","T","?","?","R","?","?","R","BOSS","M","?","?","?","?","R","?","R","T","R","M","M","M","M","M","R","BOSS","BOSS","M","?","?","$","?","E","R","?","T","E","?","E","$","?","R","BOSS"],"items_purchased_type":["Relic","Card","Relic","Relic","Relic","Relic"],"build_version":"2020-12-22","purchased_purges":0,"victory":true,"max_hp_per_floor":[70,70,70,70,70,70,70,70,70,70,70,70,70,70,70,70,70,70,70,70,70,70,70,70,70,70,70,70,70,70,70,70,70,70,70,70,70,70,70,70,70,70,70,70,70,70,70,70,75,75,75,75],"relic_stats":{"counters":[26,90],"Shuriken":[42],"Mummified Hand":[12],"Bronze Scales":[216],"Astrolabe":["DemoMod:TripleGun","DemoMod:RadGun","DemoMod:CursedBullets"],"MealTicket":15,"obtain_stats":[{"AT_ATBox":0,"Replay:PocketPolymizer":14,"DemoMod:AgedBell":47,"DemoMod:GlassGuonStoneRelic":11,"HornCleat":22,"Mummified Hand":49,"MealTicket":40,"DemoMod:GnawedKey":13,"Replay:Bottled Snecko":42,"DemoMod:ClearGuonStone":10,"Replay:Wax Seal":40,"Potion Belt":7,"AT_ChloranthyRing":45,"DemoMod:Armor":0,"DemoMod:Dog":0,"Astrolabe":17,"DemoMod:PartiallyEatenCheese":36,"Ring of Chaos":36,"DemoMod:RatBoots":36,"AT_SilvercatRing":46,"Shuriken":8,"Bronze Scales":9,"DemoMod:NanoMachines":0,"ChewingGum":36,"Durian":49,"DemoMod:ResourcefulSack":36,"DemoMod:VorpalBullet":39},{"AT_ATBox":0,"Replay:PocketPolymizer":6,"DemoMod:AgedBell":23,"DemoMod:GlassGuonStoneRelic":6,"HornCleat":10,"Mummified Hand":24,"MealTicket":19,"DemoMod:GnawedKey":6,"Replay:Bottled Snecko":20,"DemoMod:ClearGuonStone":5,"Replay:Wax Seal":19,"Potion Belt":3,"AT_ChloranthyRing":21,"DemoMod:Armor":0,"DemoMod:Dog":0,"Astrolabe":7,"DemoMod:PartiallyEatenCheese":17,"Ring of Chaos":17,"DemoMod:RatBoots":17,"AT_SilvercatRing":22,"Shuriken":4,"Bronze Scales":4,"DemoMod:NanoMachines":0,"ChewingGum":17,"Durian":24,"DemoMod:ResourcefulSack":17,"DemoMod:VorpalBullet":19},{"AT_ATBox":0,"Replay:PocketPolymizer":13,"DemoMod:AgedBell":76,"DemoMod:GlassGuonStoneRelic":13,"HornCleat":28,"Mummified Hand":79,"MealTicket":60,"DemoMod:GnawedKey":13,"Replay:Bottled Snecko":66,"DemoMod:ClearGuonStone":11,"Replay:Wax Seal":60,"Potion Belt":5,"AT_ChloranthyRing":69,"DemoMod:Armor":0,"DemoMod:Dog":0,"Astrolabe":20,"DemoMod:PartiallyEatenCheese":55,"Ring of Chaos":55,"DemoMod:RatBoots":55,"AT_SilvercatRing":73,"Shuriken":8,"Bronze Scales":8,"DemoMod:NanoMachines":0,"ChewingGum":55,"Durian":79,"DemoMod:ResourcefulSack":55,"DemoMod:VorpalBullet":60}]},"card_choices":[{"not_picked":["DemoMod:SAA","DemoMod:SkilledReload","DemoMod:TeaPot"],"picked":"SKIP","floor":3.0},{"not_picked":["DemoMod:HighKaliber","DemoMod:TeaPot"],"picked":"DemoMod:ProbeStrike","floor":5.0},{"not_picked":["DemoMod:Elimentaler","DemoMod:Desperate"],"picked":"DemoMod:GunslingerForm","floor":7.0},{"not_picked":["DemoMod:DarkMarker","DemoMod:BulletBore"],"picked":"DemoMod:BalloonGun","floor":8.0},{"not_picked":["DemoMod:Slinger","DemoMod:DarkMarker"],"picked":"DemoMod:FullFirepower","floor":10.0},{"not_picked":["DemoMod:AC15","DemoMod:PracticeMakesPerfect"],"picked":"DemoMod:HardPowerCard","floor":11.0},{"not_picked":["DemoMod:BlackHoleGun","DemoMod:DarkMarker"],"picked":"DemoMod:FullFirepower","floor":16.0},{"not_picked":["DemoMod:FortunesFavor","DemoMod:BattleInHaste"],"picked":"DemoMod:AWP+1","floor":18.0},{"not_picked":["DemoMod:TeaPot","DemoMod:GunShield"],"picked":"DemoMod:MachoBrace","floor":20.0},{"not_picked":["DemoMod:ThirdPartyController","DemoMod:Slinger"],"picked":"DemoMod:BalloonGun","floor":22.0},{"not_picked":["DemoMod:AC15+1","DemoMod:Camera"],"picked":"DemoMod:ConditionalReflex+1","floor":28.0},{"not_picked":["DemoMod:AC15","DemoMod:Unmoved","DemoMod:ConditionalReflex"],"picked":"SKIP","floor":29.0},{"not_picked":["DemoMod:Unity","DemoMod:DoubleVision"],"picked":"DemoMod:PotionOfGunFriendShip+1","floor":30.0},{"not_picked":["DemoMod:BoxingGlove+1","DemoMod:GunstockTap"],"picked":"DemoMod:HuntsMan+1","floor":31.0},{"not_picked":["DemoMod:PotionOfGunFriendShip","DemoMod:FeignSurrender+1"],"picked":"DemoMod:HungryBullets","floor":32.0},{"not_picked":[],"picked":"DemoMod:Elimentaler","floor":35},{"not_picked":["DemoMod:Desperate","DemoMod:BSG"],"picked":"DemoMod:SuppressiveFire","floor":35},{"not_picked":["DemoMod:Ejector+1","DemoMod:AC15+1"],"picked":"DemoMod:ZorGun+1","floor":36},{"not_picked":["DemoMod:SkilledReload","DemoMod:TeaPot+1"],"picked":"DemoMod:BattleInHaste+1","floor":37},{"not_picked":["DemoMod:Desperate","DemoMod:Slinger"],"picked":"DemoMod:DoubleVision","floor":39},{"not_picked":["DemoMod:BalloonGun","DemoMod:Desperate","DemoMod:Slinger"],"picked":"SKIP","floor":42},{"not_picked":["DemoMod:DoubleSwitch+1","DemoMod:ConditionalReflex"],"picked":"DemoMod:StickyCrossBow+1","floor":44},{"not_picked":["DemoMod:Elimentaler","DemoMod:BlackHoleGun","DemoMod:Desperate"],"picked":"SKIP","floor":46},{"not_picked":["DemoMod:BalloonGun","DemoMod:BulletBore","DemoMod:Desperate"],"picked":"SKIP","floor":47},{"not_picked":["DemoMod:SuppressiveFire","DemoMod:GunslingerForm"],"picked":"DemoMod:FullFirepower","floor":48},{"not_picked":["DemoMod:DirectionalPad","DemoMod:GunstockTap+1"],"picked":"DemoMod:PotionOfGunFriendShip+1","floor":50}],"player_experience":132616,"relics_obtained":[{"floor":7.0,"key":"Potion Belt"},{"floor":8.0,"key":"Shuriken"},{"floor":9.0,"key":"Bronze Scales"},{"floor":10.0,"key":"DemoMod:ClearGuonStone"},{"floor":14.0,"key":"Replay:PocketPolymizer"},{"floor":22.0,"key":"HornCleat"},{"floor":36,"key":"ChewingGum"},{"floor":36,"key":"DemoMod:PartiallyEatenCheese"},{"floor":36,"key":"DemoMod:ResourcefulSack"},{"floor":36,"key":"DemoMod:RatBoots"},{"floor":36,"key":"Ring of Chaos"},{"floor":39,"key":"DemoMod:VorpalBullet"},{"floor":42,"key":"Replay:Bottled Snecko"},{"floor":45,"key":"AT_ChloranthyRing"},{"floor":46,"key":"AT_SilvercatRing"},{"floor":47,"key":"DemoMod:AgedBell"}],"event_choices":[{"damage_healed":0.0,"max_hp_gain":0.0,"max_hp_loss":0.0,"gold_gain":0.0,"event_name":"Shining Light","player_choice":"Entered Light","floor":2.0,"gold_loss":0.0,"damage_taken":14.0,"cards_upgraded":["DemoMod:SuppressiveFire","DemoMod:Slinger"]},{"damage_healed":0.0,"max_hp_gain":0.0,"max_hp_loss":0.0,"gold_gain":0.0,"event_name":"The Woman in Blue","player_choice":"Bought 1 Potion","floor":4.0,"gold_loss":0.0,"damage_taken":0.0},{"damage_healed":0.0,"max_hp_gain":0.0,"max_hp_loss":0.0,"gold_gain":0.0,"event_name":"Cursed Tome","player_choice":"Obtained Book","floor":19.0,"gold_loss":0.0,"damage_taken":16.0},{"damage_healed":0.0,"max_hp_gain":0.0,"max_hp_loss":0.0,"gold_gain":0.0,"event_name":"Ghosts","player_choice":"Ignored","floor":21.0,"gold_loss":0.0,"damage_taken":0.0},{"damage_healed":0.0,"max_hp_gain":0.0,"max_hp_loss":0.0,"gold_gain":99.0,"event_name":"Nest","player_choice":"Stole From Cult","floor":24.0,"gold_loss":0.0,"damage_taken":0.0},{"damage_healed":0,"gold_gain":0,"player_choice":"1 cards matched","damage_taken":0,"max_hp_gain":0,"max_hp_loss":0,"event_name":"Match and Keep!","floor":38,"gold_loss":0,"cards_obtained":["DemoMod:ManualReload"]}],"is_beta":false,"boss_relics":[{"not_picked":["Runic Dome","Sozu"],"picked":"Astrolabe"},{"not_picked":[]}],"items_purged_floors":[],"is_endless":false,"potions_floor_spawned":[5,8,18,20,29,31,42,48,50],"ascension_level":9}}