{"host":"w2kjv12xyhtt0cv2","time":1609069449,"event":{"mods":["10 clothes from DAL","Act Like it!","BaseMod","Colored Map","Conspire","Friendly Minions","Gensokyo","Highlight Path","Hubris","Marisa（F雨　魔理沙）","Minty Spire (QoL Compilation)","Quick Restart","Reimu（博丽灵梦）","Relic Stats","Replay The Spire","RumiaBox-露米娅的神秘盒子","Spicy Shops","StSLib","The Servant 0.9.4","UnlockEverythingMod","Waifu the Spire","[功能]功能增强和修复MOD","vexMod","【功能Mod】Neow奖励","【功能Mod】混沌之环修复补丁","【遗物卡牌】REMEMod","没有小屋子和绿帽子啦"],"gold_per_floor":[362,362,27,38,38,72,72,13,13,13,13,13],"floor_reached":11,"playtime":696,"items_purged":["Strike_S"],"score":76,"play_id":"06aa19e9-98d4-4c3c-b2ff-ea0086d5259e","local_time":"20201227194409","is_ascension_mode":true,"campfire_choices":[{"data":"Spin","floor":10,"key":"SMITH"}],"circlet_count":0,"master_deck":["Strike_S","Strike_S","Defend_S","Defend_S","Defend_S","Defend_S","KidneyShot","Exchange","Amplify","Spin+1","Read","Looming Evil"],"relics":["Uniform","REME_ComplimentaryCards","AddBug","SecretRecord"],"acts_visited":["Exordium"],"potions_floor_usage":[],"damage_taken":[{"damage":5.0,"enemies":"2 Louse","floor":1.0,"turns":4.0},{"damage":5,"enemies":"Cultist","floor":4,"turns":4},{"damage":31,"enemies":"Gremlin Nob","floor":6,"turns":5},{"damage":20,"enemies":"Lagavulin","floor":11,"turns":2}],"seed_played":"-633116718920835950","potions_obtained":[{"floor":4,"key":"Cursed Concoction"},{"floor":5,"key":"BlessingOfTheForge"},{"floor":5,"key":"Ancient Potion"}],"is_trial":false,"path_per_floor":["M","?","$","M","?","E","$","$","T","R","E"],"character_chosen":"THE_SERVANT","items_purchased":["PrismaticShard","vexMod:Spyglass","ReplayTheSpireMod:CursedCoin","Frozen Eye","ZombieArmy"],"campfire_rested":0,"item_purchase_floors":[3,3,8,8,8],"current_hp_per_floor":[42,42,42,37,37,6,6,6,6,6,0,0],"gold":13,"neow_bonus":"TWO_FIFTY_GOLD","is_daily":false,"chose_seed":false,"campfire_upgraded":1,"win_rate":0.0,"timestamp":1609069449,"path_taken":["M","?","$","?","?","E","?","$","T","R","E"],"items_purchased_type":["Relic","Relic","Relic","Relic","Relic"],"build_version":"2020-12-22","purchased_purges":1,"victory":false,"max_hp_per_floor":[65,65,65,65,65,65,65,65,65,65,65,65],"relic_stats":{"counters":[4,15],"obtain_stats":[{"AddBug":1,"SecretRecord":1,"Uniform":0,"REME_ComplimentaryCards":0},{"AddBug":1,"SecretRecord":1,"Uniform":0,"REME_ComplimentaryCards":0},{"AddBug":4,"SecretRecord":4,"Uniform":0,"REME_ComplimentaryCards":0}]},"card_choices":[{"not_picked":["Ricochet","TimeWarp"],"picked":"Spin","floor":1.0},{"not_picked":["Rewind","Alleviate","Potential"],"picked":"SKIP","floor":4},{"not_picked":["Starlight","FastForward"],"picked":"Read","floor":6}],"player_experience":25975,"relics_obtained":[{"floor":1.0,"key":"AddBug"},{"floor":6,"key":"Garlic"},{"floor":9,"key":"conspire:Flyswatter"}],"event_choices":[{"cards_removed":["Strike_S"],"damage_healed":0.0,"max_hp_gain":0.0,"max_hp_loss":0.0,"gold_gain":0.0,"event_name":"Purifier","player_choice":"Purged","floor":2.0,"gold_loss":0.0,"damage_taken":0.0},{"damage_healed":0,"gold_gain":0,"player_choice":"Got Potions","damage_taken":0,"max_hp_gain":0,"max_hp_loss":0,"event_name":"Lab","floor":5,"gold_loss":0}],"is_beta":false,"boss_relics":[],"items_purged_floors":[3],"is_endless":false,"potions_floor_spawned":[4],"killed_by":"Lagavulin","ascension_level":2}}