{"host":"wha9hktbkslqvblg","time":1609037691,"event":{"mods":["BaseMod","Colored Map","Minty Spire (QoL Compilation)","Relic Stats","SuperFastMode","everything is the same but u backflip on backflip"],"gold_per_floor":[114,130,55,55,55,98,98,98,98],"floor_reached":8,"playtime":76,"items_purged":["Strike_R"],"score":158,"play_id":"a5db1be4-cbf1-4cda-8725-3036f4ee3b85","local_time":"20201227115451","is_ascension_mode":true,"campfire_choices":[{"data":"Body Slam","floor":7,"key":"SMITH"}],"circlet_count":0,"master_deck":["AscendersBane","Strike_R","Strike_R","Strike_R","Strike_R","Defend_R","Defend_R","Defend_R","Defend_R","Bash","Body Slam+1"],"relics":["Burning Blood","NeowsBlessing","Golden Idol","Lizard Tail"],"acts_visited":["Exordium"],"potions_floor_usage":[],"damage_taken":[{"damage":0,"enemies":"Small Slimes","floor":1,"turns":1},{"damage":0,"enemies":"2 Louse","floor":2,"turns":1},{"damage":0,"enemies":"Lagavulin","floor":6,"turns":1},{"damage":30,"enemies":"3 Sentries","floor":8,"turns":6}],"seed_played":"779557774390769732","potions_obtained":[{"floor":1,"key":"Ancient Potion"}],"is_trial":false,"path_per_floor":["M","M","$","?","?","E","R","E"],"character_chosen":"IRONCLAD","items_purchased":[],"campfire_rested":0,"item_purchase_floors":[],"current_hp_per_floor":[74,75,75,49,49,55,55,25,25],"gold":98,"neow_bonus":"THREE_ENEMY_KILL","is_daily":false,"chose_seed":false,"campfire_upgraded":1,"win_rate":0.0,"timestamp":1609037691,"path_taken":["M","M","$","?","?","E","R","E"],"items_purchased_type":[],"build_version":"2020-12-22","purchased_purges":1,"victory":false,"max_hp_per_floor":[75,75,75,75,75,75,75,75,75],"relic_stats":{"Lizard Tail":0,"counters":[4,9],"Golden Idol":9,"obtain_stats":[{"Lizard Tail":6,"NeowsBlessing":0,"Golden Idol":4,"Burning Blood":0},{"Lizard Tail":3,"NeowsBlessing":0,"Golden Idol":2,"Burning Blood":0},{"Lizard Tail":3,"NeowsBlessing":0,"Golden Idol":2,"Burning Blood":0}],"Burning Blood":13},"card_choices":[{"not_picked":["Whirlwind","Infernal Blade","Sentinel"],"picked":"SKIP","floor":1},{"not_picked":["Seeing Red","Feel No Pain"],"picked":"Body Slam","floor":2},{"not_picked":["Armaments","Intimidate","Twin Strike"],"picked":"SKIP","floor":6}],"player_experience":899777,"relics_obtained":[{"floor":6,"key":"Lizard Tail"}],"event_choices":[{"damage_healed":0,"gold_gain":0,"player_choice":"Take Damage","damage_taken":26,"relics_obtained":["Golden Idol"],"max_hp_gain":0,"max_hp_loss":0,"event_name":"Golden Idol","floor":4,"gold_loss":0},{"damage_healed":0,"gold_gain":0,"player_choice":"Ignored","damage_taken":0,"max_hp_gain":0,"max_hp_loss":0,"event_name":"Liars Game","floor":5,"gold_loss":0}],"is_beta":false,"boss_relics":[],"items_purged_floors":[3],"is_endless":false,"potions_floor_spawned":[1],"killed_by":"3 Sentries","ascension_level":20}}