{"host":"cxvb37eaaiijvrl4","time":1609101529,"event":{"mods":["ATMod(°¢èªMod)","BaseMod","Better Third Choice","Minty Spire (QoL Compilation)","MostiFishMod","Quick Restart","Rare Cards Sparkle","Shop Mod","Spicy Shops","StSLib","TestMod","Uncapped","²ÐÁôÖ®Îï"],"gold_per_floor":[118,134,13,31,81,115,134,134,134],"floor_reached":8,"playtime":251,"items_purged":["Defend_P"],"score":116,"play_id":"e6d0b863-d310-482b-826f-704a095f6d35","local_time":"20201227123849","is_ascension_mode":true,"campfire_choices":[],"circlet_count":0,"master_deck":["AscendersBane","Strike_P","Strike_P","Strike_P","Strike_P","Defend_P","Defend_P","Defend_P","Eruption","Vigilance","AT_KingSlayer","Prostrate","MostiFishMod:Speedup"],"relics":["PureWater","testmod-TestBox","DaveBox","AT_ATBox","Membership Card","testmod-SaigiyounoYou","NeowsBlessing","SynthV:TestCard","AT_SpeedBoots","AT_RabadonDeathcap"],"acts_visited":["Exordium"],"potions_floor_usage":[7,8],"damage_taken":[{"damage":0.0,"enemies":"Jaw Worm","floor":1.0,"turns":1.0},{"damage":0.0,"enemies":"Cultist","floor":2.0,"turns":1.0},{"damage":0.0,"enemies":"Small Slimes","floor":4.0,"turns":2.0},{"damage":43.0,"enemies":"Gremlin Nob","floor":6.0,"turns":4.0},{"damage":12,"enemies":"Exordium Thugs","floor":7,"turns":3},{"damage":19,"enemies":"3 Sentries","floor":8,"turns":5}],"seed_played":"-8102267395701120802","potions_obtained":[{"floor":1.0,"key":"Strength Potion"},{"floor":2.0,"key":"EssenceOfSteel"},{"floor":6.0,"key":"BlessingOfTheForge"}],"is_trial":false,"path_per_floor":["M","M","$","M","?","E","M","E"],"character_chosen":"WATCHER","items_purchased":["AT_SpeedBoots"],"campfire_rested":0,"item_purchase_floors":[3],"current_hp_per_floor":[62,63,63,65,59,24,19,6,6],"gold":134,"neow_bonus":"THREE_ENEMY_KILL","is_daily":false,"chose_seed":false,"campfire_upgraded":0,"win_rate":0.0,"timestamp":1609101529,"path_taken":["M","M","$","M","?","E","?","E"],"items_purchased_type":["Relic"],"build_version":"2020-12-22","purchased_purges":1,"victory":false,"max_hp_per_floor":[68,68,68,68,68,68,68,68,68],"card_choices":[{"not_picked":["LikeWater","EmptyFist"],"picked":"Prostrate","floor":1.0},{"not_picked":["Nirvana","ThirdEye","SashWhip","Conclude"],"picked":"MostiFishMod:Speedup","floor":2.0},{"not_picked":["Sanctity","AT_OneInchPunch","CutThroughFate","MostiFishMod:LegendTransform","BattleHymn"],"picked":"SKIP","floor":4.0},{"not_picked":["ClearTheMind","Evaluate","Protect","Wireheading","FollowUp"],"picked":"SKIP","floor":6.0},{"not_picked":["CrushJoints","Halt","Fasting2","Evaluate","EmptyFist"],"picked":"SKIP","floor":7}],"player_experience":665860,"relics_obtained":[{"floor":1.0,"key":"SynthV:TestCard"},{"floor":6.0,"key":"AT_RabadonDeathcap"}],"event_choices":[{"damage_healed":0.0,"max_hp_gain":0.0,"max_hp_loss":0.0,"gold_gain":50.0,"event_name":"FaceTrader","player_choice":"Touch","floor":5.0,"gold_loss":0.0,"damage_taken":6.0}],"is_beta":false,"boss_relics":[],"items_purged_floors":[3],"is_endless":false,"potions_floor_spawned":[1,2,6],"killed_by":"3 Sentries","ascension_level":20}}