{"host":"adv1uqz3812gqgbw","time":1609039716,"event":{"mods":["Ascension Reborn","BaseMod","Better Note","Colored Powertips","Custom Start","Dio Mod","GifTheSpireLib","Hermit","Minty Spire (QoL Compilation)","Robot Space Explorer","StSLib","The Runesmith","Uncapped"],"gold_per_floor":[150,150,186,35,80,176,272,272,272,57,150,186,231,336,336,630,630,690,690,619,619,652,757,862,910,910,1012,515,590,683,767,767,1079,1079,1133,879,879,921,963,1065,911,956,956,1049,1049,1136,1211,1316,1316,1316],"floor_reached":51,"playtime":5888,"items_purged":["Anger+1","Clash+1"],"score":1664,"play_id":"dcdf4973-f92b-42b8-aae3-31861a116534","local_time":"20201227012836","daily_mods":["Diverse","Colorless Cards","Time Dilation","Flight","DeadlyEvents","Elite Swarm","Lethality","Midas"],"is_ascension_mode":false,"campfire_choices":[{"floor":15,"key":"REST"},{"data":"1","floor":49,"key":"LIFT"}],"circlet_count":0,"master_deck":["dioMod:TheWalk+1","dioMod:TheWalk+1","Dramatic Entrance+1","Crescendo+1","Adrenaline+1","Adrenaline+1","Clash+1","Limit Break+1","Limit Break+1","Inflame+1","Inflame+1","Seeing Red+1","Seeing Red+1","Flex+1","Flex+1","Deep Breath+1","Adaptation+1"],"relics":["Unceasing Top","RobotSpaceExplorer:BottledGravity","Bottled Flame","Bottled Lightning","Bottled Tornado","Vajra","Anchor","Oddly Smooth Stone","Charon\u0027s Ashes","Matryoshka","Runesmith:AutoHammer","Omamori","Coffee Dripper","Eternal Feather","Lizard Tail","Letter Opener","Pocketwatch","Frozen Egg 2","Singing Bowl","Strange Spoon","Runesmith:Locket","Strawberry","Meat on the Bone","Runic Cube","Membership Card","Bronze Scales","Girya","War Paint","Frozen Eye","Gremlin Horn","Ornamental Fan","Ice Cream","Toxic Egg 2","Self Forming Clay","Molten Egg 2"],"acts_visited":["Exordium","TheCity","TheBeyond"],"potions_floor_usage":[],"damage_taken":[{"damage":0,"enemies":"2 Louse","floor":1,"turns":1},{"damage":0,"enemies":"Cultist","floor":3,"turns":1},{"damage":0,"enemies":"Small Slimes","floor":5,"turns":1},{"damage":0,"enemies":"3 Sentries","floor":6,"turns":1},{"damage":0,"enemies":"Gremlin Nob","floor":7,"turns":1},{"damage":0,"enemies":"3 Sentries","floor":11,"turns":1},{"damage":0,"enemies":"3 Louse","floor":12,"turns":1},{"damage":0,"enemies":"Gremlin Gang","floor":13,"turns":1},{"damage":0,"enemies":"Lagavulin","floor":14,"turns":1},{"damage":0,"enemies":"Hexaghost","floor":16,"turns":1},{"damage":0,"enemies":"2 Thieves","floor":18,"turns":1},{"damage":0,"enemies":"Shell Parasite","floor":22,"turns":1},{"damage":0,"enemies":"Gremlin Leader","floor":23,"turns":1},{"damage":0,"enemies":"Book of Stabbing","floor":24,"turns":1},{"damage":0,"enemies":"Snecko","floor":25,"turns":1},{"damage":0,"enemies":"Slavers","floor":27,"turns":1},{"damage":0,"enemies":"Book of Stabbing","floor":29,"turns":1},{"damage":0,"enemies":"Gremlin Leader","floor":30,"turns":1},{"damage":0,"enemies":"Slavers","floor":31,"turns":1},{"damage":0,"enemies":"Collector","floor":33,"turns":1},{"damage":0,"enemies":"3 Darklings","floor":35,"turns":1},{"damage":0,"enemies":"Orb Walker","floor":38,"turns":1},{"damage":0,"enemies":"Sphere and 2 Shapes","floor":39,"turns":1},{"damage":0,"enemies":"Nemesis","floor":40,"turns":1},{"damage":0,"enemies":"Spire Growth","floor":42,"turns":1},{"damage":0,"enemies":"Reptomancer","floor":44,"turns":1},{"damage":0,"enemies":"Giant Head","floor":46,"turns":1},{"damage":0,"enemies":"Reptomancer","floor":47,"turns":1},{"damage":0,"enemies":"Giant Head","floor":48,"turns":1},{"damage":0,"enemies":"Awakened One","floor":50,"turns":2}],"seed_played":"-8920098010864159746","potions_obtained":[{"floor":2,"key":"HeartOfIron"},{"floor":2,"key":"Energy Potion"},{"floor":2,"key":"SneckoOil"},{"floor":3,"key":"SpeedPotion"},{"floor":14,"key":"ColorlessPotion"}],"is_trial":true,"path_per_floor":["M","?","M","$","M","E","E","?","T","$","E","M","M","E","R","B",null,"M","?","$","?","M","E","E","M","T","E","$","E","E","E","R","B",null,"M","$","?","M","M","E","$","M","T","E","?","E","E","E","R","B",null],"character_chosen":"IRONCLAD","items_purchased":["Anchor","Deep Breath","Swift Potion","LiquidMemories","Singing Bowl","Strange Spoon","Membership Card","Bronze Scales","Strength Potion","War Paint","Frozen Eye"],"campfire_rested":1,"item_purchase_floors":[4,10,10,20,28,28,36,36,36,41,41],"current_hp_per_floor":[80,80,80,80,80,80,80,80,80,80,80,80,80,80,80,80,80,80,80,80,80,80,80,80,80,80,80,80,82,91,93,93,95,95,97,97,97,99,101,103,103,105,105,107,102,104,106,108,108,108],"gold":1316,"neow_bonus":"","is_daily":false,"chose_seed":false,"campfire_upgraded":0,"win_rate":0.0,"timestamp":1609039716,"path_taken":["M","?","M","$","M","E","?","?","T","?","?","M","?","E","R","BOSS","M","?","$","?","?","E","E","?","T","E","?","E","E","?","R","BOSS","M","$","?","M","?","E","$","M","T","E","?","E","E","?","R","BOSS"],"items_purchased_type":["Relic","Card","Potion","Potion","Relic","Relic","Relic","Relic","Potion","Relic","Relic"],"build_version":"2020-12-22","purchased_purges":2,"victory":true,"max_hp_per_floor":[80,80,80,80,80,80,80,80,80,80,80,80,80,80,80,80,80,80,80,80,80,80,80,80,80,80,80,80,82,91,93,93,95,95,97,97,97,99,101,103,103,105,105,107,102,104,106,108,108,108],"card_choices":[{"not_picked":["ThirdEye","BattleHymn","Heavy Blade"],"picked":"SKIP","floor":1},{"not_picked":["RobotSpaceExplorer:Counterblock","Flex","Poisoned Stab"],"picked":"SKIP","floor":3},{"not_picked":["Flex","Runesmith:RuneHurl","Deadly Poison"],"picked":"SKIP","floor":5},{"not_picked":["hermit:HeroicBravado","Doppelganger","dioMod:PhantomBlood"],"picked":"SKIP","floor":6},{"not_picked":["Feed","Runesmith:CraftPrismatica","RobotSpaceExplorer:TrailblazerForm"],"picked":"SKIP","floor":7},{"not_picked":["dioMod:Regeneration","RobotSpaceExplorer:Scanner","Alpha"],"picked":"SKIP","floor":11},{"not_picked":["ForeignInfluence","Runesmith:UnstableHammer","hermit:Midnight"],"picked":"SKIP","floor":12},{"not_picked":["FlyingSleeves","Runesmith:ChiselStab","dioMod:TripleThreat"],"picked":"SKIP","floor":13},{"not_picked":["RobotSpaceExplorer:Autoloader","RobotSpaceExplorer:Wormhole","LessonLearned"],"picked":"SKIP","floor":14},{"not_picked":["hermit:Dive","Slice"],"picked":"Adaptation+1","floor":18},{"not_picked":["ClearTheMind","Capacitor+1","dioMod:CautiousMuda"],"picked":"SKIP","floor":22},{"not_picked":["RobotSpaceExplorer:ShockMissile","Reboot","Fission"],"picked":"SKIP","floor":23},{"not_picked":["Machine Learning","hermit:Purgatory","dioMod:GoldVial"],"picked":"SKIP","floor":24},{"not_picked":["Nirvana","Beam Cell","RobotSpaceExplorer:StunGrenade"],"picked":"SKIP","floor":25},{"not_picked":["hermit:BlackWind","Biased Cognition+1","Bludgeon"],"picked":"SKIP","floor":27},{"not_picked":["LessonLearned","hermit:Dissolve","Runesmith:ReplicatingBarrier+1"],"picked":"Singing Bowl","floor":29},{"not_picked":["HandOfGreed","Reboot","Rainbow"],"picked":"Singing Bowl","floor":30},{"not_picked":["dioMod:SevenPageMuda","Scrawl","Runesmith:LightningRod"],"picked":"Singing Bowl","floor":31},{"not_picked":["hermit:HeroicBravado","Unload","RobotSpaceExplorer:TrailblazerForm+1"],"picked":"Singing Bowl","floor":33},{"not_picked":["dioMod:Donut+1","Rampage+1","RobotSpaceExplorer:Probe"],"picked":"Singing Bowl","floor":35},{"not_picked":["Prostrate+1","hermit:Snipe+1","Runesmith:Grindstone+1"],"picked":"Singing Bowl","floor":38},{"not_picked":["Tempest+1","Poisoned Stab","Deflect+1"],"picked":"Singing Bowl","floor":39},{"not_picked":["Barricade+1","Violence","dioMod:RoadRoller"],"picked":"Singing Bowl","floor":40},{"not_picked":["dioMod:ComboFever+1","Runesmith:NegativeSpace","Prostrate+1"],"picked":"Singing Bowl","floor":42},{"not_picked":["Feed","Demon Form+1","Runesmith:LightningRod"],"picked":"Singing Bowl","floor":44},{"not_picked":["Multi-Cast+1","Unload","HandOfGreed"],"picked":"Singing Bowl","floor":46},{"not_picked":["RobotSpaceExplorer:Scanner+1","Secret Technique+1","Buffer+1"],"picked":"Singing Bowl","floor":47},{"not_picked":["Night Terror+1","Venomology+1","LessonLearned+1"],"picked":"Singing Bowl","floor":48}],"player_experience":322937,"relics_obtained":[{"floor":6,"key":"Oddly Smooth Stone"},{"floor":7,"key":"Charon\u0027s Ashes"},{"floor":9,"key":"Matryoshka"},{"floor":11,"key":"Runesmith:AutoHammer"},{"floor":14,"key":"Omamori"},{"floor":23,"key":"Eternal Feather"},{"floor":24,"key":"Lizard Tail"},{"floor":26,"key":"Letter Opener"},{"floor":26,"key":"Pocketwatch"},{"floor":27,"key":"Frozen Egg 2"},{"floor":29,"key":"Runesmith:Locket"},{"floor":30,"key":"Strawberry"},{"floor":31,"key":"Meat on the Bone"},{"floor":40,"key":"Girya"},{"floor":43,"key":"Gremlin Horn"},{"floor":43,"key":"Ornamental Fan"},{"floor":44,"key":"Ice Cream"},{"floor":46,"key":"Toxic Egg 2"},{"floor":47,"key":"Self Forming Clay"},{"floor":48,"key":"Molten Egg 2"}],"event_choices":[{"damage_healed":0,"gold_gain":0,"player_choice":"Got Potions","damage_taken":0,"max_hp_gain":0,"max_hp_loss":0,"event_name":"Lab","floor":2,"gold_loss":0},{"cards_removed":["Anger"],"damage_healed":0,"gold_gain":0,"player_choice":"Forget","damage_taken":0,"max_hp_gain":0,"max_hp_loss":0,"event_name":"Living Wall","floor":8,"gold_loss":0},{"damage_healed":0,"gold_gain":0,"player_choice":"Ignored","damage_taken":0,"max_hp_gain":0,"max_hp_loss":0,"event_name":"betterNote:BetterNote","floor":19,"gold_loss":0,"cards_obtained":["Double Energy"]},{"damage_healed":0,"gold_gain":0,"player_choice":"Ignored","damage_taken":0,"max_hp_gain":0,"max_hp_loss":0,"event_name":"Ghosts","floor":21,"gold_loss":0},{"cards_removed":["Dramatic Entrance"],"damage_healed":0,"gold_gain":0,"player_choice":"Removed Attack","damage_taken":0,"max_hp_gain":0,"max_hp_loss":0,"event_name":"Falling","floor":37,"gold_loss":0},{"damage_healed":0,"gold_gain":0,"player_choice":"Max HP","damage_taken":0,"max_hp_gain":0,"max_hp_loss":5,"event_name":"Winding Halls","floor":45,"gold_loss":0}],"is_beta":false,"boss_relics":[{"not_picked":["Runic Dome","Mark of Pain"],"picked":"Coffee Dripper"},{"not_picked":["Runesmith:UraniumAnvil","Snecko Eye"],"picked":"Runic Cube"}],"items_purged_floors":[10,28],"is_endless":false,"potions_floor_spawned":[3,6,14,16,22,25,27,33,38,39,46,47],"ascension_level":0}}