{"host":"agbyy69nq62afhwx","time":1609046161,"event":{"mods":["BaseMod","Colored Map","DeckTracker","Highlight Path","Keyboard Shortcuts","Minty Spire (QoL Compilation)","Quick Restart","StSLib","SuperFastMode","everything is the same but u backflip on backflip"],"gold_per_floor":[112,130,130,130,156,185,185,202,202,202,127,137,137,150,150,221,221,232,76,76,89,89,89,89,89,89,89,99,99,130,146,146,219,219,234,30,48,59,72,72,82,116,116,136,136,136,236,253,253,253],"floor_reached":51,"playtime":1736,"items_purged":["Strike_G","Strike_G"],"score":1292,"play_id":"2910c046-75e3-46cc-be64-0041cdc23fa6","local_time":"20201227141601","is_ascension_mode":true,"campfire_choices":[{"floor":7.0,"key":"REST"},{"data":"Finisher","floor":10.0,"key":"SMITH"},{"data":"Neutralize","floor":13.0,"key":"SMITH"},{"floor":15.0,"key":"REST"},{"floor":23.0,"key":"REST"},{"data":"Storm of Steel","floor":27.0,"key":"SMITH"},{"floor":29.0,"key":"REST"},{"floor":32.0,"key":"REST"},{"floor":40.0,"key":"REST"},{"data":"Calculated Gamble","floor":49,"key":"SMITH"}],"circlet_count":0,"master_deck":["AscendersBane","Strike_G","Strike_G","Defend_G","Defend_G","Defend_G","Defend_G","Defend_G","Survivor","Neutralize+1","Well Laid Plans+1","Finisher+1","Dash+1","Storm of Steel+1","Heel Hook+1","Skewer+1","Bullet Time","Backflip+1","Cloak And Dagger","Escape Plan","Blade Dance","Calculated Gamble+1","Doubt"],"relics":["Ring of the Snake","Molten Egg 2","Art of War","Shuriken","Ginger","SacredBark","Potion Belt","White Beast Statue","Omamori","Bottled Tornado","Calling Bell","Vajra","InkBottle","Ice Cream","StrikeDummy","Tough Bandages"],"acts_visited":["Exordium","TheCity","TheBeyond"],"potions_floor_usage":[42,48,50,50,50,50],"damage_taken":[{"damage":0.0,"enemies":"Small Slimes","floor":1.0,"turns":4.0},{"damage":0.0,"enemies":"2 Louse","floor":2.0,"turns":3.0},{"damage":16.0,"enemies":"Gremlin Nob","floor":6.0,"turns":3.0},{"damage":0.0,"enemies":"Jaw Worm","floor":8.0,"turns":4.0},{"damage":1.0,"enemies":"Exordium Thugs","floor":12.0,"turns":4.0},{"damage":0.0,"enemies":"Large Slime","floor":14.0,"turns":3.0},{"damage":41.0,"enemies":"Slime Boss","floor":16.0,"turns":13.0},{"damage":8.0,"enemies":"Chosen","floor":18.0,"turns":4.0},{"damage":7.0,"enemies":"3 Byrds","floor":21.0,"turns":4.0},{"damage":12.0,"enemies":"Gremlin Leader","floor":24.0,"turns":4.0},{"damage":41.0,"enemies":"Snake Plant","floor":28.0,"turns":6.0},{"damage":4.0,"enemies":"Slavers","floor":30.0,"turns":4.0},{"damage":0.0,"enemies":"Chosen and Byrds","floor":31.0,"turns":5.0},{"damage":35.0,"enemies":"Collector","floor":33.0,"turns":6.0},{"damage":5.0,"enemies":"3 Shapes","floor":35.0,"turns":7.0},{"damage":11.0,"enemies":"Orb Walker","floor":37.0,"turns":4.0},{"damage":12.0,"enemies":"Spire Growth","floor":38.0,"turns":4.0},{"damage":26.0,"enemies":"4 Shapes","floor":39.0,"turns":3.0},{"damage":25.0,"enemies":"Writhing Mass","floor":41.0,"turns":8.0},{"damage":0,"enemies":"Giant Head","floor":42,"turns":5},{"damage":1,"enemies":"Sphere and 2 Shapes","floor":44,"turns":6},{"damage":9,"enemies":"4 Shapes","floor":48,"turns":8},{"damage":49,"enemies":"Donu and Deca","floor":50,"turns":8}],"seed_played":"-7847744944258629643","potions_obtained":[{"floor":1.0,"key":"FearPotion"},{"floor":6.0,"key":"Fire Potion"},{"floor":12.0,"key":"AttackPotion"},{"floor":14.0,"key":"SmokeBomb"},{"floor":21.0,"key":"Dexterity Potion"},{"floor":28.0,"key":"DuplicationPotion"},{"floor":30.0,"key":"AttackPotion"},{"floor":31.0,"key":"AttackPotion"},{"floor":33.0,"key":"Fruit Juice"},{"floor":35.0,"key":"Dexterity Potion"},{"floor":37.0,"key":"CunningPotion"},{"floor":39.0,"key":"Poison Potion"},{"floor":41.0,"key":"CunningPotion"},{"floor":42,"key":"Energy Potion"},{"floor":44,"key":"Ancient Potion"},{"floor":48,"key":"SkillPotion"}],"is_trial":false,"path_per_floor":["M","M","?","?","T","E","R","M","T","R","$","M","R","M","R","B",null,"M","$","?","M","$","R","E","?","T","R","M","R","E","M","R","B",null,"M","$","M","M","M","R","M","E","T","M","?","?","?","M","R","B",null],"character_chosen":"THE_SILENT","items_purchased":["Potion Belt","Fire Potion","Cloak And Dagger"],"campfire_rested":6,"item_purchase_floors":[19,36,36],"current_hp_per_floor":[63,63,49,31,31,15,36,36,36,36,36,35,35,35,56,15,56,48,48,48,41,41,62,50,50,50,50,9,30,26,26,47,12,56,51,51,40,28,12,36,11,11,11,10,80,80,80,71,71,22],"gold":253,"neow_bonus":"THREE_CARDS","is_daily":false,"chose_seed":false,"campfire_upgraded":4,"win_rate":0.0,"timestamp":1609046161,"path_taken":["M","M","?","?","?","E","R","M","T","R","$","?","R","M","R","BOSS","M","$","?","M","$","R","E","?","T","R","?","R","E","M","R","BOSS","M","$","M","?","M","R","M","E","T","M","?","?","?","?","R","BOSS"],"items_purchased_type":["Relic","Potion","Card"],"build_version":"2020-12-22","purchased_purges":2,"victory":true,"max_hp_per_floor":[70,70,70,70,70,70,70,70,70,70,70,70,70,70,70,70,70,70,70,70,70,70,70,70,70,70,70,70,70,70,70,70,70,70,70,70,70,70,80,80,80,80,80,80,80,80,80,80,80,80],"card_choices":[{"not_picked":["Concentrate","Outmaneuver"],"picked":"Cloak And Dagger","floor":0.0},{"not_picked":["Distraction","Deflect"],"picked":"Well Laid Plans","floor":1.0},{"not_picked":["Outmaneuver","Bane"],"picked":"Finisher","floor":2.0},{"not_picked":["Backflip","PiercingWail"],"picked":"Dash+1","floor":6.0},{"not_picked":["Noxious Fumes","Underhanded Strike+1","Outmaneuver"],"picked":"SKIP","floor":8.0},{"not_picked":["Finisher+1","Bouncing Flask","Terror"],"picked":"SKIP","floor":12.0},{"not_picked":["Finisher+1","Bouncing Flask","Terror"],"picked":"SKIP","floor":12.0},{"not_picked":["Bouncing Flask","Bane+1","Outmaneuver"],"picked":"SKIP","floor":14.0},{"not_picked":["Die Die Die+1","Burst"],"picked":"Storm of Steel","floor":16.0},{"not_picked":["Deflect","Concentrate","Bane+1"],"picked":"SKIP","floor":18.0},{"not_picked":["Expertise","Riddle With Holes+1"],"picked":"Heel Hook+1","floor":21.0},{"not_picked":["Slice+1","Dagger Spray+1","Sucker Punch+1"],"picked":"SKIP","floor":28.0},{"not_picked":["Cloak And Dagger","Envenom"],"picked":"Skewer+1","floor":30.0},{"not_picked":["Choke+1","Underhanded Strike+1","Predator+1"],"picked":"SKIP","floor":31.0},{"not_picked":["Malaise","Doppelganger"],"picked":"Bullet Time","floor":33.0},{"not_picked":["Bane+1","Masterful Stab+1"],"picked":"Backflip+1","floor":35.0},{"not_picked":["Noxious Fumes","Flechettes+1"],"picked":"Escape Plan","floor":37.0},{"not_picked":["Outmaneuver+1","Dodge and Roll","Acrobatics+1"],"picked":"SKIP","floor":38.0},{"not_picked":["Underhanded Strike+1","Bane+1"],"picked":"Blade Dance","floor":39.0},{"not_picked":["All Out Attack+1","Choke+1","Finisher+1"],"picked":"SKIP","floor":41.0},{"not_picked":["Deflect","Flying Knee+1","Heel Hook+1"],"picked":"SKIP","floor":42},{"not_picked":["All Out Attack+1","Deadly Poison"],"picked":"Calculated Gamble","floor":44},{"not_picked":["Catalyst","Cloak And Dagger","Riddle With Holes+1"],"picked":"SKIP","floor":48}],"player_experience":383256,"relics_obtained":[{"floor":5.0,"key":"Art of War"},{"floor":6.0,"key":"Shuriken"},{"floor":9.0,"key":"Ginger"},{"floor":26.0,"key":"Omamori"},{"floor":30.0,"key":"Bottled Tornado"},{"floor":34.0,"key":"Vajra"},{"floor":34.0,"key":"InkBottle"},{"floor":34.0,"key":"Ice Cream"},{"floor":42,"key":"StrikeDummy"},{"floor":43,"key":"Tough Bandages"}],"event_choices":[{"damage_healed":0.0,"max_hp_gain":0.0,"max_hp_loss":0.0,"gold_gain":0.0,"event_name":"Shining Light","player_choice":"Entered Light","floor":3.0,"gold_loss":0.0,"damage_taken":14.0,"cards_upgraded":["Well Laid Plans","Cloak And Dagger"]},{"damage_healed":0.0,"max_hp_gain":0.0,"max_hp_loss":0.0,"gold_gain":0.0,"event_name":"Scrap Ooze","player_choice":"Success","floor":4.0,"gold_loss":0.0,"damage_taken":18.0,"relics_obtained":["Molten Egg 2"]},{"damage_healed":0.0,"max_hp_gain":0.0,"max_hp_loss":0.0,"gold_gain":0.0,"event_name":"The Mausoleum","player_choice":"Opened","floor":20.0,"gold_loss":0.0,"damage_taken":0.0,"relics_obtained":["White Beast Statue"]},{"cards_removed":["Strike_G"],"damage_healed":0.0,"max_hp_gain":0.0,"max_hp_loss":0.0,"gold_gain":0.0,"event_name":"Purifier","player_choice":"Purged","floor":25.0,"gold_loss":0.0,"damage_taken":0.0},{"damage_healed":70,"gold_gain":0,"player_choice":"Heal","damage_taken":0,"max_hp_gain":0,"max_hp_loss":0,"event_name":"MindBloom","floor":45,"gold_loss":0,"cards_obtained":["Doubt"]},{"cards_removed":["Cloak And Dagger"],"damage_healed":0,"gold_gain":0,"player_choice":"Removed Skill","damage_taken":0,"max_hp_gain":0,"max_hp_loss":0,"event_name":"Falling","floor":46,"gold_loss":0},{"damage_healed":0,"gold_gain":100,"player_choice":"Pray","damage_taken":0,"max_hp_gain":0,"max_hp_loss":0,"event_name":"Golden Shrine","floor":47,"gold_loss":0}],"is_beta":false,"boss_relics":[{"not_picked":["Black Star","Busted Crown"],"picked":"SacredBark"},{"not_picked":["Velvet Choker","Pandora\u0027s Box"],"picked":"Calling Bell"}],"items_purged_floors":[11,36],"is_endless":false,"potions_floor_spawned":[1,6,12,14,21,24,28,30,31,33,35,37,38,39,41,42,44,48],"ascension_level":13}}