{"host":"lgcfsflrbypvnipj","time":1609043899,"event":{"mods":["2.2 Compatiblity","BaseMod","Bestiary","Block Reminder","Colored Map","Colored Powertips","Hermit","Minty Spire (QoL Compilation)","Quick Restart","Rare Cards Sparkle","Relic Stats","StSLib","everything is the same but u backflip on backflip"],"gold_per_floor":[115,128,146,157,176,176,503,503,503,521,35,35,35,55,55,153,153,173,353,369,294,19,19,46,46,46,62,62,62,91,91,91,191,191,205,222,222,147,147,174,191,201,201,201,221,221,221,221],"floor_reached":47,"playtime":1458,"items_purged":["Defend_G"],"score":525,"play_id":"ad7a83f0-bc17-4027-a8b6-a735a75f847b","local_time":"20201226233819","is_ascension_mode":false,"campfire_choices":[{"data":"Terror","floor":6,"key":"SMITH"},{"data":"Skewer","floor":8,"key":"SMITH"},{"data":"Glass Knife","floor":12,"key":"SMITH"},{"data":"Bouncing Flask","floor":15,"key":"SMITH"},{"data":"Noxious Fumes","floor":23,"key":"SMITH"},{"floor":25,"key":"REST"},{"floor":32,"key":"REST"},{"floor":44,"key":"REST"},{"floor":46,"key":"REST"}],"circlet_count":0,"master_deck":["Strike_G","Strike_G","Defend_G","Defend_G","Defend_G","Survivor","Neutralize","Terror+1","Bouncing Flask+1","Backflip","Dash","Skewer+1","Dagger Spray","Glass Knife+1","Well Laid Plans","Sucker Punch","Malaise","Calculated Gamble","Noxious Fumes+1","Crippling Poison","Necronomicurse","Writhe","Die Die Die","Noxious Fumes+1"],"relics":["Ring of the Snake","NeowsBlessing","Old Coin","Gremlin Horn","Lee\u0027s Waffle","Paper Crane","Empty Cage","TwistedFunnel","Blood Vial","Unceasing Top","Necronomicon","Letter Opener","Toy Ornithopter","Sozu","Nunchaku","Frozen Egg 2"],"acts_visited":["Exordium","TheCity","TheBeyond"],"potions_floor_usage":[5,7,16,27,33],"damage_taken":[{"damage":0,"enemies":"Cultist","floor":1,"turns":1},{"damage":0,"enemies":"Jaw Worm","floor":2,"turns":1},{"damage":0,"enemies":"2 Louse","floor":3,"turns":1},{"damage":8,"enemies":"2 Fungi Beasts","floor":4,"turns":6},{"damage":1,"enemies":"Large Slime","floor":5,"turns":7},{"damage":12,"enemies":"3 Sentries","floor":7,"turns":9},{"damage":14,"enemies":"3 Louse","floor":10,"turns":3},{"damage":2,"enemies":"Red Slaver","floor":14,"turns":4},{"damage":27,"enemies":"Hexaghost","floor":16,"turns":6},{"damage":22,"enemies":"Spheric Guardian","floor":18,"turns":6},{"damage":1,"enemies":"Chosen","floor":20,"turns":4},{"damage":0,"enemies":"3 Cultists","floor":27,"turns":4},{"damage":2,"enemies":"Gremlin Leader","floor":30,"turns":4},{"damage":47,"enemies":"Automaton","floor":33,"turns":9},{"damage":0,"enemies":"Orb Walker","floor":35,"turns":3},{"damage":15,"enemies":"3 Darklings","floor":36,"turns":3},{"damage":39,"enemies":"Reptomancer","floor":40,"turns":6},{"damage":14,"enemies":"Maw","floor":41,"turns":7},{"damage":6,"enemies":"Writhing Mass","floor":42,"turns":6},{"damage":14,"enemies":"3 Darklings","floor":45,"turns":3},{"damage":45,"enemies":"Spire Growth","floor":47,"turns":5}],"seed_played":"6838534258884127483","potions_obtained":[{"floor":2,"key":"AttackPotion"},{"floor":3,"key":"DistilledChaos"},{"floor":10,"key":"SkillPotion"},{"floor":27,"key":"Block Potion"},{"floor":30,"key":"SteroidPotion"}],"is_trial":false,"path_per_floor":["M","M","M","M","M","R","E","R","T","M","$","R","$","M","R","B",null,"M","?","M","?","$","R","T","R","T","M","?","?","E","?","R","B",null,"M","M","?","$","?","E","M","M","T","R","M","R","M"],"character_chosen":"THE_SILENT","items_purchased":["Lee\u0027s Waffle","Paper Crane","Well Laid Plans","TwistedFunnel","Noxious Fumes","Fire Potion"],"campfire_rested":4,"item_purchase_floors":[11,11,11,22,22,22],"current_hp_per_floor":[70,70,70,62,61,61,49,49,49,35,77,77,77,75,75,48,77,55,36,35,35,35,35,35,58,58,60,60,44,44,44,67,27,77,77,62,62,62,62,25,13,9,9,32,20,43,0,0],"gold":221,"neow_bonus":"THREE_ENEMY_KILL","is_daily":false,"chose_seed":false,"campfire_upgraded":5,"win_rate":0.0,"timestamp":1609043899,"path_taken":["M","?","?","?","?","R","E","R","T","M","$","R","?","M","R","BOSS","M","?","?","?","$","R","?","R","T","?","?","?","E","?","R","BOSS","M","M","?","$","?","E","?","?","T","R","M","R","M"],"items_purchased_type":["Relic","Relic","Card","Relic","Card","Potion"],"build_version":"2020-12-22","purchased_purges":1,"victory":false,"max_hp_per_floor":[70,70,70,70,70,70,70,70,70,70,77,77,77,77,77,77,77,77,77,77,77,77,77,77,77,77,77,77,77,77,77,77,77,77,77,77,77,77,77,77,77,77,77,77,77,77,77,77],"relic_stats":{"Blood Vial":16,"Sozu":3,"Lee\u0027s Waffle":42,"Nunchaku":[3],"Gremlin Horn":[14,14],"counters":[21,98],"Necronomicon":[15],"Letter Opener":[17],"obtain_stats":[{"TwistedFunnel":22,"Lee\u0027s Waffle":11,"NeowsBlessing":0,"Gremlin Horn":9,"Letter Opener":30,"Paper Crane":11,"Frozen Egg 2":43,"Empty Cage":17,"Old Coin":7,"Blood Vial":24,"Sozu":34,"Nunchaku":40,"Necronomicon":29,"Unceasing Top":26,"Toy Ornithopter":31,"Ring of the Snake":0},{"TwistedFunnel":11,"Lee\u0027s Waffle":7,"NeowsBlessing":0,"Gremlin Horn":6,"Letter Opener":13,"Paper Crane":7,"Frozen Egg 2":19,"Empty Cage":9,"Old Coin":6,"Blood Vial":11,"Sozu":14,"Nunchaku":17,"Necronomicon":12,"Unceasing Top":11,"Toy Ornithopter":13,"Ring of the Snake":0},{"TwistedFunnel":48,"Lee\u0027s Waffle":28,"NeowsBlessing":0,"Gremlin Horn":25,"Letter Opener":56,"Paper Crane":28,"Frozen Egg 2":90,"Empty Cage":38,"Old Coin":25,"Blood Vial":48,"Sozu":65,"Nunchaku":77,"Necronomicon":52,"Unceasing Top":48,"Toy Ornithopter":56,"Ring of the Snake":0}],"Unceasing Top":[5],"Toy Ornithopter":5,"Ring of the Snake":[42]},"card_choices":[{"not_picked":["Slice","Backstab"],"picked":"Terror","floor":1},{"not_picked":["Blur","Dodge and Roll"],"picked":"Bouncing Flask","floor":2},{"not_picked":["Masterful Stab","Outmaneuver"],"picked":"Backflip","floor":3},{"not_picked":["Well Laid Plans","Tactician"],"picked":"Dash","floor":4},{"not_picked":["PiercingWail","Terror"],"picked":"Skewer","floor":5},{"not_picked":["Quick Slash","Dodge and Roll"],"picked":"Dagger Spray","floor":7},{"not_picked":["Dodge and Roll","Expertise"],"picked":"Glass Knife","floor":10},{"not_picked":["Outmaneuver","Heel Hook"],"picked":"Sucker Punch","floor":14},{"not_picked":["Envenom","Unload"],"picked":"Malaise","floor":16},{"not_picked":["Blade Dance","Sucker Punch","Backflip"],"picked":"SKIP","floor":18},{"not_picked":["Riddle With Holes","Slice"],"picked":"Calculated Gamble","floor":20},{"not_picked":["Choke+1","Poisoned Stab"],"picked":"Crippling Poison","floor":27},{"not_picked":["Finisher","Poisoned Stab","Underhanded Strike"],"picked":"SKIP","floor":30},{"not_picked":["Doppelganger","Bullet Time"],"picked":"Die Die Die","floor":33},{"not_picked":["Blade Dance+1","Backstab+1"],"picked":"Noxious Fumes+1","floor":35},{"not_picked":["Heel Hook+1","Blade Dance","Outmaneuver"],"picked":"SKIP","floor":36},{"not_picked":["Malaise","Tactician+1","After Image"],"picked":"SKIP","floor":40},{"not_picked":["Sucker Punch","Outmaneuver","Distraction"],"picked":"SKIP","floor":41},{"not_picked":["Deadly Poison","Dodge and Roll","Masterful Stab+1"],"picked":"SKIP","floor":42},{"not_picked":["Well Laid Plans+1","Sucker Punch+1","Eviscerate"],"picked":"SKIP","floor":45}],"player_experience":1985,"relics_obtained":[{"floor":7,"key":"Old Coin"},{"floor":9,"key":"Gremlin Horn"},{"floor":24,"key":"Blood Vial"},{"floor":26,"key":"Unceasing Top"},{"floor":29,"key":"Necronomicon"},{"floor":30,"key":"Letter Opener"},{"floor":40,"key":"Nunchaku"},{"floor":43,"key":"Frozen Egg 2"}],"event_choices":[{"damage_healed":0,"gold_gain":180,"player_choice":"GOLD GOLD ","damage_taken":19,"max_hp_gain":0,"max_hp_loss":0,"event_name":"Knowing Skull","floor":19,"potions_obtained":[],"gold_loss":0,"cards_obtained":[]},{"cards_removed":["Strike_G"],"damage_healed":0,"gold_gain":0,"player_choice":"Gave Gold","damage_taken":0,"max_hp_gain":0,"max_hp_loss":0,"event_name":"Beggar","floor":21,"gold_loss":75},{"damage_healed":0,"gold_gain":0,"player_choice":"Obtained Book","damage_taken":16,"max_hp_gain":0,"max_hp_loss":0,"event_name":"Cursed Tome","floor":29,"gold_loss":0},{"damage_healed":0,"gold_gain":0,"player_choice":"Opened","damage_taken":0,"relics_obtained":["Toy Ornithopter"],"max_hp_gain":0,"max_hp_loss":0,"event_name":"The Mausoleum","floor":31,"gold_loss":0,"cards_obtained":["Writhe"]},{"damage_healed":0,"gold_gain":0,"player_choice":"Ignored","damage_taken":0,"max_hp_gain":0,"max_hp_loss":0,"event_name":"Tomb of Lord Red Mask","floor":37,"gold_loss":0},{"cards_removed":["Defend_G"],"damage_healed":0,"gold_gain":0,"player_choice":"Offered Basic","damage_taken":0,"max_hp_gain":0,"max_hp_loss":0,"event_name":"Bonfire Elementals","floor":39,"gold_loss":0}],"is_beta":false,"boss_relics":[{"not_picked":["Coffee Dripper","Busted Crown"],"picked":"Empty Cage"},{"not_picked":["Runic Pyramid","Philosopher\u0027s Stone"],"picked":"Sozu"}],"items_purged_floors":[38],"is_endless":false,"potions_floor_spawned":[2,3,10,27,30,35,42,45],"killed_by":"Spire Growth","ascension_level":0}}