{"host":"uvcf8ie4svzjsj3l","time":1609041323,"event":{"mods":["2.2 Compatiblity","AchievementEnabler","Act Like it!","Aspiration","Astrologer","Bard","BaseMod","Beaked The Cultist","Better Third Choice","BetterRewards","CapriCore","ChefMod","Clockwork Mod","Conspire","Friendly Minions","Gensokyo","Halation","Hallownest","Hermit","HololiveMod","Hubris","Infinite Spire","Jorbs\u0027s Wanderer Trilogy","Key Reminder","Luminous","Mad Scientist","Marisa????????","Minty Spire (QoL Compilation)","Pale of the Ancients","Potionbrewer","Quick Restart","Random Character Mod","Remilia??????","Replay The Spire","Shade Mod","Somnambulant","Spicy Shops","StSLib","The Accelerator","The Administrix","The Animator","The Blackbeard","The Bug Knight","The Clintock","The Construct","The Cursed","The Disciple","The Elementalist","The Florist","The Forsaken","The Gatherer","The Hayseed","The Hierophant","The Immortal","The Judge","The Juggle","The Mystic","The Necromancer","The Poker Player","The Problem Sleuth","The Runesmith","The Sage","The Senshi","The Servant 0.9.4","The Spell Scribe","The Valiant","The Vixen","The Wild Card","TheArtist","TheBandit","TheFirefly","TheHero","TheVelvet","thorton"],"gold_per_floor":[109,0,15,15,28,39,72,72,72,72,107,107,118,148,148,244,244,259,272,272,272,291,322,374,374,453,343,377,287,307,322,322,427,427,439,439,457,307,307,319,353,353,353,173,191,191,40,40,40,40,40,40,40,68,68,68],"floor_reached":55,"playtime":21615,"items_purged":[],"score":730,"play_id":"dc3e14bd-794a-4f5c-855b-ad5995042d42","local_time":"20201226215523","is_ascension_mode":false,"campfire_choices":[{"floor":8.0,"key":"RECALL"},{"data":"Enlightenment","floor":10.0,"key":"SMITH"},{"floor":12.0,"key":"REST"},{"floor":15.0,"key":"REST"},{"data":"theForsaken:TearsOfSunlight","floor":25.0,"key":"SMITH"},{"floor":32.0,"key":"DIG"},{"data":"theForsaken:WrathOfGod+1","floor":46,"key":"SMITH"},{"data":"theForsaken:WrathOfGod+2","floor":49,"key":"SMITH"},{"data":"theForsaken:WrathOfGod+3","floor":52,"key":"SMITH"}],"circlet_count":1,"master_deck":["theForsaken:TheForsaken_Strike+1","theForsaken:TheForsaken_Strike","theForsaken:TheForsaken_Strike","theForsaken:TheForsaken_Strike","theForsaken:TheForsaken_Defend","theForsaken:TheForsaken_Defend","theForsaken:TheForsaken_Defend","theForsaken:TheForsaken_Defend","theForsaken:Smite","theForsaken:Penitence","theForsaken:Eulogy","Enlightenment+1","theForsaken:WordsOfMight","theForsaken:MagicWeapon","theForsaken:InspiringBlow","theForsaken:WordsOfMight","theForsaken:RainingSunlight","theForsaken:TearsOfSunlight+1","theForsaken:WordsOfMight","theForsaken:WrathOfGod+4","theForsaken:Temperance","theForsaken:DefensiveStance+1","theForsaken:HymnOfRest","hubris:Rewind"],"relics":["theForsaken:JudgementScales","infinitespire:ShieldingShard","halation:PromiseList","Replay:Wax Seal","Hololive_ChaosS","Anchor","aspiration:HummingbirdHeart","construct:BoolHorns","theForsaken:Gavel","Circlet","Hallownest:SoulVesselRelic","Frozen Egg 2","aspiration:EmptySkull","halation:VictoryRuler","Hallownest:StagBellStandRelic","potionbrewer:Torch","infinitespire:WardingShard"],"acts_visited":["Exordium","Hallownest:CityofTears","Hallownest:KingdomsEdge","TheEnding"],"potions_floor_usage":[55,55],"damage_taken":[{"damage":1.0,"enemies":"2 Louse","floor":1.0,"turns":3.0},{"damage":6.0,"enemies":"Cultist","floor":3.0,"turns":4.0},{"damage":1.0,"enemies":"Small Slimes","floor":5.0,"turns":7.0},{"damage":4.0,"enemies":"3 Louse","floor":6.0,"turns":5.0},{"damage":18.0,"enemies":"Lagavulin","floor":7.0,"turns":7.0},{"damage":45.0,"enemies":"3 Sentries","floor":11.0,"turns":11.0},{"damage":9.0,"enemies":"Large Slime","floor":13.0,"turns":8.0},{"damage":19.0,"enemies":"Lagavulin","floor":14.0,"turns":9.0},{"damage":39.0,"enemies":"Hexaghost","floor":16.0,"turns":13.0},{"damage":38.0,"enemies":"Hallownest:3_Youths","floor":18.0,"turns":10.0},{"damage":15.0,"enemies":"Hallownest:Flukemon_and_Top","floor":19.0,"turns":8.0},{"damage":24.0,"enemies":"Hallownest:Warrior_and_Youth","floor":22.0,"turns":9.0},{"damage":119.0,"enemies":"Nightmare","floor":23.0,"turns":16.0},{"damage":38.0,"enemies":"Hallownest:Glutton_and_Coward","floor":24.0,"turns":13.0},{"damage":97.0,"enemies":"Hallownest:eliteWatcherKnight","floor":28.0,"turns":17.0},{"damage":9.0,"enemies":"Hallownest:Master_and_Novice","floor":30.0,"turns":8.0},{"damage":29.0,"enemies":"Hallownest:Warrior_and_Youth","floor":31.0,"turns":8.0},{"damage":110.0,"enemies":"Hallownest:BossMantisLord","floor":33.0,"turns":11.0},{"damage":46,"enemies":"Hallownest:Shield_Heavy","floor":35,"turns":8},{"damage":61,"enemies":"Hallownest:2_Littles","floor":37,"turns":11},{"damage":26,"enemies":"Hallownest:Shield_Sturdy","floor":40,"turns":9},{"damage":96,"enemies":"Hallownest:StalkingDevout","floor":41,"turns":19},{"damage":7,"enemies":"Hallownest:2_Great","floor":45,"turns":8},{"damage":39,"enemies":"Hallownest:Radiance","floor":50,"turns":15},{"damage":11,"enemies":"Shield and Spear","floor":54,"turns":6},{"damage":128,"enemies":"The Heart","floor":55,"turns":9}],"seed_played":"8245944825408983652","potions_obtained":[{"floor":6.0,"key":"Elixir"},{"floor":14.0,"key":"ColorlessPotion"},{"floor":16.0,"key":"AttackPotion"},{"floor":18.0,"key":"potionbrewer:BlacksmithPotion"},{"floor":23.0,"key":"potionbrewer:BoundlessPotion"},{"floor":30.0,"key":"potionbrewer:BoundlessPotion"},{"floor":33.0,"key":"Dexterity Potion"},{"floor":40,"key":"conspire:TimeTravelPotion"}],"is_trial":false,"path_per_floor":["M","?","M","?","M","M","E","R","T","R","E","R","M","E","R","B",null,"M","M","?","AVR","M","NM","M","R","T","$","E","?","M","M","R","B",null,"M","?","M","?","T","M","E","AVR","T","?","M","R","$","$","R","B",null,"R","$","E","B"],"character_chosen":"THE_FORSAKEN","items_purchased":["theForsaken:FearPotion","potionbrewer:Torch"],"campfire_rested":2,"item_purchase_floors":[27,47],"current_hp_per_floor":[70,76,72,72,74,70,58,58,58,58,16,39,38,22,45,12,77,74,62,62,62,77,26,77,77,77,77,77,77,77,73,73,26,77,36,51,77,77,77,69,56,56,56,56,77,77,77,77,77,77,77,77,77,77,0,0],"gold":68,"neow_bonus":"TEN_PERCENT_HP_BONUS","is_daily":false,"chose_seed":false,"campfire_upgraded":5,"win_rate":0.0,"timestamp":1609041323,"path_taken":["M","?","M","?","?","M","E","R","T","R","E","R","M","E","R","BOSS","M","M","?","AVR","M","NM","M","R","T","$","E","?","M","M","R","BOSS","M","?","?","?","?","M","E","AVR","T","?","M","R","?","$","R","BOSS","R","$","E","BOSS"],"items_purchased_type":["Potion","Relic"],"build_version":"2020-12-22","purchased_purges":0,"victory":false,"max_hp_per_floor":[71,77,77,77,77,77,77,77,77,77,77,77,77,77,77,77,77,77,77,77,77,77,77,77,77,77,77,77,77,77,77,77,77,77,77,77,77,77,77,77,77,77,77,77,77,77,77,77,77,77,77,77,77,77,77,77],"card_choices":[{"not_picked":["theForsaken:LightRoll","theForsaken:Devotion"],"picked":"theForsaken:Eulogy","floor":1.0},{"not_picked":["theForsaken:Preservation","theForsaken:BountifulSunlight"],"picked":"theForsaken:WordsOfMight","floor":3.0},{"not_picked":["theForsaken:Preservation","theForsaken:ChargeAttack"],"picked":"theForsaken:MagicWeapon","floor":5.0},{"not_picked":["theForsaken:Enfeeble","theForsaken:HorrifyingStrike"],"picked":"theForsaken:InspiringBlow","floor":6.0},{"not_picked":["theForsaken:CorruptDeck","theForsaken:Eulogy"],"picked":"theForsaken:WordsOfMight","floor":7.0},{"not_picked":["theForsaken:AncientWords","theForsaken:DarkBargain"],"picked":"theForsaken:RainingSunlight","floor":11.0},{"not_picked":["theForsaken:Parry","theForsaken:HymnOfPatience","theForsaken:BlindFaith"],"picked":"SKIP","floor":13.0},{"not_picked":["theForsaken:BottledPlague","theForsaken:Enfeeble","theForsaken:Eulogy"],"picked":"SKIP","floor":14.0},{"not_picked":["theForsaken:SacrificeSoul","theForsaken:Purification"],"picked":"theForsaken:TearsOfSunlight","floor":16.0},{"not_picked":["theForsaken:RainingSunlight","theForsaken:CorruptedWord","theForsaken:QuickAttack"],"picked":"SKIP","floor":18.0},{"not_picked":["theForsaken:WordsOfPestilence+1","theForsaken:ShieldBash"],"picked":"theForsaken:WordsOfMight","floor":19.0},{"not_picked":["theForsaken:QuickAttack+1","theForsaken:Backlash","theForsaken:Parry"],"picked":"SKIP","floor":22.0},{"not_picked":["theForsaken:DarkRift","theForsaken:FatRoll"],"picked":"theForsaken:WrathOfGod+1","floor":23.0},{"not_picked":["theForsaken:StoreUp","theForsaken:NobleSacrifice","theForsaken:BattleHymn"],"picked":"SKIP","floor":24.0},{"not_picked":["theForsaken:Eulogy","theForsaken:Parry","theForsaken:BlightOfFamine"],"picked":"SKIP","floor":28.0},{"not_picked":["theForsaken:Backlash+1","theForsaken:HymnOfPatience","theForsaken:NobleSacrifice"],"picked":"SKIP","floor":30.0},{"not_picked":["theForsaken:ScorchingSunlight","theForsaken:HymnOfPatience+1","theForsaken:PowerUp"],"picked":"SKIP","floor":31.0},{"not_picked":["theForsaken:DivineGuidance","theForsaken:Purification"],"picked":"theForsaken:Temperance","floor":33.0},{"not_picked":["theForsaken:BlindFaith+1","theForsaken:DarkBargain","theForsaken:RainingSunlight+1"],"picked":"SKIP","floor":35},{"not_picked":["theForsaken:HymnOfPatience+1","theForsaken:Bolster+1"],"picked":"theForsaken:DefensiveStance+1","floor":37},{"not_picked":["theForsaken:QuickAttack","theForsaken:PowerUp+1","theForsaken:BattleHymn"],"picked":"SKIP","floor":40},{"not_picked":["theForsaken:WrathOfGod","theForsaken:BindingThorns"],"picked":"theForsaken:HymnOfRest","floor":41},{"not_picked":["theForsaken:Backlash+1","theForsaken:Eulogy","theForsaken:RainingSunlight+1"],"picked":"SKIP","floor":45},{"not_picked":["theForsaken:BountifulSunlight+1","theForsaken:PreciseStrike+1","theForsaken:HorrifyingStrike+1"],"picked":"SKIP","floor":54}],"player_experience":587769,"relics_obtained":[{"floor":7.0,"key":"infinitespire:ShieldingShard"},{"floor":11.0,"key":"halation:PromiseList"},{"floor":14.0,"key":"Replay:Wax Seal"},{"floor":23.0,"key":"Anchor"},{"floor":26.0,"key":"aspiration:HummingbirdHeart"},{"floor":28.0,"key":"construct:BoolHorns"},{"floor":32.0,"key":"theForsaken:Gavel"},{"floor":39,"key":"Frozen Egg 2"},{"floor":41,"key":"aspiration:EmptySkull"},{"floor":43,"key":"halation:VictoryRuler"},{"floor":54,"key":"infinitespire:WardingShard"}],"event_choices":[{"damage_healed":0.0,"max_hp_gain":0.0,"max_hp_loss":0.0,"gold_gain":0.0,"event_name":"betterThird:BetterSerpent","player_choice":"RENOUNCE","floor":2.0,"gold_loss":109.0,"damage_taken":109.0,"cards_obtained":["Enlightenment"]},{"damage_healed":0.0,"max_hp_gain":0.0,"max_hp_loss":0.0,"gold_gain":0.0,"event_name":"Transmorgrifier","player_choice":"Ignored","floor":4.0,"gold_loss":0.0,"damage_taken":0.0}],"is_beta":false,"boss_relics":[{"not_picked":["halation:ForbiddenBikini","Pandora\u0027s Box"],"picked":"Hololive_ChaosS"},{"not_picked":["Circlet","hubris:CrackedHourglass"],"picked":"Circlet"}],"items_purged_floors":[],"is_endless":false,"potions_floor_spawned":[6,14,16,18,23,30,33,40,54],"killed_by":"The Heart","ascension_level":0}}