{"host":"c9wjytal7yz6nwo6","time":1609031514,"event":{"mods":["AchievementEnabler","BaseMod","Bestiary","Colored Map","Curses Come First","Downfall","Highlight Path","Minty Spire (QoL Compilation)","Quick Restart","StSLib","SuperFastMode","The Dragon Tamer"],"gold_per_floor":[14,34,48,68,88,88,34,34,34,49,64,96,96,26,26,130,130,145,145,157,174,184,184,211,211,211,226,226,260,260,32,32,32,32],"floor_reached":33,"playtime":2135,"items_purged":["Decay"],"score":289,"play_id":"8ef3877b-2cbe-4d18-8370-bd0530265319","local_time":"20201226191154","is_ascension_mode":false,"campfire_choices":[{"data":"Anger","floor":6.0,"key":"SMITH"},{"data":"Armaments","floor":8.0,"key":"SMITH"},{"data":"Inflame","floor":13.0,"key":"SMITH"},{"data":"Inflame","floor":15.0,"key":"SMITH"},{"data":"Limit Break","floor":23.0,"key":"SMITH"},{"data":"Demon Form","floor":25.0,"key":"SMITH"},{"floor":32.0,"key":"REST"}],"circlet_count":0,"master_deck":["Strike_R","Strike_R","Strike_R","Strike_R","Strike_R","Defend_R","Defend_R","Defend_R","Defend_R","Bash","Thunderclap","Anger+1","Headbutt","Rage","Dropkick","Armaments+1","Headbutt","Warcry","Inflame+1","Inflame+1","Limit Break+1","Shrug It Off","Clothesline","Heavy Blade","Demon Form+1","Iron Wave"],"relics":["Burning Blood","TungstenRod","Matryoshka","InkBottle","Cursed Key","Meat on the Bone","Bag of Preparation","Sundial","Ornamental Fan","Anchor"],"acts_visited":["Exordium","TheCity"],"potions_floor_usage":[],"damage_taken":[{"damage":1.0,"enemies":"Jaw Worm","floor":1.0,"turns":4.0},{"damage":6.0,"enemies":"Small Slimes","floor":2.0,"turns":5.0},{"damage":0.0,"enemies":"Cultist","floor":3.0,"turns":2.0},{"damage":0.0,"enemies":"Gremlin Gang","floor":4.0,"turns":3.0},{"damage":4.0,"enemies":"Looter","floor":5.0,"turns":4.0},{"damage":13.0,"enemies":"Large Slime","floor":10.0,"turns":5.0},{"damage":7.0,"enemies":"2 Fungi Beasts","floor":11.0,"turns":3.0},{"damage":21.0,"enemies":"3 Sentries","floor":12.0,"turns":8.0},{"damage":21.0,"enemies":"Hexaghost","floor":16.0,"turns":7.0},{"damage":4.0,"enemies":"Spheric Guardian","floor":18.0,"turns":3.0},{"damage":15.0,"enemies":"Shell Parasite","floor":20.0,"turns":4.0},{"damage":12.0,"enemies":"3 Cultists","floor":21.0,"turns":6.0},{"damage":21.0,"enemies":"Sentry and Sphere","floor":22.0,"turns":4.0},{"damage":11.0,"enemies":"Book of Stabbing","floor":24.0,"turns":4.0},{"damage":23.0,"enemies":"Chosen and Byrds","floor":27.0,"turns":6.0},{"damage":53.0,"enemies":"Gremlin Leader","floor":29.0,"turns":6.0},{"damage":57,"enemies":"Collector","floor":33,"turns":5}],"seed_played":"-592603082902400824","potions_obtained":[{"floor":2.0,"key":"PowerPotion"},{"floor":3.0,"key":"Regen Potion"},{"floor":5.0,"key":"DistilledChaos"},{"floor":22.0,"key":"SkillPotion"},{"floor":27.0,"key":"FairyPotion"},{"floor":29.0,"key":"FearPotion"}],"is_trial":false,"path_per_floor":["M","M","M","M","M","R","$","R","T","M","M","E","R","$","R","B",null,"M","?","M","M","M","R","E","R","T","M","?","E","?","$","R","B"],"character_chosen":"IRONCLAD","items_purchased":["Armaments","Inflame","Anchor"],"campfire_rested":1,"item_purchase_floors":[7,14,31],"current_hp_per_floor":[80,80,80,80,80,80,80,80,80,73,72,57,57,57,57,42,80,80,80,71,65,62,62,57,57,57,52,52,42,28,28,53,0,0],"gold":32,"neow_bonus":"ONE_RARE_RELIC","is_daily":false,"chose_seed":false,"campfire_upgraded":6,"win_rate":0.0,"timestamp":1609031514,"path_taken":["M","M","M","M","M","R","$","R","T","M","M","E","R","$","R","BOSS","M","?","M","M","M","R","E","R","T","M","?","E","?","?","R","BOSS"],"items_purchased_type":["Card","Card","Relic"],"build_version":"2020-12-22","purchased_purges":1,"victory":false,"max_hp_per_floor":[80,80,80,80,80,80,80,80,80,80,80,80,80,80,80,80,80,80,80,80,80,80,80,80,80,80,80,80,80,85,85,85,85,85],"card_choices":[{"not_picked":["Twin Strike","Burning Pact"],"picked":"Thunderclap","floor":1.0},{"not_picked":["Clothesline","Twin Strike"],"picked":"Anger","floor":2.0},{"not_picked":["Heavy Blade","Reckless Charge"],"picked":"Headbutt","floor":3.0},{"not_picked":["Warcry","Twin Strike"],"picked":"Rage","floor":4.0},{"not_picked":["Battle Trance","Pummel"],"picked":"Dropkick","floor":5.0},{"not_picked":["Searing Blow","Fire Breathing"],"picked":"Headbutt","floor":10.0},{"not_picked":["Perfected Strike","Headbutt"],"picked":"Warcry","floor":11.0},{"not_picked":["Hemokinesis","Twin Strike"],"picked":"Inflame","floor":12.0},{"not_picked":["Demon Form","Offering"],"picked":"Limit Break","floor":16.0},{"not_picked":["Battle Trance","Disarm+1","Rupture"],"picked":"SKIP","floor":18.0},{"not_picked":["Feel No Pain","Perfected Strike"],"picked":"Shrug It Off","floor":20.0},{"not_picked":["Armaments","Pummel"],"picked":"Clothesline","floor":21.0},{"not_picked":["Headbutt","Entrench"],"picked":"Heavy Blade","floor":22.0},{"not_picked":["Carnage","Rupture"],"picked":"Demon Form","floor":24.0},{"not_picked":["Headbutt+1","True Grit"],"picked":"Iron Wave","floor":27.0},{"not_picked":["Dropkick","Shrug It Off","Dark Embrace"],"picked":"SKIP","floor":29.0}],"player_experience":10371,"relics_obtained":[{"floor":9.0,"key":"Matryoshka"},{"floor":12.0,"key":"InkBottle"},{"floor":24.0,"key":"Meat on the Bone"},{"floor":26.0,"key":"Bag of Preparation"},{"floor":26.0,"key":"Sundial"},{"floor":29.0,"key":"Ornamental Fan"}],"event_choices":[{"damage_healed":0.0,"max_hp_gain":0.0,"max_hp_loss":0.0,"gold_gain":0.0,"event_name":"Vampires","player_choice":"Ignored","floor":19.0,"gold_loss":0.0,"damage_taken":0.0},{"damage_healed":0.0,"max_hp_gain":0.0,"max_hp_loss":0.0,"gold_gain":0.0,"event_name":"Ghosts","player_choice":"Ignored","floor":28.0,"gold_loss":0.0,"damage_taken":0.0},{"damage_healed":0.0,"max_hp_gain":5.0,"max_hp_loss":0.0,"gold_gain":0.0,"event_name":"Forgotten Altar","player_choice":"Shed Blood","floor":30.0,"gold_loss":0.0,"damage_taken":20.0}],"is_beta":false,"boss_relics":[{"not_picked":["Velvet Choker","Calling Bell"],"picked":"Cursed Key"}],"items_purged_floors":[31],"is_endless":false,"potions_floor_spawned":[2,3,5,12,22,27,29],"killed_by":"Collector","ascension_level":0}}