{"host":"a8e22eeig7taq50e","time":1609055216,"event":{"mods":["2.2 Compatiblity","Act Like it!","BaseMod","BetterRewards","Colored Powertips","Custom Start","Gensokyo","Minty Spire (QoL Compilation)","Permanent Neow","Replay The Spire","Spicy Shops","StSLib","SuperFastMode","The Animator"],"gold_per_floor":[360,382,400,79,6,48,48,66,66,112,112,128,46,56,56,160,185,202,218,233,592,631,631,631,641,742,758,118,134,134,134],"floor_reached":30,"playtime":1402,"items_purged":[],"score":282,"play_id":"1d90d5c1-a35e-4364-98f1-e9af8739b0ae","local_time":"20201227164656","is_ascension_mode":true,"campfire_choices":[{"data":"animator:Hibiki","floor":7,"key":"SMITH"},{"floor":11,"key":"REST"},{"data":"animator:Aqua","floor":15,"key":"SMITH"},{"floor":23,"key":"REST"}],"circlet_count":0,"master_deck":["animator:Strike_Konosuba","animator:Defend_Konosuba","animator:Strike","animator:Strike","animator:Strike","animator:Defend","animator:Defend","animator:Defend","animator:Kazuma","animator:Aqua+1","Decay","animator:RoyMustang","animator:Verdia","animator:Demiurge","animator:YunYun","animator:Hibiki+1","animator:FielNirvalen","animator:Greed","animator:Vesta","animator:DolaSchwi","animator:Megumin+5","animator:NarberalGamma","animator:Gilgamesh+6","animator:Aqua","animator:Mitsurugi+1","animator:Chomusuke","Gensokyo:Kunekune","animator:ItamiYouji","animator:YunYun","Gensokyo:TekeTeke","Gensokyo:BlemishedSteel","Gensokyo:Shovel","Gensokyo:TarnishedGold","Gensokyo:ScrapIron"],"relics":["animator:LivingPicture","animator:TheMissingPiece","animator:PurgingStone","Red Skull","animator:OldCoffin","Pantograph","Pondfish Scales","Mark of Pain","Old Coin","animator:CursedGlyph","ReplayTheSpireMod:Shallot","animator:CerealBox","TwistedFunnel"],"acts_visited":["Gensokyo:Gensokyo","Gensokyo:Gensokyoer"],"potions_floor_usage":[10,14,16],"damage_taken":[{"damage":7.0,"enemies":"Gensokyo:3_Fairies","floor":1.0,"turns":6.0},{"damage":4.0,"enemies":"Gensokyo:2_Kodama","floor":2.0,"turns":7.0},{"damage":1.0,"enemies":"Gensokyo:Python","floor":3.0,"turns":5.0},{"damage":10,"enemies":"Gensokyo:Mamizou","floor":6,"turns":6},{"damage":9,"enemies":"Gensokyo:Gryphon_and_Rabbit","floor":8,"turns":4},{"damage":31,"enemies":"Gensokyo:Aya","floor":10,"turns":6},{"damage":5,"enemies":"Gensokyo:VengefulSpirit","floor":12,"turns":5},{"damage":0,"enemies":"Gensokyo:LivingMonolith","floor":14,"turns":3},{"damage":6,"enemies":"Gensokyo:Yukari","floor":16,"turns":9},{"damage":2,"enemies":"Gensokyo:2_Gloops","floor":18,"turns":4},{"damage":10,"enemies":"Gensokyo:CosmicMonolith","floor":19,"turns":4},{"damage":23,"enemies":"Gensokyo:Wraith","floor":20,"turns":6},{"damage":27,"enemies":"Gensokyo:Chomper_and_Gloop","floor":22,"turns":6},{"damage":41,"enemies":"Gensokyo:Slime_Group","floor":25,"turns":5},{"damage":0,"enemies":"Gensokyo:Wraith","floor":27,"turns":2},{"damage":2,"enemies":"Gensokyo:Swordslinger","floor":29,"turns":4},{"damage":0,"enemies":"Gensokyo:Slime_Group","floor":30,"turns":1}],"seed_played":"-7877708924698057211","potions_obtained":[{"floor":1.0,"key":"Reflective Coating"},{"floor":6,"key":"Venom Potion"},{"floor":8,"key":"Venom Potion"},{"floor":12,"key":"Fire Potion"},{"floor":27,"key":"Elixir"}],"is_trial":false,"path_per_floor":["M","M","M","$","COS","E","R","M","T","E","R","M","$","M","R","B",null,"M","M","M","?","M","R","?","M","T","M","COS","M","M"],"character_chosen":"THE_ANIMATOR","items_purchased":["animator:YunYun","animator:Hibiki","animator:Megumin"],"campfire_rested":2,"item_purchase_floors":[4,4,13],"current_hp_per_floor":[61,59,60,60,60,52,52,45,45,16,35,33,33,35,35,57,67,67,62,44,45,23,42,42,6,6,8,8,8,8,8],"gold":134,"neow_bonus":"TWO_FIFTY_GOLD","is_daily":false,"chose_seed":false,"campfire_upgraded":2,"win_rate":0.0,"timestamp":1609055216,"path_taken":["M","?","M","?","COS","E","R","M","T","E","R","M","?","?","R","BOSS","M","M","M","?","?","R","?","?","T","M","COS","?","M"],"items_purchased_type":["Card","Card","Card"],"build_version":"2020-12-22","purchased_purges":0,"victory":false,"max_hp_per_floor":[66,66,66,66,66,66,66,66,66,66,66,67,67,67,67,67,67,67,67,67,68,64,64,58,58,58,58,58,58,58,58],"card_choices":[{"not_picked":["animator:ElricAlphonse","animator:Chung"],"picked":"animator:RoyMustang","floor":1.0},{"not_picked":["animator:Jibril","animator:DolaSchwi"],"picked":"animator:Verdia","floor":2.0},{"not_picked":["animator:Ara","animator:ChaikaBohdan"],"picked":"animator:Demiurge","floor":3.0},{"not_picked":["animator:ChlammyZell","animator:Jibril"],"picked":"animator:FielNirvalen","floor":6},{"not_picked":["animator:Millim","animator:DolaRiku"],"picked":"animator:Greed","floor":8},{"not_picked":["animator:Tyuule","animator:MaesHughes"],"picked":"animator:Vesta","floor":10},{"not_picked":["animator:Raven","animator:Arpeggio"],"picked":"animator:DolaSchwi","floor":12},{"not_picked":["animator:Evileye","animator:Entoma"],"picked":"animator:NarberalGamma","floor":14},{"not_picked":["animator:Hans","animator:Albedo"],"picked":"animator:Gilgamesh","floor":16},{"not_picked":["animator:PandorasActor","animator:Shion"],"picked":"animator:Aqua","floor":18},{"not_picked":["animator:RoryMercury","animator:AcuraAkari","animator:Millim"],"picked":"SKIP","floor":19},{"not_picked":["animator:Ara","animator:MaesHughes","animator:AcuraTooru"],"picked":"SKIP","floor":20},{"not_picked":["animator:Assassin","animator:YunYun"],"picked":"animator:Mitsurugi+1","floor":21},{"not_picked":["animator:Darkness","animator:Aqua"],"picked":"animator:Chomusuke","floor":22},{"not_picked":["Gensokyo:MissMary","Gensokyo:SlitMouthedWoman"],"picked":"Gensokyo:Kunekune","floor":24},{"not_picked":["animator:Ciel","animator:YaoHaDucy"],"picked":"animator:ItamiYouji","floor":25},{"not_picked":["animator:Arpeggio","animator:Aqua"],"picked":"animator:YunYun","floor":27},{"not_picked":["animator:Ain","animator:Add","animator:Kuribayashi"],"picked":"SKIP","floor":29}],"player_experience":548430,"relics_obtained":[{"floor":6,"key":"Red Skull"},{"floor":9,"key":"animator:OldCoffin"},{"floor":10,"key":"Pantograph"},{"floor":21,"key":"Old Coin"},{"floor":22,"key":"animator:CursedGlyph"},{"floor":26,"key":"ReplayTheSpireMod:Shallot"}],"event_choices":[],"is_beta":false,"boss_relics":[{"not_picked":["animator:CursedBlade","Kintsugi"],"picked":"Mark of Pain"}],"items_purged_floors":[],"is_endless":false,"potions_floor_spawned":[1,6,8,12,27],"killed_by":"Gensokyo:Slime_Group","ascension_level":1}}