{"host":"scy0o1xotfn36lpl","time":1609103422,"event":{"mods":["AchievementEnabler","Aspiration","BaseMod","Better Altar","Better Note","Better Sensory Stone","Better Skull","Better Third Choice","Colored Map","Curses Come First","Downfall","GifTheSpireLib","Googly Eyes","Highlight Path","Minty Spire (QoL Compilation)","Permanent Neow","Replay The Spire","Spicy Shops","StSLib","everything is the same but u backflip on backflip"],"gold_per_floor":[115,37,48,48,67,93,93,113,113,113,113,113,113,124,124,229,229,241,241,241,254,273,305,319,319,344,144,144,67,67,67,67,165,165,176,0,0,0,0,0,27,46,46,46,46],"floor_reached":44,"playtime":3422,"items_purged":[],"score":477,"play_id":"0202c92d-9cfc-4ddb-b9a5-62dda1648445","local_time":"20201227131022","is_ascension_mode":false,"campfire_choices":[{"floor":7,"key":"REST"},{"floor":15,"key":"REST"},{"data":"Double Energy","floor":25,"key":"SMITH"},{"data":"Dualcast","floor":28,"key":"SMITH"},{"data":"Shame","floor":32,"key":"PURGE"},{"data":"Rainbow","floor":40,"key":"SMITH"}],"circlet_count":0,"master_deck":["Strike_B","Strike_B","Strike_B","Strike_B","Defend_B","Defend_B","Defend_B","Zap","Dualcast+1","Auto Shields","Conserve Battery","Defragment","ReplayRNGCard","Gash","Rainbow+1","Gash","Steam","Double Energy+1","Gash","Melter+1","Amplify","Beam Cell","Midas Touch","Transmutation","Melter+1"],"relics":["Cracked Core","aspiration:Nostalgia","PureWater","TheAbacus","Onion Ring","PreservedInsect","Iron Hammer","Replay:Rubber Ducky","NlothsMask","Replay:Ancient Bell","Anchor","ReplayTheSpireMod:Ninjato","Peace Pipe","aspiration:FetidBarrel","Toy Ornithopter","ReplayTheSpireMod:TigerMarble","Darkstone Periapt","Inserter","Red Mask","Question Card","aspiration:Lifesprig","Bottled Flame"],"acts_visited":["Exordium","TheCity","TheBeyond"],"potions_floor_usage":[16,16,33,33,33],"damage_taken":[{"damage":6,"enemies":"Cultist","floor":1,"turns":3},{"damage":1,"enemies":"Jaw Worm","floor":3,"turns":4},{"damage":10,"enemies":"Small Slimes","floor":5,"turns":2},{"damage":26,"enemies":"Lagavulin","floor":6,"turns":8},{"damage":3,"enemies":"2 Fungi Beasts","floor":8,"turns":3},{"damage":0,"enemies":"3 Louse","floor":14,"turns":3},{"damage":57,"enemies":"Fading Forest","floor":16,"turns":11},{"damage":19,"enemies":"Shell Parasite","floor":18,"turns":7},{"damage":0,"enemies":"Spheric Guardian","floor":21,"turns":3},{"damage":0,"enemies":"Snake Plant","floor":22,"turns":2},{"damage":11,"enemies":"Slavers","floor":23,"turns":4},{"damage":4,"enemies":"Centurion and Healer","floor":24,"turns":9},{"damage":50,"enemies":"Automaton","floor":33,"turns":8},{"damage":28,"enemies":"3 Shapes","floor":35,"turns":5},{"damage":7,"enemies":"R_Hoarder","floor":41,"turns":8},{"damage":60,"enemies":"3 Darklings","floor":42,"turns":7},{"damage":7,"enemies":"Transient","floor":44,"turns":3}],"seed_played":"-8020407735308816794","potions_obtained":[{"floor":3,"key":"SteroidPotion"},{"floor":5,"key":"LifebloodPotion"},{"floor":14,"key":"Dexterity Potion"},{"floor":16,"key":"Strength Potion"},{"floor":18,"key":"Explosive Potion"},{"floor":22,"key":"LiquidBronze"},{"floor":41,"key":"EssenceOfSteel"}],"is_trial":false,"path_per_floor":["M","$","M","T","M","E","R","M","T","T","?","$","?","M","R","B",null,"M","?","?","M","M","E","M","R","T","$","R","$","?","?","R","B",null,"M","?","?","?","T","R","E","M","T","M"],"character_chosen":"DEFECT","items_purchased":["TheAbacus","ReplayTheSpireMod:TigerMarble","Gash","Melter"],"campfire_rested":2,"item_purchase_floors":[2,27,27,29],"current_hp_per_floor":[69,69,68,68,58,32,54,51,51,51,44,44,44,44,66,25,75,56,56,56,56,56,45,41,41,41,41,41,41,41,47,47,12,81,53,53,53,61,61,61,62,2,2,0,0],"gold":46,"neow_bonus":"NOSTALGIA","is_daily":false,"chose_seed":false,"campfire_upgraded":3,"win_rate":0.0,"timestamp":1609103422,"path_taken":["M","?","M","?","M","E","R","M","T","?","?","$","?","?","R","BOSS","M","?","?","M","?","E","M","R","T","$","R","$","?","?","R","BOSS","M","?","?","?","?","R","E","M","T","M"],"items_purchased_type":["Relic","Relic","Card","Card"],"build_version":"2020-12-22","purchased_purges":0,"victory":false,"max_hp_per_floor":[75,75,75,75,75,75,75,75,75,75,75,75,75,75,75,75,75,75,75,75,75,75,75,75,75,75,75,75,75,75,81,81,81,81,81,81,81,81,81,81,81,81,81,81,81],"card_choices":[{"not_picked":["Compile Driver","Panic Button"],"picked":"Auto Shields","floor":1},{"not_picked":["Sweeping Beam","Go for the Eyes"],"picked":"Conserve Battery","floor":3},{"not_picked":["Leap","Hologram","Barrage"],"picked":"SKIP","floor":5},{"not_picked":["Coolheaded","Auto Shields"],"picked":"Defragment","floor":6},{"not_picked":["Go for the Eyes","Blizzard"],"picked":"ReplayRNGCard","floor":8},{"not_picked":["Coolheaded","Go for the Eyes"],"picked":"Gash","floor":14},{"not_picked":["Fission","Seek"],"picked":"Rainbow","floor":16},{"not_picked":["Looming Evil","AbeCurse"],"picked":"Slimebound:Icky","floor":17},{"not_picked":["ReplayTheSpireMod:IOU","Pain"],"picked":"Delirium","floor":17},{"not_picked":["AbeCurse","CurseOfTheBell"],"picked":"Sickly","floor":17},{"not_picked":["Ball Lightning","White Noise"],"picked":"Gash","floor":18},{"not_picked":["Streamline+1","ReplayGash"],"picked":"Steam","floor":21},{"not_picked":["BasicCrystalCard","Hologram","Skim"],"picked":"SKIP","floor":22},{"not_picked":["Conserve Battery+1","Force Field+1"],"picked":"Double Energy","floor":23},{"not_picked":["Machine Learning","Loop+1","Hologram+1"],"picked":"SKIP","floor":24},{"not_picked":["Creative AI","Fission"],"picked":"Amplify","floor":33},{"not_picked":["Reinforced Body","Streamline+1"],"picked":"Beam Cell","floor":35},{"not_picked":["Replay:SS_forest_2","Replay:Parry"],"picked":"Midas Touch","floor":37},{"not_picked":["Replay:Sssssssssshield","Replay:SS_hec_2"],"picked":"Transmutation","floor":37},{"not_picked":["ReplayTheSpireMod:Repulse+1","BasicCrystalCard","Time Bomb+1"],"picked":"Melter+1","floor":41},{"not_picked":["Panic Button+1","Redo+1","Leap+1","Compile Driver"],"picked":"SKIP","floor":42}],"player_experience":28212,"relics_obtained":[{"floor":4,"key":"Onion Ring"},{"floor":6,"key":"PreservedInsect"},{"floor":9,"key":"Iron Hammer"},{"floor":10,"key":"Replay:Rubber Ducky"},{"floor":23,"key":"Toy Ornithopter"},{"floor":39,"key":"Question Card"},{"floor":41,"key":"aspiration:Lifesprig"},{"floor":43,"key":"Bottled Flame"}],"event_choices":[{"cards_removed":["Defend_B"],"damage_healed":0,"gold_gain":0,"player_choice":"Card Removal","damage_taken":7,"max_hp_gain":0,"max_hp_loss":0,"event_name":"Golden Wing","floor":11,"gold_loss":0},{"damage_healed":0,"gold_gain":0,"player_choice":"Trade","damage_taken":0,"relics_obtained":["NlothsMask"],"max_hp_gain":0,"max_hp_loss":0,"event_name":"FaceTrader","floor":13,"gold_loss":0},{"cards_removed":["Sickly","Delirium","Slimebound:Icky"],"damage_healed":0,"gold_gain":0,"player_choice":"Removed Curses","damage_taken":0,"max_hp_gain":0,"max_hp_loss":0,"event_name":"Fountain of Cleansing","floor":19,"gold_loss":0},{"damage_healed":0,"gold_gain":0,"player_choice":"Gave Potion","damage_taken":0,"relics_obtained":["aspiration:FetidBarrel"],"max_hp_gain":0,"max_hp_loss":0,"event_name":"WeMeetAgain","floor":20,"gold_loss":0},{"damage_healed":0,"gold_gain":0,"player_choice":"Upgraded","damage_taken":0,"max_hp_gain":0,"max_hp_loss":0,"event_name":"Upgrade Shrine","floor":30,"gold_loss":0,"cards_upgraded":["Melter"]},{"damage_healed":0,"gold_gain":0,"player_choice":"Stole Relic","damage_taken":0,"relics_obtained":["Darkstone Periapt"],"max_hp_gain":0,"max_hp_loss":0,"event_name":"Addict","floor":31,"gold_loss":0,"cards_obtained":["Shame"]},{"damage_healed":0,"gold_gain":0,"player_choice":"Paid","damage_taken":0,"relics_obtained":["Red Mask"],"max_hp_gain":0,"max_hp_loss":0,"event_name":"Tomb of Lord Red Mask","floor":36,"gold_loss":176},{"damage_healed":0,"gold_gain":3,"player_choice":"1","damage_taken":0,"max_hp_gain":0,"max_hp_loss":0,"event_name":"betterStone:BetterStone","floor":37,"gold_loss":0}],"is_beta":false,"boss_relics":[{"not_picked":["aspiration:IroncladSkillbook","Replay:Grab Bag"],"picked":"Replay:Ancient Bell"},{"not_picked":["Bag of Preparation","MawBank"],"picked":"Anchor"},{"not_picked":["aspiration:StickyExplosives_weak","Mercury Hourglass"],"picked":"ReplayTheSpireMod:Ninjato"},{"not_picked":["aspiration:MysteriousAuxiliaryCore","Unceasing Top"],"picked":"Peace Pipe"},{"not_picked":["Runic Dome","aspiration:PoetsPen_weak"],"picked":"Inserter"}],"items_purged_floors":[],"is_endless":false,"potions_floor_spawned":[3,5,14,16,18,22,41],"killed_by":"Transient","ascension_level":0}}