{"host":"z9grmtg2w0nmz8n1","time":1609042997,"event":{"mods":["Aspiration","Bard","BaseMod","Beaked The Cultist","Better Altar","Better Match","Better Note","Better Sensory Stone","Better Skull","Better Third Choice","BetterRewards","CCEM","Colored Map","Conspire","Downfall","GifTheSpireLib","Googly Eyes","Halation","Hermit","Highlight Path","Hubris","Hunter ??","Jedi Mod","Jorbs\u0027s Wanderer Trilogy","Mad Scientist","Marisa????????","Minty Spire (QoL Compilation)","Permanent Neow","Replay The Spire","Shade Mod","Shop Mod","Spicy Shops","StSLib","Stuff the Spire","The Bug Knight","The Construct","The Necromancer","The Runesmith","The Witch"],"gold_per_floor":[113,131,151,151,169,204,204,23,47,65,65,79,79,79],"floor_reached":13,"playtime":546,"items_purged":["Strike_G"],"score":91,"play_id":"f0615877-d902-4390-b8d4-686a457bb438","local_time":"20201227022317","is_ascension_mode":true,"campfire_choices":[{"floor":7,"key":"RECALL"},{"data":"Noxious Fumes","floor":11,"key":"SMITH"}],"circlet_count":0,"master_deck":["Strike_G","Strike_G","Strike_G","Strike_G","Defend_G","Defend_G","Defend_G","Defend_G","Defend_G","Survivor","Neutralize+1","Prepared","Underhanded Strike","Regret","Prepared","Underhanded Strike","Noxious Fumes+1","ReplayTheSpireMod:Speed Training","Noxious Fumes"],"relics":["Ring of the Snake","Gremlin Horn","StuffTheSpire:WitherSkull"],"acts_visited":["Exordium"],"potions_floor_usage":[6,6],"damage_taken":[{"damage":1,"enemies":"Cultist","floor":1,"turns":4},{"damage":0,"enemies":"Jaw Worm","floor":2,"turns":5},{"damage":2,"enemies":"Small Slimes","floor":3,"turns":4},{"damage":0,"enemies":"Gremlin Gang","floor":5,"turns":6},{"damage":23,"enemies":"Lagavulin","floor":6,"turns":6},{"damage":0,"enemies":"Blue Slaver","floor":10,"turns":4},{"damage":0,"enemies":"Red Slaver","floor":12,"turns":3},{"damage":54,"enemies":"Gremlin Nob","floor":13,"turns":4}],"seed_played":"6505329633212432813","potions_obtained":[{"floor":1,"key":"Adrenaline Potion"},{"floor":3,"key":"PowerPotion"}],"is_trial":false,"path_per_floor":["M","M","M","?","M","E","R","$","T","M","R","M","E"],"character_chosen":"THE_SILENT","items_purchased":["Noxious Fumes","ReplayTheSpireMod:Speed Training"],"campfire_rested":0,"item_purchase_floors":[8,8],"current_hp_per_floor":[69,69,67,67,67,44,44,44,44,44,44,44,0,0],"gold":79,"neow_bonus":"UPGRADE_CARD","is_daily":false,"chose_seed":false,"campfire_upgraded":1,"win_rate":0.0,"timestamp":1609042997,"path_taken":["M","M","?","?","M","E","R","$","T","M","R","M","E"],"items_purchased_type":["Card","Card"],"build_version":"2020-12-22","purchased_purges":1,"victory":false,"max_hp_per_floor":[70,70,70,70,70,70,70,70,70,70,70,70,70,70],"card_choices":[{"not_picked":["StuffTheSpire:BumpUp","Riddle With Holes"],"picked":"Prepared","floor":1},{"not_picked":["Sucker Punch","jedi:pocketpoison"],"picked":"Underhanded Strike","floor":2},{"not_picked":["Sucker Punch","Acrobatics","Bullet Time"],"picked":"SKIP","floor":3},{"not_picked":["Slice","Infinite Blades"],"picked":"Prepared","floor":5},{"not_picked":["Bane","StuffTheSpire:BumpUp"],"picked":"Underhanded Strike","floor":6},{"not_picked":["Bane","Sucker Punch","Dagger Throw"],"picked":"SKIP","floor":10},{"not_picked":["ReplayTheSpireMod:Speed Training","Sucker Punch"],"picked":"Noxious Fumes","floor":12}],"player_experience":720875,"relics_obtained":[{"floor":6,"key":"StuffTheSpire:WitherSkull"}],"event_choices":[{"damage_healed":0,"gold_gain":0,"player_choice":"Box","damage_taken":0,"relics_obtained":["Gremlin Horn"],"max_hp_gain":0,"max_hp_loss":0,"event_name":"Big Fish","floor":4,"gold_loss":0,"cards_obtained":["Regret"]}],"is_beta":false,"boss_relics":[],"items_purged_floors":[8],"is_endless":false,"potions_floor_spawned":[1,3],"killed_by":"Gremlin Nob","ascension_level":1}}