{"host":"pe0zhl1vvtkxuc0p","time":1609057069,"event":{"mods":["A Magickal Journey","AchievementEnabler","Act Like it!","Aspiration","BaseMod","Card Forge","Challenge The Spire","Chen","Colored Powertips","Conspire","Curses Come First","GifTheSpireLib","Glutton Mod","Gremlin Mod","Hubris","Hunter 猎人","KinomotoSakuraMod(木之本樱)","LagranYue(拉格朗・月)","Luminous","Minty Spire (QoL Compilation)","Pale of the Ancients","Quick Restart","Relic Filter","Replay The Spire","Shop Mod","Spikes Relics","StSLib","SuperFastMode","Td1madao Mod","The Clintock","The Cursed","The Death Knight","The Dragon Tamer","The Druid","The Factory","The Florist","The Hayseed","The Hierophant","The Jungle","The Mystic","The Necromancer","The Sage","残留之物"],"gold_per_floor":[118,133,133,133,157,197,222,222,222,222,222,252,335,335,358,385,385,514,514,541,541,541,541,574,622,622,631,640,679,679,725,1107,1184,1184,1414,1441,1577,1183,1334,1334,881,881,881,881,890,1048,1048,1214,1388,1460,1460,1460,1528,1606,1606,1050,1050,1098,1098,801,801,801],"floor_reached":63,"playtime":6337,"items_purged":["TheCursedMod:Defend_TheCursed","TheSimpletonMod:Frostbite","Notoriety","TheSimpletonMod:Gnats"],"score":1606,"play_id":"08dc2d47-ad4c-42b0-a25a-086b0cea4c4d","local_time":"20201227161749","is_ascension_mode":false,"campfire_choices":[{"floor":8.0,"key":"REST"},{"data":"TheCursedMod:NeowsMight","floor":14.0,"key":"SMITH"},{"data":"TheCursedMod:PrepareRite","floor":17.0,"key":"SMITH"},{"floor":26.0,"key":"REST"},{"data":"TheCursedMod:AntiAging","floor":30.0,"key":"SMITH"},{"data":"TheCursedMod:CursedStaff","floor":34.0,"key":"SMITH"},{"data":"TheCursedMod:ManaCirculation","floor":42.0,"key":"SMITH"},{"data":"TheCursedMod:HellfireBreathing","floor":44.0,"key":"SMITH"},{"floor":47.0,"key":"REST"},{"floor":57.0,"key":"REST"},{"floor":59.0,"key":"REST"}],"circlet_count":0,"master_deck":["TheCursedMod:Strike_TheCursed","TheCursedMod:Strike_TheCursed","TheCursedMod:Strike_TheCursed","TheCursedMod:Strike_TheCursed","TheCursedMod:Defend_TheCursed","TheCursedMod:Defend_TheCursed","TheCursedMod:Defend_TheCursed","TheCursedMod:CursedWand","TheCursedMod:CleanUpWorkshop","TheCursedMod:Dregs","TheCursedMod:AbyssShockwave","TheCursedMod:FleshFromBone","Injury","TheCursedMod:PrepareRite+1","TheCursedMod:CursedBlade","TheCursedMod:NeowsMight+1","TheCursedMod:Wield","TheCursedMod:LuckyCharm+1","TheCursedMod:RapidMovement","TheCursedMod:ShockAndAwe+1","TheCursedMod:CircleOfCorruption+1","TheCursedMod:WearCloak","TheCursedMod:AntiAging+1","TheCursedMod:SoulCrush","TheCursedMod:CursedStaff+1","TheCursedMod:Neurasthenia+1","TheCursedMod:ReleasedStrength+1","TheCursedMod:ManaCirculation+1","hubris:Greed","hubris:Greed","hubris:Greed","TheCursedMod:RavingStaff","TheCursedMod:HellfireBreathing+1","TheCursedMod:Obscuration+1","TheCursedMod:BlessingInDisguise+1","TheCursedMod:DarkBarrier+1","Clumsy","TheCursedMod:CursedShiv+1","TheCursedMod:CircleOfBlood+1","TheCursedMod:CursedMace+1","TheCursedMod:TacticalStrike+1","TheCursedMod:DarkBarrier+1","ReplayTheSpireMod:Brewmster","TheCursedMod:ManaBullet","TheCursedMod:SoulReap+1"],"relics":["TheCursedMod:BlackMagic101","Hammer of Thor","Seething Fire","Anvil of the Gods","LagranYue:RandomDrawCardRelic","NeowsBlessing","Golden Idol","hubris:Icosahedron","CeramicFish","PlaceholderMod:SoulofChaos","Blue Candle","Cursed Key","Nloth\u0027s Gift","PreservedInsect","Quantum Egg","Toxic Egg 2","Old Coin","Replay:Ancient Bell","Centennial Puzzle","SpikesRelics:ToyHorsey","SuspiciousGoo","ReplayTheSpireMod:Lightbulb","hubris:Towel","Membership Card","Bottled Tornado","Garlic","Mummified Hand","PlaceholderMod:DaolothFragment","conspire:GlowingRock","paleoftheancients:Timepiece","paleoftheancients:KeyRelic","CultistMask","paleoftheancients:SoulOfTheIroncluck","Lizard Tail","DollysMirror","Bottled Flame","Bag of Marbles","hubris:SlimyHat","TheAbacus"],"acts_visited":["Exordium","TheCity","TheCity","theFactory:Factory"],"potions_floor_usage":[62,62,62,62,62,62,62,62,62,62],"damage_taken":[{"damage":0.0,"enemies":"Cultist","floor":1.0,"turns":1.0},{"damage":0.0,"enemies":"2 Louse","floor":2.0,"turns":1.0},{"damage":0.0,"enemies":"Small Slimes","floor":5.0,"turns":1.0},{"damage":29.0,"enemies":"Lagavulin","floor":6.0,"turns":8.0},{"damage":2.0,"enemies":"Looter","floor":7.0,"turns":3.0},{"damage":2.0,"enemies":"Exordium Wildlife","floor":12.0,"turns":2.0},{"damage":9.0,"enemies":"Gremlin Nob","floor":13.0,"turns":3.0},{"damage":0.0,"enemies":"2 Fungi Beasts","floor":15.0,"turns":2.0},{"damage":28.0,"enemies":"Hexaghost","floor":18.0,"turns":15.0},{"damage":0.0,"enemies":"Spheric Guardian","floor":20.0,"turns":3.0},{"damage":20.0,"enemies":"2 Thieves","floor":24.0,"turns":3.0},{"damage":20.0,"enemies":"Slavers","floor":25.0,"turns":6.0},{"damage":0.0,"enemies":"3 Cultists","floor":29.0,"turns":4.0},{"damage":1.0,"enemies":"Cultist and Chosen","floor":31.0,"turns":3.0},{"damage":2.0,"enemies":"Gremlin Leader","floor":32.0,"turns":5.0},{"damage":2.0,"enemies":"Snake Plant","floor":33.0,"turns":4.0},{"damage":68.0,"enemies":"hubris:MusketHawk","floor":35.0,"turns":10.0},{"damage":3.0,"enemies":"theFactory:4_Mini-Bots","floor":37.0,"turns":6.0},{"damage":3.0,"enemies":"theFactory:BigBot","floor":39.0,"turns":3.0},{"damage":31.0,"enemies":"theFactory:SmogElemental","floor":46.0,"turns":6.0},{"damage":2.0,"enemies":"theFactory:DrinkBrewer","floor":48.0,"turns":6.0},{"damage":16.0,"enemies":"theFactory:DefectiveSentry","floor":49.0,"turns":7.0},{"damage":13.0,"enemies":"theFactory:6_Mini-Bots","floor":50.0,"turns":2.0},{"damage":41.0,"enemies":"theFactory:Guardian2","floor":52.0,"turns":12.0},{"damage":22.0,"enemies":"theFactory:Guardian2","floor":53.0,"turns":12.0},{"damage":78.0,"enemies":"theFactory:Guardian2","floor":54.0,"turns":5.0},{"damage":90.0,"enemies":"theFactory:Guardian2","floor":58.0,"turns":9.0},{"damage":207,"enemies":"paleoftheancients:N","floor":62,"turns":9}],"seed_played":"-3114777673683060426","potions_obtained":[{"floor":5.0,"key":"conspire:TimeTravelPotion"},{"floor":6.0,"key":"Elixir"},{"floor":15.0,"key":"Reflective Coating"},{"floor":20.0,"key":"TheCursedMod:DregsPotion"},{"floor":29.0,"key":"Strength Potion"},{"floor":32.0,"key":"Toxic Potion"},{"floor":35.0,"key":"Swift Potion"},{"floor":39.0,"key":"BlessingOfTheForge"},{"floor":48.0,"key":"Regen Potion"},{"floor":51.0,"key":"SmokeBomb"},{"floor":51.0,"key":"TheCursedMod:DregsPotion"},{"floor":54.0,"key":"Milkshake"}],"is_trial":false,"path_per_floor":["M","M","?","?","M","E","M","R","T","PTL","PTL","M","?","R","M","T","R","B",null,"M","?","?","?","M","E","R","T","T","M","R","M","E","M","R","B",null,"M","$","M","?","$","R","?","R","T","E","R","E","M","M","R","B","M","M","?","$","R","M","R","$","?","B",null],"character_chosen":"THE_CURSED","items_purchased":["Fruit Juice","ReplayTheSpireMod:Lightbulb","TheCursedMod:HellfireBreathing","Membership Card","Bottled Tornado","Garlic","Lizard Tail","DollysMirror","ReplayTheSpireMod:Brewmster","Strength Potion","Explosive Potion","Bottled Flame","TheCursedMod:ManaBullet","Bag of Marbles","hubris:SlimyHat","TheAbacus"],"campfire_rested":5,"item_purchase_floors":[38,38,38,41,41,41,56,56,56,56,56,56,56,60,60,60],"current_hp_per_floor":[75,75,75,75,75,46,44,66,66,66,66,64,58,58,78,81,81,53,81,81,59,62,65,68,48,75,78,78,83,83,82,80,81,81,16,107,107,112,109,112,112,112,115,115,115,84,120,118,110,97,97,127,116,49,52,52,92,17,58,58,58,140],"gold":801,"neow_bonus":"THREE_ENEMY_KILL","is_daily":false,"chose_seed":false,"campfire_upgraded":6,"win_rate":0.0,"timestamp":1609057069,"path_taken":["M","?","?","?","M","E","M","R","T","PTL","PTL","M","?","R","M","?","R","BOSS","M","?","?","?","?","E","R","?","T","?","R","M","E","M","R","BOSS","M","$","M","?","$","R","?","R","T","E","R","E","M","M","R","BOSS","M","M","?","$","R","M","R","$","?","BOSS"],"items_purchased_type":["Potion","Relic","Card","Relic","Relic","Relic","Relic","Relic","Card","Potion","Potion","Relic","Card","Relic","Relic","Relic"],"build_version":"2020-12-22","purchased_purges":4,"victory":true,"max_hp_per_floor":[75,75,75,75,75,75,75,75,75,75,75,75,78,78,78,81,81,81,81,81,84,87,90,93,93,93,96,96,101,101,101,101,104,104,107,107,110,115,115,118,118,118,121,121,121,121,121,121,124,124,124,127,130,133,136,136,136,139,139,139,139,142],"card_choices":[{"not_picked":["TheCursedMod:CursedMace","TheCursedMod:BloodBarrier"],"picked":"TheCursedMod:AbyssShockwave","floor":1.0},{"not_picked":["TheCursedMod:Obscuration","TheCursedMod:CursedMace"],"picked":"TheCursedMod:FleshFromBone","floor":2.0},{"not_picked":["TheCursedMod:TacticalStrike","TheCursedMod:TroublousMinions"],"picked":"TheCursedMod:PrepareRite","floor":5.0},{"not_picked":["TheCursedMod:Stretching","TheCursedMod:CircleOfCorruption"],"picked":"TheCursedMod:CursedBlade","floor":6.0},{"not_picked":["TheCursedMod:RapidMovement","TheCursedMod:CursedSpellbook"],"picked":"TheCursedMod:NeowsMight","floor":7.0},{"not_picked":["TheCursedMod:CircleOfAmplification","TheCursedMod:VitalStrike"],"picked":"TheCursedMod:Wield","floor":12.0},{"not_picked":["TheCursedMod:SoulCrush","TheCursedMod:Torture"],"picked":"TheCursedMod:LuckyCharm","floor":13.0},{"not_picked":["TheCursedMod:CircleOfAmplification","TheCursedMod:CursedArmor"],"picked":"TheCursedMod:RapidMovement","floor":15.0},{"not_picked":["TheCursedMod:ManaCirculation","TheCursedMod:ForbiddenAlchemy"],"picked":"TheCursedMod:ShockAndAwe","floor":18.0},{"not_picked":["TheCursedMod:Wield","TheCursedMod:HellsGateOpen"],"picked":"TheCursedMod:CircleOfCorruption","floor":20.0},{"not_picked":["TheCursedMod:CircleOfAmplification","TheCursedMod:CursedStaff"],"picked":"TheCursedMod:WearCloak","floor":24.0},{"not_picked":["TheCursedMod:SpitefulStrike+1","TheCursedMod:StingEye+1"],"picked":"TheCursedMod:AntiAging","floor":25.0},{"not_picked":["TheCursedMod:WearCloak+1","TheCursedMod:Stigma"],"picked":"TheCursedMod:SoulCrush","floor":29.0},{"not_picked":["TheCursedMod:RavingStaff+1","TheCursedMod:CursedMace"],"picked":"TheCursedMod:CursedStaff","floor":31.0},{"not_picked":["TheCursedMod:TroublousMinions+1","TheCursedMod:ReleasedKnowledge+1"],"picked":"TheCursedMod:Neurasthenia+1","floor":32.0},{"not_picked":["TheCursedMod:FleshFromBone+1","TheCursedMod:SpitefulStrike+1"],"picked":"TheCursedMod:ReleasedStrength+1","floor":33.0},{"not_picked":["TheCursedMod:ShockAndAwe","TheCursedMod:AntiAging+1"],"picked":"TheCursedMod:ManaCirculation","floor":35.0},{"not_picked":["Pain","Hallucinations"],"picked":"hubris:Greed","floor":36.0},{"not_picked":["hubris:Envy","hubris:Gluttony"],"picked":"Notoriety","floor":36.0},{"not_picked":["TheSimpletonMod:Nettles","Regret"],"picked":"hubris:Greed","floor":36.0},{"not_picked":["TheCursedMod:SpitefulStrike","TheCursedMod:Evocation+1"],"picked":"TheCursedMod:RavingStaff","floor":37.0},{"not_picked":["TheCursedMod:TroublousMinions+1","TheCursedMod:CursedMace","TheCursedMod:Obscuration+1"],"picked":"SKIP","floor":39.0},{"not_picked":["TheCursedMod:TroublousMinions+1","TheCursedMod:CursedMace"],"picked":"TheCursedMod:Obscuration+1","floor":39.0},{"not_picked":["TheCursedMod:CircleOfCorruption+1","TheCursedMod:AntiAging+1"],"picked":"TheCursedMod:BlessingInDisguise+1","floor":46.0},{"not_picked":["TheCursedMod:Neurasthenia+1","TheCursedMod:CircleOfBlood+1"],"picked":"TheCursedMod:DarkBarrier+1","floor":48.0},{"not_picked":["TheCursedMod:Stigma","TheCursedMod:FuryStrike+1"],"picked":"TheCursedMod:CursedShiv+1","floor":49.0},{"not_picked":["TheCursedMod:RavingStaff","TheCursedMod:WearCloak+1"],"picked":"TheCursedMod:CircleOfBlood+1","floor":50.0},{"not_picked":["TheCursedMod:CursedShiv","TheCursedMod:RapidMovement+1"],"picked":"TheCursedMod:CursedMace+1","floor":53.0},{"not_picked":["TheCursedMod:ManaCirculation","TheCursedMod:CursedShiv+1"],"picked":"TheCursedMod:TacticalStrike+1","floor":54.0},{"not_picked":["TheCursedMod:RapidMovement+1","TheCursedMod:TacticalStrike"],"picked":"TheCursedMod:SoulReap+1","floor":58.0}],"player_experience":505405,"relics_obtained":[{"floor":6.0,"key":"CeramicFish"},{"floor":9.0,"key":"PlaceholderMod:SoulofChaos"},{"floor":16.0,"key":"MealTicket"},{"floor":25.0,"key":"PreservedInsect"},{"floor":27.0,"key":"Quantum Egg"},{"floor":28.0,"key":"Toxic Egg 2"},{"floor":32.0,"key":"Old Coin"},{"floor":45.0,"key":"Mummified Hand"},{"floor":46.0,"key":"PlaceholderMod:DaolothFragment"},{"floor":48.0,"key":"conspire:GlowingRock"},{"floor":53.0,"key":"paleoftheancients:SoulOfTheIroncluck"}],"event_choices":[{"damage_healed":0.0,"max_hp_gain":0.0,"max_hp_loss":0.0,"gold_gain":0.0,"event_name":"Golden Idol","player_choice":"Take Wound","floor":3.0,"gold_loss":0.0,"damage_taken":0.0,"relics_obtained":["Golden Idol"],"cards_obtained":["Injury"]},{"damage_healed":0.0,"max_hp_gain":0.0,"max_hp_loss":0.0,"gold_gain":0.0,"event_name":"Dead Adventurer","player_choice":"Searched \u00272\u0027 times","floor":13.0,"gold_loss":0.0,"damage_taken":0.0,"relics_obtained":["Blue Candle"]},{"damage_healed":0.0,"max_hp_gain":0.0,"max_hp_loss":0.0,"gold_gain":0.0,"event_name":"Vampires","player_choice":"Ignored","floor":22.0,"gold_loss":0.0,"damage_taken":0.0},{"damage_healed":0.0,"max_hp_gain":0.0,"max_hp_loss":0.0,"gold_gain":0.0,"event_name":"N\u0027loth","player_choice":"Traded Relic","floor":23.0,"relics_lost":["MealTicket"],"gold_loss":0.0,"damage_taken":0.0,"relics_obtained":["Nloth\u0027s Gift"]},{"damage_healed":0.0,"max_hp_gain":0.0,"max_hp_loss":0.0,"gold_gain":0.0,"event_name":"Match and Keep!","player_choice":"0 cards matched","floor":43.0,"gold_loss":0.0,"damage_taken":0.0,"cards_obtained":[]},{"damage_healed":0.0,"max_hp_gain":0.0,"max_hp_loss":0.0,"gold_gain":0.0,"event_name":"conspire:Investor","player_choice":"Leave","floor":55.0,"gold_loss":0.0,"damage_taken":0.0}],"is_beta":false,"boss_relics":[{"not_picked":["hubris:ScarierMask","Ectoplasm"],"picked":"Cursed Key"},{"not_picked":["conspire:RunicOctahedron","aspiration:SilentSkillbook"],"picked":"Replay:Ancient Bell"},{"not_picked":["hubris:ToyBattleship","Ancient Tea Set"],"picked":"Centennial Puzzle"},{"not_picked":["conspire:DeflatedDodgeball","Chameleon Ring"],"picked":"SpikesRelics:ToyHorsey"},{"not_picked":["HeavenlyBonsai","hubris:Teleporter"],"picked":"SuspiciousGoo"}],"items_purged_floors":[38,41,56,60],"is_endless":false,"potions_floor_spawned":[5,6,15,20,29,32,35,37,39,48,54,58],"ascension_level":0}}