{"host":"e87rn453naquue3h","time":1609049976,"event":{"mods":["AchievementEnabler","BaseMod","Downfall","Minty Spire (QoL Compilation)","StSLib"],"gold_per_floor":[0,18,118,129,140,475,475,400,431,460,460,477,477,490,509,509,509,509],"floor_reached":16,"playtime":1732,"items_purged":[],"score":134,"play_id":"bb27f5f2-36fa-4117-afcb-d5672ff3a925","local_time":"20201227011936","is_ascension_mode":true,"campfire_choices":[{"floor":1,"key":"RECALL"},{"data":"Guardian:BronzeOrb","floor":8,"key":"SMITH"},{"floor":11,"key":"REST"},{"data":"Guardian:CompilePackage","floor":13,"key":"SMITH"}],"circlet_count":0,"master_deck":["Guardian:Strike_Guardian","Guardian:Strike_Guardian","Guardian:Strike_Guardian","Guardian:Strike_Guardian","Guardian:Defend_Guardian","Guardian:Defend_Guardian","Guardian:Defend_Guardian","Guardian:Defend_Guardian","Guardian:CurlUp","Guardian:TwinSlam","Guardian:TimeSifter","Guardian:Orbwalk","Guardian:TemporalShield","Guardian:Incinerate","Guardian:BronzeOrb+1","Guardian:DecasProtection","Guardian:DonusPower","Guardian:CompilePackage+1","Guardian:Suspension","Guardian:Incinerate","Guardian:Orbwalk","Guardian:BronzeArmor"],"relics":["Guardian:ModeShifter","Old Coin","WingedGreaves","downfall:HeartBlessingRed","MealTicket","Prayer Wheel"],"acts_visited":["Exordium"],"potions_floor_usage":[6,16,16],"damage_taken":[{"damage":7,"enemies":"Jaw Worm","floor":2,"turns":4},{"damage":4,"enemies":"2 Louse","floor":4,"turns":4},{"damage":3,"enemies":"Small Slimes","floor":5,"turns":4},{"damage":20,"enemies":"Lagavulin","floor":6,"turns":10},{"damage":12,"enemies":"Gremlin Nob","floor":9,"turns":4},{"damage":22,"enemies":"3 Sentries","floor":10,"turns":8},{"damage":1,"enemies":"Exordium Wildlife","floor":12,"turns":3},{"damage":7,"enemies":"Exordium Thugs","floor":14,"turns":4},{"damage":4,"enemies":"Large Slime","floor":15,"turns":4},{"damage":25,"enemies":"downfall:Defect","floor":16,"turns":6}],"seed_played":"7714464776121215107","potions_obtained":[{"floor":4,"key":"Weak Potion"},{"floor":9,"key":"LiquidBronze"},{"floor":12,"key":"Dexterity Potion"},{"floor":14,"key":"SkillPotion"}],"is_trial":false,"path_per_floor":["R","M","?","M","M","E","T","R","E","E","R","M","R","M","M","B"],"character_chosen":"GUARDIAN","items_purchased":[],"campfire_rested":1,"item_purchase_floors":[],"current_hp_per_floor":[80,73,73,69,66,46,46,46,34,12,36,35,35,28,24,0,0,0],"gold":509,"neow_bonus":"THREE_RARE_CARDS","is_daily":false,"chose_seed":false,"campfire_upgraded":2,"win_rate":0.0,"timestamp":1609049976,"path_taken":["R","M","?","M","M","E","T","R","E","E","R","M","R","M","M","BOSS"],"items_purchased_type":[],"build_version":"2020-12-22","purchased_purges":0,"victory":false,"max_hp_per_floor":[80,80,80,80,80,80,80,80,80,80,80,80,80,80,80,80,80,80],"card_choices":[{"not_picked":["Guardian:ConstructionForm","Guardian:GatlingBeam"],"picked":"Guardian:TimeSifter","floor":0},{"not_picked":["Guardian:PrimingBeam","Guardian:VentSteam"],"picked":"Guardian:Orbwalk","floor":2},{"not_picked":["Guardian:GuardianWhirl","Guardian:PrimingBeam"],"picked":"Guardian:TemporalShield","floor":4},{"not_picked":["Guardian:CrystalBeam","Guardian:PrimingBeam"],"picked":"Guardian:Incinerate","floor":5},{"not_picked":["Guardian:Gem_White","Guardian:PrimingBeam"],"picked":"Guardian:BronzeOrb","floor":6},{"not_picked":["Guardian:TemporalShield","Guardian:WalkerClaw"],"picked":"Guardian:DecasProtection","floor":9},{"not_picked":["Guardian:RollAttack","Guardian:PrimingBeam"],"picked":"Guardian:DonusPower","floor":10},{"not_picked":["Guardian:EvasiveProtocol","Guardian:TemporalStrike"],"picked":"Guardian:CompilePackage","floor":12},{"not_picked":["Guardian:Gem_Red","Guardian:Emergency"],"picked":"Guardian:Suspension","floor":12},{"not_picked":["Guardian:Repulse","Guardian:TemporalStrike"],"picked":"Guardian:Incinerate","floor":14},{"not_picked":["Guardian:PiercingHide","Guardian:FloatingOrbs","Guardian:Gem_Red"],"picked":"SKIP","floor":14},{"not_picked":["Guardian:TemporalShield","Guardian:PrismaticBeam"],"picked":"Guardian:Orbwalk","floor":15},{"not_picked":["Guardian:EvasiveProtocol","Guardian:Reroute"],"picked":"Guardian:BronzeArmor","floor":15}],"player_experience":2403544,"relics_obtained":[{"floor":6,"key":"Old Coin"},{"floor":7,"key":"WingedGreaves"},{"floor":9,"key":"MealTicket"},{"floor":10,"key":"Prayer Wheel"}],"event_choices":[],"is_beta":false,"boss_relics":[],"items_purged_floors":[],"is_endless":false,"potions_floor_spawned":[4,9,12,14],"killed_by":"downfall:Defect","ascension_level":2}}