{"host":"1hv1kueuvc4r3rdp","time":1609050385,"event":{"mods":["AchievementEnabler","BaseMod","DeckTracker","Highlight Path","Minty Spire (QoL Compilation)","Permanent Neow","StSLib"],"gold_per_floor":[116,127,139,149,164,164,204,204,204,272,286,361,398,65,65,65,65],"floor_reached":16,"playtime":756,"items_purged":[],"score":151,"play_id":"9e9288d6-1f4c-464b-9cde-f4eac0691414","local_time":"20201227002625","is_ascension_mode":true,"campfire_choices":[{"floor":6,"key":"REST"},{"data":"Zap","floor":8,"key":"SMITH"},{"floor":15,"key":"REST"}],"circlet_count":0,"master_deck":["Strike_B","Strike_B","Strike_B","Strike_B","Defend_B","Defend_B","Defend_B","Defend_B","Zap+1","Dualcast","Glacier","Defragment","Melter","Cold Snap","Sweeping Beam","Double Energy","BootSequence+1","Leap+1"],"relics":["Runic Dome","CeramicFish","Bottled Tornado","TungstenRod","Toxic Egg 2","Anchor","Pen Nib"],"acts_visited":["Exordium"],"potions_floor_usage":[13],"damage_taken":[{"damage":12,"enemies":"Small Slimes","floor":1,"turns":3},{"damage":0,"enemies":"2 Louse","floor":2,"turns":2},{"damage":0,"enemies":"Cultist","floor":3,"turns":4},{"damage":17,"enemies":"Gremlin Gang","floor":4,"turns":8},{"damage":6,"enemies":"Looter","floor":5,"turns":4},{"damage":9,"enemies":"Lagavulin","floor":7,"turns":7},{"damage":16,"enemies":"3 Sentries","floor":10,"turns":8},{"damage":4,"enemies":"3 Louse","floor":11,"turns":4},{"damage":7,"enemies":"3 Sentries","floor":13,"turns":7},{"damage":40,"enemies":"The Guardian","floor":16,"turns":12}],"seed_played":"2830458604397610353","potions_obtained":[{"floor":4,"key":"Explosive Potion"},{"floor":7,"key":"Block Potion"},{"floor":10,"key":"PowerPotion"},{"floor":13,"key":"Block Potion"}],"is_trial":false,"path_per_floor":["M","M","M","M","M","R","E","R","T","?","M","?","E","$","R","B"],"character_chosen":"DEFECT","items_purchased":["Anchor","Pen Nib","Leap+1"],"campfire_rested":2,"item_purchase_floors":[14,14,14],"current_hp_per_floor":[56,56,56,39,33,55,46,46,46,30,26,16,9,9,31,0,0],"gold":65,"neow_bonus":"BOSS_RELIC","is_daily":false,"chose_seed":false,"campfire_upgraded":1,"win_rate":0.0,"timestamp":1609050385,"path_taken":["M","M","M","M","M","R","E","R","T","?","M","?","E","$","R","BOSS"],"items_purchased_type":["Relic","Relic","Card"],"build_version":"2020-12-22","purchased_purges":0,"victory":false,"max_hp_per_floor":[75,75,75,75,75,75,75,75,75,75,75,75,75,75,75,75,75],"card_choices":[{"not_picked":["Redo","Turbo","Recycle"],"picked":"SKIP","floor":1},{"not_picked":["Rebound","White Noise"],"picked":"Glacier","floor":2},{"not_picked":["Stack","Darkness"],"picked":"Defragment","floor":3},{"not_picked":["Hello World","Beam Cell"],"picked":"Melter","floor":4},{"not_picked":["Gash","Loop"],"picked":"Cold Snap","floor":5},{"not_picked":["Cold Snap","Steam"],"picked":"Sweeping Beam","floor":7},{"not_picked":["Machine Learning","Doom and Gloom"],"picked":"Double Energy","floor":10},{"not_picked":["Capacitor","Force Field","Redo"],"picked":"SKIP","floor":11},{"not_picked":["Aggregate+1","Steam Power+1"],"picked":"BootSequence+1","floor":13}],"player_experience":1100768,"relics_obtained":[{"floor":7,"key":"CeramicFish"},{"floor":9,"key":"Bottled Tornado"},{"floor":10,"key":"TungstenRod"},{"floor":13,"key":"Toxic Egg 2"}],"event_choices":[{"damage_healed":0,"gold_gain":30,"player_choice":"Searched \u00272\u0027 times","damage_taken":0,"max_hp_gain":0,"max_hp_loss":0,"event_name":"Dead Adventurer","floor":10,"gold_loss":0},{"damage_healed":0,"gold_gain":75,"player_choice":"Gather Gold","damage_taken":11,"max_hp_gain":0,"max_hp_loss":0,"event_name":"World of Goop","floor":12,"gold_loss":0}],"is_beta":false,"boss_relics":[],"items_purged_floors":[],"is_endless":false,"potions_floor_spawned":[4,7,10,13],"killed_by":"The Guardian","ascension_level":7}}