{"host":"mjmsgaxkb56jw5c5","time":1609093017,"event":{"mods":["Aspiration","BaseMod","Colored Powertips","Conspire","Downfall","Hubris","Minty Spire (QoL Compilation)","Replay The Spire","StSLib","The Jungle"],"gold_per_floor":[219,230,230,85,99,99,99,99,99,9,37,37,70,82,82,186,186,200,220,237,62,62,62,62],"floor_reached":23,"playtime":691,"items_purged":["Strike_B","Pain"],"score":219,"play_id":"f5524160-0ab6-41e6-bb45-a3c2665eaefa","local_time":"20201227191657","is_ascension_mode":true,"campfire_choices":[{"data":"Gash","floor":6,"key":"SMITH"},{"data":"FTL","floor":8,"key":"SMITH"},{"data":"Hyperbeam","floor":12,"key":"SMITH"},{"floor":15,"key":"REST"}],"circlet_count":0,"master_deck":["Strike_B","Strike_B","Defend_B","Defend_B","Defend_B","Defend_B","Zap","Dualcast","Gash+1","Darkness","FTL+1","Finesse","Hyperbeam+1","ReplayGash"],"relics":["Cracked Core","WarpedTongs","hubris:TinFlute","Juzu Bracelet","Bronze Scales","Sozu"],"acts_visited":["Exordium","TheCity"],"potions_floor_usage":[16,16,16,16],"damage_taken":[{"damage":4,"enemies":"Jaw Worm","floor":1,"turns":4},{"damage":1,"enemies":"Cultist","floor":2,"turns":3},{"damage":8,"enemies":"conspire:RoseBush","floor":5,"turns":2},{"damage":22,"enemies":"3 Sentries","floor":11,"turns":7},{"damage":11,"enemies":"Replay:BlueRogue","floor":13,"turns":3},{"damage":9,"enemies":"Exordium Thugs","floor":14,"turns":2},{"damage":35,"enemies":"The Guardian","floor":16,"turns":7},{"damage":19,"enemies":"Shell Parasite","floor":18,"turns":3},{"damage":4,"enemies":"Chosen","floor":19,"turns":4},{"damage":41,"enemies":"Shelled Parasite and Fungi","floor":20,"turns":4},{"damage":0,"enemies":"Book of Stabbing","floor":23,"turns":1}],"seed_played":"5343460697399198583","potions_obtained":[{"floor":2,"key":"LiquidMemories"},{"floor":11,"key":"EntropicBrew"}],"is_trial":false,"path_per_floor":["M","M","?","$","M","R","?","R","T","$","E","R","E","M","R","B",null,"M","M","M","$","?","E"],"character_chosen":"DEFECT","items_purchased":["FTL","Finesse","ReplayGash"],"campfire_rested":1,"item_purchase_floors":[4,10,21],"current_hp_per_floor":[71,70,70,70,62,62,62,62,62,62,40,40,29,20,42,7,75,56,52,11,11,11,11,11],"gold":62,"neow_bonus":"HUNDRED_GOLD","is_daily":false,"chose_seed":false,"campfire_upgraded":3,"win_rate":0.0,"timestamp":1609093017,"path_taken":["M","M","?","$","?","R","?","R","T","?","E","R","E","M","R","BOSS","M","M","M","$","?","E"],"items_purchased_type":["Card","Card","Card"],"build_version":"2020-12-22","purchased_purges":2,"victory":false,"max_hp_per_floor":[75,75,75,75,75,75,75,75,75,75,75,75,75,75,75,75,75,75,75,75,75,75,75,75],"card_choices":[{"not_picked":["Hologram","Leap","Turbo"],"picked":"SKIP","floor":1},{"not_picked":["FTL","Streamline"],"picked":"Gash","floor":2},{"not_picked":["Barrage","hubris:Ukulele","Recycle"],"picked":"SKIP","floor":5},{"not_picked":["Stack","Sweeping Beam"],"picked":"Hyperbeam","floor":11},{"not_picked":["Hologram","Conserve Battery","Panic Button"],"picked":"SKIP","floor":13},{"not_picked":["Cold Snap","Sweeping Beam","Chaos"],"picked":"SKIP","floor":14},{"not_picked":["Tempest+1","Coolheaded","BasicCrystalCard+1"],"picked":"SKIP","floor":18},{"not_picked":["White Noise","Undo","Coolheaded"],"picked":"SKIP","floor":19},{"not_picked":["Panic Button","Stack","Sunder"],"picked":"SKIP","floor":20}],"player_experience":215346,"relics_obtained":[{"floor":9,"key":"hubris:TinFlute"},{"floor":11,"key":"Juzu Bracelet"},{"floor":13,"key":"Bronze Scales"}],"event_choices":[{"damage_healed":0,"gold_gain":0,"cards_transformed":["Strike_B"],"player_choice":"Transformed","damage_taken":0,"max_hp_gain":0,"max_hp_loss":0,"event_name":"Transmorgrifier","floor":3,"gold_loss":0,"cards_obtained":["Darkness"]},{"damage_healed":0,"gold_gain":0,"player_choice":"Rummage","damage_taken":0,"relics_obtained":["WarpedTongs"],"max_hp_gain":0,"max_hp_loss":0,"event_name":"Accursed Blacksmith","floor":7,"gold_loss":0,"cards_obtained":["Pain"]},{"damage_healed":0,"gold_gain":0,"player_choice":"Ignored","damage_taken":0,"max_hp_gain":0,"max_hp_loss":0,"event_name":"Vampires","floor":22,"gold_loss":0}],"is_beta":false,"boss_relics":[{"not_picked":["ChewingGum","Snecko Eye"],"picked":"Sozu"}],"items_purged_floors":[4,21],"is_endless":false,"potions_floor_spawned":[2,11,18,19],"killed_by":"Book of Stabbing","ascension_level":2}}