{"host":"2lqi9xx9scmc3cqh","time":1609077698,"event":{"mods":["AchievementEnabler","BaseMod","Colored Map","Minty Spire (QoL Compilation)","Remove Card Discount Mod","StSLib"],"gold_per_floor":[118,4460,4477,4496,4516,4516,4542,4542,4542,4572,4572,4572,4552,4567,4567,4638,4638,4654,4654,4672,3938,3958,3958,3968,3968,4019,4037,4064,3384,3415,3429,3429,3503,3503,3516,1728,1728,1744,1792,1792,1806,1806,1806,1818,1861,1873,1885,1913,1925,1937],"floor_reached":51,"playtime":4668,"items_purged":["Strike_G","Defend_G","Defend_G","Strike_G","Defend_G","Strike_G","Infinite Blades","PiercingWail","Strike_G","Defend_G"],"score":1404,"play_id":"bcae3c24-12a5-4374-a164-978ca96868cf","local_time":"20201227230138","is_ascension_mode":true,"campfire_choices":[{"data":"Neutralize","floor":6,"key":"SMITH"},{"floor":8,"key":"REST"},{"data":"Footwork","floor":11,"key":"SMITH"},{"floor":15,"key":"REST"},{"data":"Tactician","floor":23,"key":"SMITH"},{"data":"Acrobatics","floor":25,"key":"SMITH"},{"data":"Noxious Fumes","floor":32,"key":"SMITH"},{"data":"Adrenaline","floor":40,"key":"SMITH"},{"data":"Bouncing Flask","floor":42,"key":"SMITH"},{"data":"Dagger Spray","floor":46,"key":"SMITH"},{"data":"Underhanded Strike","floor":49,"key":"SMITH"}],"circlet_count":0,"master_deck":["AscendersBane","Strike_G","Defend_G","Survivor+1","Neutralize+1","Footwork+1","Acrobatics+1","Prepared","Tactician+1","Dagger Spray+1","Adrenaline+1","Noxious Fumes+1","Escape Plan+1","Poisoned Stab","Backflip","Backstab","Noxious Fumes+1","Distraction+1","Bane","Underhanded Strike+1","Footwork+1","Noxious Fumes+1","Bouncing Flask+1","Acrobatics+1"],"relics":["Ring of the Snake","Bird Faced Urn","Ancient Tea Set","Frozen Eye","Tiny Chest","Meat on the Bone","The Specimen","Dead Branch","Sozu","Gremlin Horn","Frozen Egg 2","Sling","HornCleat","Lantern","The Courier","InkBottle","Blood Vial","Sundial","Orichalcum","Pen Nib","HoveringKite","OrangePellets","Juzu Bracelet","PreservedInsect","Thread and Needle","Happy Flower","Bottled Flame","Boot","Matryoshka","Bottled Lightning","Singing Bowl","Du-Vu Doll","MawBank","Toxic Egg 2","Centennial Puzzle","War Paint","Paper Crane"],"acts_visited":["Exordium","TheCity","TheBeyond"],"potions_floor_usage":[5,7,10,16,18],"damage_taken":[{"damage":6,"enemies":"Jaw Worm","floor":1,"turns":6},{"damage":0,"enemies":"Cultist","floor":3,"turns":5},{"damage":4,"enemies":"Small Slimes","floor":4,"turns":5},{"damage":5,"enemies":"Exordium Thugs","floor":5,"turns":5},{"damage":45,"enemies":"3 Sentries","floor":7,"turns":8},{"damage":21,"enemies":"Gremlin Nob","floor":10,"turns":4},{"damage":2,"enemies":"Large Slime","floor":14,"turns":6},{"damage":29,"enemies":"The Guardian","floor":16,"turns":8},{"damage":3,"enemies":"Shell Parasite","floor":18,"turns":6},{"damage":8,"enemies":"3 Byrds","floor":20,"turns":6},{"damage":4,"enemies":"Centurion and Healer","floor":22,"turns":7},{"damage":5,"enemies":"Shelled Parasite and Fungi","floor":24,"turns":3},{"damage":12,"enemies":"Snecko","floor":27,"turns":5},{"damage":0,"enemies":"Book of Stabbing","floor":28,"turns":2},{"damage":22,"enemies":"Slavers","floor":30,"turns":3},{"damage":0,"enemies":"Centurion and Healer","floor":31,"turns":3},{"damage":26,"enemies":"Champ","floor":33,"turns":8},{"damage":0,"enemies":"3 Darklings","floor":35,"turns":3},{"damage":0,"enemies":"Orb Walker","floor":38,"turns":2},{"damage":24,"enemies":"2 Orb Walkers","floor":39,"turns":4},{"damage":0,"enemies":"Sphere and 2 Shapes","floor":41,"turns":3},{"damage":0,"enemies":"Reptomancer","floor":45,"turns":2},{"damage":0,"enemies":"Transient","floor":48,"turns":5},{"damage":26,"enemies":"Awakened One","floor":50,"turns":10}],"seed_played":"5417082770499471515","potions_obtained":[{"floor":1,"key":"AttackPotion"},{"floor":5,"key":"SpeedPotion"},{"floor":7,"key":"ColorlessPotion"},{"floor":13,"key":"EntropicBrew"}],"is_trial":false,"path_per_floor":["M","$","M","M","M","R","E","R","T","E","R","?","?","M","R","B",null,"M","T","M","$","M","R","M","R","T","M","E","$","E","M","R","B",null,"M","$","?","M","?","R","M","R","T","?","E","R","T","M","R","B",null],"character_chosen":"THE_SILENT","items_purchased":["Acrobatics","Ancient Tea Set","Frozen Eye","Tiny Chest","Prepared","Infinite Blades","Fire Potion","Frozen Egg 2","Sling","HornCleat","Poisoned Stab","Backflip","Bane","InkBottle","Blood Vial","Sundial","Orichalcum","OrangePellets","Juzu Bracelet","PreservedInsect","Thread and Needle","Happy Flower","Footwork+1","Noxious Fumes+1","Noxious Fumes+1","Bottled Flame","Boot","Matryoshka","Bottled Lightning","Singing Bowl"],"campfire_rested":2,"item_purchase_floors":[2,2,2,2,2,2,2,21,21,21,21,21,29,29,29,29,29,36,36,36,36,36,36,36,36,36,36,36,36,36],"current_hp_per_floor":[39,39,43,43,42,42,1,22,22,17,17,17,17,31,52,45,64,67,67,68,68,66,66,65,65,65,58,66,66,56,64,64,44,64,70,70,66,68,52,52,70,70,70,70,70,70,70,72,72,50],"gold":1949,"neow_bonus":"ONE_RARE_RELIC","is_daily":false,"chose_seed":false,"campfire_upgraded":9,"win_rate":0.0,"timestamp":1609077698,"path_taken":["M","$","M","M","M","R","E","R","T","E","R","?","?","?","R","BOSS","M","?","M","$","M","R","M","R","T","M","E","$","E","M","R","BOSS","M","$","?","M","?","R","M","R","T","?","E","R","?","M","R","BOSS"],"items_purchased_type":["Card","Relic","Relic","Relic","Card","Card","Potion","Relic","Relic","Relic","Card","Card","Card","Relic","Relic","Relic","Relic","Relic","Relic","Relic","Relic","Relic","Card","Card","Card","Relic","Relic","Relic","Relic","Relic"],"build_version":"2020-12-22","purchased_purges":10,"victory":true,"max_hp_per_floor":[70,70,70,70,70,70,70,70,70,70,70,70,70,70,70,70,70,70,70,70,70,70,70,70,70,70,70,70,70,70,70,70,70,70,70,70,66,68,70,70,70,70,70,70,70,70,70,72,72,72],"card_choices":[{"not_picked":["Prepared","Blade Dance"],"picked":"Footwork","floor":1},{"not_picked":["Poisoned Stab","Prepared"],"picked":"Tactician","floor":3},{"not_picked":["Flying Knee","PiercingWail","Calculated Gamble"],"picked":"SKIP","floor":4},{"not_picked":["Slice","Dagger Throw","Bane"],"picked":"SKIP","floor":5},{"not_picked":["Corpse Explosion","PiercingWail","Concentrate"],"picked":"SKIP","floor":7},{"not_picked":["Slice","Night Terror"],"picked":"PiercingWail","floor":10},{"not_picked":["Flying Knee","Bane"],"picked":"Dagger Spray","floor":14},{"not_picked":["Venomology","Doppelganger"],"picked":"Adrenaline","floor":16},{"not_picked":["Bane+1","Riddle With Holes+1"],"picked":"Noxious Fumes","floor":18},{"not_picked":["Underhanded Strike","Slice"],"picked":"Escape Plan","floor":20},{"not_picked":["Slice","Outmaneuver"],"picked":"Backstab","floor":22},{"not_picked":["Outmaneuver","Sucker Punch"],"picked":"Noxious Fumes+1","floor":24},{"not_picked":["Deflect","Distraction+1","Skewer"],"picked":"SKIP","floor":27},{"not_picked":["Deflect","Skewer"],"picked":"Distraction+1","floor":27},{"not_picked":["Terror","Prepared","Dagger Throw"],"picked":"SKIP","floor":28},{"not_picked":["Deflect","All Out Attack","Dodge and Roll"],"picked":"SKIP","floor":30},{"not_picked":["Adrenaline","Slice","Infinite Blades+1"],"picked":"SKIP","floor":31},{"not_picked":["Expertise","Concentrate"],"picked":"Underhanded Strike","floor":35},{"not_picked":["Endless Agony","Dagger Throw","Backflip+1"],"picked":"Singing Bowl","floor":38},{"not_picked":["Flying Knee","Accuracy+1","Bane"],"picked":"Singing Bowl","floor":39},{"not_picked":["Bane","Underhanded Strike"],"picked":"Bouncing Flask","floor":41},{"not_picked":["Malaise+1","Calculated Gamble+1"],"picked":"Acrobatics+1","floor":45},{"not_picked":["Cloak And Dagger+1","Dodge and Roll+1","Slice+1"],"picked":"Singing Bowl","floor":48}],"player_experience":373174,"relics_obtained":[{"floor":7,"key":"Meat on the Bone"},{"floor":9,"key":"The Specimen"},{"floor":10,"key":"Dead Branch"},{"floor":19,"key":"Gremlin Horn"},{"floor":26,"key":"Lantern"},{"floor":28,"key":"The Courier"},{"floor":30,"key":"Pen Nib"},{"floor":39,"key":"Du-Vu Doll"},{"floor":43,"key":"MawBank"},{"floor":43,"key":"Toxic Egg 2"},{"floor":45,"key":"Centennial Puzzle"},{"floor":47,"key":"War Paint"},{"floor":47,"key":"Paper Crane"}],"event_choices":[{"damage_healed":0,"gold_gain":0,"player_choice":"Fled","damage_taken":0,"max_hp_gain":0,"max_hp_loss":0,"event_name":"Scrap Ooze","floor":12,"gold_loss":0},{"damage_healed":0,"gold_gain":0,"player_choice":"Bought 1 Potion","damage_taken":0,"max_hp_gain":0,"max_hp_loss":0,"event_name":"The Woman in Blue","floor":13,"gold_loss":0},{"damage_healed":0,"gold_gain":0,"player_choice":"Max HP","damage_taken":0,"max_hp_gain":0,"max_hp_loss":4,"event_name":"Winding Halls","floor":37,"gold_loss":0},{"damage_healed":0,"gold_gain":0,"player_choice":"Fight","damage_taken":0,"max_hp_gain":0,"max_hp_loss":0,"event_name":"Mysterious Sphere","floor":39,"gold_loss":0},{"cards_removed":["Noxious Fumes"],"damage_healed":0,"gold_gain":0,"player_choice":"Offered Uncommon","damage_taken":0,"max_hp_gain":0,"max_hp_loss":0,"event_name":"Bonfire Elementals","floor":44,"gold_loss":0}],"is_beta":false,"boss_relics":[{"not_picked":["Calling Bell","Busted Crown"],"picked":"Sozu"},{"not_picked":["SlaversCollar","Pandora\u0027s Box"],"picked":"HoveringKite"}],"items_purged_floors":[2,2,2,2,21,21,21,29,36,36],"is_endless":false,"potions_floor_spawned":[1,5,7,14,18,22,24,28,33,38,39,41],"ascension_level":13}}