{"host":"oy4pyvr762z5n0bb","time":1609044160,"event":{"mods":["AchievementEnabler","BaseMod","Colored Map","Colored Powertips","Googly Eyes","Key Reminder","Minty Spire (QoL Compilation)","Quick Restart","Relic Sorter","StSLib","SuperFastMode","Unceasing Turn Reminder","slay the spire mod where everything is the same but ironclad has a cowboy hat"],"gold_per_floor":[113,123,123,143,161,188,188,204,204,204,234,234,234,50,50,149,149,163,48,48,48,48,48,48],"floor_reached":23,"playtime":861,"items_purged":[],"score":249,"play_id":"f2b0daba-e27a-46fd-80fa-32908ba7487e","local_time":"20201226204240","is_ascension_mode":true,"campfire_choices":[{"floor":7,"key":"REST"},{"floor":15,"key":"REST"}],"circlet_count":0,"master_deck":["Strike_R","Strike_R","Strike_R","Strike_R","Strike_R","Defend_R","Defend_R","Defend_R","Defend_R","Bash","Battle Trance","Feel No Pain","Clash","Power Through","Battle Trance","Body Slam","Corruption","Anger","Inflame","Carnage","Headbutt","Feed","Dark Embrace","Sentinel","Feel No Pain"],"relics":["Burning Blood","Torii","Ornamental Fan","Juzu Bracelet","Busted Crown"],"acts_visited":["Exordium","TheCity"],"potions_floor_usage":[6,8,13,16],"damage_taken":[{"damage":11,"enemies":"Cultist","floor":1,"turns":4},{"damage":8,"enemies":"Jaw Worm","floor":2,"turns":5},{"damage":16,"enemies":"Small Slimes","floor":4,"turns":6},{"damage":16,"enemies":"Red Slaver","floor":5,"turns":4},{"damage":37,"enemies":"Lagavulin","floor":6,"turns":10},{"damage":4,"enemies":"Lots of Slimes","floor":8,"turns":5},{"damage":19,"enemies":"3 Sentries","floor":11,"turns":13},{"damage":0,"enemies":"Blue Slaver","floor":13,"turns":3},{"damage":11,"enemies":"The Guardian","floor":16,"turns":11},{"damage":23,"enemies":"Chosen","floor":18,"turns":6},{"damage":97,"enemies":"Gremlin Leader","floor":23,"turns":9}],"seed_played":"6991563352755588399","potions_obtained":[{"floor":2,"key":"Strength Potion"},{"floor":4,"key":"FairyPotion"},{"floor":6,"key":"ColorlessPotion"},{"floor":8,"key":"Ancient Potion"},{"floor":12,"key":"SmokeBomb"},{"floor":12,"key":"Strength Potion"},{"floor":18,"key":"Ancient Potion"}],"is_trial":false,"path_per_floor":["M","M","?","M","M","E","R","M","T","?","E","?","M","$","R","B",null,"M","$","?","?","$","E"],"character_chosen":"IRONCLAD","items_purchased":["Inflame","Carnage","Headbutt","Dark Embrace","Sentinel"],"campfire_rested":2,"item_purchase_floors":[14,14,14,19,19],"current_hp_per_floor":[75,73,65,55,45,14,38,40,40,40,27,27,33,33,57,52,73,56,56,50,50,50,0,0],"gold":48,"neow_bonus":"THREE_CARDS","is_daily":false,"chose_seed":false,"campfire_upgraded":0,"win_rate":0.0,"timestamp":1609044160,"path_taken":["M","M","?","M","?","E","R","M","T","?","E","?","M","?","R","BOSS","M","$","?","?","?","E"],"items_purchased_type":["Card","Card","Card","Card","Card"],"build_version":"2020-12-22","purchased_purges":0,"victory":false,"max_hp_per_floor":[80,80,80,80,80,80,80,80,80,80,80,80,80,80,80,80,80,80,80,80,80,80,80,80],"card_choices":[{"not_picked":["Body Slam","Blood for Blood"],"picked":"Feel No Pain","floor":0},{"not_picked":["Body Slam","Heavy Blade"],"picked":"Battle Trance","floor":1},{"not_picked":["Reckless Charge","Sword Boomerang"],"picked":"Feel No Pain","floor":2},{"not_picked":["Shrug It Off","Sword Boomerang"],"picked":"Clash","floor":4},{"not_picked":["Shockwave","Spot Weakness"],"picked":"Power Through","floor":5},{"not_picked":["Wild Strike","Headbutt"],"picked":"Battle Trance","floor":6},{"not_picked":["Shockwave","Thunderclap"],"picked":"Body Slam","floor":8},{"not_picked":["True Grit","Wild Strike"],"picked":"Anger","floor":11},{"not_picked":["Offering","Impervious"],"picked":"Feed","floor":16},{"not_picked":["Seeing Red"],"picked":"SKIP","floor":18}],"player_experience":585690,"relics_obtained":[{"floor":6,"key":"Torii"},{"floor":9,"key":"Ornamental Fan"},{"floor":11,"key":"Juzu Bracelet"}],"event_choices":[{"damage_healed":0,"gold_gain":0,"player_choice":"Damaged","damage_taken":8,"max_hp_gain":0,"max_hp_loss":0,"event_name":"Wheel of Change","floor":3,"gold_loss":0},{"damage_healed":0,"gold_gain":0,"cards_transformed":["Feel No Pain"],"player_choice":"Transformed","damage_taken":0,"max_hp_gain":0,"max_hp_loss":0,"event_name":"Transmorgrifier","floor":10,"gold_loss":0,"cards_obtained":["Corruption"]},{"damage_healed":0,"gold_gain":0,"player_choice":"Got Potions","damage_taken":0,"max_hp_gain":0,"max_hp_loss":0,"event_name":"Lab","floor":12,"gold_loss":0},{"damage_healed":0,"gold_gain":0,"player_choice":"","damage_taken":6,"max_hp_gain":0,"max_hp_loss":0,"event_name":"Knowing Skull","floor":20,"potions_obtained":[],"gold_loss":0,"cards_obtained":[]},{"damage_healed":0,"gold_gain":0,"player_choice":"Copied","damage_taken":0,"max_hp_gain":0,"max_hp_loss":0,"event_name":"Duplicator","floor":21,"gold_loss":0,"cards_obtained":["Feel No Pain"]}],"is_beta":false,"boss_relics":[{"not_picked":["Cursed Key","SacredBark"],"picked":"Busted Crown"}],"items_purged_floors":[],"is_endless":false,"potions_floor_spawned":[2,4,6,8,18],"killed_by":"Gremlin Leader","ascension_level":5}}