{"host":"cfluht5kr2kfk9p9","time":1609082181,"event":{"mods":["ATMod(阿瑾Mod)","Arknights The Spire","BaseMod","GungeonMod","Highlight Path","Library of Ruina","Library of Ruina Extra","Minty Spire (QoL Compilation)","Quick Restart","Rare Cards Sparkle","Relic Stats","RumiaBox-露米娅的神秘盒子","Spicy Shops","StSLib","TestMod","The Alterego","【功能Mod】混沌之环修复补丁"],"gold_per_floor":[118,118,129,129,148,148,12,61,61,110,110,162,562,562,562,694,694,707,707,707,766,766,766,793,113,146,234,234,280,387,55,55,242,242,334,1351,1351,92,140,140,303,303,389,597,597,708,877,917,917,1167,1167,1167,1167,10,286,411],"floor_reached":57,"playtime":1521,"items_purged":["ats:Strike C","Pain","Clumsy","Normality","Normality"],"score":1942,"play_id":"973b98db-eb3b-46fe-99d7-2fe4efedc723","local_time":"20201227231621","is_ascension_mode":true,"campfire_choices":[{"data":"AT_EmpoweredMortalDraw","floor":6,"key":"SMITH"},{"data":"ats:Echo Reverb","floor":15,"key":"SMITH"},{"data":"ats:Magnetic Hammer","floor":23,"key":"SMITH"},{"data":"ats:Sword Rain","floor":28,"key":"SMITH"},{"data":"ats:Encircling Forest","floor":32,"key":"SMITH"},{"floor":40,"key":"RECALL"},{"data":"ats:Rat Pack","floor":42,"key":"SMITH"},{"data":"ats:True Silver Slash","floor":45,"key":"SMITH"},{"data":"ats:Emotion Absorption","floor":49,"key":"SMITH"},{"data":"ats:Defend Order","floor":53,"key":"SMITH"}],"circlet_count":0,"master_deck":["ats:Strike G","ats:Strike S","ats:Strike V","ats:Armor Crushing Shot","ats:Defend","ats:Defend","ats:Defend","ats:Defend","ats:Emotion Absorption+1","AT_DarkMatter+1","AT_EmpoweredMortalDraw+1","ats:Charging Defense+1","ats:Closed Bolt Burst Fire","ats:Defend Order+1","ats:Ignite+1","ats:Magnetic Hammer+1","ats:Echo Reverb+1","ats:Sword Rain+1","ats:True Silver Slash+1","ats:Encircling Forest+1","ats:Rat Pack+1","ats:Curse Doll+1","ats:Consecutive Shot Auto","Clumsy","ats:Thorns+1","ats:Calcification+1","Doubt","ats:Spore Proliferation+1"],"relics":["AT_ATBox","testmod-IntensifyImprint","AT_MortalBlade","Bloody Idol","ats:Originium","CeramicFish","ats:Originium","The Courier","ats:Originium","Mercury Hourglass","Cursed Key","alterego_mod:FleetingLove","testmod-AssaultLearning","Turnip","AT_MibuBalloonWealth","testmod-Register","PageOfSpiderBud","DemoMod:RingOfEthereal","AT_BellDemon","Anchor","PageOfLaetitia","GodSword5","Lantern","testmod-Antiphasic","Membership Card","AT_SilvercatRing","DemoMod:DecoyRelic","Kunai","Sozu","testmod-ArcanaOfDestiny","PageOfTodaysShyLook","ats:Defend","testmod-Justice","testmod-Brilliant","ats:Lavender","Frozen Egg 2","ats:Military Tradition","PageOfScarecrow","DemoMod:PartiallyEatenCheese","AT_TheCollector","MagicDraw4","DemoMod:ChaffGrenade","GodSword7","PageOfScorchedGirl","AT_SunfireAegis","AT_RedTearstoneRing","Letter Opener","DemoMod:ClearGuonStone","DemoMod:MemoryAlloy","Boot","DemoMod:Antibody","Nunchaku","testmod-BalancedPeriapt","testmod-Maize","Orrery","Blue Candle","AT_ChloranthyRing","ats:Berate","Bag of Preparation","ats:Hidden Killer","Bottled Lightning","HornCleat","Oddly Smooth Stone","AT_ArchangelStaff","PageOfSingingMachine","OrangePellets","Bronze Scales","testmod-CrystalShield","MagicDraw1","DemoMod:GlassGuonStoneRelic","testmod-ConstraintPeriapt","War Paint"],"acts_visited":["Exordium","TheCity","TheBeyond","TheEnding"],"potions_floor_usage":[12,16,24,51,56],"damage_taken":[{"damage":0,"enemies":"Jaw Worm","floor":1,"turns":2},{"damage":0,"enemies":"Small Slimes","floor":3,"turns":2},{"damage":0,"enemies":"2 Louse","floor":5,"turns":1},{"damage":0,"enemies":"Gremlin Nob","floor":8,"turns":2},{"damage":0,"enemies":"Lagavulin","floor":10,"turns":2},{"damage":0,"enemies":"3 Sentries","floor":12,"turns":3},{"damage":11,"enemies":"Hexaghost","floor":16,"turns":4},{"damage":0,"enemies":"2 Thieves","floor":18,"turns":1},{"damage":0,"enemies":"Slavers","floor":24,"turns":2},{"damage":0,"enemies":"3 Byrds","floor":27,"turns":1},{"damage":1,"enemies":"Snake Plant","floor":29,"turns":2},{"damage":6,"enemies":"Gremlin Leader","floor":30,"turns":2},{"damage":33,"enemies":"Collector","floor":33,"turns":4},{"damage":0,"enemies":"3 Shapes","floor":35,"turns":1},{"damage":0,"enemies":"Orb Walker","floor":39,"turns":1},{"damage":0,"enemies":"Nemesis","floor":41,"turns":3},{"damage":0,"enemies":"Reptomancer","floor":44,"turns":1},{"damage":0,"enemies":"2 Orb Walkers","floor":46,"turns":1},{"damage":0,"enemies":"Giant Head","floor":47,"turns":3},{"damage":0,"enemies":"Maw","floor":48,"turns":2},{"damage":0,"enemies":"Donu and Deca","floor":50,"turns":2},{"damage":28,"enemies":"Donu and Deca","floor":51,"turns":4},{"damage":0,"enemies":"Shield and Spear","floor":55,"turns":1},{"damage":0,"enemies":"The Heart","floor":56,"turns":2}],"seed_played":"3820674155525796389","potions_obtained":[{"floor":5,"key":"LiquidBronze"},{"floor":8,"key":"Explosive Potion"},{"floor":12,"key":"Fruit Juice"},{"floor":16,"key":"Ancient Potion"},{"floor":18,"key":"LiquidBronze"},{"floor":24,"key":"Explosive Potion"}],"is_trial":false,"path_per_floor":["M","?","M","?","M","R","$","E","T","E","T","E","?","?","R","B",null,"M","?","?","T","?","R","E","$","T","M","R","M","E","$","R","B",null,"M","?","?","$","M","R","E","R","T","E","R","?","E","M","R","B",null,null,"R","$","E","B",null],"character_chosen":"DOCTOR_CLASS","items_purchased":["ats:Ignite","AT_MibuBalloonWealth","testmod-Register","PageOfSpiderBud","DemoMod:RingOfEthereal","AT_BellDemon","Membership Card","AT_SilvercatRing","DemoMod:DecoyRelic","PageOfTodaysShyLook","ats:Defend","testmod-Justice","testmod-Brilliant","ats:Lavender","Frozen Egg 2","ats:Military Tradition","PageOfScarecrow","DemoMod:PartiallyEatenCheese","AT_TheCollector","MagicDraw4","DemoMod:ChaffGrenade","GodSword7","testmod-Maize","Orrery","Blue Candle","AT_ChloranthyRing","ats:Berate","Bag of Preparation","ats:Hidden Killer","Bottled Lightning","HornCleat","Oddly Smooth Stone","AT_ArchangelStaff","PageOfSingingMachine","OrangePellets","Bronze Scales","testmod-CrystalShield","MagicDraw1"],"campfire_rested":0,"item_purchase_floors":[7,25,25,25,25,25,31,31,31,38,38,38,38,38,38,38,38,38,38,38,38,38,54,54,54,54,54,54,54,54,54,54,54,54,54,54,54,54],"current_hp_per_floor":[72,77,77,58,58,58,58,58,58,58,58,63,63,63,63,52,82,82,82,82,82,82,82,82,82,82,82,82,82,82,82,82,85,87,87,87,83,83,83,83,83,83,83,83,83,83,83,83,83,83,55,83,83,83,83,83],"gold":411,"neow_bonus":"BOSS_RELIC","is_daily":false,"chose_seed":false,"campfire_upgraded":9,"win_rate":0.0,"timestamp":1609082181,"path_taken":["M","?","M","?","M","R","$","E","T","E","?","E","?","?","R","BOSS","M","?","?","?","?","R","E","$","T","?","R","M","E","?","R","BOSS","M","?","?","$","M","R","E","R","T","E","R","?","E","M","R","BOSS","R","$","E","BOSS"],"items_purchased_type":["Card","Relic","Relic","Relic","Relic","Relic","Relic","Relic","Relic","Relic","Card","Relic","Relic","Relic","Relic","Relic","Relic","Relic","Relic","Relic","Relic","Relic","Relic","Relic","Relic","Relic","Relic","Relic","Relic","Relic","Relic","Relic","Relic","Relic","Relic","Relic","Relic","Relic"],"build_version":"2020-12-22","purchased_purges":5,"victory":true,"max_hp_per_floor":[72,77,77,77,77,77,77,77,77,77,77,82,82,82,82,82,82,82,82,82,82,82,82,82,82,82,82,82,82,82,82,82,87,87,87,87,83,83,83,83,83,83,83,83,83,83,83,83,83,83,83,83,83,83,83,83],"relic_stats":{"counters":[24,49],"CeramicFish":153,"Blue Candle":[0],"Bag of Preparation":[2],"Letter Opener":[140],"War Paint":["ats:Calcification","ats:Charging Defense"],"Cursed Key":3,"Boot":[0],"Mercury Hourglass":[222],"Sozu":2,"OrangePellets":[0],"Nunchaku":[2],"Bloody Idol":37,"Bronze Scales":[36],"Turnip":[5],"Kunai":[7],"obtain_stats":[{"AT_ATBox":0,"CeramicFish":8,"AT_MibuBalloonWealth":25,"DemoMod:GlassGuonStoneRelic":3,"PageOfSingingMachine":54,"MagicDraw4":38,"Boot":46,"AT_ArchangelStaff":54,"MagicDraw1":54,"Sozu":34,"alterego_mod:FleetingLove":19,"HornCleat":54,"Kunai":33,"DemoMod:ClearGuonStone":44,"PageOfTodaysShyLook":38,"ats:Defend":38,"testmod-IntensifyImprint":0,"testmod-Maize":54,"AT_RedTearstoneRing":41,"testmod-TestBox":0,"testmod-Register":25,"ats:Lavender":38,"DemoMod:ChaffGrenade":38,"Blue Candle":54,"AT_MortalBlade":0,"Oddly Smooth Stone":54,"Letter Opener":43,"AT_SilvercatRing":31,"War Paint":55,"OrangePellets":54,"AT_TheCollector":38,"Bronze Scales":54,"DemoMod:DecoyRelic":31,"GodSword7":38,"GodSword5":29,"ats:Military Tradition":38,"AT_BellDemon":25,"Lantern":30,"Bag of Preparation":54,"Cursed Key":17,"PageOfSpiderBud":25,"PageOfScarecrow":38,"testmod-Brilliant":38,"Nunchaku":47,"testmod-CrystalShield":54,"ats:Berate":54,"ats:Sanity":0,"testmod-ArcanaOfDestiny":35,"AT_ChloranthyRing":54,"Golden Idol":4,"DemoMod:MemoryAlloy":44,"DemoMod:Antibody":47,"ats:Hidden Killer":54,"DemoMod:PartiallyEatenCheese":38,"The Courier":11,"testmod-Justice":38,"Frozen Egg 2":38,"testmod-ConstraintPeriapt":55,"Mercury Hourglass":12,"testmod-Antiphasic":30,"Anchor":26,"ats:Originium":8,"Bloody Idol":20,"testmod-AssaultLearning":21,"PageOfLaetitia":27,"PageOfScorchedGirl":39,"Orrery":54,"Turnip":24,"Membership Card":31,"Bottled Lightning":54,"DemoMod:RingOfEthereal":25,"AT_SunfireAegis":41,"testmod-BalancedPeriapt":48},{"AT_ATBox":0,"CeramicFish":4,"AT_MibuBalloonWealth":9,"DemoMod:GlassGuonStoneRelic":2,"PageOfSingingMachine":22,"MagicDraw4":14,"Boot":18,"AT_ArchangelStaff":22,"MagicDraw1":22,"Sozu":13,"alterego_mod:FleetingLove":8,"HornCleat":22,"Kunai":13,"DemoMod:ClearGuonStone":17,"PageOfTodaysShyLook":14,"ats:Defend":14,"testmod-IntensifyImprint":0,"testmod-Maize":22,"AT_RedTearstoneRing":16,"testmod-TestBox":0,"testmod-Register":9,"ats:Lavender":14,"DemoMod:ChaffGrenade":14,"Blue Candle":22,"AT_MortalBlade":0,"Oddly Smooth Stone":22,"Letter Opener":16,"AT_SilvercatRing":12,"War Paint":23,"OrangePellets":22,"AT_TheCollector":14,"Bronze Scales":22,"DemoMod:DecoyRelic":12,"GodSword7":14,"GodSword5":11,"ats:Military Tradition":14,"AT_BellDemon":9,"Lantern":12,"Bag of Preparation":22,"Cursed Key":7,"PageOfSpiderBud":9,"PageOfScarecrow":14,"testmod-Brilliant":14,"Nunchaku":19,"testmod-CrystalShield":22,"ats:Berate":22,"ats:Sanity":0,"testmod-ArcanaOfDestiny":14,"AT_ChloranthyRing":22,"Golden Idol":2,"DemoMod:MemoryAlloy":17,"DemoMod:Antibody":19,"ats:Hidden Killer":22,"DemoMod:PartiallyEatenCheese":14,"The Courier":5,"testmod-Justice":14,"Frozen Egg 2":14,"testmod-ConstraintPeriapt":23,"Mercury Hourglass":6,"testmod-Antiphasic":12,"Anchor":9,"ats:Originium":4,"Bloody Idol":8,"testmod-AssaultLearning":8,"PageOfLaetitia":10,"PageOfScorchedGirl":15,"Orrery":22,"Turnip":9,"Membership Card":12,"Bottled Lightning":22,"DemoMod:RingOfEthereal":9,"AT_SunfireAegis":16,"testmod-BalancedPeriapt":20},{"AT_ATBox":0,"CeramicFish":7,"AT_MibuBalloonWealth":19,"DemoMod:GlassGuonStoneRelic":4,"PageOfSingingMachine":46,"MagicDraw4":29,"Boot":35,"AT_ArchangelStaff":46,"MagicDraw1":46,"Sozu":28,"alterego_mod:FleetingLove":17,"HornCleat":46,"Kunai":28,"DemoMod:ClearGuonStone":34,"PageOfTodaysShyLook":29,"ats:Defend":29,"testmod-IntensifyImprint":0,"testmod-Maize":46,"AT_RedTearstoneRing":33,"testmod-TestBox":0,"testmod-Register":19,"ats:Lavender":29,"DemoMod:ChaffGrenade":29,"Blue Candle":46,"AT_MortalBlade":0,"Oddly Smooth Stone":46,"Letter Opener":33,"AT_SilvercatRing":24,"War Paint":47,"OrangePellets":46,"AT_TheCollector":29,"Bronze Scales":46,"DemoMod:DecoyRelic":24,"GodSword7":29,"GodSword5":22,"ats:Military Tradition":29,"AT_BellDemon":19,"Lantern":24,"Bag of Preparation":46,"Cursed Key":16,"PageOfSpiderBud":19,"PageOfScarecrow":29,"testmod-Brilliant":29,"Nunchaku":38,"testmod-CrystalShield":46,"ats:Berate":46,"ats:Sanity":0,"testmod-ArcanaOfDestiny":29,"AT_ChloranthyRing":46,"Golden Idol":4,"DemoMod:MemoryAlloy":34,"DemoMod:Antibody":38,"ats:Hidden Killer":46,"DemoMod:PartiallyEatenCheese":29,"The Courier":9,"testmod-Justice":29,"Frozen Egg 2":29,"testmod-ConstraintPeriapt":47,"Mercury Hourglass":12,"testmod-Antiphasic":24,"Anchor":19,"ats:Originium":7,"Bloody Idol":17,"testmod-AssaultLearning":17,"PageOfLaetitia":20,"PageOfScorchedGirl":30,"Orrery":46,"Turnip":19,"Membership Card":24,"Bottled Lightning":46,"DemoMod:RingOfEthereal":19,"AT_SunfireAegis":33,"testmod-BalancedPeriapt":40}]},"card_choices":[{"not_picked":["ats:Poison Spread","ats:Childhood Dance"],"picked":"ats:Charging Defense","floor":1},{"not_picked":["ats:Leaping Hammer","ats:Healing Drone"],"picked":"ats:Closed Bolt Burst Fire","floor":3},{"not_picked":["ats:Leaping Hammer","ats:Shell Defense"],"picked":"ats:Defend Order","floor":5},{"not_picked":["ats:Healing Strengthening","ats:Chain Hook"],"picked":"ats:Magnetic Hammer","floor":8},{"not_picked":["ats:Apocalypse","ats:Hammer On"],"picked":"ats:Echo Reverb","floor":10},{"not_picked":["ats:Revitalization","ats:Counter Healing Mode"],"picked":"ats:Sword Rain","floor":12},{"not_picked":["ats:Echo Reverb","ats:Disruption Kick"],"picked":"ats:True Silver Slash","floor":16},{"not_picked":["ats:Revitalization","ats:Poison Spread","ats:Steam Pump"],"picked":"SKIP","floor":18},{"not_picked":["ats:Revitalization","ats:Poison Spread","ats:Steam Pump"],"picked":"SKIP","floor":18},{"not_picked":["ats:Healing Strengthening+1","ats:Curse Doll","ats:Song Of Battle"],"picked":"SKIP","floor":24},{"not_picked":["ats:Cat Scratch","ats:Explosion Area Strengthen","ats:Powerful Strike"],"picked":"SKIP","floor":27},{"not_picked":["ats:Burning Ground+1","ats:Beaten Up"],"picked":"ats:Encircling Forest","floor":29},{"not_picked":["ats:Healing Drone","ats:Hook Shot","ats:Thermite Blade"],"picked":"SKIP","floor":30},{"not_picked":["ats:Soul Rend","ats:Dogmatic Field"],"picked":"ats:Rat Pack","floor":33},{"not_picked":["ats:Shell Defense+1","ats:Revitalization","ats:Apocalypse"],"picked":"SKIP","floor":35},{"not_picked":["ats:Ignite+1","ats:Curse Doll+1","ats:Assault Order+1"],"picked":"SKIP","floor":39},{"not_picked":["ats:Ignite+1","ats:Assault Order+1"],"picked":"ats:Curse Doll+1","floor":39},{"not_picked":["ats:Shell Defense+1","ats:Burning Ground+1"],"picked":"ats:Consecutive Shot Auto","floor":41},{"not_picked":["ats:Sunburst+1","ats:Chain Hook","ats:Counter Healing Mode+1"],"picked":"SKIP","floor":44},{"not_picked":["ats:Magnetic Hammer","ats:Soul Rend+1"],"picked":"ats:Thorns+1","floor":46},{"not_picked":["ats:Hammer On","ats:Poison Spread"],"picked":"ats:Calcification","floor":47},{"not_picked":["ats:Assault Order","ats:Charging Defense+1","ats:Consecutive Shot Auto"],"picked":"SKIP","floor":48},{"not_picked":["ats:Shell Defense+1","ats:True Silver Slash"],"picked":"ats:Spore Proliferation","floor":54},{"not_picked":["ats:Explosion Area Strengthen","ats:Cat Scratch+1","ats:Encircling Forest+1"],"picked":"SKIP","floor":55}],"player_experience":51259,"relics_obtained":[{"floor":8,"key":"ats:Originium"},{"floor":8,"key":"CeramicFish"},{"floor":10,"key":"ats:Originium"},{"floor":11,"key":"The Courier"},{"floor":12,"key":"ats:Originium"},{"floor":12,"key":"Mercury Hourglass"},{"floor":21,"key":"testmod-AssaultLearning"},{"floor":24,"key":"Turnip"},{"floor":26,"key":"Anchor"},{"floor":27,"key":"PageOfLaetitia"},{"floor":29,"key":"GodSword5"},{"floor":30,"key":"Lantern"},{"floor":30,"key":"testmod-Antiphasic"},{"floor":33,"key":"Kunai"},{"floor":35,"key":"testmod-ArcanaOfDestiny"},{"floor":39,"key":"PageOfScorchedGirl"},{"floor":41,"key":"AT_SunfireAegis"},{"floor":41,"key":"AT_RedTearstoneRing"},{"floor":43,"key":"Letter Opener"},{"floor":44,"key":"DemoMod:ClearGuonStone"},{"floor":44,"key":"DemoMod:MemoryAlloy"},{"floor":46,"key":"Boot"},{"floor":47,"key":"DemoMod:Antibody"},{"floor":47,"key":"Nunchaku"},{"floor":48,"key":"testmod-BalancedPeriapt"},{"floor":55,"key":"testmod-ConstraintPeriapt"},{"floor":55,"key":"War Paint"}],"event_choices":[{"damage_healed":0,"gold_gain":0,"player_choice":"Donut","damage_taken":0,"max_hp_gain":5,"max_hp_loss":0,"event_name":"Big Fish","floor":2,"gold_loss":0},{"damage_healed":0,"gold_gain":0,"player_choice":"Take Damage","damage_taken":19,"relics_obtained":["Golden Idol"],"max_hp_gain":0,"max_hp_loss":0,"event_name":"Golden Idol","floor":4,"gold_loss":0},{"damage_healed":0,"gold_gain":400,"player_choice":"Sell","damage_taken":0,"max_hp_gain":0,"max_hp_loss":0,"event_name":"恩洛斯的盘子","floor":13,"relics_lost":["testmod-TestBox"],"gold_loss":0},{"damage_healed":0,"gold_gain":0,"player_choice":"Ignored","damage_taken":0,"max_hp_gain":0,"max_hp_loss":0,"event_name":"Liars Game","floor":14,"gold_loss":0},{"damage_healed":0,"gold_gain":0,"player_choice":"Choice 1","damage_taken":0,"relics_obtained":["alterego_mod:FleetingLove"],"max_hp_gain":0,"max_hp_loss":0,"event_name":"爱的神圣花园","floor":19,"gold_loss":0},{"damage_healed":0,"gold_gain":0,"player_choice":"Gave Idol","damage_taken":0,"relics_obtained":["Bloody Idol"],"max_hp_gain":0,"max_hp_loss":0,"event_name":"Forgotten Altar","floor":20,"relics_lost":["Golden Idol"],"gold_loss":0},{"damage_healed":0,"gold_gain":0,"player_choice":"Ignored","damage_taken":0,"max_hp_gain":0,"max_hp_loss":0,"event_name":"Ghosts","floor":22,"gold_loss":0},{"damage_healed":0,"gold_gain":999,"player_choice":"Gold","damage_taken":0,"max_hp_gain":0,"max_hp_loss":0,"event_name":"MindBloom","floor":36,"gold_loss":0,"cards_obtained":["Normality","Normality"]},{"damage_healed":0,"gold_gain":0,"player_choice":"Max HP","damage_taken":0,"max_hp_gain":0,"max_hp_loss":4,"event_name":"Winding Halls","floor":37,"gold_loss":0},{"damage_healed":0,"gold_gain":0,"player_choice":"Fight","damage_taken":0,"max_hp_gain":0,"max_hp_loss":0,"event_name":"Mysterious Sphere","floor":46,"gold_loss":0}],"is_beta":false,"boss_relics":[{"not_picked":["testmod-KeyOfTheVoid","testmod-CardMagician"],"picked":"Cursed Key"},{"not_picked":["SlaversCollar","Fusion Hammer"],"picked":"Sozu"}],"items_purged_floors":[7,25,31,38,54],"is_endless":false,"potions_floor_spawned":[5,8,12,16,18,24,46,48],"ascension_level":2}}