{"host":"sum4dy402bbv9y4o","time":1609101621,"event":{"mods":["Aspiration","BaseMod","Conspire","Highlight Path","Minty Spire (QoL Compilation)","StSLib"],"gold_per_floor":[114,114,132,2,18,43,43,75,75,0,13,13,13],"floor_reached":12,"playtime":427,"items_purged":["Strike_B"],"score":176,"play_id":"3eddade0-219a-49bb-995e-c1d283f78c03","local_time":"20201227234021","is_ascension_mode":true,"campfire_choices":[{"data":"Redo","floor":7,"key":"SMITH"}],"circlet_count":0,"master_deck":["AscendersBane","Strike_B","Strike_B","Strike_B","Defend_B","Defend_B","Defend_B","Defend_B","Zap","Dualcast","Stack","Redo+1","Beam Cell","Gash","Self Repair","Rebound","Cold Snap","Go for the Eyes","Streamline"],"relics":["Cracked Core","Torii","Potion Belt","Nunchaku"],"acts_visited":["Exordium"],"potions_floor_usage":[6,12],"damage_taken":[{"damage":7,"enemies":"Jaw Worm","floor":1,"turns":3},{"damage":1,"enemies":"Cultist","floor":3,"turns":3},{"damage":6,"enemies":"Small Slimes","floor":5,"turns":3},{"damage":24,"enemies":"Lagavulin","floor":6,"turns":8},{"damage":11,"enemies":"3 Sentries","floor":8,"turns":8},{"damage":10,"enemies":"Exordium Thugs","floor":11,"turns":5},{"damage":73,"enemies":"Gremlin Nob","floor":12,"turns":4}],"seed_played":"3175232436490214871","potions_obtained":[{"floor":5,"key":"Dexterity Potion"},{"floor":8,"key":"Dexterity Potion"},{"floor":11,"key":"LiquidBronze"}],"is_trial":false,"path_per_floor":["M","?","M","$","M","E","R","E","T","$","M","E"],"character_chosen":"DEFECT","items_purchased":["Gash","Self Repair"],"campfire_rested":0,"item_purchase_floors":[4,4],"current_hp_per_floor":[57,57,56,56,57,40,40,36,36,36,33,0,0],"gold":13,"neow_bonus":"THREE_CARDS","is_daily":false,"chose_seed":false,"campfire_upgraded":1,"win_rate":0.0,"timestamp":1609101621,"path_taken":["M","?","M","$","M","E","R","E","T","$","M","E"],"items_purchased_type":["Card","Card"],"build_version":"2020-12-22","purchased_purges":1,"victory":false,"max_hp_per_floor":[71,71,71,71,71,71,71,71,71,71,71,71,71],"card_choices":[{"not_picked":["Aggregate","Double Energy"],"picked":"Stack","floor":0},{"not_picked":["Compile Driver","Static Discharge"],"picked":"Redo","floor":1},{"not_picked":["Undo","Compile Driver"],"picked":"Beam Cell","floor":3},{"not_picked":["Coolheaded","Compile Driver"],"picked":"Rebound","floor":5},{"not_picked":["Steam Power","Core Surge"],"picked":"Cold Snap","floor":6},{"not_picked":["Coolheaded","Steam"],"picked":"Go for the Eyes","floor":8},{"not_picked":["Go for the Eyes","Barrage"],"picked":"Streamline","floor":11}],"player_experience":2851964,"relics_obtained":[{"floor":6,"key":"Torii"},{"floor":8,"key":"Potion Belt"},{"floor":9,"key":"Nunchaku"}],"event_choices":[{"damage_healed":0,"gold_gain":0,"player_choice":"0 cards matched","damage_taken":0,"max_hp_gain":0,"max_hp_loss":0,"event_name":"Match and Keep!","floor":2,"gold_loss":0,"cards_obtained":[]}],"is_beta":false,"boss_relics":[],"items_purged_floors":[10],"is_endless":false,"potions_floor_spawned":[5,8,11],"killed_by":"Gremlin Nob","ascension_level":20}}