{"host":"agbyy69nq62afhwx","time":1609078216,"event":{"mods":["BaseMod","Colored Map","DeckTracker","Highlight Path","Keyboard Shortcuts","Minty Spire (QoL Compilation)","Quick Restart","StSLib","SuperFastMode","everything is the same but u backflip on backflip"],"gold_per_floor":[359,186,198,34,34,34,34,34,61,87,114,142,154,199,211,296,358,381,393,424,188,103,103,137,149,149,149,179,205,205,221,221,221,221],"floor_reached":33,"playtime":1092,"items_purged":["Strike_G","Strike_G"],"score":495,"play_id":"e2451ce7-ef1d-4be5-99bc-47899421a564","local_time":"20201227231016","is_ascension_mode":true,"campfire_choices":[{"data":"Apotheosis","floor":6.0,"key":"SMITH"},{"data":"Blade Dance","floor":8.0,"key":"SMITH"},{"data":"After Image","floor":13.0,"key":"SMITH"},{"floor":15.0,"key":"REST"},{"data":"Accuracy","floor":23.0,"key":"SMITH"},{"floor":27.0,"key":"REST"},{"floor":30,"key":"REST"},{"data":"Adrenaline","floor":32,"key":"SMITH"}],"circlet_count":0,"master_deck":["AscendersBane","Strike_G","Strike_G","Strike_G+1","Defend_G","Defend_G","Defend_G","Defend_G","Defend_G","Survivor","Neutralize","Blade Dance","Choke","Blade Dance+1","Distraction","Apotheosis+1","Sucker Punch","Heel Hook","After Image+1","Leg Sweep","Storm of Steel","Accuracy+1","PiercingWail","Adrenaline+1"],"relics":["Ring of the Snake","Omamori","MawBank","Boot","Tiny House","Orichalcum","Anchor","Singing Bowl","Turnip","Oddly Smooth Stone","White Beast Statue","Red Mask"],"acts_visited":["Exordium","TheCity"],"potions_floor_usage":[33],"damage_taken":[{"damage":2.0,"enemies":"2 Louse","floor":1.0,"turns":4.0},{"damage":3.0,"enemies":"Jaw Worm","floor":3.0,"turns":4.0},{"damage":0.0,"enemies":"Small Slimes","floor":10.0,"turns":2.0},{"damage":0.0,"enemies":"Exordium Wildlife","floor":11.0,"turns":2.0},{"damage":2.0,"enemies":"Large Slime","floor":12.0,"turns":4.0},{"damage":9.0,"enemies":"Lagavulin","floor":14.0,"turns":5.0},{"damage":24.0,"enemies":"The Guardian","floor":16.0,"turns":14.0},{"damage":4.0,"enemies":"3 Byrds","floor":18.0,"turns":5.0},{"damage":3.0,"enemies":"Spheric Guardian","floor":20.0,"turns":3.0},{"damage":16.0,"enemies":"Gremlin Leader","floor":24.0,"turns":6.0},{"damage":0.0,"enemies":"Cultist and Chosen","floor":25.0,"turns":6.0},{"damage":13.0,"enemies":"Slavers","floor":28.0,"turns":7.0},{"damage":25,"enemies":"Masked Bandits","floor":29,"turns":6},{"damage":0,"enemies":"Sentry and Sphere","floor":31,"turns":5},{"damage":68,"enemies":"Automaton","floor":33,"turns":12}],"seed_played":"-8944508271324457452","potions_obtained":[{"floor":3.0,"key":"Swift Potion"},{"floor":10.0,"key":"Strength Potion"},{"floor":16.0,"key":"EntropicBrew"},{"floor":24.0,"key":"Swift Potion"},{"floor":28.0,"key":"FairyPotion"}],"is_trial":false,"path_per_floor":["M","$","M","$","?","R","T","R","T","M","M","M","R","E","R","B",null,"M","?","M","$","?","R","E","M","T","R","E","?","R","M","R","B"],"character_chosen":"THE_SILENT","items_purchased":["Choke","Blade Dance","Apotheosis","Anchor"],"campfire_rested":3,"item_purchase_floors":[2,2,4,21],"current_hp_per_floor":[42,42,39,39,39,39,39,39,39,39,39,37,37,28,47,23,60,56,56,53,53,53,53,39,41,41,63,52,27,50,52,52,18,18],"gold":221,"neow_bonus":"TWO_FIFTY_GOLD","is_daily":false,"chose_seed":false,"campfire_upgraded":5,"win_rate":0.0,"timestamp":1609078216,"path_taken":["M","$","M","$","?","R","?","R","T","M","M","M","R","E","R","BOSS","M","?","M","$","?","R","E","M","T","R","E","?","R","M","R","BOSS"],"items_purchased_type":["Card","Card","Card","Relic"],"build_version":"2020-12-22","purchased_purges":2,"victory":false,"max_hp_per_floor":[66,66,66,66,66,66,66,66,66,66,66,66,66,66,66,66,71,71,71,71,71,71,71,73,75,75,75,77,77,77,79,79,79,79],"card_choices":[{"not_picked":["Setup","Dash"],"picked":"Blade Dance","floor":1.0},{"not_picked":["Slice","Deadly Poison"],"picked":"Distraction","floor":3.0},{"not_picked":["Outmaneuver","Dagger Throw"],"picked":"Sucker Punch","floor":10.0},{"not_picked":["Deflect","Prepared"],"picked":"Heel Hook","floor":11.0},{"not_picked":["Cloak And Dagger","Heel Hook"],"picked":"After Image","floor":12.0},{"not_picked":["Slice","After Image"],"picked":"Leg Sweep","floor":14.0},{"not_picked":["Doppelganger","After Image"],"picked":"Storm of Steel","floor":16.0},{"not_picked":["Blur","Flying Knee"],"picked":"Accuracy","floor":17.0},{"not_picked":["Sucker Punch+1","Slice","Prepared"],"picked":"SKIP","floor":18.0},{"not_picked":["Masterful Stab","Flechettes"],"picked":"PiercingWail","floor":20.0},{"not_picked":["Acrobatics","Die Die Die","Cloak And Dagger"],"picked":"Singing Bowl","floor":24.0},{"not_picked":["Leg Sweep","Quick Slash","Dagger Throw"],"picked":"Singing Bowl","floor":25.0},{"not_picked":["Deadly Poison","Choke","Endless Agony+1"],"picked":"Singing Bowl","floor":28.0},{"not_picked":["Terror","Flechettes"],"picked":"Adrenaline","floor":29},{"not_picked":["Blade Dance","Poisoned Stab","Caltrops"],"picked":"Singing Bowl","floor":31}],"player_experience":387496,"relics_obtained":[{"floor":7.0,"key":"Omamori"},{"floor":9.0,"key":"MawBank"},{"floor":14.0,"key":"Boot"},{"floor":24.0,"key":"Turnip"},{"floor":26.0,"key":"Oddly Smooth Stone"},{"floor":28.0,"key":"White Beast Statue"},{"floor":29,"key":"Red Mask"}],"event_choices":[{"damage_healed":0.0,"max_hp_gain":0.0,"max_hp_loss":0.0,"gold_gain":0.0,"event_name":"Shining Light","player_choice":"Ignored","floor":5.0,"gold_loss":0.0,"damage_taken":0.0},{"damage_healed":0.0,"max_hp_gain":0.0,"max_hp_loss":0.0,"gold_gain":0.0,"event_name":"The Mausoleum","player_choice":"Opened","floor":19.0,"gold_loss":0.0,"damage_taken":0.0,"relics_obtained":["Orichalcum"],"cards_obtained":["Writhe"]},{"damage_healed":0.0,"max_hp_gain":0.0,"max_hp_loss":0.0,"gold_gain":0.0,"event_name":"Addict","player_choice":"Obtained Relic","floor":22.0,"gold_loss":85.0,"damage_taken":0.0,"relics_obtained":["Singing Bowl"]},{"damage_healed":0,"gold_gain":0,"player_choice":"Fought Bandits","damage_taken":0,"max_hp_gain":0,"max_hp_loss":0,"event_name":"Masked Bandits","floor":29,"gold_loss":0}],"is_beta":false,"boss_relics":[{"not_picked":["Coffee Dripper","Ectoplasm"],"picked":"Tiny House"}],"items_purged_floors":[2,21],"is_endless":false,"potions_floor_spawned":[3,10,12,16,20,24,28,29,31],"killed_by":"Automaton","ascension_level":15}}