{"host":"nmyw38vkdf8owddb","time":1609063319,"event":{"mods":["BaseMod","Bestiary","Colored Map","Colored Powertips","DeckTracker","Minty Spire (QoL Compilation)","Shade Mod","StSLib","The Caster","The Marked","Waifu the Spire"],"gold_per_floor":[13,33,33,53,53,53,53,80,80,104,135,147,177,202,214,226,226],"floor_reached":16,"playtime":549,"items_purged":[],"score":135,"play_id":"107c023e-a455-444a-bbad-7f92534eb0ae","local_time":"20201227190159","is_ascension_mode":true,"campfire_choices":[{"data":"Consecrate","floor":6,"key":"SMITH"},{"floor":15,"key":"REST"}],"circlet_count":0,"master_deck":["Strike_P","Strike_P","Defend_P","Defend_P","Defend_P","Defend_P","Eruption","Vigilance","Panache","Consecrate+1","WheelKick","EmptyMind","SandsOfTime","WindmillStrike","ClearTheMind","Worship","ThirdEye"],"relics":["PureWater","Blue Candle","Centennial Puzzle","MawBank"],"acts_visited":["Exordium"],"potions_floor_usage":[16],"damage_taken":[{"damage":8,"enemies":"Jaw Worm","floor":1,"turns":4},{"damage":0,"enemies":"Small Slimes","floor":2,"turns":3},{"damage":0,"enemies":"2 Louse","floor":4,"turns":3},{"damage":26,"enemies":"Lagavulin","floor":8,"turns":6},{"damage":9,"enemies":"Red Slaver","floor":10,"turns":2},{"damage":6,"enemies":"Lots of Slimes","floor":11,"turns":2},{"damage":0,"enemies":"2 Fungi Beasts","floor":13,"turns":2},{"damage":8,"enemies":"Blue Slaver","floor":14,"turns":4},{"damage":26,"enemies":"Slime Boss","floor":16,"turns":3}],"seed_played":"-4499798663297011148","potions_obtained":[{"floor":8,"key":"ColorlessPotion"},{"floor":10,"key":"Strength Potion"},{"floor":11,"key":"Explosive Potion"}],"is_trial":false,"path_per_floor":["M","M","?","M","?","R","?","E","T","M","M","$","M","M","R","B"],"character_chosen":"WATCHER","items_purchased":[],"campfire_rested":1,"item_purchase_floors":[],"current_hp_per_floor":[57,57,57,57,50,50,50,24,24,15,9,9,9,1,22,0,0],"gold":226,"neow_bonus":"RANDOM_COLORLESS_2","is_daily":false,"chose_seed":false,"campfire_upgraded":1,"win_rate":0.0,"timestamp":1609063319,"path_taken":["M","M","?","M","?","R","?","E","T","?","M","?","?","M","R","BOSS"],"items_purchased_type":[],"build_version":"2020-12-22","purchased_purges":0,"victory":false,"max_hp_per_floor":[72,72,72,72,72,72,72,72,72,72,72,72,72,72,72,72,72],"card_choices":[{"not_picked":["Metamorphosis","Transmutation"],"picked":"Panache","floor":0},{"not_picked":["FollowUp","FlyingSleeves"],"picked":"Consecrate","floor":1},{"not_picked":["Collect","Vengeance"],"picked":"WheelKick","floor":2},{"not_picked":["EmptyBody","Worship"],"picked":"SandsOfTime","floor":4},{"not_picked":["ConjureBlade","Conclude"],"picked":"WindmillStrike","floor":8},{"not_picked":["LikeWater","Conclude","Adaptation"],"picked":"SKIP","floor":10},{"not_picked":["Crescendo","EmptyBody"],"picked":"ClearTheMind","floor":11},{"not_picked":["CrushJoints","Nirvana"],"picked":"Worship","floor":13},{"not_picked":["ClearTheMind","Halt"],"picked":"ThirdEye","floor":14}],"player_experience":329994,"relics_obtained":[{"floor":8,"key":"Centennial Puzzle"},{"floor":9,"key":"MawBank"}],"event_choices":[{"damage_healed":0,"gold_gain":0,"cards_transformed":["Strike_P"],"player_choice":"Change","damage_taken":0,"max_hp_gain":0,"max_hp_loss":0,"event_name":"Living Wall","floor":3,"gold_loss":0,"cards_obtained":["EmptyMind"]},{"damage_healed":0,"gold_gain":0,"player_choice":"Success","damage_taken":7,"relics_obtained":["Blue Candle"],"max_hp_gain":0,"max_hp_loss":0,"event_name":"Scrap Ooze","floor":5,"gold_loss":0},{"cards_removed":["Strike_P"],"damage_healed":0,"gold_gain":0,"player_choice":"Offered Basic","damage_taken":0,"max_hp_gain":0,"max_hp_loss":0,"event_name":"Bonfire Elementals","floor":7,"gold_loss":0}],"is_beta":false,"boss_relics":[],"items_purged_floors":[],"is_endless":false,"potions_floor_spawned":[8,10,11],"killed_by":"Slime Boss","ascension_level":6}}