{"host":"tst5pjz7m60hr0pr","time":1609040173,"event":{"mods":["AchievementEnabler","Act Like it!","Aspiration","Bard","BaseMod","Beaked The Cultist","Better Altar","Better Match","Better Note","Better Sensory Stone","Better Skull","Better Third Choice","BetterRewards","CCEM","Clawfect","Colored Map","Conspire","Downfall","GifTheSpireLib","Halation","Hallownest","Hermit","Highlight Path","Hubris","Infinite Spire","Jedi Mod","Marisa????????","Mimic Mod","Minty Spire (QoL Compilation)","Permanent Neow","Replay The Spire","Shade Mod","Shop Mod","Spicy Shops","StSLib","Stuff the Spire","The Administrix","The Blackbeard","The Bug Knight","The Cursed","The Disciple","The IronCluck","The Jungle","The Mystic","The Necromancer","The Problem Sleuth","The Runesmith","The Servant 0.9.4","The Spell Scribe","Unceasing Turn Reminder","slay the spire mod where everything is the same but ironclad has a cowboy hat"],"gold_per_floor":[115,128,140,65,95,95,122,135,135,174,174,174,186,261,261,356,356,392,152,168,168,168,168,193,228,228,266,279,335,356,377,463,566,566,588,600,617,636,636,680,699,721,769,805,819,819,233,246,246,258],"floor_reached":51,"playtime":5476,"items_purged":["Clumsy"],"score":781,"play_id":"7b186458-31c7-4817-acc2-768b203a582d","local_time":"20201226213613","is_ascension_mode":false,"campfire_choices":[{"floor":6.0,"key":"REST"},{"floor":12.0,"key":"REST"},{"floor":15.0,"key":"REST"},{"data":"blackbeard:ChaoticDefense","floor":23,"key":"SMITH"},{"floor":46,"key":"REST"},{"floor":49,"key":"REST"}],"circlet_count":0,"master_deck":["blackbeard:BlackbeardStrike","blackbeard:BlackbeardStrike","blackbeard:BlackbeardStrike","blackbeard:BlackbeardStrike","blackbeard:IntimidatingStrike","blackbeard:BlackbeardDefend","blackbeard:BlackbeardDefend","blackbeard:BlackbeardDefend","blackbeard:BlackbeardDefend","blackbeard:Cutlass","blackbeard:FinalBarrage+1","blackbeard:GoldenDefense","blackbeard:GoldenCannonball","blackbeard:CannonBarrage","blackbeard:BountyHunter+1","blackbeard:Salvager+1","blackbeard:PowerHungry+1","blackbeard:BeatUp","blackbeard:Dagger","Flash of Steel+1","blackbeard:DoubleCannonball","Thinking Ahead+1","blackbeard:RearmingStrike","Midas Touch+1","blackbeard:SmithingHammer","blackbeard:CaptainsHat","blackbeard:Scrap","blackbeard:ChaoticDefense+1","blackbeard:CatONineTails","blackbeard:Sharpening","blackbeard:Sword","blackbeard:PirateHook","blackbeard:BoostMorale","blackbeard:FieryDefense","blackbeard:GoldenRain","blackbeard:DoubleCannonball+1","blackbeard:SmithingHammer","blackbeard:CloakAndCannonball+1","infinitespire:Collect","blackbeard:CannonBarrage+1","blackbeard:PiratesWill+1","blackbeard:PiratesWill","blackbeard:ArmorUp","blackbeard:RemoveScurvy+1","blackbeard:Spear","blackbeard:DoubleCannonball","blackbeard:Dagger+1"],"relics":["blackbeard:LoadTheCannons","Durian","jedi:paperlyon","infinitespire:Midas Blood","hubris:CuriousFeather","halation:PromiseList","SlaversCollar","Gambling Chip","Regal Pillow","StuffTheSpire:Expresso","MerchantsRug","aspiration:EmptySkull","Ancient Tea Set"],"acts_visited":["Exordium","TheCity","TheBeyond"],"potions_floor_usage":[24,28,33,41,42,43,50,50,50],"damage_taken":[{"damage":0.0,"enemies":"Small Slimes","floor":1.0,"turns":3.0},{"damage":1.0,"enemies":"Cultist","floor":2.0,"turns":3.0},{"damage":10.0,"enemies":"conspire:RoseBush","floor":3.0,"turns":2.0},{"damage":21.0,"enemies":"Exordium Wildlife","floor":5.0,"turns":3.0},{"damage":6.0,"enemies":"HollowMod:MossKnight","floor":7.0,"turns":5.0},{"damage":10.0,"enemies":"Looter","floor":8.0,"turns":2.0},{"damage":9.0,"enemies":"conspire:2 RoseBushes","floor":10.0,"turns":2.0},{"damage":0.0,"enemies":"Blue Slaver","floor":13.0,"turns":2.0},{"damage":50.0,"enemies":"Fading Forest","floor":16.0,"turns":11.0},{"damage":12.0,"enemies":"conspire:FuzzyDice","floor":18.0,"turns":5.0},{"damage":1,"enemies":"Chosen","floor":20,"turns":2},{"damage":0,"enemies":"conspire:SneckoGhost","floor":24,"turns":2},{"damage":10,"enemies":"Snake Plant","floor":25,"turns":4},{"damage":0,"enemies":"Shelled Parasite and Fungi","floor":27,"turns":2},{"damage":4,"enemies":"3 Cultists","floor":28,"turns":4},{"damage":3,"enemies":"Gremlin Leader","floor":29,"turns":5},{"damage":6,"enemies":"Cultist and Chosen","floor":30,"turns":3},{"damage":8,"enemies":"Snecko","floor":31,"turns":4},{"damage":24,"enemies":"Champ","floor":33,"turns":4},{"damage":3,"enemies":"3 Shapes","floor":35,"turns":3},{"damage":3,"enemies":"Orb Walker","floor":36,"turns":3},{"damage":1,"enemies":"Transient","floor":37,"turns":5},{"damage":18,"enemies":"Jaw Worm Horde","floor":38,"turns":3},{"damage":16,"enemies":"4 Shapes","floor":40,"turns":3},{"damage":16,"enemies":"Spire Growth","floor":41,"turns":3},{"damage":11,"enemies":"Writhing Mass","floor":42,"turns":3},{"damage":10,"enemies":"Sphere and 2 Shapes","floor":43,"turns":5},{"damage":11,"enemies":"Giant Head","floor":44,"turns":4},{"damage":2,"enemies":"Sphere and 2 Shapes","floor":45,"turns":2},{"damage":0,"enemies":"4 Shapes","floor":48,"turns":3},{"damage":37,"enemies":"Time Eater","floor":50,"turns":7}],"seed_played":"5009669908515571277","potions_obtained":[{"floor":7.0,"key":"SkillPotion"},{"floor":8.0,"key":"Swift Potion"},{"floor":13.0,"key":"SmokeBomb"},{"floor":16.0,"key":"AttackPotion"},{"floor":20,"key":"PowerPotion"},{"floor":27,"key":"GamblersBrew"},{"floor":28,"key":"FairyPotion"},{"floor":31,"key":"EssenceOfSteel"},{"floor":35,"key":"BlessingOfTheForge"},{"floor":41,"key":"EssenceOfSteel"},{"floor":42,"key":"Energy Potion"},{"floor":44,"key":"FearPotion"},{"floor":45,"key":"sneckomod:MuddlingPotion"}],"is_trial":false,"path_per_floor":["M","M","M","?","M","R","E","M","T","M","?","R","M","?","R_BF","B",null,"M","$","M","?","?","R","E","M","T","M","M","E","M","M","R_BF","B",null,"M","M","M","M","AVR","M","M","M","MIM","E","M","R","$","M","R","B",null],"character_chosen":"BLACKBEARD_CLASS","items_purchased":["CCEMRelics:WrappedPresent","StuffTheSpire:Expresso","MerchantsRug","aspiration:EmptySkull","Ancient Tea Set","PowerPotion","blackbeard:DoubleCannonball"],"campfire_rested":5,"item_purchase_floors":[19,47,47,47,47,47,47],"current_hp_per_floor":[75,74,64,64,43,65,59,49,54,45,45,69,69,58,80,54,80,68,78,77,77,77,77,77,67,67,67,63,60,54,46,46,22,85,82,79,78,60,60,44,28,17,7,25,23,63,63,63,85,56],"gold":258,"neow_bonus":"ONE_RANDOM_RARE_CARD","is_daily":false,"chose_seed":false,"campfire_upgraded":1,"win_rate":0.0,"timestamp":1609040173,"path_taken":["M","M","M","?","M","R","E","?","T","M","?","R","?","?","R_BF","BOSS","M","$","M","?","?","R","E","M","T","M","?","E","M","M","R_BF","BOSS","M","M","M","M","AVR","M","M","M","MIM","E","?","R","$","M","R","BOSS"],"items_purchased_type":["Relic","Relic","Relic","Relic","Relic","Potion","Card"],"build_version":"2020-12-22","purchased_purges":1,"victory":true,"max_hp_per_floor":[75,75,75,75,75,75,75,75,80,80,80,80,80,80,80,80,80,80,85,85,85,85,85,85,85,85,85,85,85,85,85,85,85,85,85,85,85,85,85,85,85,85,85,85,85,85,85,85,85,85],"card_choices":[{"not_picked":["blackbeard:DangerousBlow","blackbeard:Dagger"],"picked":"blackbeard:GoldenDefense","floor":1.0},{"not_picked":["blackbeard:Sharpening","blackbeard:SwordDance"],"picked":"blackbeard:GoldenCannonball","floor":2.0},{"not_picked":["blackbeard:Provisioning","blackbeard:TacticalRetreat"],"picked":"blackbeard:CannonBarrage","floor":3.0},{"not_picked":["blackbeard:MegaUpgrade+1","blackbeard:GoldenRain+1"],"picked":"blackbeard:BountyHunter+1","floor":4.0},{"not_picked":["blackbeard:Lifeboat+1","blackbeard:PowerHungry+1"],"picked":"blackbeard:Salvager+1","floor":4.0},{"not_picked":["blackbeard:Parrot+1","blackbeard:HumongousCannonball+1"],"picked":"blackbeard:PowerHungry+1","floor":4.0},{"not_picked":["blackbeard:GoldenStrike","blackbeard:BlindAttacks"],"picked":"blackbeard:BeatUp","floor":5.0},{"not_picked":["blackbeard:TacticalRetreat","blackbeard:DeadlyArsenal"],"picked":"blackbeard:Dagger","floor":7.0},{"not_picked":["expansioncontent:SlimeTackle+1","Replay:SS_forest_5+1"],"picked":"Flash of Steel+1","floor":8.0},{"not_picked":["blackbeard:PiratesWill","blackbeard:DeadlyArsenal"],"picked":"blackbeard:DoubleCannonball","floor":8.0},{"not_picked":["Madness+1","expansioncontent:DonusPower+1"],"picked":"Thinking Ahead+1","floor":10.0},{"not_picked":["blackbeard:Dagger","blackbeard:GoldenStrike"],"picked":"blackbeard:RearmingStrike","floor":10.0},{"not_picked":["expansioncontent:AwakenDeath+1","Master of Strategy+1"],"picked":"Midas Touch+1","floor":13.0},{"not_picked":["blackbeard:Fencing","blackbeard:DeadlyArsenal"],"picked":"blackbeard:SmithingHammer","floor":13.0},{"not_picked":["blackbeard:PirateStrength","blackbeard:Murder"],"picked":"blackbeard:CaptainsHat","floor":16.0},{"not_picked":["blackbeard:FieryDefense","blackbeard:BlindAttacks+1"],"picked":"blackbeard:Scrap","floor":18.0},{"not_picked":["blackbeard:Murder","blackbeard:Fencing"],"picked":"blackbeard:ChaoticDefense","floor":20},{"not_picked":["blackbeard:Shrapnel","blackbeard:TacticalRetreat"],"picked":"blackbeard:CatONineTails","floor":24},{"not_picked":["blackbeard:WiseDefense","blackbeard:BlindAttacks+1"],"picked":"blackbeard:Sharpening","floor":25},{"not_picked":["blackbeard:ArmorUp+1","blackbeard:Salvager"],"picked":"blackbeard:Sword","floor":27},{"not_picked":["blackbeard:VengefulSpirit","blackbeard:Toast+1"],"picked":"blackbeard:PirateHook","floor":28},{"not_picked":["blackbeard:ArmorUp","blackbeard:RemoveScurvy+1"],"picked":"blackbeard:BoostMorale","floor":29},{"not_picked":["blackbeard:WiseDefense","blackbeard:GoldenDefense","blackbeard:TerrorOfTheSeas"],"picked":"SKIP","floor":30},{"not_picked":["blackbeard:Revenge+1","blackbeard:RearmingStrike"],"picked":"blackbeard:FieryDefense","floor":31},{"not_picked":["blackbeard:PirateStrength","blackbeard:Salvager"],"picked":"blackbeard:GoldenRain","floor":33},{"not_picked":["blackbeard:Fencing","blackbeard:TacticalRetreat+1"],"picked":"blackbeard:DoubleCannonball+1","floor":35},{"not_picked":["blackbeard:TacticalRetreat+1","blackbeard:PirateEarring+1"],"picked":"blackbeard:SmithingHammer","floor":36},{"not_picked":["blackbeard:Parrot","blackbeard:Fencing+1"],"picked":"blackbeard:CloakAndCannonball+1","floor":37},{"not_picked":["blackbeard:Fencing","blackbeard:Sharpening","blackbeard:BlindAttacks"],"picked":"SKIP","floor":38},{"not_picked":["blackbeard:CloakAndCannonball","blackbeard:GoldenStrike+1"],"picked":"blackbeard:CannonBarrage+1","floor":40},{"not_picked":["blackbeard:Intoxication","blackbeard:TacticalRetreat+1"],"picked":"blackbeard:PiratesWill+1","floor":41},{"not_picked":["blackbeard:WiseDefense+1","blackbeard:Fencing+1"],"picked":"blackbeard:PiratesWill","floor":42},{"not_picked":["blackbeard:Fencing","blackbeard:CannonBarrage"],"picked":"blackbeard:ArmorUp","floor":43},{"not_picked":["blackbeard:WiseDefense","blackbeard:TacticalRetreat+1"],"picked":"blackbeard:RemoveScurvy+1","floor":44},{"not_picked":["blackbeard:PowerHungry","blackbeard:CannonballSupply"],"picked":"blackbeard:Spear","floor":45},{"not_picked":["blackbeard:BlindAttacks","blackbeard:FieryDefense+1"],"picked":"blackbeard:Dagger+1","floor":48}],"player_experience":290997,"relics_obtained":[{"floor":7.0,"key":"CCEMRelics:FestiveHat"},{"floor":9.0,"key":"Durian"},{"floor":19,"key":"CCEMRelics:D6"},{"floor":24,"key":"infinitespire:Midas Blood"},{"floor":26,"key":"hubris:CuriousFeather"},{"floor":29,"key":"halation:PromiseList"},{"floor":43,"key":"Gambling Chip"},{"floor":44,"key":"Regal Pillow"}],"event_choices":[{"damage_healed":0.0,"max_hp_gain":0.0,"max_hp_loss":0.0,"gold_gain":0.0,"event_name":"betterMatch:BetterMatch","player_choice":"3","floor":4.0,"gold_loss":0.0,"damage_taken":0.0,"cards_obtained":["betterMatch:RareCard"]},{"damage_healed":0.0,"max_hp_gain":0.0,"max_hp_loss":0.0,"gold_gain":75.0,"event_name":"betterThird:BetterGoop","player_choice":"Gold","floor":14.0,"gold_loss":0.0,"damage_taken":11.0},{"damage_healed":0,"gold_gain":0,"player_choice":"Forge","damage_taken":0,"max_hp_gain":0,"max_hp_loss":0,"event_name":"Accursed Blacksmith","floor":21,"gold_loss":0,"cards_upgraded":["blackbeard:FinalBarrage"]},{"damage_healed":0,"gold_gain":0,"player_choice":"Ignored","damage_taken":0,"max_hp_gain":0,"max_hp_loss":0,"event_name":"N\u0027loth","floor":22,"gold_loss":0}],"is_beta":false,"boss_relics":[{"not_picked":["beaked:MawFillet","Kintsugi"],"picked":"jedi:paperlyon"},{"not_picked":["aspiration:MobileForge","Replay:Drink Me"],"picked":"SlaversCollar"}],"items_purged_floors":[47],"is_endless":false,"potions_floor_spawned":[7,8,13,16,20,27,28,31,35,41,42,44,45,48],"ascension_level":0}}