{"host":"2yqfi47fogfu1ic4","time":1609075045,"event":{"mods":["AchievementEnabler","BaseMod","Colored Map","Colored Powertips","Highlight Path","Minty Spire (QoL Compilation)","Permanent Neow","Relic Stats","StSLib"],"gold_per_floor":[409,428,445,46,65,90,90,105,105,105,40,40,70,93,105,191,203,233,170,202,214,237,249,271,26,49,49,67,67,81,100,100,174,174,193,206,218,6,20,20,47,60,60,75,91,91,143,160,160,160,160,160],"floor_reached":51,"playtime":4857,"items_purged":["Defend_G","Strike_G"],"score":1353,"play_id":"24bf7e25-4dc3-44f5-92f0-e1aeb2aae67e","local_time":"20201227141725","is_ascension_mode":true,"campfire_choices":[{"data":"Sucker Punch","floor":7.0,"key":"SMITH"},{"data":"Footwork","floor":15.0,"key":"SMITH"},{"data":"Burst","floor":23.0,"key":"SMITH"},{"data":"Ghostly","floor":27.0,"key":"SMITH"},{"data":"Ghostly","floor":32.0,"key":"SMITH"},{"data":"Catalyst","floor":40.0,"key":"SMITH"},{"data":"Ghostly","floor":46,"key":"SMITH"},{"floor":49,"key":"RECALL"}],"circlet_count":0,"master_deck":["AscendersBane","Strike_G","Strike_G","Strike_G","Defend_G","Defend_G","Defend_G","Defend_G","Survivor","Neutralize","CurseOfTheBell","Backstab+1","Poisoned Stab","Sucker Punch+1","Dagger Spray","Footwork+1","Footwork","Bouncing Flask","Burst+1","Ghostly","Ghostly+1","Ghostly+1","Escape Plan","Bouncing Flask","Ghostly+1","Leg Sweep","Footwork","Caltrops","Predator+1","Venomology","Backflip+1","Dagger Throw+1","Catalyst+1","Noxious Fumes+1","Backflip","Escape Plan"],"relics":["Calling Bell","Happy Flower","Mercury Hourglass","Old Coin","Anchor","Oddly Smooth Stone","Matryoshka","Akabeko","The Courier","MawBank","MealTicket","Coffee Dripper","DollysMirror","Bag of Preparation","HoveringKite","OrangePellets","Question Card","Paper Crane","Whetstone"],"acts_visited":["Exordium","TheCity","TheBeyond"],"potions_floor_usage":[45,45,50,50,50,51],"damage_taken":[{"damage":0.0,"enemies":"Cultist","floor":1.0,"turns":4.0},{"damage":0.0,"enemies":"Jaw Worm","floor":2.0,"turns":3.0},{"damage":0.0,"enemies":"2 Louse","floor":3.0,"turns":2.0},{"damage":11.0,"enemies":"Looter","floor":5.0,"turns":3.0},{"damage":15.0,"enemies":"Lagavulin","floor":6.0,"turns":8.0},{"damage":0.0,"enemies":"Lots of Slimes","floor":8.0,"turns":2.0},{"damage":0.0,"enemies":"Gremlin Gang","floor":13.0,"turns":3.0},{"damage":0.0,"enemies":"Exordium Thugs","floor":14.0,"turns":2.0},{"damage":17.0,"enemies":"The Guardian","floor":16.0,"turns":11.0},{"damage":4.0,"enemies":"Spheric Guardian","floor":18.0,"turns":5.0},{"damage":7.0,"enemies":"Chosen","floor":20.0,"turns":5.0},{"damage":13.0,"enemies":"Snake Plant","floor":22.0,"turns":6.0},{"damage":7.0,"enemies":"Centurion and Healer","floor":24.0,"turns":12.0},{"damage":18.0,"enemies":"Chosen and Byrds","floor":28.0,"turns":8.0},{"damage":3.0,"enemies":"Cultist and Chosen","floor":30.0,"turns":6.0},{"damage":0.0,"enemies":"Snake Plant","floor":31.0,"turns":4.0},{"damage":5.0,"enemies":"Champ","floor":33.0,"turns":14.0},{"damage":1.0,"enemies":"Orb Walker","floor":35.0,"turns":5.0},{"damage":18.0,"enemies":"3 Darklings","floor":36.0,"turns":10.0},{"damage":10.0,"enemies":"Maw","floor":37.0,"turns":9.0},{"damage":0.0,"enemies":"4 Shapes","floor":39.0,"turns":4.0},{"damage":12.0,"enemies":"Nemesis","floor":41.0,"turns":9.0},{"damage":0.0,"enemies":"Spire Growth","floor":42.0,"turns":7.0},{"damage":1.0,"enemies":"Writhing Mass","floor":44.0,"turns":6.0},{"damage":0,"enemies":"Transient","floor":45,"turns":6},{"damage":0,"enemies":"4 Shapes","floor":48,"turns":7},{"damage":5,"enemies":"Donu and Deca","floor":50,"turns":13},{"damage":5,"enemies":"Time Eater","floor":51,"turns":9}],"seed_played":"-759712301686933012","potions_obtained":[{"floor":1.0,"key":"Fire Potion"},{"floor":5.0,"key":"ColorlessPotion"},{"floor":6.0,"key":"Block Potion"},{"floor":13.0,"key":"SpeedPotion"},{"floor":18.0,"key":"Weak Potion"},{"floor":22.0,"key":"Regen Potion"},{"floor":35.0,"key":"BlessingOfTheForge"},{"floor":44.0,"key":"SpeedPotion"}],"is_trial":false,"path_per_floor":["M","M","M","$","M","E","R","M","T","?","$","T","M","M","R","B",null,"M","?","M","?","M","R","M","$","T","R","M","?","M","M","R","B",null,"M","M","M","$","M","R","E","M","T","M","M","R","T","M","R","B","B"],"character_chosen":"THE_SILENT","items_purchased":["Anchor","Oddly Smooth Stone","Footwork","DollysMirror","Leg Sweep","Footwork","OrangePellets"],"campfire_rested":0,"item_purchase_floors":[4,4,11,25,25,25,38],"current_hp_per_floor":[59,59,59,59,48,33,33,33,33,33,33,33,33,33,33,16,54,50,50,43,33,20,20,13,28,28,28,10,33,30,30,30,25,31,33,15,5,20,20,20,8,8,8,7,7,7,7,7,7,2,0,0],"gold":160,"neow_bonus":"BOSS_RELIC","is_daily":false,"chose_seed":false,"campfire_upgraded":7,"win_rate":0.0,"timestamp":1609075045,"path_taken":["M","M","M","$","M","E","R","M","T","?","$","?","M","M","R","BOSS","M","?","M","?","M","R","M","$","T","R","M","?","M","M","R","BOSS","M","?","M","$","M","R","E","M","T","M","?","R","?","M","R","BOSS","BOSS"],"items_purchased_type":["Relic","Relic","Card","Relic","Card","Card","Relic"],"build_version":"2020-12-22","purchased_purges":2,"victory":false,"max_hp_per_floor":[66,66,66,66,66,66,66,66,66,66,66,66,66,66,66,66,66,66,66,66,33,33,33,33,33,33,33,33,33,33,33,33,33,33,33,33,33,33,33,33,33,33,33,33,33,33,33,33,33,33,33,33],"relic_stats":{"OrangePellets":[1],"Happy Flower":[61],"counters":[28,177],"HoveringKite":[19],"MealTicket":30,"Bag of Preparation":[30],"Whetstone":["Dagger Throw","Backstab"],"MawBank":156,"Question Card":4,"obtain_stats":[{"Happy Flower":0,"Oddly Smooth Stone":4,"HoveringKite":34,"The Courier":10,"Bag of Preparation":26,"Whetstone":47,"Paper Crane":43,"MawBank":12,"Question Card":41,"Akabeko":9,"Mercury Hourglass":0,"Old Coin":0,"Calling Bell":0,"OrangePellets":38,"Anchor":4,"Matryoshka":6,"DollysMirror":25,"MealTicket":12,"Coffee Dripper":17,"Ring of the Snake":0},{"Happy Flower":0,"Oddly Smooth Stone":3,"HoveringKite":17,"The Courier":6,"Bag of Preparation":13,"Whetstone":25,"Paper Crane":23,"MawBank":6,"Question Card":22,"Akabeko":6,"Mercury Hourglass":0,"Old Coin":0,"Calling Bell":0,"OrangePellets":20,"Anchor":3,"Matryoshka":5,"DollysMirror":13,"MealTicket":6,"Coffee Dripper":9,"Ring of the Snake":0},{"Happy Flower":0,"Oddly Smooth Stone":8,"HoveringKite":94,"The Courier":21,"Bag of Preparation":63,"Whetstone":148,"Paper Crane":136,"MawBank":21,"Question Card":129,"Akabeko":21,"Mercury Hourglass":0,"Old Coin":0,"Calling Bell":0,"OrangePellets":117,"Anchor":8,"Matryoshka":19,"DollysMirror":63,"MealTicket":21,"Coffee Dripper":36,"Ring of the Snake":0}],"Mercury Hourglass":[565]},"card_choices":[{"not_picked":["Prepared","Acrobatics"],"picked":"Backstab","floor":1.0},{"not_picked":["Infinite Blades","Reflex","Tactician"],"picked":"SKIP","floor":2.0},{"not_picked":["Underhanded Strike","Acrobatics"],"picked":"Poisoned Stab","floor":3.0},{"not_picked":["Acrobatics","Prepared"],"picked":"Sucker Punch","floor":5.0},{"not_picked":["Prepared","Dagger Throw"],"picked":"Dagger Spray","floor":6.0},{"not_picked":["Crippling Poison","Cloak And Dagger"],"picked":"Dagger Throw","floor":8.0},{"not_picked":["PiercingWail","Dagger Spray"],"picked":"Footwork","floor":13.0},{"not_picked":["Slice","Dodge and Roll"],"picked":"Bouncing Flask","floor":14.0},{"not_picked":["After Image","Unload"],"picked":"Burst","floor":16.0},{"not_picked":["Deadly Poison","Slice","Sucker Punch"],"picked":"SKIP","floor":18.0},{"not_picked":["Dagger Throw","Reflex","Tactician+1"],"picked":"SKIP","floor":20.0},{"not_picked":["Sucker Punch+1","All Out Attack"],"picked":"Escape Plan","floor":22.0},{"not_picked":["Endless Agony","Eviscerate"],"picked":"Bouncing Flask","floor":24.0},{"not_picked":["Envenom","Finisher+1","Quick Slash"],"picked":"SKIP","floor":28.0},{"not_picked":["Riddle With Holes","Masterful Stab"],"picked":"Caltrops","floor":30.0},{"not_picked":["Deadly Poison","Footwork"],"picked":"Predator+1","floor":31.0},{"not_picked":["Unload","Storm of Steel"],"picked":"Venomology","floor":33.0},{"not_picked":["Dodge and Roll","Calculated Gamble"],"picked":"Backflip+1","floor":35.0},{"not_picked":["Slice","Deadly Poison"],"picked":"Dagger Throw","floor":36.0},{"not_picked":["Concentrate","Cloak And Dagger+1"],"picked":"Catalyst","floor":37.0},{"not_picked":["Sucker Punch","Poisoned Stab"],"picked":"Noxious Fumes+1","floor":39.0},{"not_picked":["Accuracy+1","Setup","Bullet Time"],"picked":"SKIP","floor":41.0},{"not_picked":["Concentrate","Eviscerate+1","Sucker Punch+1","Noxious Fumes"],"picked":"SKIP","floor":42.0},{"not_picked":["Dodge and Roll","Crippling Poison","Flechettes"],"picked":"Backflip","floor":44.0},{"not_picked":["Flying Knee","Reflex","Poisoned Stab","Quick Slash+1"],"picked":"SKIP","floor":45},{"not_picked":["Backstab","Eviscerate+1","Dagger Spray+1"],"picked":"Escape Plan","floor":48}],"player_experience":1875052,"relics_obtained":[{"floor":0.0,"key":"Happy Flower"},{"floor":0.0,"key":"Mercury Hourglass"},{"floor":0.0,"key":"Old Coin"},{"floor":6.0,"key":"Matryoshka"},{"floor":9.0,"key":"Akabeko"},{"floor":12.0,"key":"MawBank"},{"floor":12.0,"key":"MealTicket"},{"floor":26.0,"key":"Bag of Preparation"},{"floor":41.0,"key":"Question Card"},{"floor":43.0,"key":"Paper Crane"},{"floor":47,"key":"Whetstone"}],"event_choices":[{"cards_removed":["Dagger Throw"],"damage_healed":0.0,"max_hp_gain":0.0,"max_hp_loss":0.0,"gold_gain":0.0,"event_name":"WeMeetAgain","player_choice":"Gave Card","floor":10.0,"gold_loss":0.0,"damage_taken":0.0,"relics_obtained":["The Courier"]},{"cards_removed":["Strike_G"],"damage_healed":0.0,"max_hp_gain":0.0,"max_hp_loss":0.0,"gold_gain":0.0,"event_name":"Beggar","player_choice":"Gave Gold","floor":19.0,"gold_loss":75.0,"damage_taken":0.0},{"damage_healed":0.0,"max_hp_gain":0.0,"max_hp_loss":33.0,"gold_gain":0.0,"event_name":"Ghosts","player_choice":"Became a Ghost","floor":21.0,"gold_loss":0.0,"damage_taken":0.0,"cards_obtained":["Ghostly","Ghostly","Ghostly"]},{"damage_healed":23.0,"max_hp_gain":0.0,"max_hp_loss":0.0,"gold_gain":0.0,"event_name":"Wheel of Change","player_choice":"Full Heal","floor":29.0,"gold_loss":0.0,"damage_taken":0.0}],"is_beta":false,"boss_relics":[{"not_picked":["Empty Cage","Velvet Choker"],"picked":"Coffee Dripper"},{"not_picked":["Sozu","Snecko Eye"],"picked":"HoveringKite"}],"items_purged_floors":[4,38],"is_endless":false,"potions_floor_spawned":[1,5,6,13,18,22,35,42,44,48],"killed_by":"Time Eater","ascension_level":20}}