{"host":"3rixevx6n8b56xaj","time":1609050046,"event":{"mods":["2.2 Compatiblity","AchievementEnabler","Arknights The Spire","BaseMod","Colored Map","DeckTracker","Friendly Minions","Minty Spire (QoL Compilation)","StSLib","SuperFastMode"],"gold_per_floor":[113,113,127,58,69,69,87,87,111,36,36,47,60,78,78,176,176,189,205,205,218,118,146,21,21,21,32,50,80,80,93,93,193,193,213,313,325,339,349,374,374,390,417,110,110,231,242,168,168,168,168,168,62,88,88],"floor_reached":56,"playtime":2881,"items_purged":["Pain","ats:Strike V","ats:Strike S","ats:Defend","ats:Defend"],"score":1238,"play_id":"da0accfa-2c3a-46e7-b6c0-f6d40aa679b9","local_time":"20201227152046","is_ascension_mode":false,"campfire_choices":[{"data":"ats:Emotion Absorption","floor":6,"key":"SMITH"},{"data":"ats:Thorns","floor":8,"key":"SMITH"},{"data":"ats:Closed Bolt Burst Fire","floor":15,"key":"SMITH"},{"data":"ats:Echo Reverb","floor":30,"key":"SMITH"},{"data":"ats:Calcification","floor":32,"key":"SMITH"},{"data":"ats:Shadow Assault","floor":41,"key":"SMITH"},{"floor":49,"key":"RECALL"},{"data":"ats:Armor Crushing Shot","floor":52,"key":"SMITH"}],"circlet_count":0,"master_deck":["ats:Strike G","ats:Armor Crushing Shot+1","ats:Defend","ats:Emotion Absorption+1","ats:Childhood Dance","ats:Hammer On","ats:Chain Hook","ats:Calcification+1","ats:Closed Bolt Burst Fire+1","ats:Thorns+1","ats:Magnetic Hammer","ats:Apocalypse","ats:Echo Reverb+1","ats:Shell Defense","ats:Shell Defense+1","ats:Healing Strengthening+1","ats:Steam Pump","ats:Flexible Camouflage+1","ats:Echo Reverb+1","ats:Shell Defense+1","ats:Shadow Assault+1","ats:Thorns+1","ats:Powerful Strike","ats:Encircling Forest+1","ats:Leaping Hammer+1"],"relics":["ats:Sanity","WarpedTongs","ats:Berate","Calipers","Busted Crown","ats:Originium","Bag of Preparation","FossilizedHelix","ats:Originium","Toxic Egg 2","ats:Tactical Delivery","ats:Originium","Bottled Tornado","ClockworkSouvenir","Shuriken","TungstenRod","ats:Attack","InkBottle","ats:Originium","Ginger"],"acts_visited":["Exordium","TheCity","TheBeyond","TheEnding"],"potions_floor_usage":[16,21,23,23,33,40,50,55,55,55,55,55],"damage_taken":[{"damage":10,"enemies":"Jaw Worm","floor":1,"turns":5},{"damage":3,"enemies":"Cultist","floor":3,"turns":4},{"damage":0,"enemies":"2 Louse","floor":5,"turns":2},{"damage":3,"enemies":"Exordium Thugs","floor":7,"turns":3},{"damage":10,"enemies":"3 Louse","floor":12,"turns":3},{"damage":0,"enemies":"Large Slime","floor":13,"turns":4},{"damage":3,"enemies":"Lots of Slimes","floor":14,"turns":4},{"damage":40,"enemies":"Hexaghost","floor":16,"turns":9},{"damage":4,"enemies":"Chosen","floor":18,"turns":4},{"damage":9,"enemies":"2 Thieves","floor":19,"turns":4},{"damage":6,"enemies":"Snecko","floor":21,"turns":5},{"damage":5,"enemies":"Slavers","floor":23,"turns":4},{"damage":0,"enemies":"Sentry and Sphere","floor":27,"turns":4},{"damage":9,"enemies":"3 Cultists","floor":28,"turns":6},{"damage":17,"enemies":"Book of Stabbing","floor":29,"turns":6},{"damage":1,"enemies":"Centurion and Healer","floor":31,"turns":7},{"damage":0,"enemies":"Automaton","floor":33,"turns":12},{"damage":0,"enemies":"3 Shapes","floor":35,"turns":6},{"damage":0,"enemies":"3 Darklings","floor":37,"turns":7},{"damage":0,"enemies":"Sphere and 2 Shapes","floor":38,"turns":6},{"damage":0,"enemies":"Maw","floor":39,"turns":9},{"damage":19,"enemies":"Reptomancer","floor":40,"turns":9},{"damage":0,"enemies":"Spire Growth","floor":42,"turns":5},{"damage":20,"enemies":"4 Shapes","floor":47,"turns":4},{"damage":32,"enemies":"Awakened One","floor":50,"turns":13},{"damage":18,"enemies":"Shield and Spear","floor":54,"turns":8},{"damage":118,"enemies":"The Heart","floor":55,"turns":10}],"seed_played":"2655336669386505241","potions_obtained":[{"floor":3,"key":"PowerPotion"},{"floor":12,"key":"SpeedPotion"},{"floor":13,"key":"Regen Potion"},{"floor":18,"key":"LiquidBronze"},{"floor":20,"key":"Explosive Potion"},{"floor":20,"key":"Block Potion"},{"floor":29,"key":"BlessingOfTheForge"},{"floor":31,"key":"LiquidBronze"},{"floor":38,"key":"DistilledChaos"},{"floor":39,"key":"EntropicBrew"},{"floor":47,"key":"LiquidMemories"}],"is_trial":false,"path_per_floor":["M","?","M","$","M","R","M","R","T","$","T","M","M","M","R","B",null,"M","M","?","M","$","E","$","?","T","M","M","E","R","M","R","B",null,"M","?","M","M","M","E","R","M","T","$","?","$","M","$","R","B",null,"R","$","E","B",null],"character_chosen":"DOCTOR_CLASS","items_purchased":["ats:Calcification","ClockworkSouvenir","Shuriken","TungstenRod","ats:Attack","ats:Encircling Forest+1","InkBottle","PowerPotion"],"campfire_rested":0,"item_purchase_floors":[4,44,46,46,46,48,53,53],"current_hp_per_floor":[62,62,59,59,59,59,56,56,56,56,56,47,48,49,49,18,72,68,60,60,72,72,68,68,68,68,71,72,63,63,72,72,72,72,72,72,72,72,72,57,57,72,72,72,72,72,61,61,61,67,72,72,72,60,9],"gold":88,"neow_bonus":"THREE_CARDS","is_daily":false,"chose_seed":false,"campfire_upgraded":7,"win_rate":0.0,"timestamp":1609050046,"path_taken":["M","?","M","$","?","R","M","R","T","?","?","M","?","M","R","BOSS","M","M","?","M","$","E","?","?","T","M","M","E","R","M","R","BOSS","M","?","?","M","M","E","R","M","T","$","?","$","?","?","R","BOSS","R","$","E","BOSS"],"items_purchased_type":["Card","Relic","Relic","Relic","Relic","Card","Relic","Potion"],"build_version":"2020-12-22","purchased_purges":5,"victory":true,"max_hp_per_floor":[72,72,72,72,72,72,72,72,72,72,72,72,72,72,72,72,72,72,72,72,72,72,72,72,72,72,72,72,72,72,72,72,72,72,72,72,72,72,72,72,72,72,72,72,72,72,72,72,72,72,72,72,72,72,72],"card_choices":[{"not_picked":["ats:Assault Order","ats:Guardian Obelisk"],"picked":"ats:Childhood Dance","floor":0},{"not_picked":["ats:Childhood Dance","ats:Directed Diagnosis"],"picked":"ats:Hammer On","floor":1},{"not_picked":["ats:Consecutive Shot Auto","ats:Poison Spread"],"picked":"ats:Chain Hook","floor":3},{"not_picked":["ats:Curse Doll","ats:Ignite"],"picked":"ats:Closed Bolt Burst Fire","floor":5},{"not_picked":["ats:Sword Rain","ats:Chain Hook"],"picked":"ats:Thorns","floor":7},{"not_picked":["ats:Durian","ats:Powerful Strike"],"picked":"ats:Magnetic Hammer","floor":12},{"not_picked":["ats:Sunburst","ats:Composite Medical Shells"],"picked":"ats:Apocalypse","floor":13},{"not_picked":["ats:Childhood Dance","ats:Explosion Area Strengthen","ats:Directed Diagnosis"],"picked":"SKIP","floor":14},{"not_picked":["ats:Dogmatic Field","ats:Durian"],"picked":"ats:Echo Reverb","floor":16},{"not_picked":["ats:Closed Bolt Burst Fire+1"],"picked":"SKIP","floor":18},{"not_picked":["ats:LN2 Cannon"],"picked":"SKIP","floor":19},{"not_picked":[],"picked":"ats:Shell Defense","floor":21},{"not_picked":[],"picked":"ats:Shell Defense+1","floor":23},{"not_picked":[],"picked":"ats:Healing Strengthening+1","floor":27},{"not_picked":[],"picked":"ats:Steam Pump","floor":28},{"not_picked":["ats:Closed Bolt Burst Fire"],"picked":"SKIP","floor":29},{"not_picked":[],"picked":"ats:Flexible Camouflage+1","floor":31},{"not_picked":[],"picked":"ats:Echo Reverb+1","floor":33},{"not_picked":[],"picked":"ats:Shell Defense+1","floor":35},{"not_picked":["ats:Hammer On"],"picked":"SKIP","floor":37},{"not_picked":["ats:Explosion Area Strengthen+1"],"picked":"SKIP","floor":38},{"not_picked":["ats:Explosion Area Strengthen+1"],"picked":"SKIP","floor":38},{"not_picked":["ats:Explosion Area Strengthen+1"],"picked":"SKIP","floor":39},{"not_picked":[],"picked":"ats:Shadow Assault","floor":40},{"not_picked":[],"picked":"ats:Thorns+1","floor":42},{"not_picked":[],"picked":"ats:Powerful Strike","floor":47},{"not_picked":[],"picked":"ats:Leaping Hammer+1","floor":54}],"player_experience":576118,"relics_obtained":[{"floor":9,"key":"ats:Berate"},{"floor":11,"key":"Calipers"},{"floor":23,"key":"ats:Originium"},{"floor":23,"key":"Bag of Preparation"},{"floor":26,"key":"FossilizedHelix"},{"floor":29,"key":"ats:Originium"},{"floor":29,"key":"Toxic Egg 2"},{"floor":40,"key":"ats:Originium"},{"floor":40,"key":"Bottled Tornado"},{"floor":54,"key":"ats:Originium"},{"floor":54,"key":"Ginger"}],"event_choices":[{"damage_healed":0,"gold_gain":0,"player_choice":"Rummage","damage_taken":0,"relics_obtained":["WarpedTongs"],"max_hp_gain":0,"max_hp_loss":0,"event_name":"Accursed Blacksmith","floor":2,"gold_loss":0,"cards_obtained":["Pain"]},{"damage_healed":0,"gold_gain":0,"player_choice":"Got Potions","damage_taken":0,"max_hp_gain":0,"max_hp_loss":0,"event_name":"Lab","floor":20,"gold_loss":0},{"cards_removed":["ats:Defend"],"damage_healed":0,"gold_gain":0,"player_choice":"Elegance","damage_taken":0,"max_hp_gain":0,"max_hp_loss":0,"event_name":"Back to Basics","floor":25,"gold_loss":0},{"damage_healed":0,"gold_gain":100,"player_choice":"Pray","damage_taken":0,"max_hp_gain":0,"max_hp_loss":0,"event_name":"Golden Shrine","floor":36,"gold_loss":0},{"cards_removed":["ats:Strike C"],"damage_healed":0,"gold_gain":0,"player_choice":"Offered Basic","damage_taken":0,"max_hp_gain":0,"max_hp_loss":0,"event_name":"Bonfire Elementals","floor":45,"gold_loss":0}],"is_beta":false,"boss_relics":[{"not_picked":["Cursed Key","Sozu"],"picked":"Busted Crown"},{"not_picked":["Astrolabe","Snecko Eye"],"picked":"ats:Tactical Delivery"}],"items_purged_floors":[10,22,24,44,46],"is_endless":false,"potions_floor_spawned":[3,12,13,18,29,31,38,39,47],"ascension_level":0}}