{"host":"0luxfixkkfk9wck3","time":1609096273,"event":{"mods":["BaseMod","Downfall","Highlight Path","Minty Spire (QoL Compilation)","StSLib"],"gold_per_floor":[99,114,127,144,56,70,70,70,6,22,22,22,41,61,72,176,176,176,196,211,230,243,243,243,243],"floor_reached":23,"playtime":2165,"items_purged":[],"score":189,"play_id":"ce581266-035c-4f2d-b0c8-be03761efb71","local_time":"20201227131113","is_ascension_mode":false,"campfire_choices":[{"data":"champ:Execute","floor":1,"key":"SMITH"},{"data":"champ:Taunt","floor":8,"key":"SMITH"},{"data":"champ:GutPunch","floor":11,"key":"SMITH"},{"floor":18,"key":"RECALL"}],"circlet_count":0,"master_deck":["champ:Strike","champ:Strike","champ:Defend","champ:Defend","champ:Defend","champ:Defend","champ:Execute+1","champ:Taunt+1","expansioncontent:PrepareCrush","champ:GutPunch+1","champ:Riposte","champ:FightOn","champ:GladiatorStyle","champ:Balance","champ:PerfectedStrike","champ:FlashCut+1","champ:BringItOn","champ:FocusedDefense","champ:PerfectForm","champ:GladiatorStyle"],"relics":["champ:ChampionCrown","Omamori","Empty Cage"],"acts_visited":["Exordium","TheCity"],"potions_floor_usage":[16,16,22,22,22],"damage_taken":[{"damage":1,"enemies":"Cultist","floor":2,"turns":3},{"damage":3,"enemies":"2 Louse","floor":3,"turns":3},{"damage":5,"enemies":"Small Slimes","floor":4,"turns":3},{"damage":10,"enemies":"downfall:FleeingMerchant","floor":5,"turns":4},{"damage":31,"enemies":"Exordium Thugs","floor":6,"turns":8},{"damage":0,"enemies":"downfall:FleeingMerchant","floor":9,"turns":4},{"damage":0,"enemies":"Exordium Wildlife","floor":10,"turns":4},{"damage":3,"enemies":"3 Louse","floor":13,"turns":5},{"damage":0,"enemies":"2 Fungi Beasts","floor":14,"turns":3},{"damage":5,"enemies":"Gremlin Gang","floor":15,"turns":5},{"damage":41,"enemies":"downfall:Watcher","floor":16,"turns":11},{"damage":35,"enemies":"Chosen","floor":19,"turns":6},{"damage":42,"enemies":"Snake Plant","floor":20,"turns":5},{"damage":44,"enemies":"Centurion and Healer","floor":21,"turns":9},{"damage":18,"enemies":"Chosen and Byrds","floor":22,"turns":8},{"damage":14,"enemies":"Snake Plant","floor":23,"turns":2}],"seed_played":"8335310776921775239","potions_obtained":[{"floor":3,"key":"Fire Potion"},{"floor":6,"key":"SpeedPotion"},{"floor":10,"key":"sneckomod:MuddlingPotion"},{"floor":14,"key":"SkillPotion"},{"floor":16,"key":"LiquidMemories"},{"floor":20,"key":"Weak Potion"},{"floor":22,"key":"SneckoOil"}],"is_trial":false,"path_per_floor":["R","M","M","M","$","M","T","R","$","M","R","?","M","M","M","B",null,"R","M","M","M","M","M"],"character_chosen":"THE_CHAMP","items_purchased":["champ:Balance","champ:CounterPotion"],"campfire_rested":0,"item_purchase_floors":[5,9],"current_hp_per_floor":[90,89,89,89,84,58,58,58,58,58,58,58,55,55,55,34,90,90,73,46,25,10,0,0,0],"gold":243,"neow_bonus":"RANDOM_COLORLESS","is_daily":false,"chose_seed":false,"campfire_upgraded":3,"win_rate":0.0,"timestamp":1609096273,"path_taken":["R","M","M","?","$","M","T","R","$","M","R","?","?","M","M","BOSS","R","M","?","?","M","M"],"items_purchased_type":["Card","Potion"],"build_version":"2020-12-22","purchased_purges":0,"victory":false,"max_hp_per_floor":[90,90,90,90,90,90,90,90,90,90,90,90,90,90,90,90,90,90,90,90,90,90,90,90,90],"card_choices":[{"not_picked":["Madness","Good Instincts"],"picked":"expansioncontent:PrepareCrush","floor":0},{"not_picked":["champ:Haymaker","champ:CrookedStrike"],"picked":"champ:GutPunch","floor":2},{"not_picked":["champ:SkillfulDodge","champ:Aggression"],"picked":"champ:Riposte","floor":3},{"not_picked":["champ:EnragedBash","champ:Circumvent"],"picked":"champ:FightOn","floor":4},{"not_picked":["champ:StanceDance","champ:RapidStrikes"],"picked":"champ:GladiatorStyle","floor":5},{"not_picked":["champ:SwordThrow","champ:BerserkersShout"],"picked":"champ:PerfectedStrike","floor":6},{"not_picked":["champ:FalseCounter","champ:RecklessLeap"],"picked":"champ:FlashCut","floor":9},{"not_picked":["champ:CrookedStrike","champ:DefensiveShout"],"picked":"champ:BringItOn","floor":10},{"not_picked":["champ:ShieldWall","champ:Aggression","champ:HeartStrike"],"picked":"SKIP","floor":13},{"not_picked":["champ:BerserkersShout","champ:EnGarde"],"picked":"champ:FocusedDefense","floor":14},{"not_picked":["champ:BringItOn","champ:SwordThrow","champ:DefensiveShout"],"picked":"SKIP","floor":15},{"not_picked":["champ:HeavySlash","champ:LastStand"],"picked":"champ:PerfectForm","floor":16},{"not_picked":["champ:Circumvent","champ:RapidStrikes","champ:Control"],"picked":"SKIP","floor":19},{"not_picked":["champ:RapidStrikes","champ:Haymaker","champ:SkillfulDodge"],"picked":"SKIP","floor":20},{"not_picked":["champ:PerfectedStrike","champ:IronFortress"],"picked":"champ:GladiatorStyle","floor":21},{"not_picked":["champ:FocusedGladiator","champ:FalseCounter","champ:SkillfulDodge"],"picked":"SKIP","floor":22}],"player_experience":10764564,"relics_obtained":[{"floor":7,"key":"Omamori"}],"event_choices":[{"damage_healed":0,"gold_gain":0,"player_choice":"Upgraded","damage_taken":0,"max_hp_gain":0,"max_hp_loss":0,"event_name":"Upgrade Shrine","floor":12,"gold_loss":0,"cards_upgraded":["champ:FlashCut"]}],"is_beta":false,"boss_relics":[{"not_picked":["Runic Dome","Coffee Dripper"],"picked":"Empty Cage"}],"items_purged_floors":[],"is_endless":false,"potions_floor_spawned":[3,6,10,14,16,20,22],"killed_by":"Snake Plant","ascension_level":0}}