{"host":"aukiz5jlacd3g5yc","time":1609051329,"event":{"mods":["2.2 Compatiblity","BaseMod","Bestiary","Colored Map","Colored Powertips","Downfall","GifTheSpireLib","Hermit","Highlight Path","Hubris","Infinite Spire","Minty Spire (QoL Compilation)","Permanent Neow","Quick Restart","Random Character Button","Rare Cards Sparkle","Relic Sorter","Relic Stats","Replay The Spire","StSLib","Unknown Chances","everything is the same but u backflip on backflip","slay the spire mod where everything is the same but ironclad has a cowboy hat"],"gold_per_floor":[118,118,118,132,37,37,37],"floor_reached":6,"playtime":150,"items_purged":[],"score":37,"play_id":"effd2616-a075-4ae9-adf8-93b4e6445650","local_time":"20201227004209","is_ascension_mode":true,"campfire_choices":[],"circlet_count":0,"master_deck":["Strike_B","Strike_B","Strike_B","Strike_B","Defend_B","Defend_B","Defend_B","Defend_B","Zap","Dualcast","Echo Form","Streamline","Regret","Conserve Battery","Sweeping Beam"],"relics":["Cracked Core","infinitespire:Eraser","CultistMask"],"acts_visited":["Exordium"],"potions_floor_usage":[],"damage_taken":[{"damage":14,"enemies":"Jaw Worm","floor":1,"turns":3},{"damage":13,"enemies":"2 Louse","floor":4,"turns":2},{"damage":33,"enemies":"Gremlin Nob","floor":6,"turns":3}],"seed_played":"-849746882781442588","potions_obtained":[{"floor":1,"key":"FocusPotion"}],"is_trial":false,"path_per_floor":["M","?","?","M","$","E"],"character_chosen":"DEFECT","items_purchased":["Sweeping Beam","PowerPotion"],"campfire_rested":0,"item_purchase_floors":[5,5],"current_hp_per_floor":[40,40,40,27,27,0,0],"gold":37,"neow_bonus":"THREE_RARE_CARDS","is_daily":false,"chose_seed":false,"campfire_upgraded":0,"win_rate":0.0,"timestamp":1609051329,"path_taken":["M","?","?","?","$","E"],"items_purchased_type":["Card","Potion"],"build_version":"2020-12-22","purchased_purges":0,"victory":false,"max_hp_per_floor":[75,75,75,75,75,75,75],"relic_stats":{"counters":[3,8],"obtain_stats":[{"CultistMask":3,"infinitespire:Eraser":2,"Cracked Core":0},{"CultistMask":1,"infinitespire:Eraser":1,"Cracked Core":0},{"CultistMask":3,"infinitespire:Eraser":3,"Cracked Core":0}]},"card_choices":[{"not_picked":["Core Surge","Electrodynamics"],"picked":"Echo Form","floor":0},{"not_picked":["Stack","Redo"],"picked":"Streamline","floor":1},{"not_picked":["Compile Driver","Lockon"],"picked":"Conserve Battery","floor":4}],"player_experience":351812,"relics_obtained":[],"event_choices":[{"damage_healed":0,"gold_gain":0,"player_choice":"Box","damage_taken":0,"relics_obtained":["infinitespire:Eraser"],"max_hp_gain":0,"max_hp_loss":0,"event_name":"Big Fish","floor":2,"gold_loss":0,"cards_obtained":["Regret"]},{"damage_healed":0,"gold_gain":0,"player_choice":"Trade","damage_taken":0,"relics_obtained":["CultistMask"],"max_hp_gain":0,"max_hp_loss":0,"event_name":"FaceTrader","floor":3,"gold_loss":0}],"is_beta":false,"boss_relics":[],"items_purged_floors":[],"is_endless":false,"potions_floor_spawned":[1],"killed_by":"Gremlin Nob","ascension_level":2}}