{"host":"raai0vtvcfkt8csp","time":1609110516,"event":{"mods":["2.2 Compatiblity","AchievementEnabler","BaseMod","Block Reminder","DeckTracker","Defective Defect","GifTheSpireLib","Minty Spire (QoL Compilation)","Quick Restart","Random Character Button","Rare Cards Sparkle","StSLib","Unceasing Turn Reminder"],"gold_per_floor":[110,110,134,234,259,300,300,15,15,30,30,45,45,83,83,214,214,235,251,270,270,289,321,321,355,355,372,19,19,45,63,63,165,165,179,234,51,51,65,65,91,123,160,15,33,64,81,92,92,92,92,92,30,64,64,64],"floor_reached":55,"playtime":3488,"items_purged":[],"score":911,"play_id":"ac4b1491-f440-4884-b03d-e44f9b2e3533","local_time":"20201228000836","is_ascension_mode":true,"campfire_choices":[{"floor":7,"key":"REST"},{"data":"Sword Boomerang","floor":15,"key":"SMITH"},{"floor":24,"key":"REST"},{"floor":32,"key":"REST"},{"floor":40,"key":"RECALL"},{"floor":49,"key":"REST"},{"data":"Demon Form","floor":52,"key":"SMITH"}],"circlet_count":0,"master_deck":["Strike_R+1","Strike_R","Defend_R","Defend_R","Defend_R","Defend_R+1","Bash","Rage+1","Thunderclap+1","Sword Boomerang+1","Power Through","Twin Strike","Flame Barrier","Sword Boomerang","Inflame","Double Tap","Double Tap+1","Impervious+1","Hemokinesis+1","Blood for Blood+1","Body Slam","Barricade","Sword Boomerang","Metallicize+1","Necronomicurse","Flame Barrier","Demon Form+1","CurseOfTheBell","Armaments","Combust","Madness","Madness","Offering","Flex+1","Twin Strike+1","Shockwave","Warcry","Seeing Red","Armaments","Sever Soul+1","Parasite","Infernal Blade+1","Blood for Blood+1","Power Through+1"],"relics":["Burning Blood","NeowsBlessing","Bloody Idol","The Courier","Red Skull","Lee\u0027s Waffle","Orichalcum","Akabeko","Astrolabe","Du-Vu Doll","War Paint","Sling","Vajra","Oddly Smooth Stone","Necronomicon","White Beast Statue","Calling Bell","Ginger","Lantern","Self Forming Clay","TungstenRod","Blood Vial","MawBank","Regal Pillow","Whetstone","Bottled Lightning"],"acts_visited":["Exordium","TheCity","TheBeyond","TheEnding"],"potions_floor_usage":[14,25,30,35,41,45,45,46,50,55,55],"damage_taken":[{"damage":0,"enemies":"Jaw Worm","floor":1,"turns":1},{"damage":0,"enemies":"Cultist","floor":3,"turns":1},{"damage":0,"enemies":"2 Louse","floor":5,"turns":1},{"damage":56,"enemies":"Lagavulin","floor":6,"turns":9},{"damage":0,"enemies":"Gremlin Gang","floor":10,"turns":4},{"damage":0,"enemies":"3 Louse","floor":12,"turns":3},{"damage":10,"enemies":"Gremlin Nob","floor":14,"turns":3},{"damage":43,"enemies":"The Guardian","floor":16,"turns":13},{"damage":4,"enemies":"Chosen","floor":18,"turns":4},{"damage":22,"enemies":"2 Thieves","floor":19,"turns":3},{"damage":17,"enemies":"Chosen and Byrds","floor":20,"turns":6},{"damage":22,"enemies":"Shelled Parasite and Fungi","floor":22,"turns":5},{"damage":33,"enemies":"Slavers","floor":23,"turns":6},{"damage":62,"enemies":"Book of Stabbing","floor":25,"turns":8},{"damage":0,"enemies":"Snecko","floor":27,"turns":2},{"damage":12,"enemies":"Gremlin Leader","floor":30,"turns":5},{"damage":2,"enemies":"Centurion and Healer","floor":31,"turns":3},{"damage":39,"enemies":"Automaton","floor":33,"turns":14},{"damage":8,"enemies":"3 Darklings","floor":35,"turns":4},{"damage":32,"enemies":"2 Orb Walkers","floor":36,"turns":5},{"damage":3,"enemies":"Orb Walker","floor":39,"turns":5},{"damage":28,"enemies":"Reptomancer","floor":41,"turns":5},{"damage":6,"enemies":"Transient","floor":42,"turns":5},{"damage":14,"enemies":"Sphere and 2 Shapes","floor":45,"turns":6},{"damage":48,"enemies":"Nemesis","floor":46,"turns":7},{"damage":48,"enemies":"Writhing Mass","floor":47,"turns":6},{"damage":25,"enemies":"Spire Growth","floor":48,"turns":6},{"damage":31,"enemies":"Time Eater","floor":50,"turns":7},{"damage":58,"enemies":"Shield and Spear","floor":54,"turns":7},{"damage":54,"enemies":"The Heart","floor":55,"turns":5}],"seed_played":"922999576547956650","potions_obtained":[{"floor":5,"key":"DuplicationPotion"},{"floor":12,"key":"LiquidMemories"},{"floor":14,"key":"Fire Potion"},{"floor":16,"key":"EssenceOfSteel"},{"floor":18,"key":"FairyPotion"},{"floor":31,"key":"BloodPotion"},{"floor":33,"key":"Explosive Potion"},{"floor":35,"key":"Strength Potion"},{"floor":36,"key":"AttackPotion"},{"floor":41,"key":"Weak Potion"},{"floor":45,"key":"Fruit Juice"},{"floor":46,"key":"Explosive Potion"},{"floor":47,"key":"PowerPotion"},{"floor":48,"key":"CultistPotion"},{"floor":54,"key":"DuplicationPotion"}],"is_trial":false,"path_per_floor":["M","?","M","?","M","E","R","$","T","M","?","M","?","E","R","B",null,"M","M","M","?","M","E","R","E","T","M","$","?","E","M","R","B",null,"M","?","$","?","M","R","E","M","T","$","M","E","M","M","R","B",null,"R","$","E","B"],"character_chosen":"IRONCLAD","items_purchased":["Red Skull","Lee\u0027s Waffle","Twin Strike","Sling","Vajra","Oddly Smooth Stone","Blood Vial","Combust","Shockwave","Warcry","Seeing Red","Armaments","DistilledChaos"],"campfire_rested":4,"item_purchase_floors":[8,8,8,28,28,28,37,37,44,44,44,44,53],"current_hp_per_floor":[80,60,66,66,72,22,46,87,87,87,92,92,92,88,88,51,92,92,76,65,65,54,32,59,36,36,47,47,31,30,39,66,38,92,92,71,71,60,70,70,73,85,92,92,94,59,24,12,56,33,97,97,97,50,0,0],"gold":64,"neow_bonus":"THREE_ENEMY_KILL","is_daily":false,"chose_seed":false,"campfire_upgraded":2,"win_rate":0.0,"timestamp":1609110516,"path_taken":["M","?","M","?","?","E","R","?","T","M","?","M","?","E","R","BOSS","M","M","?","?","M","E","R","E","T","M","$","?","E","M","R","BOSS","M","?","$","?","M","R","E","M","T","?","M","E","M","M","R","BOSS","R","$","E","BOSS"],"items_purchased_type":["Relic","Relic","Card","Relic","Relic","Relic","Relic","Card","Card","Card","Card","Card","Potion"],"build_version":"2020-12-22","purchased_purges":0,"victory":false,"max_hp_per_floor":[80,80,80,80,80,80,80,87,87,87,92,92,92,92,92,92,92,92,92,92,92,92,92,92,92,92,92,92,92,92,92,92,92,92,92,92,92,92,92,92,92,92,92,92,97,97,97,97,97,97,97,97,97,97,97,97],"card_choices":[{"not_picked":["Pommel Strike","Blood for Blood"],"picked":"Rage","floor":1},{"not_picked":["Pummel","Cleave"],"picked":"Thunderclap","floor":3},{"not_picked":["True Grit","Twin Strike"],"picked":"Sword Boomerang","floor":5},{"not_picked":["Flex","Second Wind"],"picked":"Power Through","floor":6},{"not_picked":["Shrug It Off","Ghostly Armor"],"picked":"Flame Barrier","floor":10},{"not_picked":["Iron Wave","Headbutt"],"picked":"Sword Boomerang","floor":12},{"not_picked":["Brutality","Metallicize"],"picked":"Inflame","floor":14},{"not_picked":["Exhume","Bludgeon"],"picked":"Double Tap","floor":16},{"not_picked":["Clash+1","Battle Trance","Pommel Strike+1"],"picked":"SKIP","floor":18},{"not_picked":["Searing Blow","Whirlwind"],"picked":"Blood for Blood+1","floor":19},{"not_picked":["Blood for Blood","Shrug It Off"],"picked":"Body Slam","floor":20},{"not_picked":["Heavy Blade","Shrug It Off","Rampage"],"picked":"SKIP","floor":22},{"not_picked":["Whirlwind","Spot Weakness"],"picked":"Barricade","floor":23},{"not_picked":["Havoc","Intimidate"],"picked":"Sword Boomerang","floor":25},{"not_picked":["Shrug It Off","Thunderclap"],"picked":"Metallicize+1","floor":27},{"not_picked":["Shrug It Off","Iron Wave","Sword Boomerang"],"picked":"SKIP","floor":30},{"not_picked":["Anger","Rupture+1"],"picked":"Flame Barrier","floor":31},{"not_picked":["Berserk","Impervious"],"picked":"Demon Form","floor":33},{"not_picked":["Shrug It Off+1","Dual Wield+1"],"picked":"Armaments","floor":35},{"not_picked":["Havoc","Shrug It Off"],"picked":"Offering","floor":39},{"not_picked":["Wild Strike","Immolate"],"picked":"Flex+1","floor":41},{"not_picked":["Havoc","Headbutt+1"],"picked":"Twin Strike+1","floor":42},{"not_picked":["Armaments","Clash+1","True Grit"],"picked":"SKIP","floor":45},{"not_picked":["Brutality","Sentinel+1"],"picked":"Sever Soul+1","floor":46},{"not_picked":["Thunderclap","Anger"],"picked":"Infernal Blade+1","floor":47},{"not_picked":["Cleave+1","Thunderclap+1"],"picked":"Blood for Blood+1","floor":48},{"not_picked":["True Grit","Flex+1"],"picked":"Power Through+1","floor":54}],"player_experience":468785,"relics_obtained":[{"floor":6,"key":"The Courier"},{"floor":9,"key":"Orichalcum"},{"floor":14,"key":"Akabeko"},{"floor":23,"key":"Du-Vu Doll"},{"floor":25,"key":"War Paint"},{"floor":29,"key":"Necronomicon"},{"floor":30,"key":"White Beast Statue"},{"floor":34,"key":"Ginger"},{"floor":34,"key":"Lantern"},{"floor":34,"key":"Self Forming Clay"},{"floor":36,"key":"TungstenRod"},{"floor":41,"key":"MawBank"},{"floor":43,"key":"Regal Pillow"},{"floor":46,"key":"Whetstone"},{"floor":54,"key":"Bottled Lightning"}],"event_choices":[{"damage_healed":0,"gold_gain":0,"player_choice":"Take Damage","damage_taken":20,"relics_obtained":["Golden Idol"],"max_hp_gain":0,"max_hp_loss":0,"event_name":"Golden Idol","floor":2,"gold_loss":0},{"damage_healed":0,"gold_gain":100,"player_choice":"Pray","damage_taken":0,"max_hp_gain":0,"max_hp_loss":0,"event_name":"Golden Shrine","floor":4,"gold_loss":0},{"damage_healed":0,"gold_gain":0,"player_choice":"Donut","damage_taken":0,"max_hp_gain":5,"max_hp_loss":0,"event_name":"Big Fish","floor":11,"gold_loss":0},{"damage_healed":0,"gold_gain":0,"player_choice":"Ignored","damage_taken":0,"max_hp_gain":0,"max_hp_loss":0,"event_name":"Purifier","floor":13,"gold_loss":0},{"damage_healed":0,"gold_gain":0,"player_choice":"Gave Idol","damage_taken":0,"relics_obtained":["Bloody Idol"],"max_hp_gain":0,"max_hp_loss":0,"event_name":"Forgotten Altar","floor":21,"relics_lost":["Golden Idol"],"gold_loss":0},{"damage_healed":0,"gold_gain":0,"player_choice":"Obtained Book","damage_taken":16,"max_hp_gain":0,"max_hp_loss":0,"event_name":"Cursed Tome","floor":29,"gold_loss":0},{"damage_healed":0,"gold_gain":0,"player_choice":"Fight","damage_taken":0,"max_hp_gain":0,"max_hp_loss":0,"event_name":"Mysterious Sphere","floor":36,"gold_loss":0},{"damage_healed":0,"gold_gain":0,"player_choice":"Embrace Madness","damage_taken":12,"max_hp_gain":0,"max_hp_loss":0,"event_name":"Winding Halls","floor":38,"gold_loss":0,"cards_obtained":["Madness","Madness"]}],"is_beta":false,"boss_relics":[{"not_picked":["Tiny House","SlaversCollar"],"picked":"Astrolabe"},{"not_picked":["SacredBark","Cursed Key"],"picked":"Calling Bell"}],"items_purged_floors":[],"is_endless":false,"potions_floor_spawned":[5,12,14,16,18,23,31,33,35,36,39,41,42,45,46,47,48,54],"killed_by":"The Heart","ascension_level":1}}