{"host":"q79spna8ofw6hj3r","time":1609098027,"event":{"mods":["Aspiration","Bard","BaseMod","Beaked The Cultist","Bestiary","Better Altar","Better Match","Better Note","Better Sensory Stone","Better Skull","Better Third Choice","Better Vampires","BetterRewards","Block Reminder","Challenge The Spire","Colored Map","Colored Powertips","Conspire","Custom Start","Energized Spire","Friendly Minions","Halation","Hubris","Infinite Spire","Jedi Mod","Mimic Mod","Minty Spire (QoL Compilation)","Permanent Neow","Quick Restart","Relic Filter","Relic Sorter","Replay The Spire","Shop Mod","StSLib","SuperFastMode","Synergy Search","The Cursed","The Hierophant","The Runesmith","slay the spire mod where everything is the same but ironclad has a cowboy hat","vexMod"],"gold_per_floor":[119,134,145,145,158,158,187,187,211,102,121,121,121],"floor_reached":12,"playtime":358,"items_purged":["Strike_G"],"score":96,"play_id":"2a72a996-9a1b-47ec-80a1-0a66eb421526","local_time":"20201227214027","is_ascension_mode":true,"campfire_choices":[{"data":"Fluid Movement","floor":6,"key":"SMITH"},{"data":"Neutralize","floor":8,"key":"SMITH"}],"circlet_count":0,"master_deck":["Strike_G","Strike_G","Strike_G","Strike_G","Defend_G","Defend_G","Defend_G","Defend_G","Defend_G","Survivor","Neutralize+1","Hidden Blade","Cloak And Dagger+1","Fluid Movement+1","Blade Dance","Footwork","Backflip"],"relics":["Ring of the Snake","aspiration:Nostalgia","TheCursedMod:BlackMagic101","Snake Skull","aspiration:HiddenCompartment"],"acts_visited":["Exordium"],"potions_floor_usage":[7,12],"damage_taken":[{"damage":0,"enemies":"2 Louse","floor":1,"turns":3},{"damage":2,"enemies":"Cultist","floor":2,"turns":4},{"damage":0,"enemies":"Small Slimes","floor":3,"turns":3},{"damage":9,"enemies":"Blue Slaver","floor":5,"turns":4},{"damage":21,"enemies":"Lagavulin","floor":7,"turns":9},{"damage":2,"enemies":"Exordium Wildlife","floor":11,"turns":3},{"damage":52,"enemies":"Gremlin Nob","floor":12,"turns":5}],"seed_played":"-6774901241730550675","potions_obtained":[{"floor":1,"key":"GamblersBrew"},{"floor":3,"key":"Strength Potion"}],"is_trial":false,"path_per_floor":["M","M","M","?","M","R","E","R","T","$","M","E"],"character_chosen":"THE_SILENT","items_purchased":["Footwork"],"campfire_rested":0,"item_purchase_floors":[10],"current_hp_per_floor":[70,68,68,68,59,59,38,38,38,38,36,0,0],"gold":121,"neow_bonus":"NOSTALGIA","is_daily":false,"chose_seed":false,"campfire_upgraded":2,"win_rate":0.0,"timestamp":1609098027,"path_taken":["M","M","M","?","M","R","E","R","T","$","M","E"],"items_purchased_type":["Card"],"build_version":"2020-12-22","purchased_purges":1,"victory":false,"max_hp_per_floor":[70,70,70,70,70,70,70,70,70,70,70,70,70],"card_choices":[{"not_picked":["Distraction","Outmaneuver"],"picked":"Hidden Blade","floor":1},{"not_picked":["Acrobatics","Endless Agony"],"picked":"Cloak And Dagger","floor":2},{"not_picked":["Leg Sweep","hubris:SlightOfHand","Quick Slash"],"picked":"SKIP","floor":3},{"not_picked":["Backflip","jedi:acidrain"],"picked":"Fluid Movement","floor":5},{"not_picked":["jedi:poisonivy","PiercingWail"],"picked":"Blade Dance","floor":7},{"not_picked":["Blur","hubris:SlightOfHand"],"picked":"Backflip","floor":11}],"player_experience":205131,"relics_obtained":[{"floor":7,"key":"Snake Skull"},{"floor":9,"key":"aspiration:HiddenCompartment"}],"event_choices":[{"damage_healed":0,"gold_gain":0,"player_choice":"Forge","damage_taken":0,"max_hp_gain":0,"max_hp_loss":0,"event_name":"Accursed Blacksmith","floor":4,"gold_loss":0,"cards_upgraded":["Cloak And Dagger"]}],"is_beta":false,"boss_relics":[],"items_purged_floors":[10],"is_endless":false,"potions_floor_spawned":[1,3],"killed_by":"Gremlin Nob","ascension_level":4}}