{"host":"d8hh7rr4yzitjeuj","time":1609047410,"event":{"mods":["2.2 Compatiblity","AchievementEnabler","BaseMod","CapriCore","Colored Map","Colored Powertips","Highlight Path","Keyboard Shortcuts","Minty Spire (QoL Compilation)","Permanent Neow","Quick Restart","StSLib","SuperFastMode"],"gold_per_floor":[116,116,128,53,69,69,88,88,88,88,106,136,136,148,148,221,271,286,286,78,78,97,131,131,147,192,23,39,39,89,45,45,118,118,138,138,13,13,32,32,32,45,45,45,76,76,11,11,11],"floor_reached":48,"playtime":1415,"items_purged":["Regret","BootSequence","Strike_B"],"score":1002,"play_id":"d70acd54-3f24-4bf2-901f-88933947b55c","local_time":"20201227143650","is_ascension_mode":true,"campfire_choices":[{"data":"Streamline","floor":6.0,"key":"SMITH"},{"data":"Zap","floor":8.0,"key":"SMITH"},{"data":"Creative AI","floor":10.0,"key":"SMITH"},{"data":"Chill","floor":13.0,"key":"SMITH"},{"data":"Loop","floor":15.0,"key":"SMITH"},{"data":"Heatsinks","floor":24.0,"key":"SMITH"},{"floor":29.0,"key":"REST"},{"data":"Rainbow","floor":32.0,"key":"SMITH"},{"floor":40.0,"key":"REST"}],"circlet_count":0,"master_deck":["AscendersBane","Strike_B","Defend_B","Defend_B","Zap+1","Dualcast","Creative AI+1","Streamline+1","Hologram","Biased Cognition","Chill+1","Loop+1","Core Surge+1","White Noise","Heatsinks+1","Purity","FTL","Ball Lightning+1","Capacitor+1","Rainbow+1","Undo","Thunder Strike","Master of Strategy","Panacea","Coolheaded","Writhe"],"relics":["Cracked Core","Lizard Tail","WingedGreaves","Dream Catcher","Tiny House","Darkstone Periapt","Ancient Tea Set","DataDisk","Black Star","Shuriken","CaptainsWheel","Regal Pillow","The Courier"],"acts_visited":["Exordium","TheCity","TheBeyond"],"potions_floor_usage":[],"damage_taken":[{"damage":0.0,"enemies":"2 Louse","floor":1.0,"turns":2.0},{"damage":2.0,"enemies":"Small Slimes","floor":3.0,"turns":3.0},{"damage":0.0,"enemies":"Cultist","floor":5.0,"turns":3.0},{"damage":6.0,"enemies":"Exordium Wildlife","floor":7.0,"turns":4.0},{"damage":6.0,"enemies":"Looter","floor":11.0,"turns":3.0},{"damage":8.0,"enemies":"Lagavulin","floor":12.0,"turns":6.0},{"damage":0.0,"enemies":"3 Louse","floor":14.0,"turns":4.0},{"damage":29.0,"enemies":"Slime Boss","floor":16.0,"turns":7.0},{"damage":0.0,"enemies":"3 Byrds","floor":18.0,"turns":4.0},{"damage":11.0,"enemies":"Spheric Guardian","floor":22.0,"turns":4.0},{"damage":55.0,"enemies":"Book of Stabbing","floor":23.0,"turns":5.0},{"damage":5.0,"enemies":"Centurion and Healer","floor":25.0,"turns":6.0},{"damage":15.0,"enemies":"Sentry and Sphere","floor":28.0,"turns":4.0},{"damage":28.0,"enemies":"Champ","floor":33.0,"turns":9.0},{"damage":31.0,"enemies":"3 Darklings","floor":35.0,"turns":7.0},{"damage":3.0,"enemies":"3 Shapes","floor":39.0,"turns":5.0},{"damage":17.0,"enemies":"Jaw Worm Horde","floor":42.0,"turns":6.0},{"damage":25.0,"enemies":"Nemesis","floor":45.0,"turns":7.0},{"damage":25,"enemies":"Maw","floor":48,"turns":7}],"seed_played":"-5313108748772532548","potions_obtained":[{"floor":3.0,"key":"AttackPotion"},{"floor":11.0,"key":"Ancient Potion"},{"floor":12.0,"key":"Explosive Potion"},{"floor":14.0,"key":"Ancient Potion"},{"floor":17.0,"key":"SpeedPotion"},{"floor":18.0,"key":"Fruit Juice"},{"floor":23.0,"key":"PowerPotion"},{"floor":33.0,"key":"Explosive Potion"},{"floor":39.0,"key":"Weak Potion"}],"is_trial":false,"path_per_floor":["M","?","M","$","M","R","M","R","T","R","M","E","R","M","R","B",null,"M","?","$","?","M","E","R","M","T","$","M","R","?","$","R","B",null,"M","?","$","?","M","R","?","M","T","?","E","T","?","M"],"character_chosen":"DEFECT","items_purchased":["Purity","DataDisk","Undo"],"campfire_rested":2,"item_purchase_floors":[20,27,31],"current_hp_per_floor":[64,64,62,62,62,62,56,56,56,56,50,42,42,42,42,13,56,61,61,61,61,50,37,37,32,32,32,17,39,39,39,39,11,58,27,27,27,27,24,46,36,19,19,40,15,15,15,0,0],"gold":11,"neow_bonus":"TRANSFORM_TWO_CARDS","is_daily":false,"chose_seed":false,"campfire_upgraded":7,"win_rate":0.0,"timestamp":1609047410,"path_taken":["M","?","M","$","M","R","M","R","T","R","M","E","R","M","R","BOSS","M","?","$","?","M","E","R","?","T","$","M","R","?","$","R","BOSS","M","?","$","?","M","R","?","M","T","?","E","?","?","?"],"items_purchased_type":["Card","Relic","Card"],"build_version":"2020-12-22","purchased_purges":3,"victory":false,"max_hp_per_floor":[64,64,64,64,64,64,64,64,64,64,64,64,64,64,64,64,69,74,74,74,74,74,74,74,74,74,74,74,74,74,74,74,74,74,74,74,74,74,74,74,74,74,74,80,80,80,80,80,80],"card_choices":[{"not_picked":["Darkness","Go for the Eyes"],"picked":"Streamline","floor":1.0},{"not_picked":["Streamline","Gash"],"picked":"Hologram","floor":3.0},{"not_picked":["Stack","Rebound"],"picked":"Biased Cognition","floor":5.0},{"not_picked":["Streamline","Doom and Gloom","Hologram"],"picked":"SKIP","floor":7.0},{"not_picked":["Steam","Barrage"],"picked":"Chill","floor":11.0},{"not_picked":["Chaos","Sweeping Beam","Creative AI"],"picked":"SKIP","floor":12.0},{"not_picked":["Compile Driver","Streamline"],"picked":"Loop","floor":14.0},{"not_picked":["Fission","Rainbow"],"picked":"Core Surge","floor":16.0},{"not_picked":["Redo","Coolheaded"],"picked":"White Noise","floor":17.0},{"not_picked":["Rebound","FTL"],"picked":"Heatsinks","floor":18.0},{"not_picked":["Undo","Hologram"],"picked":"FTL","floor":22.0},{"not_picked":["Hologram+1","Gash"],"picked":"Ball Lightning+1","floor":23.0},{"not_picked":["Redo","Beam Cell"],"picked":"Capacitor+1","floor":25.0},{"not_picked":["Gash","Steam Power"],"picked":"Rainbow","floor":28.0},{"not_picked":["Electrodynamics","Creative AI"],"picked":"Thunder Strike","floor":33.0},{"not_picked":["Redo","Ball Lightning+1","Beam Cell+1"],"picked":"SKIP","floor":35.0},{"not_picked":["Static Discharge+1","Rebound","Blizzard"],"picked":"SKIP","floor":39.0},{"not_picked":["The Bomb","Flash of Steel"],"picked":"Master of Strategy","floor":41.0},{"not_picked":["Dark Shackles","Mayhem"],"picked":"Panacea","floor":41.0},{"not_picked":["Stack+1","Hologram+1"],"picked":"Coolheaded","floor":42.0},{"not_picked":["FTL+1","Conserve Battery","Hologram"],"picked":"SKIP","floor":45.0}],"player_experience":1386492,"relics_obtained":[{"floor":9.0,"key":"WingedGreaves"},{"floor":12.0,"key":"Dream Catcher"},{"floor":23.0,"key":"Darkstone Periapt"},{"floor":26.0,"key":"Ancient Tea Set"},{"floor":45.0,"key":"Shuriken"},{"floor":45.0,"key":"CaptainsWheel"},{"floor":46.0,"key":"Regal Pillow"}],"event_choices":[{"damage_healed":0.0,"max_hp_gain":0.0,"max_hp_loss":0.0,"gold_gain":0.0,"event_name":"Big Fish","player_choice":"Box","floor":2.0,"gold_loss":0.0,"damage_taken":0.0,"relics_obtained":["Lizard Tail"],"cards_obtained":["Regret"]},{"damage_healed":0.0,"max_hp_gain":0.0,"max_hp_loss":0.0,"gold_gain":0.0,"event_name":"Vampires","player_choice":"Ignored","floor":19.0,"gold_loss":0.0,"damage_taken":0.0},{"cards_removed":["Strike_B"],"damage_healed":0.0,"max_hp_gain":0.0,"max_hp_loss":0.0,"gold_gain":0.0,"event_name":"Bonfire Elementals","player_choice":"Offered Basic","floor":21.0,"gold_loss":0.0,"damage_taken":0.0},{"damage_healed":0.0,"max_hp_gain":0.0,"max_hp_loss":0.0,"gold_gain":50.0,"event_name":"Nest","player_choice":"Stole From Cult","floor":30.0,"gold_loss":0.0,"damage_taken":0.0},{"damage_healed":0.0,"max_hp_gain":0.0,"max_hp_loss":0.0,"gold_gain":0.0,"event_name":"The Moai Head","player_choice":"Ignored","floor":36.0,"gold_loss":0.0,"damage_taken":0.0},{"cards_removed":["Defend_B"],"damage_healed":0.0,"max_hp_gain":0.0,"max_hp_loss":0.0,"gold_gain":0.0,"event_name":"Falling","player_choice":"Removed Skill","floor":38.0,"gold_loss":0.0,"damage_taken":0.0},{"damage_healed":0.0,"max_hp_gain":0.0,"max_hp_loss":0.0,"gold_gain":0.0,"event_name":"SensoryStone","player_choice":"Memory 3","floor":41.0,"gold_loss":0.0,"damage_taken":10.0},{"damage_healed":15.0,"max_hp_gain":0.0,"max_hp_loss":0.0,"gold_gain":0.0,"event_name":"Winding Halls","player_choice":"Writhe","floor":44.0,"gold_loss":0.0,"damage_taken":0.0,"cards_obtained":["Writhe"]},{"damage_healed":0.0,"max_hp_gain":0.0,"max_hp_loss":0.0,"gold_gain":0.0,"event_name":"WeMeetAgain","player_choice":"Paid Gold","floor":47.0,"gold_loss":65.0,"damage_taken":0.0,"relics_obtained":["The Courier"]}],"is_beta":false,"boss_relics":[{"not_picked":["Ectoplasm","Cursed Key"],"picked":"Tiny House"},{"not_picked":["Coffee Dripper","Runic Dome"],"picked":"Black Star"}],"items_purged_floors":[4,20,37],"is_endless":false,"potions_floor_spawned":[3,11,12,14,18,23,33,39,42],"killed_by":"Maw","ascension_level":20}}