{"host":"ywt8u9kq80n9hc8s","time":1609038678,"event":{"mods":["AchievementEnabler","Alarm Clock","BaseMod","Better Altar","Better Match","Better Note","Better Sensory Stone","Better Skull","Better Third Choice","BetterRewards","Filter the Spire","Minty Spire (QoL Compilation)","Permanent Neow","Rare Cards Sparkle","StSLib"],"gold_per_floor":[113,130,144,154,2,2,2,2,2,2,36,61,92,103,103,207,207,220,238,248,259,30,56,91,104,104,114,152,199,246,268,280,396,458,490,5,17,29,40,72,106,136,136,165,165,193,203,230,230,230],"floor_reached":51,"playtime":6061,"items_purged":["Loop"],"score":1574,"play_id":"cdeb7e58-7c35-489f-9108-f83f408e1421","local_time":"20201227051118","daily_mods":["Draft","Vintage","Diverse","Heirloom","Time Dilation","Flight","DeadlyEvents","Elite Swarm"],"is_ascension_mode":false,"campfire_choices":[{"data":"Echo Form","floor":6,"key":"SMITH"},{"data":"DevaForm","floor":7,"key":"SMITH"},{"data":"Wraith Form v2","floor":8,"key":"SMITH"},{"data":"Demon Form","floor":10,"key":"SMITH"},{"data":"Devotion","floor":15,"key":"SMITH"},{"data":"Berserk","floor":32,"key":"SMITH"},{"data":"Acrobatics","floor":45,"key":"SMITH"},{"floor":49,"key":"REST"}],"circlet_count":0,"master_deck":["Demon Form+1","Wraith Form v2+1","Echo Form+1","DevaForm+1","Conserve Battery+1","Pummel","SandsOfTime","JustLucky+1","CutThroughFate","Acrobatics+1","Sweeping Beam","Dagger Throw","Nirvana","Shrug It Off","Dash+1","FollowUp","Predator+1","Hello World","Hologram+1","Berserk+1","Devotion+1","Establishment","Corruption+1","Omniscience"],"relics":["Snecko Eye","Bird Faced Urn","Bottled Lightning","Akabeko","Toy Ornithopter","Lantern","Orrery","InkBottle","Letter Opener","Yang","Sundial","Boot","Black Star","TeardropLocket","Bag of Preparation","CloakClasp","Pen Nib","Membership Card","Nunchaku","Mercury Hourglass","White Beast Statue","Mummified Hand","The Courier","MealTicket","Bottled Flame","MawBank","Dream Catcher","Singing Bowl","Calipers","Potion Belt","Tiny Chest","Ginger","Gambling Chip","Tiny House","Bronze Scales","Anchor","Frozen Eye","Frozen Egg 2","Vajra","Damaru","Art of War","Centennial Puzzle","Eternal Feather","Thread and Needle","Smiling Mask","Ice Cream","Whetstone","Question Card","War Paint","Bag of Marbles","Blood Vial","Dead Branch","Happy Flower","Turnip","CeramicFish","Orichalcum","Regal Pillow","Strawberry","Torii"],"acts_visited":["Exordium","TheCity","TheBeyond"],"potions_floor_usage":[],"damage_taken":[{"damage":0,"enemies":"Cultist","floor":1,"turns":2},{"damage":6,"enemies":"2 Louse","floor":2,"turns":2},{"damage":0,"enemies":"Small Slimes","floor":3,"turns":2},{"damage":11,"enemies":"Exordium Wildlife","floor":4,"turns":2},{"damage":0,"enemies":"3 Sentries","floor":11,"turns":3},{"damage":1,"enemies":"Lagavulin","floor":12,"turns":3},{"damage":0,"enemies":"Gremlin Nob","floor":13,"turns":3},{"damage":7,"enemies":"Looter","floor":14,"turns":3},{"damage":0,"enemies":"Hexaghost","floor":16,"turns":4},{"damage":2,"enemies":"Shell Parasite","floor":18,"turns":4},{"damage":0,"enemies":"Chosen","floor":19,"turns":3},{"damage":0,"enemies":"3 Cultists","floor":20,"turns":3},{"damage":0,"enemies":"Centurion and Healer","floor":21,"turns":2},{"damage":0,"enemies":"Book of Stabbing","floor":23,"turns":4},{"damage":0,"enemies":"Gremlin Leader","floor":24,"turns":3},{"damage":0,"enemies":"Snake Plant","floor":25,"turns":1},{"damage":0,"enemies":"3 Cultists","floor":27,"turns":2},{"damage":14,"enemies":"Book of Stabbing","floor":28,"turns":3},{"damage":0,"enemies":"Gremlin Leader","floor":29,"turns":2},{"damage":0,"enemies":"Slavers","floor":30,"turns":3},{"damage":0,"enemies":"Cultist and Chosen","floor":31,"turns":3},{"damage":13,"enemies":"Champ","floor":33,"turns":3},{"damage":0,"enemies":"3 Shapes","floor":35,"turns":2},{"damage":0,"enemies":"Orb Walker","floor":37,"turns":1},{"damage":0,"enemies":"Sphere and 2 Shapes","floor":38,"turns":2},{"damage":0,"enemies":"Transient","floor":39,"turns":4},{"damage":0,"enemies":"Nemesis","floor":40,"turns":1},{"damage":0,"enemies":"Giant Head","floor":41,"turns":3},{"damage":0,"enemies":"Nemesis","floor":42,"turns":3},{"damage":0,"enemies":"Reptomancer","floor":44,"turns":1},{"damage":0,"enemies":"Nemesis","floor":46,"turns":3},{"damage":0,"enemies":"Maw","floor":47,"turns":2},{"damage":0,"enemies":"Reptomancer","floor":48,"turns":2},{"damage":0,"enemies":"Donu and Deca","floor":50,"turns":3}],"seed_played":"-6415212050011354087","potions_obtained":[{"floor":3,"key":"BottledMiracle"},{"floor":4,"key":"Fire Potion"},{"floor":13,"key":"Block Potion"},{"floor":18,"key":"Regen Potion"},{"floor":24,"key":"PowerPotion"},{"floor":29,"key":"Fire Potion"},{"floor":30,"key":"FearPotion"},{"floor":31,"key":"LiquidMemories"},{"floor":33,"key":"FairyPotion"},{"floor":34,"key":"Ambrosia"},{"floor":37,"key":"Regen Potion"},{"floor":39,"key":"BottledMiracle"},{"floor":41,"key":"Ambrosia"}],"is_trial":true,"path_per_floor":["M","M","M","M","$","R","R","R","T","R","E","E","E","M","R","B",null,"M","M","M","M","$","E","E","M","T","M","E","E","E","M","R","B",null,"M","$","M","M","M","E","E","E","T","E","R","E","M","E","R","B",null],"character_chosen":"WATCHER","items_purchased":["Orrery","Membership Card","Nunchaku","Anchor","Frozen Eye","Frozen Egg 2","Vajra","Damaru","Art of War","Centennial Puzzle"],"campfire_rested":1,"item_purchase_floors":[5,22,22,36,36,36,36,36,36,36],"current_hp_per_floor":[72,66,70,61,61,61,61,61,61,61,72,72,72,72,72,72,72,72,72,72,72,72,72,72,72,72,72,72,76,76,76,76,69,85,85,85,85,85,85,85,87,89,89,89,89,91,91,100,102,102],"gold":230,"neow_bonus":"","is_daily":false,"chose_seed":false,"campfire_upgraded":7,"win_rate":0.0,"timestamp":1609038678,"path_taken":["M","M","M","M","$","R","R","R","T","R","E","E","E","M","R","BOSS","M","M","M","M","$","E","E","M","T","M","E","E","E","M","R","BOSS","M","$","M","M","M","E","E","E","T","E","R","E","M","E","R","BOSS"],"items_purchased_type":["Relic","Relic","Relic","Relic","Relic","Relic","Relic","Relic","Relic","Relic"],"build_version":"2020-12-22","purchased_purges":1,"victory":true,"max_hp_per_floor":[72,72,72,72,72,72,72,72,72,72,72,72,72,72,72,72,72,72,72,72,72,72,72,72,72,72,72,74,76,76,76,76,78,85,85,85,85,85,85,85,87,89,89,89,89,91,91,100,102,102],"card_choices":[{"not_picked":["Blade Dance","Second Wind"],"picked":"Conserve Battery","floor":0},{"not_picked":["Power Through","Turbo"],"picked":"Pummel","floor":0},{"not_picked":["Searing Blow","Sword Boomerang"],"picked":"SandsOfTime","floor":0},{"not_picked":["ClearTheMind","Poisoned Stab"],"picked":"JustLucky","floor":0},{"not_picked":["Clash","Shockwave"],"picked":"CutThroughFate","floor":0},{"not_picked":["Fusion","Crescendo"],"picked":"Acrobatics","floor":0},{"not_picked":["EmptyBody","Dodge and Roll"],"picked":"Sweeping Beam","floor":0},{"not_picked":["Adaptation","Catalyst"],"picked":"Dagger Throw","floor":0},{"not_picked":["Dagger Spray","Backflip"],"picked":"Nirvana","floor":0},{"not_picked":["Halt","Warcry"],"picked":"Shrug It Off","floor":0},{"not_picked":["Anger","Clothesline"],"picked":"Dash","floor":0},{"not_picked":["Riddle With Holes","Hemokinesis"],"picked":"FollowUp","floor":0},{"not_picked":["Rebound","Choke"],"picked":"Predator","floor":0},{"not_picked":["All Out Attack","Halt"],"picked":"Hello World","floor":0},{"not_picked":["Accuracy","Perseverance"],"picked":"Loop","floor":0},{"not_picked":["Cloak And Dagger","Streamline"],"picked":"Hologram","floor":5},{"not_picked":["Reaper","Adrenaline"],"picked":"Berserk","floor":11},{"not_picked":["Echo Form","Electrodynamics"],"picked":"Devotion","floor":12},{"not_picked":["Die Die Die","Tools of the Trade","ConjureBlade"],"picked":"SKIP","floor":13},{"not_picked":["Burst","Amplify","Glass Knife"],"picked":"SKIP","floor":23},{"not_picked":["Grand Finale","Tools of the Trade","Rainbow"],"picked":"SKIP","floor":24},{"not_picked":["Immolate","Reboot","Adrenaline"],"picked":"Singing Bowl","floor":28},{"not_picked":["Juggernaut","Machine Learning","Demon Form"],"picked":"Singing Bowl","floor":29},{"not_picked":["Reboot","Rainbow"],"picked":"Establishment","floor":30},{"not_picked":["Reboot","Malaise","Feed"],"picked":"Singing Bowl","floor":33},{"not_picked":["Prostrate+1","Flying Knee","Static Discharge+1"],"picked":"Singing Bowl","floor":34},{"not_picked":["Scrawl","Echo Form+1"],"picked":"Corruption+1","floor":40},{"not_picked":["DeusExMachina","Corpse Explosion","Tools of the Trade+1"],"picked":"Singing Bowl","floor":41},{"not_picked":["Core Surge","Demon Form+1","Doppelganger","Glass Knife"],"picked":"Singing Bowl","floor":42},{"not_picked":["Bludgeon","Echo Form+1","Biased Cognition+1"],"picked":"Omniscience","floor":44},{"not_picked":["Storm of Steel","Blasphemy","Offering","Alpha"],"picked":"Singing Bowl","floor":46},{"not_picked":["Offering","SpiritShield","Grand Finale","Limit Break"],"picked":"Singing Bowl","floor":48},{"not_picked":["Hologram","Blizzard+1","ThirdEye+1","Deadly Poison+1"],"picked":"Singing Bowl","floor":49}],"player_experience":93779,"relics_obtained":[{"floor":1,"key":"Bottled Lightning"},{"floor":2,"key":"Akabeko"},{"floor":3,"key":"Toy Ornithopter"},{"floor":4,"key":"Lantern"},{"floor":9,"key":"InkBottle"},{"floor":11,"key":"Letter Opener"},{"floor":12,"key":"Yang"},{"floor":13,"key":"Sundial"},{"floor":14,"key":"Boot"},{"floor":18,"key":"TeardropLocket"},{"floor":19,"key":"Bag of Preparation"},{"floor":20,"key":"CloakClasp"},{"floor":21,"key":"Pen Nib"},{"floor":23,"key":"Mercury Hourglass"},{"floor":23,"key":"White Beast Statue"},{"floor":24,"key":"Mummified Hand"},{"floor":24,"key":"The Courier"},{"floor":25,"key":"MealTicket"},{"floor":26,"key":"Bottled Flame"},{"floor":27,"key":"MawBank"},{"floor":28,"key":"Dream Catcher"},{"floor":28,"key":"Singing Bowl"},{"floor":29,"key":"Calipers"},{"floor":29,"key":"Potion Belt"},{"floor":30,"key":"Tiny Chest"},{"floor":30,"key":"Ginger"},{"floor":31,"key":"Gambling Chip"},{"floor":35,"key":"Bronze Scales"},{"floor":37,"key":"Eternal Feather"},{"floor":38,"key":"Thread and Needle"},{"floor":39,"key":"Smiling Mask"},{"floor":40,"key":"Ice Cream"},{"floor":40,"key":"Whetstone"},{"floor":41,"key":"Question Card"},{"floor":41,"key":"War Paint"},{"floor":42,"key":"Bag of Marbles"},{"floor":42,"key":"Blood Vial"},{"floor":43,"key":"Dead Branch"},{"floor":44,"key":"Happy Flower"},{"floor":44,"key":"Turnip"},{"floor":46,"key":"CeramicFish"},{"floor":46,"key":"Orichalcum"},{"floor":47,"key":"Regal Pillow"},{"floor":48,"key":"Strawberry"},{"floor":48,"key":"Torii"}],"event_choices":[],"is_beta":false,"boss_relics":[{"not_picked":["Sozu","Calling Bell"],"picked":"Black Star"},{"not_picked":["SlaversCollar","Runic Pyramid"],"picked":"Tiny House"}],"items_purged_floors":[36],"is_endless":false,"potions_floor_spawned":[3,4,13,18,20,21,24,25,27,28,29,30,31,33,35,37,38,39,40,41,42,44,46,47,48],"ascension_level":0}}