{"host":"31s8hzukbhz1k6i6","time":1609112522,"event":{"mods":["BaseMod","Colored Map","Minty Spire (QoL Compilation)","Relic Stats","UnlockEverythingMod"],"gold_per_floor":[18,32,32,32,50,50,50,50,76,111,132,167,167,182,182,301,301,315,230,254,529,194,194,238,263,263,304,317,351,351,375,375,496,496,546,821,500,553,568,641,641,715,715,344,363,363,407,629,629,659,659],"floor_reached":50,"playtime":2713,"items_purged":["Regret","Regret","CutThroughFate"],"score":931,"play_id":"92d0a0cc-fc28-416f-9875-65a299112e6a","local_time":"20201227154202","is_ascension_mode":true,"campfire_choices":[{"data":"Strike_P","floor":6,"key":"PURGE"},{"data":"Defend_P","floor":8,"key":"PURGE"},{"data":"CrushJoints","floor":13,"key":"SMITH"},{"data":"Scrawl","floor":15,"key":"SMITH"},{"data":"Strike_P","floor":23,"key":"PURGE"},{"data":"Defend_P","floor":30,"key":"PURGE"},{"data":"Strike_P","floor":32,"key":"PURGE"},{"data":"ReachHeaven","floor":41,"key":"PURGE"},{"data":"Vigilance","floor":46,"key":"PURGE"},{"floor":49,"key":"RECALL"}],"circlet_count":0,"master_deck":["Eruption","CrushJoints+1","FlurryOfBlows","ThirdEye","Scrawl+1","Vault","InnerPeace","CutThroughFate+1","MentalFortress+1","EmptyMind+1","Crescendo+1","Wish+1","Consecrate+1","Consecrate+1","Adaptation","Indignation+1","TalkToTheHand+1","TalkToTheHand+1","TalkToTheHand+1"],"relics":["PureWater","Peace Pipe","Golden Idol","StrikeDummy","Lantern","Bag of Marbles","VioletLotus","Regal Pillow","Ornamental Fan","Anchor","Bottled Lightning","Toxic Egg 2","Red Mask","Astrolabe","Orrery","Mummified Hand","Strawberry","Letter Opener","Sundial"],"acts_visited":["Exordium","TheCity","TheBeyond"],"potions_floor_usage":[16,33,39,39,39,50],"damage_taken":[{"damage":4.0,"enemies":"2 Louse","floor":1.0,"turns":2.0},{"damage":2,"enemies":"Small Slimes","floor":2,"turns":5},{"damage":0,"enemies":"Jaw Worm","floor":5,"turns":2},{"damage":0,"enemies":"Gremlin Nob","floor":10,"turns":2},{"damage":1,"enemies":"Red Slaver","floor":11,"turns":2},{"damage":20,"enemies":"Lagavulin","floor":12,"turns":4},{"damage":0,"enemies":"Large Slime","floor":14,"turns":2},{"damage":17,"enemies":"The Guardian","floor":16,"turns":8},{"damage":0,"enemies":"Spheric Guardian","floor":18,"turns":2},{"damage":0,"enemies":"3 Byrds","floor":20,"turns":4},{"damage":0,"enemies":"Slavers","floor":24,"turns":3},{"damage":0,"enemies":"3 Cultists","floor":25,"turns":3},{"damage":0,"enemies":"Gremlin Leader","floor":27,"turns":2},{"damage":0,"enemies":"Cultist and Chosen","floor":28,"turns":2},{"damage":0,"enemies":"Masked Bandits","floor":29,"turns":1},{"damage":0,"enemies":"Centurion and Healer","floor":31,"turns":4},{"damage":0,"enemies":"Automaton","floor":33,"turns":6},{"damage":0,"enemies":"Orb Walker","floor":35,"turns":1},{"damage":0,"enemies":"3 Shapes","floor":38,"turns":2},{"damage":0,"enemies":"Writhing Mass","floor":39,"turns":3},{"damage":0,"enemies":"Reptomancer","floor":40,"turns":4},{"damage":0,"enemies":"Giant Head","floor":42,"turns":4},{"damage":0,"enemies":"3 Darklings","floor":45,"turns":1},{"damage":7,"enemies":"Spire Growth","floor":47,"turns":3},{"damage":71,"enemies":"Time Eater","floor":50,"turns":5}],"seed_played":"-8930232238079955566","potions_obtained":[{"floor":5,"key":"EntropicBrew"},{"floor":11,"key":"Ambrosia"},{"floor":12,"key":"DistilledChaos"},{"floor":18,"key":"FearPotion"},{"floor":33,"key":"DistilledChaos"},{"floor":35,"key":"EntropicBrew"},{"floor":40,"key":"Strength Potion"}],"is_trial":false,"path_per_floor":["M","M","$","?","M","R","?","R","T","E","M","E","R","M","R","B",null,"M","?","M","?","$","R","E","M","T","E","M","?","R","M","R","B",null,"M","?","$","M","M","E","R","E","T","$","M","R","M","?","R","B"],"character_chosen":"WATCHER","items_purchased":["Ornamental Fan","Adaptation","Orrery","Sundial"],"campfire_rested":0,"item_purchase_floors":[22,37,37,44],"current_hp_per_floor":[68,66,66,66,66,66,54,54,54,54,53,33,33,33,33,16,54,54,54,54,54,54,54,54,54,54,54,54,54,54,54,54,54,64,64,64,64,64,64,64,64,71,71,71,71,71,64,64,64,0,0],"gold":659,"neow_bonus":"ONE_RARE_RELIC","is_daily":false,"chose_seed":false,"campfire_upgraded":2,"win_rate":0.0,"timestamp":1609112522,"path_taken":["M","M","$","?","M","R","?","R","T","E","M","E","R","M","R","BOSS","M","?","M","?","$","R","E","?","T","E","M","?","R","M","R","BOSS","M","?","$","M","?","E","R","E","T","$","M","R","M","?","R","BOSS"],"items_purchased_type":["Relic","Card","Relic","Relic"],"build_version":"2020-12-22","purchased_purges":3,"victory":false,"max_hp_per_floor":[72,72,72,67,67,67,67,67,67,67,67,67,67,67,67,67,67,67,67,67,67,67,67,67,67,67,67,67,67,67,67,67,67,67,67,67,67,67,67,67,67,74,74,74,74,74,74,74,74,74,74],"relic_stats":{"Peace Pipe":7,"Regal Pillow":0,"counters":[25,77],"Golden Idol":155,"Ornamental Fan":[164],"Mummified Hand":[9],"Sundial":[4],"Astrolabe":["Wish","Consecrate","Consecrate"],"VioletLotus":[36],"Letter Opener":[40],"obtain_stats":[{"Lantern":10,"Regal Pillow":19,"Golden Idol":4,"Astrolabe":34,"Letter Opener":43,"Peace Pipe":0,"Anchor":24,"Ornamental Fan":22,"Mummified Hand":40,"Sundial":44,"Strawberry":42,"Orrery":37,"VioletLotus":17,"Bag of Marbles":12,"Red Mask":29,"Bottled Lightning":26,"PureWater":0,"Toxic Egg 2":27,"StrikeDummy":7},{"Lantern":4,"Regal Pillow":9,"Golden Idol":2,"Astrolabe":17,"Letter Opener":22,"Peace Pipe":0,"Anchor":11,"Ornamental Fan":10,"Mummified Hand":21,"Sundial":22,"Strawberry":22,"Orrery":18,"VioletLotus":8,"Bag of Marbles":6,"Red Mask":15,"Bottled Lightning":12,"PureWater":0,"Toxic Egg 2":13,"StrikeDummy":3},{"Lantern":11,"Regal Pillow":29,"Golden Idol":7,"Astrolabe":54,"Letter Opener":68,"Peace Pipe":0,"Anchor":36,"Ornamental Fan":33,"Mummified Hand":64,"Sundial":68,"Strawberry":68,"Orrery":55,"VioletLotus":27,"Bag of Marbles":17,"Red Mask":44,"Bottled Lightning":39,"PureWater":0,"Toxic Egg 2":41,"StrikeDummy":9}]},"card_choices":[{"not_picked":["PathToVictory","ThirdEye"],"picked":"CrushJoints","floor":1.0},{"not_picked":["SignatureMove","Pray"],"picked":"FlurryOfBlows","floor":2},{"not_picked":["Protect","PathToVictory"],"picked":"ReachHeaven","floor":5},{"not_picked":["CrushJoints","ThirdEye"],"picked":"CutThroughFate","floor":10},{"not_picked":["Consecrate","SashWhip"],"picked":"ThirdEye","floor":11},{"not_picked":["BowlingBash","SignatureMove","Evaluate"],"picked":"SKIP","floor":12},{"not_picked":["Evaluate","CarveReality"],"picked":"Scrawl","floor":14},{"not_picked":["DevaForm","SpiritShield"],"picked":"Vault","floor":16},{"not_picked":["EmptyMind","Sanctity"],"picked":"InnerPeace","floor":18},{"not_picked":["PathToVictory+1","SashWhip","Halt"],"picked":"SKIP","floor":20},{"not_picked":["DeceiveReality+1","SashWhip","Consecrate"],"picked":"SKIP","floor":24},{"not_picked":["Protect","Prostrate","SashWhip"],"picked":"SKIP","floor":25},{"not_picked":["EmptyBody+1","Prostrate+1"],"picked":"CutThroughFate+1","floor":27},{"not_picked":["Devotion","Protect+1"],"picked":"MentalFortress+1","floor":28},{"not_picked":["WreathOfFlame+1","FlyingSleeves+1"],"picked":"EmptyMind+1","floor":29},{"not_picked":["CrushJoints","Evaluate+1"],"picked":"Crescendo+1","floor":31},{"not_picked":["BattleHymn","CrushJoints","Evaluate+1"],"picked":"SKIP","floor":35},{"not_picked":["ClearTheMind+1","Halt+1"],"picked":"Indignation+1","floor":37},{"not_picked":["BowlingBash+1","DeceiveReality+1"],"picked":"TalkToTheHand+1","floor":37},{"not_picked":["Perseverance+1","CrushJoints+1"],"picked":"TalkToTheHand+1","floor":38},{"not_picked":["Weave+1","CarveReality+1","Wallop+1"],"picked":"SKIP","floor":39},{"not_picked":["FlyingSleeves+1","FollowUp","Worship+1"],"picked":"SKIP","floor":40},{"not_picked":["Halt+1","Consecrate+1"],"picked":"TalkToTheHand+1","floor":42},{"not_picked":["Wallop","LikeWater+1","Prostrate+1"],"picked":"SKIP","floor":45},{"not_picked":["Vengeance+1","FollowUp","Collect+1"],"picked":"SKIP","floor":47}],"player_experience":43304,"relics_obtained":[{"floor":10,"key":"Lantern"},{"floor":12,"key":"Bag of Marbles"},{"floor":24,"key":"Anchor"},{"floor":26,"key":"Bottled Lightning"},{"floor":27,"key":"Toxic Egg 2"},{"floor":29,"key":"Red Mask"},{"floor":40,"key":"Mummified Hand"},{"floor":42,"key":"Strawberry"},{"floor":43,"key":"Letter Opener"}],"event_choices":[{"damage_healed":0,"gold_gain":0,"player_choice":"Lose Max HP","damage_taken":0,"relics_obtained":["Golden Idol"],"max_hp_gain":0,"max_hp_loss":5,"event_name":"Golden Idol","floor":4,"gold_loss":0},{"damage_healed":0,"gold_gain":0,"player_choice":"Success","damage_taken":12,"relics_obtained":["StrikeDummy"],"max_hp_gain":0,"max_hp_loss":0,"event_name":"Scrap Ooze","floor":7,"gold_loss":0},{"damage_healed":0,"gold_gain":0,"player_choice":"Obtained Relic","damage_taken":0,"relics_obtained":["Regal Pillow"],"max_hp_gain":0,"max_hp_loss":0,"event_name":"Addict","floor":19,"gold_loss":85},{"damage_healed":0,"gold_gain":275,"player_choice":"Desecrate","damage_taken":0,"max_hp_gain":0,"max_hp_loss":0,"event_name":"Golden Shrine","floor":21,"gold_loss":0,"cards_obtained":["Regret"]},{"damage_healed":0,"gold_gain":0,"player_choice":"Fought Bandits","damage_taken":0,"max_hp_gain":0,"max_hp_loss":0,"event_name":"Masked Bandits","floor":29,"gold_loss":0},{"damage_healed":0,"gold_gain":275,"player_choice":"Desecrate","damage_taken":0,"max_hp_gain":0,"max_hp_loss":0,"event_name":"Golden Shrine","floor":36,"gold_loss":0,"cards_obtained":["Regret"]},{"damage_healed":0,"gold_gain":222,"player_choice":"Wore Mask","damage_taken":0,"max_hp_gain":0,"max_hp_loss":0,"event_name":"Tomb of Lord Red Mask","floor":48,"gold_loss":0}],"is_beta":false,"boss_relics":[{"not_picked":["Cursed Key","HolyWater"],"picked":"VioletLotus"},{"not_picked":["Tiny House","SacredBark"],"picked":"Astrolabe"}],"items_purged_floors":[22,37,44],"is_endless":false,"potions_floor_spawned":[5,11,12,18,27,29,33,35,40,45],"killed_by":"Time Eater","ascension_level":5}}