{"host":"28bpuzdckreop5i0","time":1609110242,"event":{"mods":["Act Like it!","Aspiration","BaseMod","Beaked The Cultist","Best Route Mod","BetterRewards","Challenge The Spire","Conspire","Defuse TimeMaze Blight","Downfall","Energized Spire","GifTheSpireLib","Googly Eyes","Hubris","Infinite Spire","Lobotomy","Mimic Mod","Minty Spire (QoL Compilation)","Relic Stats","Shop Mod","Spicy Shops","StSLib","Stuff the Spire","The Awakened One except there are too many feathers","The Construct","The Cursed","The Disciple","The Hierophant","The IronCluck","The Jungle","Thieving Mod","Transform Curses","Wandering Minibosses","slay the spire mod where everything is the same but ironclad has a cowboy hat"],"gold_per_floor":[213,213,227,227,246,246,246,211,211,229,241,241,251,263,263,365,365,376,129,143,162,162,162,162,162],"floor_reached":24,"playtime":1726,"items_purged":[],"score":190,"play_id":"56da77f0-6be5-45bd-9875-f09e8a05fbc2","local_time":"20201227170402","is_ascension_mode":false,"campfire_choices":[{"data":"beaked:Ceremony","floor":6,"key":"SMITH"},{"data":"beaked:Ceremony","floor":12,"key":"SMITH"},{"data":"beaked:Ceremony","floor":15,"key":"SMITH"}],"circlet_count":0,"master_deck":["beaked:Strike_Y","beaked:Strike_Y","beaked:Strike_Y","beaked:Strike_Y","beaked:Strike_Y","beaked:Strike_Y","beaked:Defend_Y","beaked:Defend_Y","beaked:Defend_Y","beaked:Defend_Y","beaked:Ceremony+1","beaked:Ceremony+1","beaked:Ceremony+1","beaked:Insight","Injury","beaked:WarriorEssence","beaked:BraceForImpact+1","StuffTheSpire:Innocence","beaked:BraceForImpact+1","beaked:BraceForImpact+1","beaked:LiftOff","beaked:Brace+1","beaked:Caw","beaked:Pecker+1"],"relics":["beaked:MendingPlumage","Toxic Egg 2","FossilizedHelix","Letter Opener","hubris:HollowSoul","conspire:Flyswatter"],"acts_visited":["Exordium","Exordium"],"potions_floor_usage":[5,18,20,24,24],"damage_taken":[{"damage":15,"enemies":"Jaw Worm","floor":1,"turns":6},{"damage":12,"enemies":"Small Slimes","floor":3,"turns":5},{"damage":16,"enemies":"Cultist","floor":5,"turns":5},{"damage":33,"enemies":"Lots of Slimes","floor":10,"turns":7},{"damage":0,"enemies":"Large Slime","floor":11,"turns":6},{"damage":13,"enemies":"2 Fungi Beasts","floor":13,"turns":7},{"damage":8,"enemies":"Blue Slaver","floor":14,"turns":6},{"damage":4,"enemies":"Slime Boss","floor":16,"turns":14},{"damage":27,"enemies":"theJungle:5_Spyders","floor":18,"turns":8},{"damage":15,"enemies":"theJungle:Flameango_and_Byrd","floor":20,"turns":7},{"damage":21,"enemies":"theJungle:SlimyTreeVines","floor":21,"turns":9},{"damage":10,"enemies":"theJungle:JungleHuntersEncounter","floor":24,"turns":5}],"seed_played":"8002817221416003380","potions_obtained":[{"floor":1,"key":"AttackPotion"},{"floor":3,"key":"construct:ShiftPotion"},{"floor":14,"key":"infinitespire:BlackPotion"},{"floor":18,"key":"Block Potion"},{"floor":20,"key":"ColorlessPotion"},{"floor":22,"key":"SpeedPotion"}],"is_trial":false,"path_per_floor":["M","?","M","?","M","R","?","?","T","M","M","R","M","M","R","B",null,"M","$","M","M","?","R","M"],"character_chosen":"BEAKED_THE_CULTIST","items_purchased":["conspire:Flyswatter"],"campfire_rested":0,"item_purchase_floors":[19],"current_hp_per_floor":[49,49,48,30,29,29,22,34,34,21,39,39,50,50,50,50,50,43,43,50,40,40,40,0,0],"gold":162,"neow_bonus":"HUNDRED_GOLD","is_daily":false,"chose_seed":false,"campfire_upgraded":3,"win_rate":0.0,"timestamp":1609110242,"path_taken":["M","?","M","?","M","R","?","?","T","M","M","R","M","M","R","BOSS","M","$","M","M","?","R","?"],"items_purchased_type":["Relic"],"build_version":"2020-12-22","purchased_purges":0,"victory":false,"max_hp_per_floor":[50,50,50,50,50,50,50,50,50,50,50,50,50,50,50,50,50,50,50,50,50,50,50,50,50],"relic_stats":{"counters":[12,91],"Letter Opener":[48],"obtain_stats":[{"hubris:HollowSoul":17,"Letter Opener":9,"beaked:MendingPlumage":0,"Toxic Egg 2":2,"FossilizedHelix":4,"conspire:Flyswatter":19},{"hubris:HollowSoul":8,"Letter Opener":3,"beaked:MendingPlumage":0,"Toxic Egg 2":1,"FossilizedHelix":2,"conspire:Flyswatter":9},{"hubris:HollowSoul":56,"Letter Opener":16,"beaked:MendingPlumage":0,"Toxic Egg 2":6,"FossilizedHelix":11,"conspire:Flyswatter":64}]},"card_choices":[{"not_picked":["beaked:MimicWarrior","beaked:Evade"],"picked":"beaked:Insight","floor":1},{"not_picked":["beaked:Insight","beaked:Resilience+1"],"picked":"beaked:WarriorEssence","floor":3},{"not_picked":["beaked:Windmill","beaked:Flinch+1"],"picked":"beaked:BraceForImpact+1","floor":5},{"not_picked":["beaked:Hexing","beaked:TuckingFeathers+1"],"picked":"beaked:BraceForImpact+1","floor":10},{"not_picked":["beaked:Struggle","beaked:StunningBlow"],"picked":"beaked:BraceForImpact+1","floor":11},{"not_picked":["beaked:FeelMyPain+1","beaked:WarriorEssence"],"picked":"beaked:LiftOff","floor":13},{"not_picked":["beaked:FeelMyPain+1","beaked:Recite+1"],"picked":"beaked:Brace+1","floor":14},{"not_picked":["beaked:MachineEssence","beaked:ShadowFade+1"],"picked":"beaked:Caw","floor":16},{"not_picked":["beaked:Redirect+1","beaked:Daydream+1"],"picked":"beaked:Pecker+1","floor":18},{"not_picked":["beaked:WarriorEssence","beaked:Tradeoff+1","beaked:CursingBlood+1"],"picked":"SKIP","floor":20},{"not_picked":["beaked:TuckingFeathers+1","beaked:Windmill","beaked:Poke+1"],"picked":"SKIP","floor":21},{"not_picked":["beaked:TuckingFeathers+1","beaked:Windmill","beaked:Poke+1"],"picked":"SKIP","floor":21}],"player_experience":895842,"relics_obtained":[{"floor":9,"key":"Letter Opener"}],"event_choices":[{"damage_healed":0,"gold_gain":0,"player_choice":"Success","damage_taken":18,"relics_obtained":["FossilizedHelix"],"max_hp_gain":0,"max_hp_loss":0,"event_name":"Scrap Ooze","floor":4,"gold_loss":0},{"damage_healed":12,"gold_gain":0,"player_choice":"Healed","damage_taken":0,"max_hp_gain":0,"max_hp_loss":0,"event_name":"The Cleric","floor":8,"gold_loss":35},{"damage_healed":0,"gold_gain":0,"player_choice":"Got Potions","damage_taken":0,"max_hp_gain":0,"max_hp_loss":0,"event_name":"Lab","floor":22,"gold_loss":0}],"is_beta":false,"boss_relics":[{"not_picked":["hubris:CrackedHourglass","energizedSpire:StickyHand"],"picked":"hubris:HollowSoul"}],"items_purged_floors":[],"is_endless":false,"potions_floor_spawned":[1,3,14,18,20],"killed_by":"theJungle:JungleHuntersEncounter","ascension_level":0}}