{"host":"1hzg86ju9fvxh562","time":1609083891,"event":{"mods":["AchievementEnabler","Act Like it!","AlwaysNeverKeys","BaseMod","Bestiary","Better Altar","Better Match","Better Note","Better Sensory Stone","Better Skull","Better Third Choice","Colored Map","Colored Powertips","Curses Come First","Displayed Cursed Tome","Filter the Spire","Highlight Path","Keyboard Shortcuts","Minty Spire (QoL Compilation)","Rare Cards Sparkle","Relic Sorter","Relic Stats","Spicy Shops","StSLib","everything is the same but u backflip on backflip","slay the spire mod where everything is the same but ironclad has a cowboy hat"],"gold_per_floor":[115,133,133,133,144,177,177,205,258,19,19,39,69,85,85,189,189,202,202,301,115,134,159,159,171,198,298,330,361,376,393,393,498,498,511,511,511,511,43,72,72,98,98,127,156,184,213,236,248,260,272,284,12,37,37],"floor_reached":56,"playtime":7463,"items_purged":["Strike_R+1","Spot Weakness","Defend_R"],"score":1999,"play_id":"18faaac1-eb84-4dbc-b771-14aa37b7232f","local_time":"20201227134451","is_ascension_mode":true,"campfire_choices":[{"data":"Bloodletting","floor":7.0,"key":"SMITH"},{"data":"Rupture","floor":15.0,"key":"SMITH"},{"data":"Feed","floor":24.0,"key":"SMITH"},{"floor":32.0,"key":"RECALL"},{"data":"Secret Technique","floor":41,"key":"SMITH"},{"floor":49,"key":"DIG"},{"floor":52,"key":"DIG"}],"circlet_count":0,"master_deck":["Defend_R","Defend_R","Defend_R","Bash+1","Hemokinesis+1","Dual Wield+1","Fiend Fire+1","Shockwave+1","Rupture+1","Bloodletting+1","Feel No Pain","True Grit","True Grit","Reaper","Battle Trance","Feed+1","Offering","J.A.X.","Exhume","Disarm","Offering","Feel No Pain","Secret Technique+1","Deep Breath","CutThroughFate+1","TalkToTheHand","Study","Reprogram+1","Bloodletting"],"relics":["Astrolabe","Darkstone Periapt","Whetstone","Strawberry","Membership Card","Juzu Bracelet","Red Skull","Runic Cube","Strange Spoon","Brimstone","Omamori","Anchor","Mango","HornCleat","Blood Vial","Red Mask","Philosopher\u0027s Stone","Shovel","PrismaticShard","Orichalcum","FossilizedHelix","MawBank","Bottled Flame","Shuriken","Self Forming Clay","Bottled Lightning","Boot"],"acts_visited":["Exordium","TheCity","TheBeyond","TheEnding"],"potions_floor_usage":[40],"damage_taken":[{"damage":7.0,"enemies":"Jaw Worm","floor":1.0,"turns":2.0},{"damage":0.0,"enemies":"2 Louse","floor":2.0,"turns":5.0},{"damage":0.0,"enemies":"Cultist","floor":5.0,"turns":3.0},{"damage":16.0,"enemies":"3 Sentries","floor":6.0,"turns":4.0},{"damage":9.0,"enemies":"Lagavulin","floor":8.0,"turns":4.0},{"damage":6.0,"enemies":"3 Louse","floor":12.0,"turns":4.0},{"damage":16.0,"enemies":"Gremlin Nob","floor":13.0,"turns":3.0},{"damage":11.0,"enemies":"Lots of Slimes","floor":14.0,"turns":6.0},{"damage":53.0,"enemies":"Hexaghost","floor":16.0,"turns":9.0},{"damage":16.0,"enemies":"Chosen","floor":18.0,"turns":5.0},{"damage":27.0,"enemies":"2 Thieves","floor":22.0,"turns":3.0},{"damage":44.0,"enemies":"Slavers","floor":23.0,"turns":6.0},{"damage":42.0,"enemies":"Snake Plant","floor":25.0,"turns":3.0},{"damage":61.0,"enemies":"Colosseum Slavers","floor":27.0,"turns":5.0},{"damage":19.0,"enemies":"Colosseum Nobs","floor":27.0,"turns":4.0},{"damage":25.0,"enemies":"Gremlin Leader","floor":28.0,"turns":4.0},{"damage":34.0,"enemies":"Masked Bandits","floor":29.0,"turns":6.0},{"damage":14.0,"enemies":"Sentry and Sphere","floor":30.0,"turns":3.0},{"damage":53.0,"enemies":"Cultist and Chosen","floor":31.0,"turns":5.0},{"damage":71.0,"enemies":"Automaton","floor":33.0,"turns":7.0},{"damage":29,"enemies":"3 Shapes","floor":35,"turns":2},{"damage":28,"enemies":"Reptomancer","floor":40,"turns":3},{"damage":53,"enemies":"Nemesis","floor":42,"turns":3},{"damage":32,"enemies":"Reptomancer","floor":44,"turns":2},{"damage":52,"enemies":"3 Darklings","floor":45,"turns":4},{"damage":32,"enemies":"Sphere and 2 Shapes","floor":46,"turns":3},{"damage":40,"enemies":"Writhing Mass","floor":47,"turns":3},{"damage":31,"enemies":"4 Shapes","floor":48,"turns":5},{"damage":82,"enemies":"Donu and Deca","floor":50,"turns":4},{"damage":65,"enemies":"Shield and Spear","floor":54,"turns":4},{"damage":79,"enemies":"The Heart","floor":55,"turns":6}],"seed_played":"-608955086886776233","potions_obtained":[{"floor":1.0,"key":"Energy Potion"},{"floor":2.0,"key":"LiquidMemories"},{"floor":8.0,"key":"PowerPotion"},{"floor":14.0,"key":"Swift Potion"},{"floor":22.0,"key":"DistilledChaos"},{"floor":23.0,"key":"FearPotion"},{"floor":25.0,"key":"SkillPotion"},{"floor":28.0,"key":"DistilledChaos"},{"floor":31.0,"key":"Weak Potion"},{"floor":35,"key":"Strength Potion"},{"floor":38,"key":"DuplicationPotion"},{"floor":40,"key":"Strength Potion"},{"floor":48,"key":"LiquidBronze"}],"is_trial":false,"path_per_floor":["M","M","?","?","M","E","R","E","T","$","?","M","E","M","R","B",null,"M","?","?","$","M","E","R","M","T","?","E","?","M","M","R","B",null,"M","?","?","?","$","E","R","E","T","E","M","M","M","M","R","B",null,"R","$","E","B",null],"character_chosen":"IRONCLAD","items_purchased":["Membership Card","True Grit","Reaper","Juzu Bracelet","Strange Spoon","Brimstone","Secret Technique","Deep Breath","Shovel","PrismaticShard","Self Forming Clay","Bloodletting","Bottled Lightning"],"campfire_rested":0,"item_purchase_floors":[10,10,10,10,21,21,39,39,39,39,53,53,53],"current_hp_per_floor":[65,65,65,65,65,49,49,40,47,47,87,87,71,76,76,74,84,81,81,81,81,80,98,98,93,93,116,117,137,129,154,154,138,157,166,166,166,166,166,170,170,168,168,174,137,127,111,175,175,177,202,202,202,191,114],"gold":37,"neow_bonus":"BOSS_RELIC","is_daily":false,"chose_seed":false,"campfire_upgraded":4,"win_rate":0.0,"timestamp":1609083891,"path_taken":["M","M","?","?","?","E","R","E","T","$","?","M","E","M","R","BOSS","M","?","?","$","M","E","R","M","T","?","E","?","M","M","R","BOSS","M","?","?","?","$","E","R","E","T","E","M","M","M","M","R","BOSS","R","$","E","BOSS"],"items_purchased_type":["Relic","Card","Card","Relic","Relic","Relic","Card","Card","Relic","Relic","Relic","Card","Relic"],"build_version":"2020-12-22","purchased_purges":3,"victory":true,"max_hp_per_floor":[80,80,80,80,80,80,80,80,87,87,87,87,87,87,87,87,87,90,90,90,90,96,105,105,109,109,139,143,155,159,159,159,163,163,175,166,166,166,166,170,170,170,170,174,178,186,190,202,202,210,210,210,210,218,218],"relic_stats":{"Darkstone Periapt":0,"counters":[31,130],"Self Forming Clay":[84],"Astrolabe":["Hemokinesis","Dual Wield","Fiend Fire"],"Juzu Bracelet":1,"Whetstone":["Strike_R","Strike_R"],"Orichalcum":[0],"MawBank":108,"Boot":[0],"Blood Vial":24,"Strange Spoon":[103],"Shovel":2,"Shuriken":[7],"obtain_stats":[{"Darkstone Periapt":6,"Mango":27,"Juzu Bracelet":10,"Whetstone":8,"PrismaticShard":39,"Boot":54,"Burning Blood":0,"Blood Vial":28,"HornCleat":27,"Shovel":39,"Strawberry":9,"Philosopher\u0027s Stone":34,"Red Mask":29,"Red Skull":13,"Runic Cube":17,"Self Forming Clay":53,"Astrolabe":0,"Omamori":23,"Orichalcum":40,"MawBank":44,"Strange Spoon":21,"Anchor":26,"Bottled Flame":49,"Brimstone":21,"Shuriken":52,"Membership Card":10,"Bottled Lightning":53,"FossilizedHelix":42},{"Darkstone Periapt":4,"Mango":15,"Juzu Bracelet":5,"Whetstone":5,"PrismaticShard":21,"Boot":30,"Burning Blood":0,"Blood Vial":16,"HornCleat":15,"Shovel":21,"Strawberry":5,"Philosopher\u0027s Stone":20,"Red Mask":17,"Red Skull":7,"Runic Cube":9,"Self Forming Clay":29,"Astrolabe":0,"Omamori":12,"Orichalcum":22,"MawBank":24,"Strange Spoon":10,"Anchor":13,"Bottled Flame":28,"Brimstone":10,"Shuriken":29,"Membership Card":5,"Bottled Lightning":29,"FossilizedHelix":23},{"Darkstone Periapt":14,"Mango":66,"Juzu Bracelet":18,"Whetstone":18,"PrismaticShard":93,"Boot":124,"Burning Blood":0,"Blood Vial":70,"HornCleat":66,"Shovel":93,"Strawberry":18,"Philosopher\u0027s Stone":91,"Red Mask":76,"Red Skull":25,"Runic Cube":40,"Self Forming Clay":120,"Astrolabe":0,"Omamori":54,"Orichalcum":96,"MawBank":101,"Strange Spoon":45,"Anchor":57,"Bottled Flame":116,"Brimstone":45,"Shuriken":120,"Membership Card":18,"Bottled Lightning":120,"FossilizedHelix":99}],"Runic Cube":[191]},"card_choices":[{"not_picked":["Shrug It Off","Pummel"],"picked":"Shockwave","floor":1.0},{"not_picked":["Anger","Perfected Strike"],"picked":"Rupture","floor":2.0},{"not_picked":["Havoc","Cleave"],"picked":"Bloodletting","floor":5.0},{"not_picked":["Armaments","Body Slam"],"picked":"Feel No Pain","floor":6.0},{"not_picked":["Shockwave","Intimidate"],"picked":"True Grit","floor":8.0},{"not_picked":["Whirlwind","Wild Strike"],"picked":"Battle Trance","floor":12.0},{"not_picked":["Ghostly Armor","Seeing Red"],"picked":"Spot Weakness","floor":13.0},{"not_picked":["Headbutt","Carnage"],"picked":"Feed","floor":14.0},{"not_picked":["Fiend Fire","Impervious"],"picked":"Offering","floor":16.0},{"not_picked":["Sword Boomerang","Combust","Armaments"],"picked":"SKIP","floor":18.0},{"not_picked":["Seeing Red+1","Sword Boomerang","Reckless Charge"],"picked":"SKIP","floor":22.0},{"not_picked":["Thunderclap","Evolve"],"picked":"Exhume","floor":23.0},{"not_picked":["Iron Wave","Pommel Strike","Anger"],"picked":"SKIP","floor":25.0},{"not_picked":["Sever Soul+1","Pommel Strike"],"picked":"Disarm","floor":27.0},{"not_picked":["Clothesline","Blood for Blood+1","Seeing Red"],"picked":"SKIP","floor":28.0},{"not_picked":["Entrench","Twin Strike","Fiend Fire"],"picked":"SKIP","floor":30.0},{"not_picked":["Thunderclap+1","Flex","Fire Breathing"],"picked":"SKIP","floor":31.0},{"not_picked":["Impervious","Immolate"],"picked":"Offering","floor":33.0},{"not_picked":["Rampage+1","Clothesline"],"picked":"Feel No Pain","floor":35},{"not_picked":["Conclude","Skim+1"],"picked":"CutThroughFate+1","floor":40},{"not_picked":["Leap+1","Twin Strike+1"],"picked":"TalkToTheHand","floor":42},{"not_picked":["Cloak And Dagger","Clothesline+1","Outmaneuver+1"],"picked":"SKIP","floor":44},{"not_picked":["Leap","White Noise","Sweeping Beam"],"picked":"SKIP","floor":45},{"not_picked":["Sever Soul","Backflip+1"],"picked":"Study","floor":46},{"not_picked":["Thunderclap","Dropkick+1","Perfected Strike"],"picked":"SKIP","floor":47},{"not_picked":["Shockwave+1","Turbo+1"],"picked":"Reprogram+1","floor":48},{"not_picked":["Beam Cell","JustLucky+1","Multi-Cast"],"picked":"SKIP","floor":54}],"player_experience":386370,"relics_obtained":[{"floor":6.0,"key":"Darkstone Periapt"},{"floor":8.0,"key":"Whetstone"},{"floor":9.0,"key":"Strawberry"},{"floor":13.0,"key":"Red Skull"},{"floor":23.0,"key":"Omamori"},{"floor":26.0,"key":"Anchor"},{"floor":27.0,"key":"Mango"},{"floor":27.0,"key":"HornCleat"},{"floor":28.0,"key":"Blood Vial"},{"floor":29.0,"key":"Red Mask"},{"floor":40,"key":"Orichalcum"},{"floor":42,"key":"FossilizedHelix"},{"floor":44,"key":"MawBank"},{"floor":49,"key":"Bottled Flame"},{"floor":52,"key":"Shuriken"},{"floor":54,"key":"Boot"}],"event_choices":[{"damage_healed":0.0,"max_hp_gain":0.0,"max_hp_loss":0.0,"gold_gain":0.0,"event_name":"Living Wall","player_choice":"Grow","floor":3.0,"gold_loss":0.0,"damage_taken":0.0,"cards_upgraded":["Shockwave"]},{"damage_healed":0.0,"max_hp_gain":0.0,"max_hp_loss":0.0,"gold_gain":0.0,"event_name":"Accursed Blacksmith","player_choice":"Forge","floor":4.0,"gold_loss":0.0,"damage_taken":0.0,"cards_upgraded":["Bash"]},{"damage_healed":40.0,"max_hp_gain":0.0,"max_hp_loss":0.0,"gold_gain":0.0,"event_name":"Wheel of Change","player_choice":"Full Heal","floor":11.0,"gold_loss":0.0,"damage_taken":0.0},{"damage_healed":0.0,"max_hp_gain":0.0,"max_hp_loss":0.0,"gold_gain":0.0,"event_name":"Drug Dealer","player_choice":"Obtain J.A.X.","floor":19.0,"gold_loss":0.0,"damage_taken":0.0,"cards_obtained":["J.A.X."]},{"damage_healed":0.0,"max_hp_gain":0.0,"max_hp_loss":0.0,"gold_gain":99.0,"event_name":"betterThird:BetterNest","player_choice":"Steal","floor":20.0,"gold_loss":0.0,"damage_taken":0.0},{"damage_healed":0.0,"max_hp_gain":0.0,"max_hp_loss":0.0,"gold_gain":0.0,"event_name":"Colosseum","player_choice":"Fight","floor":27.0,"gold_loss":0.0,"damage_taken":0.0},{"damage_healed":0.0,"max_hp_gain":0.0,"max_hp_loss":0.0,"gold_gain":0.0,"event_name":"Colosseum","player_choice":"Fought Nobs","floor":27.0,"gold_loss":0.0,"damage_taken":0.0},{"damage_healed":0.0,"max_hp_gain":0.0,"max_hp_loss":0.0,"gold_gain":0.0,"event_name":"Masked Bandits","player_choice":"Fought Bandits","floor":29.0,"gold_loss":0.0,"damage_taken":0.0},{"damage_healed":0,"gold_gain":0,"player_choice":"Max HP","damage_taken":0,"max_hp_gain":0,"max_hp_loss":9,"event_name":"Winding Halls","floor":36,"gold_loss":0},{"cards_removed":["Strike_R"],"damage_healed":0,"gold_gain":0,"player_choice":"Removed Attack","damage_taken":0,"max_hp_gain":0,"max_hp_loss":0,"event_name":"Falling","floor":37,"gold_loss":0},{"damage_healed":0,"gold_gain":0,"player_choice":"Got Potions","damage_taken":0,"max_hp_gain":0,"max_hp_loss":0,"event_name":"Lab","floor":38,"gold_loss":0}],"is_beta":false,"boss_relics":[{"not_picked":["Empty Cage","Fusion Hammer"],"picked":"Runic Cube"},{"not_picked":["Mark of Pain","SlaversCollar"],"picked":"Philosopher\u0027s Stone"}],"items_purged_floors":[21,39,39],"is_endless":false,"potions_floor_spawned":[1,2,8,14,22,23,25,27,28,31,35,40,48,54],"ascension_level":9}}