{"host":"scy0o1xotfn36lpl","time":1609099100,"event":{"mods":["AchievementEnabler","Aspiration","BaseMod","Better Altar","Better Note","Better Sensory Stone","Better Skull","Better Third Choice","Colored Map","Curses Come First","Downfall","GifTheSpireLib","Googly Eyes","Highlight Path","Minty Spire (QoL Compilation)","Permanent Neow","Replay The Spire","Spicy Shops","StSLib","everything is the same but u backflip on backflip"],"gold_per_floor":[111,131,131,131,154,195,215,253,302,326,326,601,45,65,65,191,191,215,236,236,28,41,41,72,72,72,85,85,108,108,133,133,133,133],"floor_reached":33,"playtime":2690,"items_purged":["Regret","Clumsy"],"score":279,"play_id":"be5b041f-0374-444f-9315-0f991594b52f","local_time":"20201227115820","is_ascension_mode":false,"campfire_choices":[{"floor":11,"key":"REST"},{"floor":15,"key":"DIG"},{"data":"Electrodynamics","floor":23,"key":"SMITH"},{"data":"Chaos","floor":25,"key":"SMITH"},{"floor":30,"key":"REST"}],"circlet_count":0,"master_deck":["Strike_B","Strike_B","Strike_B","Strike_B","Defend_B","Defend_B","Defend_B","Zap","Dualcast","Sweeping Beam","Double Energy+1","Auto Shields+1","Chaos+1","Gash","Go for the Eyes","Beam Cell","Leap","Electrodynamics+1","Multi-Cast+1","Ball Lightning","Steam+1","Defragment+1","Ball Lightning+1","Gash","Tempest","Pain","Beam Cell"],"relics":["Cracked Core","Bloody Idol","Ornamental Fan","Happy Flower","Pen Nib","Toolbox","Guide Book","Bronze Scales","Golden Egg","Sozu","Geode","BargainBundle","White Beast Statue","Bottled Flame","WarpedTongs"],"acts_visited":["Exordium","TheCity"],"potions_floor_usage":[8,8,10],"damage_taken":[{"damage":3,"enemies":"Jaw Worm","floor":1,"turns":4},{"damage":1,"enemies":"Cultist","floor":2,"turns":3},{"damage":0,"enemies":"Small Slimes","floor":5,"turns":2},{"damage":24,"enemies":"Replay:BlueRogue","floor":6,"turns":5},{"damage":5,"enemies":"Looter","floor":7,"turns":3},{"damage":38,"enemies":"Lagavulin","floor":8,"turns":7},{"damage":3,"enemies":"Blue Slaver","floor":10,"turns":3},{"damage":0,"enemies":"2 Fungi Beasts","floor":14,"turns":3},{"damage":18,"enemies":"Fading Forest","floor":16,"turns":11},{"damage":5,"enemies":"Spheric Guardian","floor":18,"turns":4},{"damage":16,"enemies":"Shell Parasite","floor":19,"turns":6},{"damage":1,"enemies":"Shelled Parasite and Fungi","floor":22,"turns":3},{"damage":13,"enemies":"Book of Stabbing","floor":24,"turns":4},{"damage":5,"enemies":"3 Cultists","floor":27,"turns":3},{"damage":0,"enemies":"Cultist and Chosen","floor":29,"turns":3},{"damage":16,"enemies":"Centurion and Healer","floor":31,"turns":2},{"damage":40,"enemies":"Pondfish","floor":33,"turns":7}],"seed_played":"-4342261028393894893","potions_obtained":[{"floor":5,"key":"Dexterity Potion"},{"floor":6,"key":"Dexterity Potion"},{"floor":8,"key":"EssenceOfSteel"}],"is_trial":false,"path_per_floor":["M","M","?","?","M","E","M","E","T","M","R","?","$","M","R_BF","B",null,"M","M","?","$","M","R","E","R","T","M","?","M","R","M","R_BF","B"],"character_chosen":"DEFECT","items_purchased":["Toolbox","Guide Book","Bronze Scales","Leap","BargainBundle","Steam","Defragment","Ball Lightning"],"campfire_rested":2,"item_purchase_floors":[13,13,13,13,21,21,21,21],"current_hp_per_floor":[72,71,71,71,71,47,42,4,4,1,23,23,23,23,23,15,75,70,54,54,54,53,53,40,40,40,35,35,35,57,41,40,0,0],"gold":133,"neow_bonus":"REMOVE_CARD","is_daily":false,"chose_seed":false,"campfire_upgraded":2,"win_rate":0.0,"timestamp":1609099100,"path_taken":["M","M","?","?","?","E","M","E","T","?","R","?","$","M","R_BF","BOSS","M","?","?","$","M","R","E","R","T","M","?","M","R","M","R_BF","BOSS"],"items_purchased_type":["Relic","Relic","Relic","Card","Relic","Card","Card","Card"],"build_version":"2020-12-22","purchased_purges":2,"victory":false,"max_hp_per_floor":[75,75,75,75,75,75,75,75,75,75,75,75,75,75,75,75,75,75,75,75,75,75,75,75,75,75,75,75,75,75,75,75,75,75],"card_choices":[{"not_picked":["Hologram","Beam Cell"],"picked":"Sweeping Beam","floor":1},{"not_picked":["Genetic Algorithm","FIFO Queue"],"picked":"Double Energy","floor":2},{"not_picked":["ReplayGash","Compile Driver"],"picked":"Auto Shields","floor":5},{"not_picked":["Hologram","Stack"],"picked":"Chaos","floor":6},{"not_picked":["Sweeping Beam","Go for the Eyes"],"picked":"Gash","floor":7},{"not_picked":["ReplayTheSpireMod:Reroute Power","Aggregate"],"picked":"Go for the Eyes","floor":8},{"not_picked":["Redo","Force Field"],"picked":"Beam Cell","floor":10},{"not_picked":["Barrage","White Noise"],"picked":"Electrodynamics","floor":14},{"not_picked":["ReplayTheSpireMod:Omega Cannon","Rainbow"],"picked":"Multi-Cast","floor":16},{"not_picked":["ReplayTheSpireMod:GoodbyeWorld+1","Redo"],"picked":"Beam Cell","floor":18},{"not_picked":["Consume+1","Hologram+1"],"picked":"Ball Lightning","floor":19},{"not_picked":["ReplayTheSpireMod:Repulse","Go for the Eyes","Hologram"],"picked":"SKIP","floor":22},{"not_picked":["Steam Power","Sweeping Beam"],"picked":"Gash","floor":24},{"not_picked":["Panic Button","Reboot"],"picked":"Tempest","floor":27},{"not_picked":["Stack","Leap","Streamline"],"picked":"SKIP","floor":29},{"not_picked":["ReplayTheSpireMod:GoodbyeWorld","Hologram"],"picked":"Beam Cell","floor":31}],"player_experience":24669,"relics_obtained":[{"floor":6,"key":"Ornamental Fan"},{"floor":8,"key":"Happy Flower"},{"floor":9,"key":"Pen Nib"},{"floor":15,"key":"Golden Egg"},{"floor":24,"key":"White Beast Statue"},{"floor":26,"key":"Bottled Flame"}],"event_choices":[{"damage_healed":0,"gold_gain":0,"player_choice":"Take Wound","damage_taken":0,"relics_obtained":["Golden Idol"],"max_hp_gain":0,"max_hp_loss":0,"event_name":"Golden Idol","floor":3,"gold_loss":0,"cards_obtained":["Injury"]},{"cards_removed":["Injury"],"damage_healed":0,"gold_gain":0,"player_choice":"Card Removal","damage_taken":0,"max_hp_gain":0,"max_hp_loss":0,"event_name":"Wheel of Change","floor":4,"gold_loss":0},{"damage_healed":0,"gold_gain":275,"player_choice":"Desecrate","damage_taken":0,"max_hp_gain":0,"max_hp_loss":0,"event_name":"Golden Shrine","floor":12,"gold_loss":0,"cards_obtained":["Regret"]},{"cards_removed":["Beam Cell"],"damage_healed":0,"gold_gain":0,"player_choice":"Gave Card","damage_taken":0,"relics_obtained":["Geode"],"max_hp_gain":0,"max_hp_loss":0,"event_name":"WeMeetAgain","floor":20,"gold_loss":0},{"damage_healed":0,"gold_gain":0,"player_choice":"Rummage","damage_taken":0,"relics_obtained":["WarpedTongs"],"max_hp_gain":0,"max_hp_loss":0,"event_name":"Accursed Blacksmith","floor":28,"gold_loss":0,"cards_obtained":["Pain"]},{"damage_healed":0,"gold_gain":0,"player_choice":" GoldIdol ","damage_taken":1,"relics_obtained":["Bloody Idol"],"max_hp_gain":41,"max_hp_loss":40,"event_name":"betterAltar:BetterAltar","floor":32,"potions_obtained":[],"relics_lost":["Golden Idol"],"gold_loss":0}],"is_beta":false,"boss_relics":[{"not_picked":["Tiny House","aspiration:SilentSkillbook"],"picked":"Sozu"}],"items_purged_floors":[13,13],"is_endless":false,"potions_floor_spawned":[5,6,8,18,19,22,27,29,31],"killed_by":"Pondfish","ascension_level":0}}