{"host":"dcj2yvrgcvh5dl2s","time":1609070000,"event":{"mods":["BaseMod","Better Note","Block Reminder","Colored Powertips","DeckTracker","Minty Spire (QoL Compilation)","Quick Restart","Rare Cards Sparkle","Relic Stats","StSLib"],"gold_per_floor":[113,132,57,57,68,68,100,127,166,78,94,94,94],"floor_reached":12,"playtime":364,"items_purged":["Inflame"],"score":148,"play_id":"90bd80d0-dc2a-49a3-9925-db859a02fa97","local_time":"20201227215320","is_ascension_mode":true,"campfire_choices":[{"data":"Flex","floor":6,"key":"SMITH"}],"circlet_count":0,"master_deck":["AscendersBane","Strike_R","Strike_R","Strike_R","Strike_R","Defend_R","Defend_R","Defend_R","Defend_R","Bash","Flex+1","Shrug It Off","Shrug It Off","Flex"],"relics":["Burning Blood","NeowsBlessing","MawBank","Lantern"],"acts_visited":["Exordium"],"potions_floor_usage":[12],"damage_taken":[{"damage":0,"enemies":"Jaw Worm","floor":1,"turns":1},{"damage":0,"enemies":"Cultist","floor":2,"turns":1},{"damage":0,"enemies":"2 Louse","floor":5,"turns":1},{"damage":55,"enemies":"3 Sentries","floor":7,"turns":10},{"damage":9,"enemies":"2 Fungi Beasts","floor":8,"turns":4},{"damage":2,"enemies":"Exordium Wildlife","floor":11,"turns":6},{"damage":22,"enemies":"Gremlin Nob","floor":12,"turns":3}],"seed_played":"-2627480625334303961","potions_obtained":[{"floor":1,"key":"Dexterity Potion"},{"floor":2,"key":"LiquidBronze"}],"is_trial":false,"path_per_floor":["M","M","?","?","M","R","E","M","T","$","M","E"],"character_chosen":"IRONCLAD","items_purchased":["Shrug It Off"],"campfire_rested":0,"item_purchase_floors":[10],"current_hp_per_floor":[74,75,75,64,70,70,21,18,18,18,22,0,0],"gold":94,"neow_bonus":"THREE_ENEMY_KILL","is_daily":false,"chose_seed":false,"campfire_upgraded":1,"win_rate":0.0,"timestamp":1609070000,"path_taken":["M","M","?","?","M","R","E","?","T","$","M","E"],"items_purchased_type":["Card"],"build_version":"2020-12-22","purchased_purges":1,"victory":false,"max_hp_per_floor":[75,75,75,75,75,75,75,75,75,75,75,75,75],"relic_stats":{"counters":[7,26],"MawBank":36,"obtain_stats":[{"Lantern":9,"NeowsBlessing":0,"MawBank":7,"Burning Blood":0},{"Lantern":5,"NeowsBlessing":0,"MawBank":4,"Burning Blood":0},{"Lantern":17,"NeowsBlessing":0,"MawBank":13,"Burning Blood":0}],"Burning Blood":31},"card_choices":[{"not_picked":["Evolve","Armaments"],"picked":"Inflame","floor":1},{"not_picked":["Shrug It Off","Cleave"],"picked":"Flex","floor":2},{"not_picked":["Cleave","Ghostly Armor","Headbutt"],"picked":"SKIP","floor":5},{"not_picked":["Evolve","Battle Trance"],"picked":"Shrug It Off","floor":7},{"not_picked":["Clothesline","Twin Strike","Pommel Strike"],"picked":"SKIP","floor":8},{"not_picked":["Searing Blow","Wild Strike"],"picked":"Flex","floor":11}],"player_experience":2071082,"relics_obtained":[{"floor":7,"key":"MawBank"},{"floor":9,"key":"Lantern"}],"event_choices":[{"cards_removed":["Strike_R"],"damage_healed":0,"gold_gain":0,"player_choice":"Card Removal","damage_taken":0,"max_hp_gain":0,"max_hp_loss":0,"event_name":"The Cleric","floor":3,"gold_loss":75},{"damage_healed":0,"gold_gain":0,"player_choice":"Damaged","damage_taken":11,"max_hp_gain":0,"max_hp_loss":0,"event_name":"Wheel of Change","floor":4,"gold_loss":0}],"is_beta":false,"boss_relics":[],"items_purged_floors":[10],"is_endless":false,"potions_floor_spawned":[1,2],"killed_by":"Gremlin Nob","ascension_level":17}}