{"host":"q79spna8ofw6hj3r","time":1609039747,"event":{"mods":["Aspiration","Bard","BaseMod","Beaked The Cultist","Bestiary","Better Altar","Better Match","Better Note","Better Sensory Stone","Better Skull","Better Third Choice","Better Vampires","BetterRewards","Block Reminder","Challenge The Spire","Colored Map","Colored Powertips","Conspire","Custom Start","Energized Spire","Friendly Minions","Halation","Hubris","Infinite Spire","Jedi Mod","Mimic Mod","Minty Spire (QoL Compilation)","Permanent Neow","Quick Restart","Relic Filter","Relic Sorter","Replay The Spire","Shop Mod","StSLib","SuperFastMode","Synergy Search","The Cursed","The Hierophant","The Runesmith","slay the spire mod where everything is the same but ironclad has a cowboy hat","vexMod"],"gold_per_floor":[117,117,82,82,82,82,117,42,95,95,133,145,172,198,198,296,296,323,332,361,383,45,83,83,83,83,83,94,120,120,156,156,269,269,287,312,312,335,363,388,403,416,416,416,434,434,434,458,458,555,1221,1228,1303,1324,1249,1267,1267,1267,1267],"floor_reached":58,"playtime":2089,"items_purged":["Defend_R"],"score":823,"play_id":"218e1d9c-c658-4bf0-a4bb-ff3b03524d76","local_time":"20201227052907","is_ascension_mode":true,"campfire_choices":[{"data":"Bash","floor":6,"key":"SMITH"},{"data":"Replay:BasicMightCard","floor":10,"key":"SMITH"},{"floor":15,"key":"REST"},{"data":"jedi:bloodyhammer","floor":24,"key":"SMITH"},{"floor":32,"key":"REST"},{"floor":44,"key":"REST"},{"floor":46,"key":"REST"},{"data":"Cleave","floor":49,"key":"SMITH"},{"data":"Iron Wave","floor":57,"key":"SMITH"}],"circlet_count":0,"master_deck":["Strike_R","Strike_R+1","Strike_R","Strike_R","Bash+1","Perfected Strike+1","Replay:BasicMightCard+1","jedi:bloodyhammer+1","Armaments+1","ReplayTheSpireMod:Strike From Hell+1","Demon Form+1","Demon Form+1","Heavy Blade+1","Battle Trance+1","Carnage+1","Pommel Strike+1","Sword Boomerang+1","Limit Break+1","ReplayTheSpireMod:Limb From Limb+1","Heavy Blade+1","Pommel Strike+1","Cleave+1","Iron Wave+1","ReplayTheSpireMod:Strike From Hell"],"relics":["Burning Blood","halation:PinkSoulGem","hubris:DeckOfHolding","aspiration:Nostalgia","m_ChordRing","betterThird:SlimedRelic","CeramicFish","Centennial Puzzle","infinitespire:CheckeredPen","Bronze Scales","Replay:Grab Bag","beaked:SacredNecklace","conspire:RoyalGoblet","SlaversCollar","aspiration:PoetsPen_weak","hubris:64BitClover","Bottled Lightning","Replay:Drink Me","Magic Flower","energizedSpire:MagnifyingGlass","Nunchaku","hubris:PeanutButter","vexMod:RockOfEvil","infinitespire:Broken Mirror"],"acts_visited":["Exordium","TheCity","TheBeyond","Exordium"],"potions_floor_usage":[23,23,23,31,38,40,40,40,50,50],"damage_taken":[{"damage":1,"enemies":"Cultist","floor":1,"turns":3},{"damage":63,"enemies":"Lagavulin","floor":7,"turns":7},{"damage":0,"enemies":"Gremlin Nob","floor":11,"turns":2},{"damage":0,"enemies":"2 Louse","floor":12,"turns":2},{"damage":4,"enemies":"Small Slimes","floor":14,"turns":2},{"damage":24,"enemies":"The Guardian","floor":16,"turns":13},{"damage":15,"enemies":"Shell Parasite","floor":18,"turns":4},{"damage":7,"enemies":"Chosen","floor":20,"turns":2},{"damage":27,"enemies":"Centurion and Healer","floor":21,"turns":6},{"damage":38,"enemies":"Book of Stabbing","floor":23,"turns":5},{"damage":42,"enemies":"Shelled Parasite and Fungi","floor":28,"turns":4},{"damage":0,"enemies":"Snecko","floor":29,"turns":3},{"damage":22,"enemies":"conspire:Head Lice","floor":31,"turns":4},{"damage":19,"enemies":"Automaton","floor":33,"turns":5},{"damage":21,"enemies":"3 Shapes","floor":35,"turns":3},{"damage":7,"enemies":"Orb Walker","floor":36,"turns":2},{"damage":22,"enemies":"Jaw Worm Horde","floor":38,"turns":3},{"damage":0,"enemies":"Transient","floor":39,"turns":5},{"damage":54,"enemies":"Nightmare","floor":40,"turns":5},{"damage":27,"enemies":"Spire Growth","floor":41,"turns":4},{"damage":38,"enemies":"4 Shapes","floor":42,"turns":3},{"damage":5,"enemies":"Maw","floor":45,"turns":4},{"damage":2,"enemies":"Sphere and 2 Shapes","floor":48,"turns":2},{"damage":23,"enemies":"Replay:Hell Engine","floor":50,"turns":4},{"damage":0,"enemies":"2 Louse","floor":52,"turns":2},{"damage":0,"enemies":"Jaw Worm","floor":54,"turns":1},{"damage":0,"enemies":"Cultist","floor":56,"turns":2}],"seed_played":"-1957220568680059251","potions_obtained":[{"floor":7,"key":"Dexterity Potion"},{"floor":11,"key":"jedi:tentaclejuice"},{"floor":16,"key":"BloodPotion"},{"floor":20,"key":"Adrenaline Potion"},{"floor":21,"key":"BloodPotion"},{"floor":23,"key":"Swift Potion"},{"floor":29,"key":"BloodPotion"},{"floor":33,"key":"BloodPotion"},{"floor":36,"key":"FearPotion"},{"floor":39,"key":"Block Potion"},{"floor":41,"key":"Energy Potion"},{"floor":48,"key":"Block Potion"},{"floor":52,"key":"Elixir"},{"floor":56,"key":"Explosive Potion"}],"is_trial":false,"path_per_floor":["M","?","?","?","?","R","E","$","T","R","E","M","T","M","R","B",null,"M","?","M","M","$","E","R","?","T","AVR","M","M","$","E","R","B",null,"M","M","?","M","M","NM","M","M","T","R","M","R","?","M","R","B",null,"M","?","M","?","M","R","?"],"character_chosen":"IRONCLAD","items_purchased":["Replay:BasicMightCard","Battle Trance","hubris:64BitClover"],"campfire_rested":4,"item_purchase_floors":[8,22,22],"current_hp_per_floor":[80,80,69,69,69,69,12,12,12,12,18,24,24,26,50,32,68,59,59,58,37,37,37,37,37,37,37,21,27,27,23,41,31,53,41,43,43,48,57,60,42,13,13,31,35,53,53,60,60,60,60,60,54,60,60,60,60,0,0],"gold":1267,"neow_bonus":"NOSTALGIA","is_daily":false,"chose_seed":false,"campfire_upgraded":5,"win_rate":0.0,"timestamp":1609039747,"path_taken":["M","?","?","?","?","R","E","$","T","R","E","M","?","?","R","BOSS","M","?","?","M","$","E","R","?","T","AVR","M","M","?","E","R","BOSS","M","M","?","M","?","NM","M","M","T","R","M","R","?","M","R","BOSS","M","?","?","?","?","R","?"],"items_purchased_type":["Card","Card","Relic"],"build_version":"2020-12-22","purchased_purges":1,"victory":false,"max_hp_per_floor":[80,80,80,80,80,80,80,80,80,80,80,80,80,80,80,80,80,80,80,80,80,80,80,80,80,80,60,60,60,60,60,60,60,60,60,60,60,60,60,60,60,60,60,60,60,60,60,60,60,60,60,60,60,60,60,60,60,60,60],"card_choices":[{"not_picked":["bard:ViciousMockery","ReplayTheSpireMod:Stacked","ReplayTheSpireMod:Limb From Limb"],"picked":"SKIP","floor":1},{"not_picked":["Replay:Undeath\u0027s Touch","Defy Death","Body Slam"],"picked":"SKIP","floor":7},{"not_picked":["jedi:fear","bard:ViciousMockery"],"picked":"jedi:bloodyhammer","floor":11},{"not_picked":["Burning Pact","conspire:Charge","Body Slam"],"picked":"SKIP","floor":12},{"not_picked":["Life Link","bard:StudiedStrike"],"picked":"Armaments","floor":14},{"not_picked":["Anger","Body Slam"],"picked":"ReplayTheSpireMod:Strike From Hell","floor":18},{"not_picked":["Run Through","Sever Soul"],"picked":"Demon Form","floor":20},{"not_picked":["Fire Breathing+1","True Grit"],"picked":"Heavy Blade","floor":21},{"not_picked":["ReplayTheSpireMod:Muscle Training","Disarm"],"picked":"Carnage+1","floor":23},{"not_picked":["jedi:suffering","Power Through","ReplayTheSpireMod:Corrosion Curse"],"picked":"SKIP","floor":28},{"not_picked":["Headbutt","Clothesline+1"],"picked":"Pommel Strike","floor":29},{"not_picked":["Rampage+1","Bloodletting"],"picked":"Sword Boomerang","floor":31},{"not_picked":["conspire:HitWhereItHurts","Replay:Many Hands"],"picked":"Limit Break","floor":33},{"not_picked":["Body Slam","Havoc","Headbutt+1"],"picked":"SKIP","floor":35},{"not_picked":["Clothesline+1","Headbutt+1"],"picked":"ReplayTheSpireMod:Limb From Limb+1","floor":36},{"not_picked":["Sword Boomerang","ReplayTheSpireMod:Stacked+1"],"picked":"Heavy Blade+1","floor":38},{"not_picked":["Anger+1","jedi:fear+1"],"picked":"Pommel Strike","floor":39},{"not_picked":["Immolate","jedi:collectorstrike+1","True Grit"],"picked":"SKIP","floor":40},{"not_picked":["Havoc","ReplayTheSpireMod:Corrosion Curse+1","jedi:fear"],"picked":"SKIP","floor":41},{"not_picked":["Dropkick","Heavy Blade+1","Power Through"],"picked":"SKIP","floor":42},{"not_picked":["jedi:fear+1","Ghostly Armor+1","Disarm+1"],"picked":"SKIP","floor":45},{"not_picked":["Iron Wave+1","hubris:SharpeningStone"],"picked":"Cleave","floor":48},{"not_picked":["conspire:ExplosiveBarrier","Dual Wield","Havoc"],"picked":"SKIP","floor":52},{"not_picked":["Combust","ReplayTheSpireMod:Strike From Hell"],"picked":"Iron Wave","floor":54},{"not_picked":["Clash","Anger"],"picked":"ReplayTheSpireMod:Strike From Hell","floor":56}],"player_experience":177850,"relics_obtained":[{"floor":7,"key":"CeramicFish"},{"floor":9,"key":"Centennial Puzzle"},{"floor":11,"key":"infinitespire:CheckeredPen"},{"floor":13,"key":"Bronze Scales"},{"floor":23,"key":"Bottled Lightning"},{"floor":26,"key":"hubris:DeckOfHolding"},{"floor":31,"key":"Magic Flower"},{"floor":39,"key":"Nunchaku"},{"floor":40,"key":"hubris:PeanutButter"},{"floor":54,"key":"infinitespire:Broken Mirror"}],"event_choices":[{"damage_healed":0,"gold_gain":0,"player_choice":"Slimed","damage_taken":11,"max_hp_gain":0,"max_hp_loss":0,"event_name":"betterThird:BetterGoop","floor":3,"gold_loss":35},{"damage_healed":0,"gold_gain":0,"player_choice":"Grow","damage_taken":0,"max_hp_gain":0,"max_hp_loss":0,"event_name":"Living Wall","floor":5,"gold_loss":0,"cards_upgraded":["Perfected Strike"]},{"damage_healed":0,"gold_gain":0,"player_choice":"Read","damage_taken":0,"max_hp_gain":0,"max_hp_loss":0,"event_name":"The Library","floor":19,"gold_loss":0,"cards_obtained":["Demon Form"]},{"damage_healed":0,"gold_gain":0,"player_choice":"Bought 0 Potions","damage_taken":0,"max_hp_gain":0,"max_hp_loss":0,"event_name":"The Woman in Blue","floor":37,"gold_loss":0},{"damage_healed":0,"gold_gain":75,"player_choice":"Touch","damage_taken":6,"max_hp_gain":0,"max_hp_loss":0,"event_name":"FaceTrader","floor":53,"gold_loss":0},{"damage_healed":0,"gold_gain":0,"player_choice":"3","damage_taken":0,"max_hp_gain":0,"max_hp_loss":0,"event_name":"betterMatch:BetterMatch","floor":55,"gold_loss":0,"cards_obtained":[]}],"is_beta":false,"boss_relics":[{"not_picked":["ReplayTheSpireMod:SealedPack","halation:SmartPhone"],"picked":"Replay:Grab Bag"},{"not_picked":["Ectoplasm","jedi:hotpepper"],"picked":"beaked:SacredNecklace"},{"not_picked":["hubris:CrackedHourglass","conspire:SlowCooker"],"picked":"conspire:RoyalGoblet"},{"not_picked":["Pandora\u0027s Box","halation:MonkeysPaw"],"picked":"SlaversCollar"},{"not_picked":["aspiration:RunicSpoon","Snecko Eye"],"picked":"aspiration:PoetsPen_weak"},{"not_picked":["energizedSpire:StickyHand","Ring of Chaos"],"picked":"energizedSpire:MagnifyingGlass"},{"not_picked":["energizedSpire:EnergizedDie","hubris:TerracottaHorce"],"picked":"vexMod:RockOfEvil"}],"items_purged_floors":[27],"is_endless":true,"potions_floor_spawned":[7,11,16,20,21,23,29,33,36,39,41,48,52,56],"ascension_level":5}}