{"host":"baymyijz6sxaqj5s","time":1609064201,"event":{"mods":["AchievementEnabler","BaseMod","Colored Map","Colored Powertips","DeckTracker","KOR Keyword Fix","Keyboard Shortcuts","Minty Spire (QoL Compilation)","Quick Restart","StSLib","SuperFastMode"],"gold_per_floor":[115,65,65,82,82,82,102,102,102,116,116,132,132,150,150,252,252,262,32,45,45,45],"floor_reached":21,"playtime":437,"items_purged":[],"score":188,"play_id":"23e8aed8-4937-4c44-ac36-9fa6e8a77927","local_time":"20201227191641","is_ascension_mode":true,"campfire_choices":[{"data":"Ghostly Armor","floor":6,"key":"SMITH"},{"data":"Cleave","floor":8,"key":"SMITH"},{"data":"Sword Boomerang","floor":11,"key":"SMITH"},{"data":"Bash","floor":15,"key":"SMITH"}],"circlet_count":0,"master_deck":["Strike_R","Strike_R","Strike_R","Strike_R","Defend_R","Defend_R","Defend_R","Defend_R","Bash+1","Ghostly Armor+1","Cleave+1","Sword Boomerang+1","Heavy Blade+1","Demon Form","Armaments","Inflame","Body Slam"],"relics":["Burning Blood","Gremlin Horn","SacredBark","Vajra"],"acts_visited":["Exordium","TheCity"],"potions_floor_usage":[14,16,16,20,20],"damage_taken":[{"damage":3,"enemies":"2 Louse","floor":1,"turns":4},{"damage":7,"enemies":"Small Slimes","floor":4,"turns":5},{"damage":0,"enemies":"Jaw Worm","floor":7,"turns":4},{"damage":5,"enemies":"2 Fungi Beasts","floor":10,"turns":4},{"damage":1,"enemies":"Looter","floor":12,"turns":3},{"damage":29,"enemies":"Exordium Wildlife","floor":14,"turns":7},{"damage":47,"enemies":"Hexaghost","floor":16,"turns":9},{"damage":46,"enemies":"3 Byrds","floor":18,"turns":6},{"damage":39,"enemies":"2 Thieves","floor":20,"turns":4},{"damage":24,"enemies":"Snecko","floor":21,"turns":4}],"seed_played":"-9143673063416276436","potions_obtained":[{"floor":1,"key":"Weak Potion"},{"floor":4,"key":"Regen Potion"},{"floor":7,"key":"Strength Potion"},{"floor":14,"key":"ColorlessPotion"},{"floor":18,"key":"PowerPotion"}],"is_trial":false,"path_per_floor":["M","?","?","M","?","R","M","R","T","M","R","M","?","M","R","B",null,"M","$","M","M"],"character_chosen":"IRONCLAD","items_purchased":["Vajra","Inflame"],"campfire_rested":0,"item_purchase_floors":[19,19],"current_hp_per_floor":[88,88,93,92,92,92,93,93,93,93,93,93,93,85,85,44,93,53,53,20,0,0],"gold":45,"neow_bonus":"TEN_PERCENT_HP_BONUS","is_daily":false,"chose_seed":false,"campfire_upgraded":4,"win_rate":0.0,"timestamp":1609064201,"path_taken":["M","?","?","?","?","R","M","R","T","M","R","M","?","M","R","BOSS","M","$","M","M"],"items_purchased_type":["Relic","Card"],"build_version":"2020-12-22","purchased_purges":0,"victory":false,"max_hp_per_floor":[88,88,93,93,93,93,93,93,93,93,93,93,93,93,93,93,93,93,93,93,93,93],"card_choices":[{"not_picked":["Iron Wave","Wild Strike"],"picked":"Ghostly Armor","floor":1},{"not_picked":["Iron Wave","Clash","Perfected Strike"],"picked":"SKIP","floor":4},{"not_picked":["Sentinel","Pommel Strike"],"picked":"Cleave","floor":7},{"not_picked":["Twin Strike","Perfected Strike"],"picked":"Sword Boomerang","floor":10},{"not_picked":["Disarm","Flex"],"picked":"Heavy Blade","floor":12},{"not_picked":["Sentinel","Headbutt","Pommel Strike"],"picked":"SKIP","floor":14},{"not_picked":["Exhume","Impervious"],"picked":"Demon Form","floor":16},{"not_picked":["Anger","Burning Pact"],"picked":"Armaments","floor":18},{"not_picked":["True Grit","Sword Boomerang"],"picked":"Body Slam","floor":20}],"player_experience":262735,"relics_obtained":[{"floor":9,"key":"Gremlin Horn"}],"event_choices":[{"cards_removed":["Strike_R"],"damage_healed":0,"gold_gain":0,"player_choice":"Card Removal","damage_taken":0,"max_hp_gain":0,"max_hp_loss":0,"event_name":"The Cleric","floor":2,"gold_loss":50},{"damage_healed":0,"gold_gain":0,"player_choice":"Donut","damage_taken":0,"max_hp_gain":5,"max_hp_loss":0,"event_name":"Big Fish","floor":3,"gold_loss":0},{"damage_healed":0,"gold_gain":0,"player_choice":"Ignored","damage_taken":0,"max_hp_gain":0,"max_hp_loss":0,"event_name":"Golden Idol","floor":5,"gold_loss":0},{"damage_healed":0,"gold_gain":0,"player_choice":"Grow","damage_taken":0,"max_hp_gain":0,"max_hp_loss":0,"event_name":"Living Wall","floor":13,"gold_loss":0,"cards_upgraded":["Heavy Blade"]}],"is_beta":false,"boss_relics":[{"not_picked":["Coffee Dripper","Astrolabe"],"picked":"SacredBark"}],"items_purged_floors":[],"is_endless":false,"potions_floor_spawned":[1,4,7,14,18],"killed_by":"Snecko","ascension_level":2}}