{"host":"wfkvcf4y4vkrpwe0","time":1609097818,"event":{"mods":["BaseMod","Downfall","Minty Spire (QoL Compilation)","Replay The Spire","StSLib","The Construct","The Cursed","The Disciple","The Necromancer"],"gold_per_floor":[110,121,121,48,48,48,48,48,48,66,66,90,118,130,156,194,206,218,218],"floor_reached":18,"playtime":373,"items_purged":[],"score":112,"play_id":"68a7a1b7-ac32-46cd-97e9-935526c5107c","local_time":"20201227193658","is_ascension_mode":false,"campfire_choices":[{"data":"Summon_Undead_Army","floor":6,"key":"SMITH"},{"floor":17,"key":"REST"}],"circlet_count":0,"master_deck":["Strike_W","Strike_W","Strike_W","Strike_W","Defend_W","Defend_W","Defend_W","Defend_W","Negative_Energy_Arrows","Bone_Wall","Bone_Shift","Death_March_Dance","Summon_Undead_Army+1","Corrupt","Grasp_Heart","Finger_Of_Death"],"relics":["Vampire_Amulet","NeowsBlessing","MawBank","FaceOfCleric","Replay:Bottled Flurry"],"acts_visited":["Exordium"],"potions_floor_usage":[16],"damage_taken":[{"damage":0,"enemies":"Cultist","floor":1,"turns":1},{"damage":0,"enemies":"2 Louse","floor":2,"turns":2},{"damage":0,"enemies":"Jaw Worm","floor":10,"turns":1},{"damage":15,"enemies":"Blue Slaver","floor":12,"turns":3},{"damage":17,"enemies":"Large Slime","floor":13,"turns":5},{"damage":13,"enemies":"Red Slaver","floor":15,"turns":2},{"damage":39,"enemies":"3 Sentries","floor":16,"turns":7},{"damage":34,"enemies":"Slime Boss","floor":18,"turns":3}],"seed_played":"-9035647468863896877","potions_obtained":[{"floor":2,"key":"DistilledChaos"}],"is_trial":false,"path_per_floor":["M","M","?","$","$","R","T","PTL","PTL","M","T","M","M","?","M","E","R","B"],"character_chosen":"NECROMANCER","items_purchased":["Summon_Undead_Army"],"campfire_rested":1,"item_purchase_floors":[4],"current_hp_per_floor":[75,75,75,75,75,75,75,75,75,75,75,62,49,49,39,7,30,0,0],"gold":218,"neow_bonus":"THREE_ENEMY_KILL","is_daily":false,"chose_seed":false,"campfire_upgraded":1,"win_rate":0.0,"timestamp":1609097818,"path_taken":["M","?","?","?","$","R","?","PTL","PTL","M","T","M","?","?","?","E","R","BOSS"],"items_purchased_type":["Card"],"build_version":"2020-12-22","purchased_purges":0,"victory":false,"max_hp_per_floor":[75,75,75,75,75,75,75,75,75,75,75,75,75,75,76,77,77,77,77],"card_choices":[{"not_picked":["Blood_Curse","Negative_Energy_Javelin"],"picked":"Bone_Shift","floor":1},{"not_picked":["Necrotic_Claws","Death_Coil"],"picked":"Death_March_Dance","floor":2},{"not_picked":["Negative_Energy_Sphere","Death_Coil"],"picked":"Corrupt","floor":10},{"not_picked":["Consume_Illness","Blood_Curse","Vampiric_Strike"],"picked":"SKIP","floor":12},{"not_picked":["Consume_Illness","Toxic_Smoke_Screen"],"picked":"Grasp_Heart","floor":13},{"not_picked":["Blood_Whip","Plague_Bolt","Necrotic_Claws"],"picked":"SKIP","floor":15},{"not_picked":["Pandemic","Thousand_Bone_Knives"],"picked":"Finger_Of_Death","floor":16}],"player_experience":548773,"relics_obtained":[{"floor":11,"key":"MawBank"},{"floor":16,"key":"Replay:Bottled Flurry"}],"event_choices":[{"damage_healed":0,"gold_gain":0,"player_choice":"Full Heal","damage_taken":0,"max_hp_gain":0,"max_hp_loss":0,"event_name":"Wheel of Change","floor":3,"gold_loss":0},{"damage_healed":0,"gold_gain":0,"player_choice":"Trade","damage_taken":0,"relics_obtained":["FaceOfCleric"],"max_hp_gain":0,"max_hp_loss":0,"event_name":"FaceTrader","floor":14,"gold_loss":0}],"is_beta":false,"boss_relics":[],"items_purged_floors":[],"is_endless":false,"potions_floor_spawned":[2],"killed_by":"Slime Boss","ascension_level":0}}