{"host":"07bh1hsegidpcsuh","time":1609030354,"event":{"mods":["BaseMod","Downfall","Googly Eyes","Minty Spire (QoL Compilation)","Quick Restart","StSLib","everything is the same but u backflip on backflip"],"gold_per_floor":[99,99,159,159,159,185,209,49,62,72,72,88,13,13,33,135,135,60,60,77,62,62,62,88,13,25,37,55,5,17,37,53,156,156,156,173,187,237,251,251,326,326,342,362,374,384,384,384,402,402],"floor_reached":51,"playtime":2292,"items_purged":[],"score":683,"play_id":"a58bcd93-97b0-4092-b802-e0938bcadd51","local_time":"20201226195234","is_ascension_mode":true,"campfire_choices":[{"floor":1.0,"key":"RECALL"},{"data":"Apotheosis","floor":11.0,"key":"SMITH"},{"data":"hexamod:RainOfEmbers","floor":13.0,"key":"SMITH"},{"data":"hexamod:VolcanoVisage","floor":18.0,"key":"SMITH"},{"data":"hexamod:ExtraCrispy","floor":25.0,"key":"SMITH"},{"data":"hexamod:PhantomCloak","floor":35,"key":"SMITH"},{"floor":42,"key":"REST"},{"floor":47,"key":"REST"}],"circlet_count":0,"master_deck":["hexamod:Strike","hexamod:Strike","hexamod:Strike","hexamod:Strike","hexamod:Defend","hexamod:Defend","hexamod:Defend","hexamod:Defend","hexamod:Sear","hexamod:Float","hexamod:PhantomFireball","hexamod:RainOfEmbers+1","hexamod:BurningTouch","hexamod:HeatMetal","Apotheosis+1","hexamod:SoulSteal","hexamod:ThermalTransfer+1","hexamod:HeatCrush","hexamod:VolcanoVisage+1","hexamod:PhantomCloak+1","hexamod:Hexaguard","hexamod:StepThrough","hexamod:ExtraCrispy+1","hexamod:EtherealExpedition","hexamod:BurningTouch+1"],"relics":["hexamod:SpiritBrand","downfall:HeartsMalice","Vajra","The Courier","downfall:HeartBlessingBlue","Runic Pyramid","downfall:HeartBlessingGreen","Bag of Marbles","downfall:HeartBlessingRed","Philosopher\u0027s Stone","Regal Pillow","Bottled Lightning"],"acts_visited":["Exordium","TheCity","TheBeyond"],"potions_floor_usage":[44,50,50],"damage_taken":[{"damage":0.0,"enemies":"2 Louse","floor":2.0,"turns":1.0},{"damage":0.0,"enemies":"Lagavulin Event","floor":3.0,"turns":1.0},{"damage":0.0,"enemies":"Small Slimes","floor":5.0,"turns":1.0},{"damage":33.0,"enemies":"3 Sentries","floor":6.0,"turns":6.0},{"damage":0.0,"enemies":"downfall:FleeingMerchant","floor":8.0,"turns":4.0},{"damage":3.0,"enemies":"Jaw Worm","floor":9.0,"turns":3.0},{"damage":2.0,"enemies":"Red Slaver","floor":10.0,"turns":3.0},{"damage":1.0,"enemies":"Blue Slaver","floor":12.0,"turns":3.0},{"damage":3.0,"enemies":"Exordium Wildlife","floor":15.0,"turns":4.0},{"damage":23.0,"enemies":"downfall:Ironclad","floor":16.0,"turns":6.0},{"damage":0.0,"enemies":"Chosen","floor":19.0,"turns":1.0},{"damage":0.0,"enemies":"Shell Parasite","floor":20.0,"turns":5.0},{"damage":0.0,"enemies":"downfall:FleeingMerchant","floor":21.0,"turns":4.0},{"damage":5.0,"enemies":"Chosen and Byrds","floor":26.0,"turns":5.0},{"damage":0.0,"enemies":"3 Cultists","floor":27.0,"turns":3.0},{"damage":5.0,"enemies":"Snake Plant","floor":28.0,"turns":4.0},{"damage":8.0,"enemies":"Chosen and Byrds","floor":30.0,"turns":5.0},{"damage":0.0,"enemies":"Snecko","floor":31.0,"turns":3.0},{"damage":1.0,"enemies":"3 Cultists","floor":32.0,"turns":3.0},{"damage":38.0,"enemies":"downfall:Defect","floor":33.0,"turns":9.0},{"damage":5,"enemies":"Orb Walker","floor":36,"turns":3},{"damage":9,"enemies":"3 Shapes","floor":37,"turns":5},{"damage":10,"enemies":"Writhing Mass","floor":39,"turns":4},{"damage":3,"enemies":"Maw","floor":43,"turns":6},{"damage":4,"enemies":"3 Darklings","floor":44,"turns":6},{"damage":22,"enemies":"Jaw Worm Horde","floor":45,"turns":4},{"damage":0,"enemies":"Maw","floor":46,"turns":6},{"damage":33,"enemies":"3 Darklings","floor":49,"turns":4},{"damage":21,"enemies":"downfall:Watcher","floor":50,"turns":7}],"seed_played":"6030028972949077225","potions_obtained":[{"floor":3.0,"key":"BlessingOfTheForge"},{"floor":9.0,"key":"AttackPotion"},{"floor":10.0,"key":"FearPotion"},{"floor":16.0,"key":"sneckomod:MuddlingPotion"},{"floor":28.0,"key":"Fire Potion"},{"floor":30.0,"key":"Dexterity Potion"},{"floor":33,"key":"Ancient Potion"},{"floor":44,"key":"champ:CounterPotion"},{"floor":49,"key":"PowerPotion"}],"is_trial":false,"path_per_floor":["R","M","?","?","M","E","T","$","M","M","R","M","R","?","M","B",null,"R","M","M","$","?","?","T","R","M","M","M","?","M","M","M","B",null,"R","M","M","?","M","?","T","R","M","M","M","M","R","?","M","B",null],"character_chosen":"THE_SPIRIT","items_purchased":["Apotheosis"],"campfire_rested":2,"item_purchase_floors":[8],"current_hp_per_floor":[70,70,70,70,70,37,37,37,34,32,32,31,41,41,38,15,80,80,80,80,80,80,68,68,68,63,63,58,80,72,72,71,33,80,80,75,66,66,56,56,56,77,74,70,48,48,77,77,44,23],"gold":402,"neow_bonus":"THREE_ENEMY_KILL","is_daily":false,"chose_seed":false,"campfire_upgraded":5,"win_rate":0.0,"timestamp":1609030354,"path_taken":["R","M","?","?","M","E","T","$","M","M","R","M","R","?","M","BOSS","R","M","M","$","?","?","T","R","M","M","?","?","M","M","M","BOSS","BOSS","R","M","M","?","M","?","T","R","M","?","M","M","R","?","M","BOSS"],"items_purchased_type":["Card"],"build_version":"2020-12-22","purchased_purges":0,"victory":true,"max_hp_per_floor":[70,70,70,70,70,70,70,70,70,70,70,70,80,80,80,80,80,80,80,80,80,80,80,80,80,80,80,80,80,80,80,80,80,80,80,80,80,80,80,77,77,77,77,77,77,77,77,77,77,77],"card_choices":[{"not_picked":["hexamod:AdvancingGuard","hexamod:FourthSeal"],"picked":"hexamod:PhantomFireball","floor":2.0},{"not_picked":["hexamod:RetreatToShadows","hexamod:SecondSeal"],"picked":"hexamod:RainOfEmbers","floor":3.0},{"not_picked":["hexamod:ShieldOfDarkness","hexamod:ChargedBarrage"],"picked":"hexamod:BurningTouch","floor":5.0},{"not_picked":["hexamod:Firestarter","hexamod:ChargedBarrage"],"picked":"hexamod:HeatMetal","floor":6.0},{"not_picked":["hexamod:NightmareStrike","hexamod:GhostLash","hexamod:DynamicBlow"],"picked":"SKIP","floor":8.0},{"not_picked":["hexamod:FastForward","hexamod:GhostflameInferno"],"picked":"hexamod:SoulSteal","floor":9.0},{"not_picked":["hexamod:GhostOfSpireFuture","hexamod:BacktrackSmack","hexamod:RainOfEmbers"],"picked":"SKIP","floor":10.0},{"not_picked":["hexamod:Again","hexamod:PhantomFireball"],"picked":"hexamod:ThermalTransfer","floor":12.0},{"not_picked":["hexamod:FastForward","hexamod:SecondSeal"],"picked":"hexamod:HeatCrush","floor":15.0},{"not_picked":["hexamod:ApocalypticArmor","hexamod:UnlimitedPower"],"picked":"hexamod:VolcanoVisage","floor":16.0},{"not_picked":["hexamod:GhostOfSpireFuture","hexamod:NightmareStrike"],"picked":"hexamod:PhantomCloak","floor":19.0},{"not_picked":["hexamod:HauntingEcho","hexamod:NightmareGuise"],"picked":"hexamod:Hexaguard","floor":20.0},{"not_picked":["hexamod:Firestarter","hexamod:AdvancingGuard"],"picked":"hexamod:StepThrough","floor":21.0},{"not_picked":["hexamod:Firestarter","hexamod:BacktrackSmack","hexamod:SpectersWail+1"],"picked":"SKIP","floor":26.0},{"not_picked":["hexamod:ShieldOfDarkness+1","hexamod:Haunt+1"],"picked":"hexamod:EtherealExpedition","floor":27.0},{"not_picked":["hexamod:HauntingEcho","hexamod:DynamicBlow","hexamod:FastForward"],"picked":"SKIP","floor":28.0},{"not_picked":["hexamod:CrushingStance","hexamod:HauntingEcho+1","hexamod:SpectralAdrenaline"],"picked":"SKIP","floor":30.0},{"not_picked":["hexamod:BacktrackSmack","hexamod:Hexaguard","hexamod:ThirdSeal"],"picked":"SKIP","floor":31.0},{"not_picked":["hexamod:InspiringFlames","hexamod:Firestarter+1","hexamod:ThirdSeal"],"picked":"SKIP","floor":32.0},{"not_picked":["hexamod:ShieldOfDarkness","hexamod:GhostLash+1","hexamod:Hexaguard+1"],"picked":"SKIP","floor":36},{"not_picked":["hexamod:RetreatToShadows","hexamod:BacktrackSmack","hexamod:RainOfEmbers+1"],"picked":"SKIP","floor":37},{"not_picked":["hexamod:Rewind","hexamod:FastForward","hexamod:BurningTouch"],"picked":"SKIP","floor":39},{"not_picked":["hexamod:GhostOfSpireFuture","hexamod:GhostShield","hexamod:NightmareGuise"],"picked":"SKIP","floor":43},{"not_picked":["hexamod:Rewind","hexamod:FastForward","hexamod:FifthSeal"],"picked":"SKIP","floor":44},{"not_picked":["hexamod:ThirdSeal","hexamod:RadiantFlame","hexamod:RainOfEmbers+1"],"picked":"SKIP","floor":45},{"not_picked":["hexamod:Firestarter","hexamod:SkipABeat","hexamod:HeatCrush+1"],"picked":"SKIP","floor":46},{"not_picked":["hexamod:SpectersWail","hexamod:SwordOfDarkness+1"],"picked":"hexamod:BurningTouch+1","floor":49}],"player_experience":1470108,"relics_obtained":[{"floor":3.0,"key":"Vajra"},{"floor":6.0,"key":"The Courier"},{"floor":24.0,"key":"Bag of Marbles"},{"floor":38,"key":"Regal Pillow"},{"floor":41,"key":"Bottled Lightning"}],"event_choices":[{"damage_healed":0.0,"max_hp_gain":0.0,"max_hp_loss":0.0,"gold_gain":0.0,"event_name":"Living Wall","player_choice":"Grow","floor":14.0,"gold_loss":0.0,"damage_taken":0.0,"cards_upgraded":["hexamod:ThermalTransfer"]},{"damage_healed":0.0,"max_hp_gain":0.0,"max_hp_loss":0.0,"gold_gain":0.0,"event_name":"The Library","player_choice":"Read","floor":22.0,"gold_loss":0.0,"damage_taken":0.0,"cards_obtained":["hexamod:ExtraCrispy"]},{"cards_removed":["Parasite"],"damage_healed":0,"gold_gain":0,"player_choice":"Purged","damage_taken":0,"max_hp_gain":0,"max_hp_loss":0,"event_name":"Purifier","floor":40,"gold_loss":0},{"damage_healed":0,"gold_gain":0,"player_choice":"Ignored","damage_taken":0,"max_hp_gain":0,"max_hp_loss":0,"event_name":"Mysterious Sphere","floor":48,"gold_loss":0}],"is_beta":false,"boss_relics":[{"not_picked":["Empty Cage","Black Star"],"picked":"Runic Pyramid"},{"not_picked":["Cursed Key","Runic Dome"],"picked":"Philosopher\u0027s Stone"}],"items_purged_floors":[],"is_endless":false,"potions_floor_spawned":[3,9,10,16,20,28,30,33,36,44,49],"ascension_level":1}}