{"host":"ya062ahhhuj9au1o","time":1609042984,"event":{"mods":["BaseMod","Better Third Choice","Filter the Spire","Hermit","Minty Spire (QoL Compilation)","Random Character Button","Robot Space Explorer","Somnambulant","StSLib","The Bug Knight","The Cursed","The Servant 0.9.4"],"gold_per_floor":[116,41,60,77,94,124,124,135,135,135,135,148,148,163,163,263,263,275,95,95,111,36,70,70,70,70,98,98,98,30,49,49,49,49],"floor_reached":33,"playtime":1909,"items_purged":["RobotSpaceExplorer:Defend","RobotSpaceExplorer:Defend"],"score":413,"play_id":"8124293e-fa4b-4a76-af7d-b60c787ff717","local_time":"20201226232304","is_ascension_mode":true,"campfire_choices":[{"data":"RobotSpaceExplorer:Scan","floor":7.0,"key":"SMITH"},{"data":"RobotSpaceExplorer:MiniLasers","floor":10.0,"key":"SMITH"},{"data":"RobotSpaceExplorer:Fix","floor":13.0,"key":"SMITH"},{"data":"RobotSpaceExplorer:Strike","floor":15.0,"key":"SMITH"},{"floor":25.0,"key":"REST"},{"floor":32,"key":"REST"}],"circlet_count":0,"master_deck":["RobotSpaceExplorer:Strike","RobotSpaceExplorer:Strike","RobotSpaceExplorer:Strike","RobotSpaceExplorer:Strike+1","RobotSpaceExplorer:Scan+1","RobotSpaceExplorer:MiniLasers+1","RobotSpaceExplorer:RigExplosive","RobotSpaceExplorer:Fix+1","RobotSpaceExplorer:ScrapMissile","RobotSpaceExplorer:HighVoltage","RobotSpaceExplorer:PowerGlove","RobotSpaceExplorer:Smokescreen","RobotSpaceExplorer:ScrapMissile","RobotSpaceExplorer:Discharger","RobotSpaceExplorer:LuckyStrike","RobotSpaceExplorer:Jetpack","RobotSpaceExplorer:LuckyStrike+1","RobotSpaceExplorer:Fix+1","RobotSpaceExplorer:LuckyStrike","RobotSpaceExplorer:Probe"],"relics":["Runic Pyramid","Bottled Lightning","StrikeDummy","RobotSpaceExplorer:Reprocessor","Omamori","TungstenRod","Unceasing Top"],"acts_visited":["Exordium","TheCity"],"potions_floor_usage":[29,29,29,29,29,33,33],"damage_taken":[{"damage":0.0,"enemies":"Cultist","floor":1.0,"turns":4.0},{"damage":0.0,"enemies":"2 Louse","floor":3.0,"turns":2.0},{"damage":0.0,"enemies":"Jaw Worm","floor":4.0,"turns":4.0},{"damage":21.0,"enemies":"3 Louse","floor":5.0,"turns":4.0},{"damage":24.0,"enemies":"Gremlin Nob","floor":6.0,"turns":4.0},{"damage":1.0,"enemies":"Looter","floor":8.0,"turns":2.0},{"damage":0.0,"enemies":"2 Fungi Beasts","floor":12.0,"turns":2.0},{"damage":0.0,"enemies":"3 Louse","floor":14.0,"turns":2.0},{"damage":22.0,"enemies":"Hexaghost","floor":16.0,"turns":9.0},{"damage":1.0,"enemies":"Shell Parasite","floor":18.0,"turns":3.0},{"damage":2.0,"enemies":"Chosen","floor":21.0,"turns":4.0},{"damage":40.0,"enemies":"Slavers","floor":23.0,"turns":3.0},{"damage":21.0,"enemies":"Gremlin Leader","floor":27.0,"turns":6.0},{"damage":0,"enemies":"Colosseum Slavers","floor":29,"turns":1},{"damage":25,"enemies":"Sentry and Sphere","floor":31,"turns":5},{"damage":73,"enemies":"Collector","floor":33,"turns":7}],"seed_played":"4477190130059877757","potions_obtained":[{"floor":6.0,"key":"Fire Potion"},{"floor":8.0,"key":"DuplicationPotion"},{"floor":14.0,"key":"DuplicationPotion"},{"floor":16.0,"key":"SneckoOil"},{"floor":21.0,"key":"FearPotion"},{"floor":27.0,"key":"DuplicationPotion"}],"is_trial":false,"path_per_floor":["M","$","M","M","M","E","R","M","T","R","?","M","R","M","R","B",null,"M","$","?","M","?","E","?","R","T","E","$","?","$","M","R","B"],"character_chosen":"RobotSpaceExplorer","items_purchased":["RobotSpaceExplorer:Discharger","RobotSpaceExplorer:LuckyStrike"],"campfire_rested":2,"item_purchase_floors":[19,30],"current_hp_per_floor":[68,68,68,72,55,35,35,38,38,38,38,38,38,38,38,22,62,61,61,61,65,65,31,17,41,41,26,26,32,32,19,43,0,0],"gold":49,"neow_bonus":"BOSS_RELIC","is_daily":false,"chose_seed":false,"campfire_upgraded":4,"win_rate":0.0,"timestamp":1609042984,"path_taken":["M","$","M","M","M","E","R","?","T","R","?","?","R","M","R","BOSS","M","$","?","M","?","E","?","R","T","E","$","?","?","M","R","BOSS"],"items_purchased_type":["Card","Card"],"build_version":"2020-12-22","purchased_purges":2,"victory":false,"max_hp_per_floor":[75,75,75,75,75,75,75,75,75,75,75,75,75,75,75,75,75,75,75,75,75,75,75,80,80,80,80,80,80,80,80,80,80,80],"card_choices":[{"not_picked":["RobotSpaceExplorer:Calculate","RobotSpaceExplorer:SurgingStrike"],"picked":"RobotSpaceExplorer:RigExplosive","floor":1.0},{"not_picked":["RobotSpaceExplorer:SwiftStep","RobotSpaceExplorer:ShockKick"],"picked":"RobotSpaceExplorer:Fix","floor":3.0},{"not_picked":["RobotSpaceExplorer:ShockKick","RobotSpaceExplorer:FrostMissile","RobotSpaceExplorer:Probe"],"picked":"SKIP","floor":4.0},{"not_picked":["RobotSpaceExplorer:Reload","RobotSpaceExplorer:MiniDrones"],"picked":"RobotSpaceExplorer:ScrapMissile","floor":5.0},{"not_picked":["RobotSpaceExplorer:Electroshield","RobotSpaceExplorer:ShovelStrike"],"picked":"RobotSpaceExplorer:HighVoltage","floor":6.0},{"not_picked":["RobotSpaceExplorer:LaserBurst","RobotSpaceExplorer:MiniDrones"],"picked":"RobotSpaceExplorer:PowerGlove","floor":8.0},{"not_picked":["RobotSpaceExplorer:FranticSearch","RobotSpaceExplorer:MetalStrike"],"picked":"RobotSpaceExplorer:Smokescreen","floor":12.0},{"not_picked":["RobotSpaceExplorer:Calculate","RobotSpaceExplorer:FreezingShield","RobotSpaceExplorer:Electropulse"],"picked":"SKIP","floor":14.0},{"not_picked":["RobotSpaceExplorer:Scanner","RobotSpaceExplorer:Autoloader"],"picked":"RobotSpaceExplorer:Wormhole","floor":16.0},{"not_picked":["RobotSpaceExplorer:Electroshield","RobotSpaceExplorer:FrostMissile"],"picked":"RobotSpaceExplorer:ScrapMissile","floor":18.0},{"not_picked":["RobotSpaceExplorer:Probe","RobotSpaceExplorer:FrostMissile"],"picked":"RobotSpaceExplorer:Jetpack","floor":21.0},{"not_picked":["RobotSpaceExplorer:Explosion","RobotSpaceExplorer:MiniDrones"],"picked":"RobotSpaceExplorer:LuckyStrike+1","floor":23.0},{"not_picked":["RobotSpaceExplorer:FrostMissile","RobotSpaceExplorer:SwiftStep"],"picked":"RobotSpaceExplorer:Fix+1","floor":27.0},{"not_picked":["RobotSpaceExplorer:ShockKick+1","RobotSpaceExplorer:Counterblock+1"],"picked":"RobotSpaceExplorer:Probe","floor":31}],"player_experience":1680849,"relics_obtained":[{"floor":6.0,"key":"Bottled Lightning"},{"floor":9.0,"key":"StrikeDummy"},{"floor":23.0,"key":"Omamori"},{"floor":26.0,"key":"TungstenRod"},{"floor":27.0,"key":"Unceasing Top"}],"event_choices":[{"damage_healed":0.0,"max_hp_gain":0.0,"max_hp_loss":0.0,"gold_gain":0.0,"event_name":"The Woman in Blue","player_choice":"Bought 0 Potions","floor":11.0,"gold_loss":0.0,"damage_taken":0.0},{"damage_healed":0.0,"max_hp_gain":0.0,"max_hp_loss":0.0,"gold_gain":0.0,"event_name":"The Library","player_choice":"Read","floor":20.0,"gold_loss":0.0,"damage_taken":0.0,"cards_obtained":["RobotSpaceExplorer:LuckyStrike"]},{"cards_removed":["RobotSpaceExplorer:Defend"],"damage_healed":0.0,"max_hp_gain":0.0,"max_hp_loss":0.0,"gold_gain":0.0,"event_name":"Beggar","player_choice":"Gave Gold","floor":22.0,"gold_loss":75.0,"damage_taken":0.0},{"damage_healed":0.0,"max_hp_gain":5.0,"max_hp_loss":0.0,"gold_gain":0.0,"event_name":"Forgotten Altar","player_choice":"Shed Blood","floor":24.0,"gold_loss":0.0,"damage_taken":19.0},{"damage_healed":0,"gold_gain":0,"player_choice":"Fight","damage_taken":0,"max_hp_gain":0,"max_hp_loss":0,"event_name":"Colosseum","floor":29,"gold_loss":0},{"damage_healed":0,"gold_gain":0,"player_choice":"Fled From Nobs","damage_taken":0,"max_hp_gain":0,"max_hp_loss":0,"event_name":"Colosseum","floor":29,"gold_loss":0}],"is_beta":false,"boss_relics":[{"not_picked":["SlaversCollar","Empty Cage"],"picked":"RobotSpaceExplorer:Reprocessor"}],"items_purged_floors":[2,19],"is_endless":false,"potions_floor_spawned":[6,8,12,14,16,21,27],"killed_by":"Collector","ascension_level":9}}