{"host":"v711dtdb46xe9u7l","time":1609073517,"event":{"mods":["BaseMod","Minty Spire (QoL Compilation)","StSLib"],"gold_per_floor":[18,37,54,71,83,83,118,118,195,222,236,251,351,379,379,481,481,497,510,112,127,143,143,143],"floor_reached":23,"playtime":1607,"items_purged":[],"score":228,"play_id":"6eda1132-f303-49b8-b9c9-35696c765252","local_time":"20201227125157","is_ascension_mode":true,"campfire_choices":[{"data":"Eruption","floor":6,"key":"SMITH"},{"data":"Vigilance","floor":8,"key":"SMITH"},{"data":"LessonLearned","floor":15,"key":"SMITH"}],"circlet_count":0,"master_deck":["Strike_P+1","Strike_P","Strike_P","Strike_P","Defend_P","Defend_P","Defend_P","Defend_P","Eruption+1","Vigilance+1","ThirdEye+1","EmptyFist","Adaptation","Tantrum","EmptyBody","InnerPeace","Alpha+1","Protect","LessonLearned+1","MasterReality","Evaluate","FlyingSleeves+1","LessonLearned+1","WreathOfFlame+1"],"relics":["PureWater","CaptainsWheel","Question Card","Eternal Feather","Du-Vu Doll","Tiny Chest","Velvet Choker","DollysMirror","Bottled Flame"],"acts_visited":["Exordium","TheCity"],"potions_floor_usage":[7,10,16,21,21],"damage_taken":[{"damage":1,"enemies":"Cultist","floor":1,"turns":4},{"damage":0,"enemies":"2 Louse","floor":2,"turns":2},{"damage":6,"enemies":"Jaw Worm","floor":3,"turns":4},{"damage":0,"enemies":"Red Slaver","floor":4,"turns":3},{"damage":2,"enemies":"Large Slime","floor":5,"turns":5},{"damage":4,"enemies":"3 Sentries","floor":7,"turns":8},{"damage":6,"enemies":"Gremlin Nob","floor":10,"turns":4},{"damage":5,"enemies":"Exordium Wildlife","floor":11,"turns":2},{"damage":0,"enemies":"Looter","floor":12,"turns":3},{"damage":6,"enemies":"Lagavulin","floor":14,"turns":5},{"damage":31,"enemies":"The Guardian","floor":16,"turns":8},{"damage":30,"enemies":"2 Thieves","floor":18,"turns":5},{"damage":2,"enemies":"Chosen","floor":19,"turns":6},{"damage":21,"enemies":"Centurion and Healer","floor":21,"turns":6},{"damage":26,"enemies":"Sentry and Sphere","floor":22,"turns":6},{"damage":10,"enemies":"Gremlin Leader","floor":23,"turns":1}],"seed_played":"-2405660475119149451","potions_obtained":[{"floor":3,"key":"DuplicationPotion"},{"floor":7,"key":"DistilledChaos"},{"floor":10,"key":"LiquidBronze"},{"floor":12,"key":"Energy Potion"},{"floor":14,"key":"SteroidPotion"},{"floor":18,"key":"Regen Potion"}],"is_trial":false,"path_per_floor":["M","M","M","M","M","R","E","R","T","E","M","M","?","E","R","B",null,"M","M","$","M","M","E"],"character_chosen":"WATCHER","items_purchased":["DollysMirror","Bottled Flame"],"campfire_rested":0,"item_purchase_floors":[20,20],"current_hp_per_floor":[71,71,65,65,63,63,59,59,59,53,48,48,48,42,51,20,72,42,40,40,34,8,0,0],"gold":143,"neow_bonus":"ONE_RARE_RELIC","is_daily":false,"chose_seed":false,"campfire_upgraded":3,"win_rate":0.0,"timestamp":1609073517,"path_taken":["M","M","M","M","M","R","E","R","T","E","M","M","?","E","R","BOSS","M","M","$","M","?","E"],"items_purchased_type":["Relic","Relic"],"build_version":"2020-12-22","purchased_purges":0,"victory":false,"max_hp_per_floor":[72,72,72,72,72,72,72,72,72,72,72,72,72,72,72,72,72,72,72,72,72,72,72,72],"card_choices":[{"not_picked":["JustLucky","Collect"],"picked":"ThirdEye","floor":1},{"not_picked":["FlurryOfBlows","SashWhip"],"picked":"EmptyFist","floor":2},{"not_picked":["FollowUp","Wireheading"],"picked":"Adaptation","floor":3},{"not_picked":["Fasting2","WreathOfFlame"],"picked":"Tantrum","floor":4},{"not_picked":["Consecrate","CrushJoints"],"picked":"EmptyBody","floor":5},{"not_picked":["Crescendo","EmptyFist"],"picked":"InnerPeace","floor":7},{"not_picked":["FlurryOfBlows","WaveOfTheHand","Pray","Prostrate"],"picked":"SKIP","floor":10},{"not_picked":["SashWhip","FlurryOfBlows","Weave"],"picked":"Alpha","floor":11},{"not_picked":["ClearTheMind","Pray","Swivel"],"picked":"Protect","floor":12},{"not_picked":["EmptyFist","Halt","PathToVictory"],"picked":"LessonLearned","floor":14},{"not_picked":["Ragnarok","Establishment","Omniscience"],"picked":"MasterReality","floor":16},{"not_picked":["FollowUp","BowlingBash","Worship"],"picked":"Evaluate","floor":18},{"not_picked":["Evaluate","MentalFortress","CrushJoints"],"picked":"FlyingSleeves+1","floor":19},{"not_picked":["Consecrate+1","CutThroughFate","EmptyBody"],"picked":"WreathOfFlame+1","floor":21},{"not_picked":["WreathOfFlame+1","PathToVictory","Adaptation","ThirdEye"],"picked":"SKIP","floor":22}],"player_experience":246923,"relics_obtained":[{"floor":7,"key":"Question Card"},{"floor":9,"key":"Eternal Feather"},{"floor":10,"key":"Du-Vu Doll"},{"floor":14,"key":"Tiny Chest"}],"event_choices":[{"damage_healed":0,"gold_gain":100,"player_choice":"Pray","damage_taken":0,"max_hp_gain":0,"max_hp_loss":0,"event_name":"Golden Shrine","floor":13,"gold_loss":0}],"is_beta":false,"boss_relics":[{"not_picked":["Snecko Eye","Astrolabe"],"picked":"Velvet Choker"}],"items_purged_floors":[],"is_endless":false,"potions_floor_spawned":[3,7,10,12,14,18],"killed_by":"Gremlin Leader","ascension_level":1}}