{"host":"30jsp143e4v19aze","time":1609108124,"event":{"mods":["BaseMod","Colored Map","Colored Powertips","Curses Come First","DeckTracker","Highlight Path","Minty Spire (QoL Compilation)","Quick Restart","Relic Stats","StSLib","everything is the same but u backflip on backflip","slay the spire mod where everything is the same but ironclad has a cowboy hat"],"gold_per_floor":[110,127,48,48,48,48,63,102,129,129,148,148,183,204,204,294,294,307,22,22,22,61,102,117,117,117,148,423,423,16,56,56,149,149,164,232,232,21,44,75,75,75],"floor_reached":41,"playtime":1400,"items_purged":["Strike_R","Writhe","Wild Strike"],"score":966,"play_id":"08f31795-9f8e-4338-9ee8-7d1448c8fb56","local_time":"20201227232844","is_ascension_mode":true,"campfire_choices":[{"data":"Carnage","floor":6,"key":"SMITH"},{"data":"Whirlwind","floor":12,"key":"SMITH"},{"data":"Rupture","floor":15,"key":"SMITH"},{"floor":25,"key":"REST"},{"floor":29,"key":"RECALL"},{"floor":32,"key":"REST"}],"circlet_count":0,"master_deck":["AscendersBane","Defend_R","Defend_R+1","Defend_R","Defend_R","Bash","Carnage+1","Reaper","Pommel Strike","Whirlwind+1","Pain","Rupture+1","Offering+1","Heavy Blade","Metallicize","Warcry","Ghostly Armor","Thunderclap","Regret","Limit Break","Offering","Iron Wave+1","Dark Embrace+1","Immolate+1","Shrug It Off","Flex+1","Evolve","Sword Boomerang","Berserk"],"relics":["Burning Blood","NeowsBlessing","Golden Idol","Red Skull","Orichalcum","WarpedTongs","Juzu Bracelet","Fusion Hammer","War Paint","HornCleat","Darkstone Periapt","Red Mask","Turnip","Magic Flower","Meat on the Bone","PreservedInsect","Question Card","Astrolabe","Unceasing Top","Shuriken"],"acts_visited":["Exordium","TheCity","TheBeyond"],"potions_floor_usage":[13,16,23,36,41],"damage_taken":[{"damage":0,"enemies":"2 Louse","floor":1,"turns":1},{"damage":0,"enemies":"Jaw Worm","floor":2,"turns":1},{"damage":0,"enemies":"Small Slimes","floor":7,"turns":1},{"damage":45,"enemies":"3 Sentries","floor":8,"turns":9},{"damage":2,"enemies":"3 Louse","floor":11,"turns":2},{"damage":3,"enemies":"Gremlin Nob","floor":13,"turns":3},{"damage":3,"enemies":"2 Fungi Beasts","floor":14,"turns":3},{"damage":56,"enemies":"The Guardian","floor":16,"turns":10},{"damage":33,"enemies":"Shell Parasite","floor":18,"turns":3},{"damage":16,"enemies":"Masked Bandits","floor":22,"turns":3},{"damage":14,"enemies":"Slavers","floor":23,"turns":3},{"damage":8,"enemies":"Spheric Guardian","floor":24,"turns":3},{"damage":32,"enemies":"Book of Stabbing","floor":27,"turns":4},{"damage":19,"enemies":"Gremlin Leader","floor":31,"turns":5},{"damage":43,"enemies":"Automaton","floor":33,"turns":5},{"damage":36,"enemies":"3 Shapes","floor":35,"turns":7},{"damage":24,"enemies":"2 Orb Walkers","floor":36,"turns":3},{"damage":29,"enemies":"3 Darklings","floor":39,"turns":3},{"damage":75,"enemies":"Giant Head","floor":40,"turns":6},{"damage":67,"enemies":"Spire Growth","floor":41,"turns":4}],"seed_played":"-3431313226823883524","potions_obtained":[{"floor":1,"key":"SpeedPotion"},{"floor":2,"key":"Energy Potion"},{"floor":13,"key":"Block Potion"},{"floor":22,"key":"DistilledChaos"},{"floor":24,"key":"Strength Potion"},{"floor":39,"key":"LiquidBronze"}],"is_trial":false,"path_per_floor":["M","M","$","?","?","R","M","E","T","?","M","R","E","M","R","B",null,"M","$","T","?","?","E","M","R","T","E","?","R","$","E","R","B",null,"M","?","?","$","M","E","M"],"character_chosen":"IRONCLAD","items_purchased":["Reaper","Metallicize","War Paint","Limit Break","PreservedInsect","Evolve"],"campfire_rested":2,"item_purchase_floors":[3,19,19,30,30,38],"current_hp_per_floor":[74,75,75,49,42,42,48,21,21,21,46,46,49,57,57,25,63,44,44,44,50,40,32,30,54,54,49,55,55,55,63,87,53,79,70,55,55,55,76,54,0,0],"gold":75,"neow_bonus":"THREE_ENEMY_KILL","is_daily":false,"chose_seed":false,"campfire_upgraded":3,"win_rate":0.0,"timestamp":1609108124,"path_taken":["M","M","$","?","?","R","M","E","T","?","M","R","E","M","R","BOSS","M","$","?","?","?","E","M","R","T","E","?","R","$","E","R","BOSS","M","?","?","$","M","E","M"],"items_purchased_type":["Card","Card","Relic","Card","Relic","Card"],"build_version":"2020-12-22","purchased_purges":3,"victory":false,"max_hp_per_floor":[75,75,75,75,75,75,75,75,75,75,75,75,75,75,75,75,75,75,75,75,81,81,81,81,81,81,81,87,87,87,87,87,87,87,87,87,83,83,83,83,83,83],"relic_stats":{"Darkstone Periapt":12,"counters":[20,79],"Golden Idol":127,"Astrolabe":["Iron Wave","Dark Embrace","Immolate"],"Magic Flower":[64],"PreservedInsect":177,"Juzu Bracelet":0,"Orichalcum":[138],"War Paint":["Offering","Defend_R"],"Question Card":5,"Burning Blood":130,"WarpedTongs":[63],"Shuriken":[1],"Turnip":[5],"obtain_stats":[{"Darkstone Periapt":21,"NeowsBlessing":0,"Golden Idol":4,"Astrolabe":34,"Magic Flower":26,"PreservedInsect":30,"Juzu Bracelet":13,"Orichalcum":9,"War Paint":19,"Question Card":31,"Burning Blood":0,"WarpedTongs":10,"HornCleat":20,"Shuriken":40,"Fusion Hammer":17,"Turnip":23,"Red Mask":22,"Red Skull":8,"Unceasing Top":36,"Meat on the Bone":27},{"Darkstone Periapt":9,"NeowsBlessing":0,"Golden Idol":2,"Astrolabe":15,"Magic Flower":12,"PreservedInsect":13,"Juzu Bracelet":6,"Orichalcum":4,"War Paint":9,"Question Card":14,"Burning Blood":0,"WarpedTongs":4,"HornCleat":9,"Shuriken":19,"Fusion Hammer":8,"Turnip":11,"Red Mask":10,"Red Skull":4,"Unceasing Top":17,"Meat on the Bone":13},{"Darkstone Periapt":33,"NeowsBlessing":0,"Golden Idol":2,"Astrolabe":56,"Magic Flower":42,"PreservedInsect":46,"Juzu Bracelet":17,"Orichalcum":12,"War Paint":33,"Question Card":51,"Burning Blood":0,"WarpedTongs":12,"HornCleat":33,"Shuriken":75,"Fusion Hammer":30,"Turnip":39,"Red Mask":36,"Red Skull":12,"Unceasing Top":66,"Meat on the Bone":46}],"Unceasing Top":[0],"Meat on the Bone":36},"card_choices":[{"not_picked":["Entrench","True Grit"],"picked":"Carnage","floor":1},{"not_picked":["Flex","Sword Boomerang","Body Slam"],"picked":"SKIP","floor":2},{"not_picked":["Warcry","Body Slam"],"picked":"Pommel Strike","floor":7},{"not_picked":["Fire Breathing","Ghostly Armor"],"picked":"Whirlwind","floor":8},{"not_picked":["Searing Blow","Anger"],"picked":"Wild Strike","floor":11},{"not_picked":["Cleave","Exhume"],"picked":"Rupture","floor":13},{"not_picked":["Reckless Charge","Infernal Blade","Sever Soul"],"picked":"SKIP","floor":14},{"not_picked":["Barricade","Limit Break"],"picked":"Offering","floor":16},{"not_picked":["Headbutt","Clothesline"],"picked":"Heavy Blade","floor":18},{"not_picked":["Infernal Blade","Carnage"],"picked":"Warcry","floor":22},{"not_picked":["Seeing Red+1","Sentinel"],"picked":"Ghostly Armor","floor":23},{"not_picked":["Iron Wave","Entrench+1","Anger"],"picked":"SKIP","floor":24},{"not_picked":["Flex","Carnage"],"picked":"Thunderclap","floor":27},{"not_picked":["Headbutt","Rupture","Dropkick"],"picked":"SKIP","floor":31},{"not_picked":["Barricade","Impervious","Exhume"],"picked":"Offering","floor":33},{"not_picked":["Fire Breathing","Thunderclap+1","Pommel Strike+1"],"picked":"Shrug It Off","floor":35},{"not_picked":["Heavy Blade+1","Uppercut","Armaments"],"picked":"Flex+1","floor":36},{"not_picked":["Anger","Pommel Strike","Perfected Strike+1"],"picked":"Sword Boomerang","floor":39},{"not_picked":["Entrench","Pommel Strike+1","Armaments+1"],"picked":"Berserk","floor":40}],"player_experience":3276448,"relics_obtained":[{"floor":8,"key":"Red Skull"},{"floor":9,"key":"Orichalcum"},{"floor":13,"key":"Juzu Bracelet"},{"floor":20,"key":"HornCleat"},{"floor":22,"key":"Red Mask"},{"floor":23,"key":"Turnip"},{"floor":26,"key":"Magic Flower"},{"floor":27,"key":"Meat on the Bone"},{"floor":31,"key":"Question Card"},{"floor":36,"key":"Unceasing Top"},{"floor":40,"key":"Shuriken"}],"event_choices":[{"damage_healed":0,"gold_gain":0,"player_choice":"Take Damage","damage_taken":26,"relics_obtained":["Golden Idol"],"max_hp_gain":0,"max_hp_loss":0,"event_name":"Golden Idol","floor":4,"gold_loss":0},{"cards_removed":["Strike_R"],"damage_healed":0,"gold_gain":0,"player_choice":"Card Removal","damage_taken":7,"max_hp_gain":0,"max_hp_loss":0,"event_name":"Golden Wing","floor":5,"gold_loss":0},{"damage_healed":0,"gold_gain":0,"player_choice":"Rummage","damage_taken":0,"relics_obtained":["WarpedTongs"],"max_hp_gain":0,"max_hp_loss":0,"event_name":"Accursed Blacksmith","floor":10,"gold_loss":0,"cards_obtained":["Pain"]},{"damage_healed":0,"gold_gain":0,"player_choice":"Opened","damage_taken":0,"relics_obtained":["Darkstone Periapt"],"max_hp_gain":0,"max_hp_loss":0,"event_name":"The Mausoleum","floor":21,"gold_loss":0,"cards_obtained":["Writhe"]},{"damage_healed":0,"gold_gain":0,"player_choice":"Fought Bandits","damage_taken":0,"max_hp_gain":0,"max_hp_loss":0,"event_name":"Masked Bandits","floor":22,"gold_loss":0},{"damage_healed":0,"gold_gain":275,"player_choice":"Desecrate","damage_taken":0,"max_hp_gain":0,"max_hp_loss":0,"event_name":"Golden Shrine","floor":28,"gold_loss":0,"cards_obtained":["Regret"]},{"damage_healed":0,"gold_gain":0,"player_choice":"Fight","damage_taken":0,"max_hp_gain":0,"max_hp_loss":0,"event_name":"Mysterious Sphere","floor":36,"gold_loss":0},{"damage_healed":0,"gold_gain":0,"player_choice":"Max HP","damage_taken":0,"max_hp_gain":0,"max_hp_loss":4,"event_name":"Winding Halls","floor":37,"gold_loss":0}],"is_beta":false,"boss_relics":[{"not_picked":["Black Star","Tiny House"],"picked":"Fusion Hammer"},{"not_picked":["Runic Dome","SlaversCollar"],"picked":"Astrolabe"}],"items_purged_floors":[19,30,38],"is_endless":false,"potions_floor_spawned":[1,2,11,13,22,24,27,31,39],"killed_by":"Spire Growth","ascension_level":20}}