{"host":"52zmxm0oht7x0uft","time":1609088737,"event":{"mods":["AchievementEnabler","BaseMod","Minty Spire (QoL Compilation)","Quick Restart"],"gold_per_floor":[111,111,131,131,148,174,174,186,186,111,122,122,136,156,156,156,156],"floor_reached":16,"playtime":473,"items_purged":["Strike_B"],"score":120,"play_id":"f4d0013c-027e-49ba-95d2-76a133c20a67","local_time":"20201227180537","is_ascension_mode":true,"campfire_choices":[{"data":"Zap","floor":7,"key":"SMITH"},{"floor":12,"key":"REST"},{"data":"Gash","floor":15,"key":"SMITH"}],"circlet_count":0,"master_deck":["Strike_B","Strike_B","Strike_B","Defend_B","Defend_B","Defend_B","Defend_B","Zap+1","Dualcast+1","Go for the Eyes","Beam Cell","Biased Cognition","Auto Shields","Go for the Eyes","Gash+1","Go for the Eyes","Beam Cell"],"relics":["Cracked Core","Dead Branch","Blue Candle","Bottled Lightning"],"acts_visited":["Exordium"],"potions_floor_usage":[],"damage_taken":[{"damage":6,"enemies":"2 Louse","floor":1,"turns":2},{"damage":0,"enemies":"Cultist","floor":3,"turns":3},{"damage":0,"enemies":"Small Slimes","floor":5,"turns":3},{"damage":22,"enemies":"Gremlin Nob","floor":6,"turns":4},{"damage":0,"enemies":"Looter","floor":8,"turns":3},{"damage":9,"enemies":"Red Slaver","floor":11,"turns":2},{"damage":10,"enemies":"Lots of Slimes","floor":13,"turns":4},{"damage":3,"enemies":"Looter","floor":14,"turns":3},{"damage":0,"enemies":"Slime Boss","floor":16,"turns":3}],"seed_played":"-759705142811570849","potions_obtained":[{"floor":3,"key":"AttackPotion"},{"floor":11,"key":"Weak Potion"},{"floor":14,"key":"Strength Potion"}],"is_trial":false,"path_per_floor":["M","?","M","?","M","E","R","M","T","$","M","R","M","M","R","B"],"character_chosen":"DEFECT","items_purchased":[],"campfire_rested":1,"item_purchase_floors":[],"current_hp_per_floor":[69,51,51,51,51,29,29,29,29,29,20,42,32,29,29,29,29],"gold":156,"neow_bonus":"UPGRADE_CARD","is_daily":false,"chose_seed":false,"campfire_upgraded":2,"win_rate":0.0,"timestamp":1609088737,"path_taken":["M","?","M","?","M","E","R","M","T","$","M","R","M","?","R","BOSS"],"items_purchased_type":[],"build_version":"2020-12-22","purchased_purges":1,"victory":false,"max_hp_per_floor":[75,75,75,75,75,75,75,75,75,75,75,75,75,75,75,75,75],"card_choices":[{"not_picked":["Redo","Self Repair"],"picked":"Go for the Eyes","floor":1},{"not_picked":["Defragment","Conserve Battery"],"picked":"Beam Cell","floor":3},{"not_picked":["Coolheaded","Biased Cognition"],"picked":"Auto Shields","floor":5},{"not_picked":["Aggregate","Storm"],"picked":"Go for the Eyes","floor":6},{"not_picked":["Tempest","Fusion"],"picked":"Gash","floor":8},{"not_picked":["Chaos","Rebound"],"picked":"Go for the Eyes","floor":11},{"not_picked":["Compile Driver","Rebound","Undo"],"picked":"SKIP","floor":13},{"not_picked":["Streamline","Stack"],"picked":"Beam Cell","floor":14}],"player_experience":318619,"relics_obtained":[{"floor":6,"key":"Blue Candle"},{"floor":9,"key":"Bottled Lightning"}],"event_choices":[{"damage_healed":0,"gold_gain":0,"player_choice":"Success","damage_taken":18,"relics_obtained":["Dead Branch"],"max_hp_gain":0,"max_hp_loss":0,"event_name":"Scrap Ooze","floor":2,"gold_loss":0},{"damage_healed":0,"gold_gain":0,"player_choice":"1 cards matched","damage_taken":0,"max_hp_gain":0,"max_hp_loss":0,"event_name":"Match and Keep!","floor":4,"gold_loss":0,"cards_obtained":["Biased Cognition"]}],"is_beta":false,"boss_relics":[],"items_purged_floors":[10],"is_endless":false,"potions_floor_spawned":[3,11,14],"killed_by":"Slime Boss","ascension_level":3}}