{"host":"6pgtslebjnyv5xmi","time":1609051917,"event":{"mods":["AchievementEnabler","BaseMod","Colored Map","Minty Spire (QoL Compilation)","Rare Cards Sparkle","StSLib","SuperFastMode","everything is the same but u backflip on backflip"],"gold_per_floor":[114,129,144,119,62,92,107,107,107,107,122,122,137,152,152,252,252,267,366,138,138,153,153,153],"floor_reached":23,"playtime":1086,"items_purged":[],"score":268,"play_id":"37a592d2-4d3a-49ce-89f3-904a456bc586","local_time":"20201227155157","daily_mods":["SealedDeck","Diverse","Binary"],"is_ascension_mode":false,"campfire_choices":[{"data":"Pod Fire","floor":10.0,"key":"SMITH"},{"data":"Here Defend Chip","floor":12.0,"key":"SMITH"},{"data":"Black Execution","floor":15.0,"key":"SMITH"}],"circlet_count":0,"master_deck":["Thunderclap","Thunderclap","Madness","Madness","Riddle With Holes","Ghostly Armor","Madness+1","Madness","Shrug It Off","Madness","Dash","Madness+1","Madness","Madness","Madness+1","Madness","BootSequence+1","Madness"],"relics":["Burning Blood","Blood Vial","PreservedInsect","Sundial","Cursed Key","HandDrill","Nilry\u0027s Codex"],"acts_visited":["Exordium","TheCity"],"potions_floor_usage":[],"damage_taken":[{"damage":0.0,"enemies":"Cultist","floor":1.0,"turns":3.0},{"damage":0.0,"enemies":"Small Slimes","floor":2.0,"turns":3.0},{"damage":0.0,"enemies":"2 Louse","floor":3.0,"turns":2.0},{"damage":19.0,"enemies":"Lagavulin","floor":6.0,"turns":8.0},{"damage":0.0,"enemies":"Large Slime","floor":7.0,"turns":7.0},{"damage":0.0,"enemies":"Gremlin Gang","floor":11.0,"turns":2.0},{"damage":3.0,"enemies":"2 Fungi Beasts","floor":13.0,"turns":3.0},{"damage":9.0,"enemies":"Exordium Thugs","floor":14.0,"turns":4.0},{"damage":0.0,"enemies":"Slime Boss","floor":16.0,"turns":5.0},{"damage":0.0,"enemies":"Chosen","floor":18.0,"turns":3.0},{"damage":0.0,"enemies":"Shell Parasite","floor":22.0,"turns":3.0},{"damage":0,"enemies":"Chosen and Byrds","floor":23,"turns":1}],"seed_played":"5451747836825439005","potions_obtained":[{"floor":3.0,"key":"Energy Potion"},{"floor":6.0,"key":"SneckoOil"},{"floor":7.0,"key":"Energy Potion"},{"floor":13.0,"key":"CultistPotion"},{"floor":14.0,"key":"Ancient Potion"}],"is_trial":false,"path_per_floor":["M","M","M","$","?","E","M","$","T","R","M","R","M","M","R","B",null,"M","?","$","?","M","M"],"character_chosen":"IRONCLAD","items_purchased":["Here Defend Chip","HandDrill","Defend System"],"campfire_rested":0,"item_purchase_floors":[4,20,20],"current_hp_per_floor":[80,80,80,80,80,67,75,75,75,75,80,80,80,77,77,80,80,80,80,80,64,72,74,74],"gold":153,"neow_bonus":"","is_daily":true,"chose_seed":false,"campfire_upgraded":3,"win_rate":0.0,"timestamp":1609051917,"path_taken":["M","?","M","$","?","E","M","?","T","R","M","R","M","M","R","BOSS","M","?","$","?","M","M"],"items_purchased_type":["Undefined","Relic","Undefined"],"build_version":"2020-12-22","purchased_purges":0,"victory":false,"max_hp_per_floor":[80,80,80,80,80,80,80,80,80,80,80,80,80,80,80,80,80,80,80,80,80,80,80,80],"card_choices":[{"not_picked":["Revenge","Warcry"],"picked":"SKIP","floor":1.0},{"not_picked":["Break Into","Headbutt"],"picked":"SKIP","floor":2.0},{"not_picked":["Stack"],"picked":"Dash","floor":3.0},{"not_picked":["Halt","PathToVictory"],"picked":"SKIP","floor":6.0},{"not_picked":["Floating Even"],"picked":"Judgment","floor":7.0},{"not_picked":["EmptyBody","Infinite Blades"],"picked":"SKIP","floor":11.0},{"not_picked":["Deadly Poison"],"picked":"Light Attack","floor":13.0},{"not_picked":["Acrobatics"],"picked":"Black Execution","floor":14.0},{"not_picked":["Blasphemy"],"picked":"Data Freezing","floor":16.0},{"not_picked":["Streamline"],"picked":"BootSequence+1","floor":18.0},{"not_picked":["Afterwards","Hemokinesis"],"picked":"SKIP","floor":22.0}],"player_experience":499584,"relics_obtained":[{"floor":6.0,"key":"PreservedInsect"},{"floor":9.0,"key":"Sundial"},{"floor":21.0,"key":"Nilry\u0027s Codex"}],"event_choices":[{"damage_healed":0.0,"max_hp_gain":0.0,"max_hp_loss":0.0,"gold_gain":0.0,"event_name":"WeMeetAgain","player_choice":"Paid Gold","floor":5.0,"gold_loss":57.0,"damage_taken":0.0,"relics_obtained":["Blood Vial"]},{"damage_healed":0.0,"max_hp_gain":0.0,"max_hp_loss":0.0,"gold_gain":99.0,"event_name":"Nest","player_choice":"Stole From Cult","floor":19.0,"gold_loss":0.0,"damage_taken":0.0},{"damage_healed":0.0,"max_hp_gain":0.0,"max_hp_loss":0.0,"gold_gain":0.0,"event_name":"Cursed Tome","player_choice":"Obtained Book","floor":21.0,"gold_loss":0.0,"damage_taken":16.0}],"is_beta":false,"boss_relics":[{"not_picked":["Runic Cube","Velvet Choker"],"picked":"Cursed Key"}],"items_purged_floors":[],"is_endless":false,"potions_floor_spawned":[3,6,7,13,14],"killed_by":"Chosen and Byrds","ascension_level":0}}