{"host":"s41rn2jhghpwfrvz","time":1609095987,"event":{"mods":["BaseMod","Minty Spire (QoL Compilation)","Quick Restart","Relic Stats","SuperFastMode"],"gold_per_floor":[115,40,40,51,70,70,105,118,118,143,174,174,99,116,116,195,195,213,213,228,228,143,182,182,213,265,282,317,335,360,377,377,454,454,473,373,383,401,446,474,486,514,514,526,542,571,571,606,606,606,606,606,606,50,76,76],"floor_reached":57,"playtime":1675,"items_purged":["Prepared","Shrug It Off","Fire Breathing+1"],"score":3990,"play_id":"eda2743a-9533-43fe-9ed3-993fb3733fd2","local_time":"20201227210627","daily_mods":["SealedDeck","Diverse","DeadlyEvents"],"is_ascension_mode":true,"campfire_choices":[{"data":"Prostrate","floor":6,"key":"SMITH"},{"data":"Backflip","floor":12,"key":"SMITH"},{"data":"Fire Breathing","floor":15,"key":"SMITH"},{"data":"Pommel Strike","floor":24,"key":"SMITH"},{"data":"Acrobatics","floor":32,"key":"SMITH"},{"floor":47,"key":"RECALL"},{"data":"Madness","floor":49,"key":"SMITH"},{"data":"Madness","floor":53,"key":"SMITH"}],"circlet_count":0,"master_deck":["AscendersBane","Pommel Strike+1","Backflip+1","Prostrate+1","Acrobatics+1","Gash","Madness+1","Madness+1"],"relics":["Burning Blood","Tiny Chest","FossilizedHelix","Letter Opener","Orichalcum","Gambling Chip","Empty Cage","CeramicFish","Mercury Hourglass","Anchor","Pantograph","Akabeko","Busted Crown","Oddly Smooth Stone","The Courier","HornCleat","Red Skull","Sundial","Smiling Mask","Medical Kit","Bag of Marbles","Vajra","Pen Nib","Art of War"],"acts_visited":["Exordium","TheCity","TheBeyond","TheEnding"],"potions_floor_usage":[31],"damage_taken":[{"damage":0,"enemies":"Cultist","floor":1,"turns":2},{"damage":0,"enemies":"Small Slimes","floor":4,"turns":2},{"damage":0,"enemies":"2 Louse","floor":5,"turns":2},{"damage":3,"enemies":"3 Sentries","floor":7,"turns":2},{"damage":0,"enemies":"Exordium Wildlife","floor":8,"turns":3},{"damage":0,"enemies":"Gremlin Nob","floor":10,"turns":3},{"damage":0,"enemies":"3 Sentries","floor":11,"turns":3},{"damage":0,"enemies":"Looter","floor":14,"turns":3},{"damage":0,"enemies":"Slime Boss","floor":16,"turns":4},{"damage":0,"enemies":"2 Thieves","floor":18,"turns":3},{"damage":0,"enemies":"3 Byrds","floor":20,"turns":2},{"damage":0,"enemies":"Book of Stabbing","floor":23,"turns":4},{"damage":0,"enemies":"Gremlin Leader","floor":25,"turns":3},{"damage":0,"enemies":"Centurion and Healer","floor":27,"turns":3},{"damage":0,"enemies":"Book of Stabbing","floor":28,"turns":3},{"damage":0,"enemies":"Snake Plant","floor":29,"turns":2},{"damage":0,"enemies":"Gremlin Leader","floor":30,"turns":3},{"damage":11,"enemies":"Sentry and Sphere","floor":31,"turns":3},{"damage":0,"enemies":"Collector","floor":33,"turns":3},{"damage":0,"enemies":"Orb Walker","floor":35,"turns":2},{"damage":0,"enemies":"3 Darklings","floor":37,"turns":2},{"damage":0,"enemies":"Giant Head","floor":40,"turns":1},{"damage":0,"enemies":"4 Shapes","floor":41,"turns":1},{"damage":0,"enemies":"Reptomancer","floor":42,"turns":1},{"damage":0,"enemies":"Writhing Mass","floor":44,"turns":1},{"damage":0,"enemies":"Maw","floor":45,"turns":1},{"damage":0,"enemies":"Nemesis","floor":46,"turns":1},{"damage":0,"enemies":"Giant Head","floor":48,"turns":1},{"damage":0,"enemies":"Time Eater","floor":50,"turns":6},{"damage":0,"enemies":"Awakened One","floor":51,"turns":2},{"damage":0,"enemies":"Shield and Spear","floor":55,"turns":1},{"damage":0,"enemies":"The Heart","floor":56,"turns":4}],"seed_played":"1391941628929227631","potions_obtained":[{"floor":4,"key":"BloodPotion"},{"floor":7,"key":"CultistPotion"},{"floor":10,"key":"SpeedPotion"},{"floor":31,"key":"PowerPotion"},{"floor":37,"key":"ElixirPotion"}],"is_trial":true,"path_per_floor":["M","?","?","M","M","R","E","M","T","E","E","R","$","M","R","B",null,"M","$","M","T","?","E","R","E","T","M","E","M","E","M","R","B",null,"M","$","M","?","T","E","M","E","T","M","M","E","R","E","R","B","B",null,"R","$","E","B",null],"character_chosen":"IRONCLAD","items_purchased":["Medical Kit","Bag of Marbles","Vajra","Pen Nib"],"campfire_rested":0,"item_purchase_floors":[54,54,54,54],"current_hp_per_floor":[74,74,74,75,75,75,75,75,75,75,75,75,75,75,75,75,75,75,75,75,75,75,75,75,75,75,75,75,75,75,75,75,75,75,75,75,75,61,61,67,73,75,75,75,75,75,75,75,75,75,75,75,75,75,75,75],"gold":76,"neow_bonus":"","is_daily":false,"chose_seed":false,"campfire_upgraded":7,"win_rate":0.0,"timestamp":1609095987,"path_taken":["M","?","?","?","M","R","E","M","T","E","?","R","$","?","R","BOSS","M","$","M","?","?","E","R","E","T","M","E","?","E","M","R","BOSS","M","$","M","?","?","E","M","E","T","M","?","E","R","?","R","BOSS","BOSS","R","$","E","BOSS"],"items_purchased_type":["Relic","Relic","Relic","Relic"],"build_version":"2020-12-22","purchased_purges":3,"victory":true,"max_hp_per_floor":[75,75,75,75,75,75,75,75,75,75,75,75,75,75,75,75,75,75,75,75,75,75,75,75,75,75,75,75,75,75,75,75,75,75,75,75,75,75,75,75,75,75,75,75,75,75,75,75,75,75,75,75,75,75,75,75],"relic_stats":{"counters":[32,77],"CeramicFish":27,"Pen Nib":[6],"Letter Opener":[797],"Orichalcum":[0],"Smiling Mask":50,"Medical Kit":[4],"Burning Blood":30,"Mercury Hourglass":[180],"Busted Crown":20,"Sundial":[226],"Gambling Chip":[18],"Pantograph":0,"Tiny Chest":2,"Art of War":[0],"obtain_stats":[{"CeramicFish":22,"Oddly Smooth Stone":39,"Vajra":54,"The Courier":40,"Pen Nib":54,"Letter Opener":9,"Orichalcum":10,"Empty Cage":17,"Smiling Mask":48,"Medical Kit":54,"Burning Blood":0,"Akabeko":30,"Mercury Hourglass":23,"Anchor":26,"Busted Crown":34,"HornCleat":42,"Sundial":46,"Gambling Chip":11,"Pantograph":28,"Tiny Chest":3,"Bag of Marbles":54,"Art of War":55,"FossilizedHelix":7,"Red Skull":43},{"CeramicFish":11,"Oddly Smooth Stone":21,"Vajra":30,"The Courier":22,"Pen Nib":30,"Letter Opener":5,"Orichalcum":6,"Empty Cage":9,"Smiling Mask":28,"Medical Kit":30,"Burning Blood":0,"Akabeko":17,"Mercury Hourglass":12,"Anchor":13,"Busted Crown":19,"HornCleat":24,"Sundial":27,"Gambling Chip":7,"Pantograph":15,"Tiny Chest":1,"Bag of Marbles":30,"Art of War":31,"FossilizedHelix":4,"Red Skull":24},{"CeramicFish":29,"Oddly Smooth Stone":57,"Vajra":72,"The Courier":58,"Pen Nib":72,"Letter Opener":11,"Orichalcum":14,"Empty Cage":24,"Smiling Mask":64,"Medical Kit":72,"Burning Blood":0,"Akabeko":47,"Mercury Hourglass":33,"Anchor":36,"Busted Crown":53,"HornCleat":60,"Sundial":63,"Gambling Chip":17,"Pantograph":42,"Tiny Chest":2,"Bag of Marbles":72,"Art of War":73,"FossilizedHelix":8,"Red Skull":60}]},"card_choices":[{"not_picked":["Prepared","Deflect","Weave"],"picked":"SKIP","floor":1},{"not_picked":["Sanctity","Backflip","Establishment"],"picked":"SKIP","floor":4},{"not_picked":["Redo","Setup","Chill"],"picked":"SKIP","floor":5},{"not_picked":["EmptyBody","Fire Breathing"],"picked":"Acrobatics","floor":7},{"not_picked":["Heavy Blade","EmptyFist","Halt"],"picked":"SKIP","floor":8},{"not_picked":["FollowUp","Thunderclap","Sweeping Beam"],"picked":"SKIP","floor":10},{"not_picked":["CarveReality","Expertise","BattleHymn"],"picked":"SKIP","floor":11},{"not_picked":["Havoc","Twin Strike","Rage"],"picked":"SKIP","floor":14},{"not_picked":["True Grit","Dodge and Roll","Clash"],"picked":"SKIP","floor":18},{"not_picked":["Meteor Strike","Clash+1","Slice"],"picked":"SKIP","floor":20},{"not_picked":["Blizzard+1","Anger"],"picked":"Gash","floor":23},{"not_picked":["Vengeance","Anger","Corruption"],"picked":"SKIP","floor":25},{"not_picked":["Steam Power","Iron Wave","FlyingSleeves"],"picked":"SKIP","floor":27},{"not_picked":["Establishment","Cloak And Dagger","Go for the Eyes"],"picked":"SKIP","floor":28},{"not_picked":["Catalyst","Worship","SandsOfTime"],"picked":"SKIP","floor":29},{"not_picked":["Sanctity","WaveOfTheHand","CrushJoints"],"picked":"SKIP","floor":30},{"not_picked":["Concentrate","Distraction+1","Dagger Throw+1"],"picked":"SKIP","floor":31},{"not_picked":["Expertise"],"picked":"SKIP","floor":35},{"not_picked":["Flame Barrier+1"],"picked":"SKIP","floor":37},{"not_picked":["Quick Slash"],"picked":"SKIP","floor":40},{"not_picked":["Stack"],"picked":"SKIP","floor":41},{"not_picked":["Tools of the Trade"],"picked":"SKIP","floor":42},{"not_picked":["Clash"],"picked":"SKIP","floor":44},{"not_picked":["Storm"],"picked":"SKIP","floor":45},{"not_picked":["Bloodletting"],"picked":"SKIP","floor":46},{"not_picked":["Glacier"],"picked":"SKIP","floor":48},{"not_picked":["Cleave"],"picked":"SKIP","floor":55}],"player_experience":1609828,"relics_obtained":[{"floor":7,"key":"FossilizedHelix"},{"floor":9,"key":"Letter Opener"},{"floor":10,"key":"Orichalcum"},{"floor":11,"key":"Gambling Chip"},{"floor":23,"key":"Mercury Hourglass"},{"floor":26,"key":"Anchor"},{"floor":28,"key":"Pantograph"},{"floor":30,"key":"Akabeko"},{"floor":39,"key":"Oddly Smooth Stone"},{"floor":40,"key":"The Courier"},{"floor":42,"key":"HornCleat"},{"floor":43,"key":"Red Skull"},{"floor":46,"key":"Sundial"},{"floor":48,"key":"Smiling Mask"},{"floor":55,"key":"Art of War"}],"event_choices":[{"cards_removed":["Flex"],"damage_healed":0,"gold_gain":0,"player_choice":"Card Removal","damage_taken":0,"max_hp_gain":0,"max_hp_loss":0,"event_name":"The Cleric","floor":2,"gold_loss":75},{"cards_removed":["Pommel Strike"],"damage_healed":0,"gold_gain":0,"player_choice":"Gave Card","damage_taken":0,"relics_obtained":["Tiny Chest"],"max_hp_gain":0,"max_hp_loss":0,"event_name":"WeMeetAgain","floor":3,"gold_loss":0},{"damage_healed":0,"gold_gain":0,"player_choice":"Obtained Relic","damage_taken":0,"relics_obtained":["CeramicFish"],"max_hp_gain":0,"max_hp_loss":0,"event_name":"Addict","floor":22,"gold_loss":85},{"damage_healed":0,"gold_gain":0,"player_choice":"Embrace Madness","damage_taken":14,"max_hp_gain":0,"max_hp_loss":0,"event_name":"Winding Halls","floor":38,"gold_loss":0,"cards_obtained":["Madness","Madness"]}],"is_beta":false,"boss_relics":[{"not_picked":["Snecko Eye","Ectoplasm"],"picked":"Empty Cage"},{"not_picked":["SacredBark","Runic Dome"],"picked":"Busted Crown"}],"items_purged_floors":[13,36,54],"is_endless":false,"potions_floor_spawned":[4,7,10,14,16,18,25,30,31,35,37,42,46,55],"ascension_level":20}}