{"host":"og6lam4kt3nibbw0","time":1609092028,"event":{"mods":["AchievementEnabler","BaseMod","Colored Map","DeckTracker","Highlight Path","Keyboard Shortcuts","Minty Spire (QoL Compilation)","Permanent Neow","Quick Restart","StSLib","SuperFastMode"],"gold_per_floor":[114,131,17,67,78,78,112,112,112,141,159,159,188,188,188,266,266,279,81,81,92,92,125,137,149,188,219,231,258,282,327,339,351,351],"floor_reached":33,"playtime":1138,"items_purged":["Fusion"],"score":681,"play_id":"5e54d92b-f202-44e9-a3a3-87d06750b082","local_time":"20201228030028","is_ascension_mode":true,"campfire_choices":[{"data":"Zap","floor":6.0,"key":"SMITH"},{"floor":8.0,"key":"REST"},{"data":"Dualcast","floor":15.0,"key":"SMITH"},{"floor":28.0,"key":"REST"},{"floor":32,"key":"REST"}],"circlet_count":0,"master_deck":["AscendersBane","Zap+1","Dualcast+1","Electrodynamics","Steam","Steam","Defragment","Core Surge+1","FTL","Defragment","Self Repair+1","Lockon","Core Surge","Conserve Battery","Sweeping Beam","Thunder Strike","CurseOfTheBell","Coolheaded","Defragment","Tempest","Turbo","Defragment","Recycle"],"relics":["Pandora\u0027s Box","Question Card","DataDisk","Cables","Pantograph","Calling Bell","Gambling Chip","InkBottle","Smiling Mask","Membership Card","MawBank","Nilry\u0027s Codex","CaptainsWheel"],"acts_visited":["Exordium","TheCity"],"potions_floor_usage":[31],"damage_taken":[{"damage":10.0,"enemies":"Small Slimes","floor":1.0,"turns":2.0},{"damage":0.0,"enemies":"Cultist","floor":2.0,"turns":3.0},{"damage":9.0,"enemies":"2 Louse","floor":5.0,"turns":2.0},{"damage":14.0,"enemies":"Lagavulin","floor":7.0,"turns":4.0},{"damage":8.0,"enemies":"3 Sentries","floor":10.0,"turns":3.0},{"damage":5.0,"enemies":"Looter","floor":11.0,"turns":2.0},{"damage":0.0,"enemies":"Gremlin Nob","floor":13.0,"turns":2.0},{"damage":29.0,"enemies":"The Guardian","floor":16.0,"turns":6.0},{"damage":6.0,"enemies":"3 Byrds","floor":18.0,"turns":2.0},{"damage":20.0,"enemies":"Shell Parasite","floor":21.0,"turns":3.0},{"damage":40.0,"enemies":"Book of Stabbing","floor":23.0,"turns":4.0},{"damage":0.0,"enemies":"Cultist and Chosen","floor":27.0,"turns":3.0},{"damage":24.0,"enemies":"Snake Plant","floor":29.0,"turns":3.0},{"damage":11.0,"enemies":"Sentry and Sphere","floor":30.0,"turns":3.0},{"damage":12,"enemies":"Gremlin Leader","floor":31,"turns":4},{"damage":72,"enemies":"Automaton","floor":33,"turns":6}],"seed_played":"7760887942771388916","potions_obtained":[{"floor":1.0,"key":"EssenceOfSteel"},{"floor":10.0,"key":"ColorlessPotion"},{"floor":16.0,"key":"Dexterity Potion"},{"floor":18.0,"key":"Regen Potion"},{"floor":25.0,"key":"DistilledChaos"}],"is_trial":false,"path_per_floor":["M","M","$","?","M","R","E","R","T","E","M","?","E","?","R","B",null,"M","$","?","M","?","E","?","?","T","M","R","M","M","E","R","B"],"character_chosen":"DEFECT","items_purchased":["Lockon","Membership Card","Defragment"],"campfire_rested":3,"item_purchase_floors":[3,19,19],"current_hp_per_floor":[54,54,54,54,45,45,38,59,59,51,53,32,32,37,37,43,68,72,72,72,62,62,44,23,23,23,33,55,41,30,18,40,0,0],"gold":351,"neow_bonus":"BOSS_RELIC","is_daily":false,"chose_seed":false,"campfire_upgraded":2,"win_rate":0.0,"timestamp":1609092028,"path_taken":["M","M","$","?","M","R","E","R","T","E","?","?","E","?","R","BOSS","M","$","?","?","?","E","?","?","T","M","R","?","M","E","R","BOSS"],"items_purchased_type":["Card","Relic","Card"],"build_version":"2020-12-22","purchased_purges":1,"victory":false,"max_hp_per_floor":[71,71,71,71,71,71,71,71,71,71,71,71,71,76,76,76,76,76,76,76,76,76,76,76,76,76,76,76,76,76,76,76,76,76],"card_choices":[{"not_picked":["Heatsinks","Rip and Tear"],"picked":"Defragment","floor":1.0},{"not_picked":["Hologram","Beam Cell"],"picked":"Self Repair","floor":2.0},{"not_picked":["Streamline","Steam","Redo"],"picked":"SKIP","floor":5.0},{"not_picked":["Recycle","Undo"],"picked":"Core Surge","floor":7.0},{"not_picked":["Rebound","Cold Snap","Steam","Darkness"],"picked":"SKIP","floor":10.0},{"not_picked":["Steam Power","Beam Cell","Blizzard"],"picked":"Conserve Battery","floor":11.0},{"not_picked":["Rebound","Go for the Eyes","Stack"],"picked":"Sweeping Beam","floor":13.0},{"not_picked":["Creative AI","Core Surge","Seek"],"picked":"Thunder Strike","floor":16.0},{"not_picked":["Barrage","Redo+1","Cold Snap"],"picked":"Coolheaded","floor":18.0},{"not_picked":["Ball Lightning","Coolheaded","Conserve Battery"],"picked":"Tempest","floor":21.0},{"not_picked":["Beam Cell","Sweeping Beam","All For One"],"picked":"Defragment","floor":23.0},{"not_picked":["Hologram","Coolheaded","Barrage+1","Streamline"],"picked":"SKIP","floor":27.0},{"not_picked":["Steam Power","Beam Cell","Gash","Turbo"],"picked":"SKIP","floor":29.0},{"not_picked":["Ball Lightning","Sweeping Beam","Multi-Cast","Hello World"],"picked":"SKIP","floor":30.0},{"not_picked":["Gash+1","Coolheaded","Steam Power"],"picked":"Recycle","floor":31}],"player_experience":843216,"relics_obtained":[{"floor":7.0,"key":"Question Card"},{"floor":9.0,"key":"DataDisk"},{"floor":10.0,"key":"Cables"},{"floor":13.0,"key":"Pantograph"},{"floor":17.0,"key":"Gambling Chip"},{"floor":17.0,"key":"InkBottle"},{"floor":17.0,"key":"Smiling Mask"},{"floor":23.0,"key":"MawBank"},{"floor":24.0,"key":"Nilry\u0027s Codex"},{"floor":31,"key":"CaptainsWheel"}],"event_choices":[{"damage_healed":0.0,"max_hp_gain":0.0,"max_hp_loss":0.0,"gold_gain":50.0,"event_name":"Golden Shrine","player_choice":"Pray","floor":4.0,"gold_loss":0.0,"damage_taken":0.0},{"damage_healed":0.0,"max_hp_gain":0.0,"max_hp_loss":0.0,"gold_gain":0.0,"event_name":"Shining Light","player_choice":"Entered Light","floor":12.0,"gold_loss":0.0,"damage_taken":21.0,"cards_upgraded":["Self Repair","Core Surge"]},{"damage_healed":0.0,"max_hp_gain":5.0,"max_hp_loss":0.0,"gold_gain":0.0,"event_name":"Big Fish","player_choice":"Donut","floor":14.0,"gold_loss":0.0,"damage_taken":0.0},{"cards_removed":["Rebound"],"damage_healed":0.0,"max_hp_gain":0.0,"max_hp_loss":0.0,"gold_gain":0.0,"event_name":"Purifier","player_choice":"Purged","floor":20.0,"gold_loss":0.0,"damage_taken":0.0},{"damage_healed":0.0,"max_hp_gain":0.0,"max_hp_loss":0.0,"gold_gain":0.0,"event_name":"The Library","player_choice":"Read","floor":22.0,"gold_loss":0.0,"damage_taken":0.0,"cards_obtained":["Turbo"]},{"damage_healed":0.0,"max_hp_gain":0.0,"max_hp_loss":0.0,"gold_gain":0.0,"event_name":"Cursed Tome","player_choice":"Obtained Book","floor":24.0,"gold_loss":0.0,"damage_taken":21.0},{"damage_healed":0.0,"max_hp_gain":0.0,"max_hp_loss":0.0,"gold_gain":0.0,"event_name":"Lab","player_choice":"Got Potions","floor":25.0,"gold_loss":0.0,"damage_taken":0.0}],"is_beta":false,"boss_relics":[{"not_picked":["Philosopher\u0027s Stone","Astrolabe"],"picked":"Calling Bell"}],"items_purged_floors":[3],"is_endless":false,"potions_floor_spawned":[1,10,11,16,18,30],"killed_by":"Automaton","ascension_level":20}}