{"host":"zxkjcgzis4pm3za5","time":1609042106,"event":{"mods":["AchievementEnabler","BaseMod","Colored Map","Colored Powertips","Minty Spire (QoL Compilation)","Quick Restart","RNG Fix","Random Character Button","StSLib"],"gold_per_floor":[110,110,110,35,46,71,71,103,129,157,195,195,216,254,254,368,368,390,489,514,439,468,468,494,494,527,567,567,609,609,625,625,625,634,653,653,337,355,355,394,394,428,428,428,439,462,462,327,327,327,327],"floor_reached":50,"playtime":2004,"items_purged":["Regret","Strike_B"],"score":884,"play_id":"0620dac9-f7a7-4b17-8171-161345aeb0c8","local_time":"20201227093826","is_ascension_mode":true,"campfire_choices":[{"floor":7.0,"key":"REST"},{"floor":12.0,"key":"REST"},{"data":"1","floor":15.0,"key":"LIFT"},{"data":"2","floor":23.0,"key":"LIFT"},{"data":"3","floor":25.0,"key":"LIFT"},{"data":"Buffer","floor":28.0,"key":"SMITH"},{"data":"Loop","floor":32.0,"key":"SMITH"},{"floor":41.0,"key":"REST"},{"floor":44,"key":"REST"},{"floor":47,"key":"RECALL"},{"data":"Fission","floor":49,"key":"SMITH"}],"circlet_count":0,"master_deck":["AscendersBane","Defend_B+1","Defend_B","Defend_B+1","Defend_B","Zap+1","Dualcast","Ball Lightning+1","Chill","Streamline","Glacier","Coolheaded","Undo","Rebound","Sweeping Beam","Seek","Conserve Battery","Doom and Gloom+1","Barrage+1","Buffer+1","Steam Power+1","Loop+1","CurseOfTheBell","Compile Driver+1","Fission+1","Madness","Madness","Hologram+1","Go for the Eyes+1","Capacitor+1","Static Discharge+1","All For One"],"relics":["Sozu","Ornamental Fan","Strawberry","Vajra","CeramicFish","Girya","Torii","Cursed Key","Oddly Smooth Stone","Pantograph","Calling Bell","HornCleat","Thread and Needle","War Paint","Omamori","Frozen Egg 2","Boot","White Beast Statue"],"acts_visited":["Exordium","TheCity","TheBeyond"],"potions_floor_usage":[],"damage_taken":[{"damage":10.0,"enemies":"Small Slimes","floor":1.0,"turns":4.0},{"damage":0.0,"enemies":"Cultist","floor":5.0,"turns":3.0},{"damage":25.0,"enemies":"Gremlin Nob","floor":6.0,"turns":4.0},{"damage":12.0,"enemies":"3 Sentries","floor":8.0,"turns":7.0},{"damage":0.0,"enemies":"2 Louse","floor":10.0,"turns":2.0},{"damage":28.0,"enemies":"Gremlin Nob","floor":11.0,"turns":4.0},{"damage":1.0,"enemies":"Gremlin Gang","floor":13.0,"turns":4.0},{"damage":1.0,"enemies":"Lagavulin","floor":14.0,"turns":5.0},{"damage":7.0,"enemies":"Slime Boss","floor":16.0,"turns":10.0},{"damage":0.0,"enemies":"2 Thieves","floor":18.0,"turns":4.0},{"damage":1.0,"enemies":"Shell Parasite","floor":20.0,"turns":5.0},{"damage":1.0,"enemies":"3 Cultists","floor":22.0,"turns":5.0},{"damage":1.0,"enemies":"Sentry and Sphere","floor":24.0,"turns":4.0},{"damage":0.0,"enemies":"Gremlin Leader","floor":27.0,"turns":8.0},{"damage":2.0,"enemies":"Slavers","floor":29.0,"turns":5.0},{"damage":14.0,"enemies":"Snake Plant","floor":31.0,"turns":3.0},{"damage":42.0,"enemies":"Collector","floor":33.0,"turns":11.0},{"damage":0.0,"enemies":"3 Shapes","floor":35.0,"turns":3.0},{"damage":8.0,"enemies":"Reptomancer","floor":40.0,"turns":7.0},{"damage":47,"enemies":"Giant Head","floor":42,"turns":10},{"damage":0,"enemies":"3 Darklings","floor":45,"turns":5},{"damage":0,"enemies":"Sphere and 2 Shapes","floor":46,"turns":5},{"damage":82,"enemies":"Time Eater","floor":50,"turns":11}],"seed_played":"1929096286731827097","potions_obtained":[],"is_trial":false,"path_per_floor":["M","?","?","$","M","E","R","E","T","M","E","R","M","E","R","B",null,"M","?","M","?","M","R","M","R","T","E","R","E","?","M","R","B",null,"M","?","$","?","?","E","R","E","T","R","M","M","R","$","R","B"],"character_chosen":"DEFECT","items_purchased":["Omamori","Fission","Static Discharge+1","All For One"],"campfire_rested":4,"item_purchase_floors":[37,37,48,48],"current_hp_per_floor":[58,43,43,43,43,25,49,37,37,37,9,33,32,31,31,24,68,68,68,67,67,66,66,65,65,65,65,65,63,63,49,49,32,67,67,67,67,57,57,49,72,25,25,48,48,48,48,48,48,0,0],"gold":327,"neow_bonus":"BOSS_RELIC","is_daily":false,"chose_seed":false,"campfire_upgraded":3,"win_rate":0.0,"timestamp":1609042106,"path_taken":["M","?","?","$","M","E","R","E","T","M","E","R","M","E","R","BOSS","M","?","?","?","M","R","M","R","T","E","R","E","?","M","R","BOSS","M","?","$","?","?","E","R","E","T","R","M","?","R","$","R","BOSS"],"items_purchased_type":["Relic","Card","Card","Card"],"build_version":"2020-12-22","purchased_purges":2,"victory":false,"max_hp_per_floor":[75,75,75,75,75,82,82,82,82,82,82,82,82,82,82,82,82,82,82,82,82,82,82,82,82,82,82,82,82,79,79,79,79,79,79,79,79,79,79,79,79,79,79,79,79,79,79,79,79,79,79],"card_choices":[{"not_picked":["Hello World","Sweeping Beam"],"picked":"Ball Lightning","floor":1.0},{"not_picked":["Steam","Fusion"],"picked":"Chill","floor":5.0},{"not_picked":["Conserve Battery","Go for the Eyes"],"picked":"Streamline","floor":6.0},{"not_picked":["Beam Cell","Thunder Strike"],"picked":"Glacier","floor":8.0},{"not_picked":["Undo","Gash"],"picked":"Coolheaded","floor":10.0},{"not_picked":["Cold Snap","Tempest"],"picked":"Undo","floor":11.0},{"not_picked":["FTL","Redo"],"picked":"Rebound","floor":13.0},{"not_picked":["Conserve Battery","Turbo"],"picked":"Sweeping Beam","floor":14.0},{"not_picked":["Hyperbeam","Creative AI"],"picked":"Seek","floor":16.0},{"not_picked":["Stack","Sunder"],"picked":"Conserve Battery","floor":18.0},{"not_picked":["Turbo+1","Genetic Algorithm"],"picked":"Doom and Gloom+1","floor":20.0},{"not_picked":["Sweeping Beam+1","Tempest"],"picked":"Barrage+1","floor":22.0},{"not_picked":["Turbo","Doom and Gloom+1"],"picked":"Buffer","floor":24.0},{"not_picked":["Aggregate+1","Cold Snap"],"picked":"Steam Power+1","floor":27.0},{"not_picked":["Steam Power","Go for the Eyes"],"picked":"Loop","floor":29.0},{"not_picked":["Heatsinks","Barrage","Tempest"],"picked":"SKIP","floor":31.0},{"not_picked":["Gash+1","Melter"],"picked":"Compile Driver+1","floor":35.0},{"not_picked":["Doom and Gloom","Redo"],"picked":"Hologram+1","floor":40.0},{"not_picked":["Beam Cell","Cold Snap+1"],"picked":"Go for the Eyes+1","floor":42},{"not_picked":["Aggregate+1","Redo+1","Multi-Cast"],"picked":"SKIP","floor":45},{"not_picked":["Hologram+1","Scrape"],"picked":"Capacitor+1","floor":46}],"player_experience":150629,"relics_obtained":[{"floor":6.0,"key":"Strawberry"},{"floor":8.0,"key":"Vajra"},{"floor":9.0,"key":"CeramicFish"},{"floor":11.0,"key":"Girya"},{"floor":14.0,"key":"Torii"},{"floor":27.0,"key":"Oddly Smooth Stone"},{"floor":29.0,"key":"Pantograph"},{"floor":34.0,"key":"HornCleat"},{"floor":34.0,"key":"Thread and Needle"},{"floor":34.0,"key":"War Paint"},{"floor":40.0,"key":"Frozen Egg 2"},{"floor":42,"key":"Boot"},{"floor":43,"key":"White Beast Statue"}],"event_choices":[{"damage_healed":0.0,"max_hp_gain":0.0,"max_hp_loss":0.0,"gold_gain":0.0,"event_name":"Shining Light","player_choice":"Entered Light","floor":2.0,"gold_loss":0.0,"damage_taken":15.0,"cards_upgraded":["Ball Lightning","Defend_B"]},{"damage_healed":0.0,"max_hp_gain":0.0,"max_hp_loss":0.0,"gold_gain":0.0,"event_name":"Big Fish","player_choice":"Box","floor":3.0,"gold_loss":0.0,"damage_taken":0.0,"relics_obtained":["Ornamental Fan"],"cards_obtained":["Regret"]},{"damage_healed":0.0,"max_hp_gain":0.0,"max_hp_loss":0.0,"gold_gain":99.0,"event_name":"Nest","player_choice":"Stole From Cult","floor":19.0,"gold_loss":0.0,"damage_taken":0.0},{"cards_removed":["Strike_B"],"damage_healed":0.0,"max_hp_gain":0.0,"max_hp_loss":0.0,"gold_gain":0.0,"event_name":"Beggar","player_choice":"Gave Gold","floor":21.0,"gold_loss":75.0,"damage_taken":0.0},{"cards_removed":["Parasite"],"damage_healed":0.0,"max_hp_gain":0.0,"max_hp_loss":0.0,"gold_gain":0.0,"event_name":"Back to Basics","player_choice":"Elegance","floor":30.0,"gold_loss":0.0,"damage_taken":0.0},{"cards_removed":["Strike_B"],"damage_healed":0.0,"max_hp_gain":0.0,"max_hp_loss":0.0,"gold_gain":0.0,"event_name":"Bonfire Elementals","player_choice":"Offered Basic","floor":36.0,"gold_loss":0.0,"damage_taken":0.0},{"damage_healed":0.0,"max_hp_gain":0.0,"max_hp_loss":0.0,"gold_gain":0.0,"event_name":"Winding Halls","player_choice":"Embrace Madness","floor":38.0,"gold_loss":0.0,"damage_taken":10.0,"cards_obtained":["Madness","Madness"]},{"cards_removed":["Strike_B"],"damage_healed":0.0,"max_hp_gain":0.0,"max_hp_loss":0.0,"gold_gain":0.0,"event_name":"Wheel of Change","player_choice":"Card Removal","floor":39.0,"gold_loss":0.0,"damage_taken":0.0}],"is_beta":false,"boss_relics":[{"not_picked":["Fusion Hammer","Velvet Choker"],"picked":"Cursed Key"},{"not_picked":["Empty Cage","Busted Crown"],"picked":"Calling Bell"}],"items_purged_floors":[4,37],"is_endless":false,"potions_floor_spawned":[1,5,10,13,14,20,22,27,31,40,45,46],"killed_by":"Time Eater","ascension_level":10}}