{"host":"ydujlihd8f5px9gp","time":1609091725,"event":{"mods":["AchievementEnabler","BaseMod","Block Reminder","Colored Map","Minty Spire (QoL Compilation)"],"gold_per_floor":[114,129,142,161,15,43,43,53,76,96,110,127,0,20,20,125,125,142,153,172,192,204,204,204,214,214,89,109,109,109,125,125,225,275,295,314,332,332,332],"floor_reached":38,"playtime":3329,"items_purged":["Strike_G","Strike_G"],"score":440,"play_id":"6218a04f-5bfb-4ebe-906f-dca4d833234a","local_time":"20201227155525","is_ascension_mode":false,"campfire_choices":[{"data":"Venomology","floor":7,"key":"SMITH"},{"data":"Neutralize","floor":15,"key":"SMITH"},{"data":"Noxious Fumes","floor":23,"key":"SMITH"},{"floor":32,"key":"REST"}],"circlet_count":0,"master_deck":["Strike_G","Strike_G","Strike_G","Defend_G","Defend_G","Defend_G","Defend_G","Defend_G","Survivor","Neutralize+1","Dash","PiercingWail","Deadly Poison+1","Backstab","Infinite Blades","Venomology+1","Blade Dance","Poisoned Stab","Noxious Fumes+1","Die Die Die","CurseOfTheBell","Slice+1","Flechettes+1","Deadly Poison","Phantasmal Killer","Footwork","Bane","Dagger Spray","Finisher","Bane+1","Blade Dance+1"],"relics":["Ring of the Snake","Letter Opener","Smiling Mask","Calling Bell","Blood Vial","Ornamental Fan","Unceasing Top","Bottled Tornado","Tiny House"],"acts_visited":["Exordium","TheCity","TheBeyond"],"potions_floor_usage":[6,8,11,11,12,14,16,18,19,20,20,20,21,21,22,28,33,33,33,33,35,36,36,37,37],"damage_taken":[{"damage":0,"enemies":"Cultist","floor":1,"turns":3},{"damage":7,"enemies":"2 Louse","floor":2,"turns":3},{"damage":4,"enemies":"Jaw Worm","floor":3,"turns":4},{"damage":0,"enemies":"3 Louse","floor":4,"turns":6},{"damage":10,"enemies":"3 Sentries","floor":6,"turns":7},{"damage":13,"enemies":"2 Fungi Beasts","floor":8,"turns":4},{"damage":0,"enemies":"Red Slaver","floor":10,"turns":3},{"damage":1,"enemies":"Exordium Wildlife","floor":11,"turns":3},{"damage":1,"enemies":"Large Slime","floor":12,"turns":5},{"damage":0,"enemies":"Gremlin Gang","floor":14,"turns":5},{"damage":0,"enemies":"Slime Boss","floor":16,"turns":8},{"damage":1,"enemies":"Chosen","floor":18,"turns":4},{"damage":16,"enemies":"Spheric Guardian","floor":19,"turns":4},{"damage":15,"enemies":"Snecko","floor":20,"turns":5},{"damage":9,"enemies":"Centurion and Healer","floor":21,"turns":7},{"damage":23,"enemies":"Cultist and Chosen","floor":22,"turns":7},{"damage":17,"enemies":"Shelled Parasite and Fungi","floor":25,"turns":6},{"damage":15,"enemies":"Centurion and Healer","floor":28,"turns":7},{"damage":6,"enemies":"Chosen and Byrds","floor":31,"turns":4},{"damage":55,"enemies":"Automaton","floor":33,"turns":8},{"damage":21,"enemies":"3 Shapes","floor":35,"turns":5},{"damage":13,"enemies":"Orb Walker","floor":36,"turns":4},{"damage":47,"enemies":"Spire Growth","floor":37,"turns":6},{"damage":8,"enemies":"3 Darklings","floor":38,"turns":2}],"seed_played":"-2726550532799340501","potions_obtained":[{"floor":1,"key":"Block Potion"},{"floor":4,"key":"ColorlessPotion"},{"floor":10,"key":"Swift Potion"},{"floor":11,"key":"EssenceOfSteel"},{"floor":14,"key":"BlessingOfTheForge"},{"floor":16,"key":"CunningPotion"},{"floor":20,"key":"SpeedPotion"},{"floor":28,"key":"DistilledChaos"},{"floor":33,"key":"EssenceOfSteel"},{"floor":34,"key":"Strength Potion"}],"is_trial":false,"path_per_floor":["M","M","M","M","$","E","R","M","T","M","M","M","$","M","R","B",null,"M","M","M","M","M","R","?","M","T","$","M","?","?","M","R","B",null,"M","M","M","M"],"character_chosen":"THE_SILENT","items_purchased":["Backstab","Infinite Blades","Noxious Fumes","Footwork"],"campfire_rested":1,"item_purchase_floors":[5,5,13,27],"current_hp_per_floor":[77,70,66,66,66,56,56,43,43,43,42,41,41,41,41,41,77,76,61,60,53,32,32,32,17,17,17,4,29,29,25,48,23,82,61,50,5,0,0],"gold":332,"neow_bonus":"TEN_PERCENT_HP_BONUS","is_daily":false,"chose_seed":false,"campfire_upgraded":3,"win_rate":0.0,"timestamp":1609091725,"path_taken":["M","M","M","M","$","E","R","?","T","M","M","M","$","?","R","BOSS","M","M","M","M","M","R","?","M","T","$","M","?","?","M","R","BOSS","M","M","M","M"],"items_purchased_type":["Card","Card","Card","Card"],"build_version":"2020-12-22","purchased_purges":2,"victory":false,"max_hp_per_floor":[77,77,77,77,77,77,77,77,77,77,77,77,77,77,77,77,77,77,77,77,77,77,77,77,77,77,77,77,77,77,77,77,77,82,82,82,82,82,82],"card_choices":[{"not_picked":["Expertise","Deadly Poison"],"picked":"Dash","floor":1},{"not_picked":["Quick Slash","Leg Sweep"],"picked":"PiercingWail","floor":2},{"not_picked":["Masterful Stab","Slice"],"picked":"Deadly Poison","floor":3},{"not_picked":["Distraction","Masterful Stab","Deadly Poison"],"picked":"SKIP","floor":4},{"not_picked":["Bane","Adrenaline"],"picked":"Venomology","floor":6},{"not_picked":["Bouncing Flask","Terror"],"picked":"Blade Dance","floor":8},{"not_picked":["Acrobatics","Well Laid Plans","Expertise"],"picked":"SKIP","floor":10},{"not_picked":["Outmaneuver","Escape Plan","Deflect"],"picked":"SKIP","floor":11},{"not_picked":["Leg Sweep","Calculated Gamble"],"picked":"Poisoned Stab","floor":12},{"not_picked":["Prepared","Sucker Punch","Acrobatics"],"picked":"SKIP","floor":14},{"not_picked":["Adrenaline","Unload"],"picked":"Die Die Die","floor":16},{"not_picked":["Caltrops","Backflip","Slice"],"picked":"SKIP","floor":18},{"not_picked":["Prepared","Dagger Throw"],"picked":"Slice+1","floor":19},{"not_picked":["Heel Hook","Sucker Punch"],"picked":"Flechettes+1","floor":20},{"not_picked":["Dodge and Roll","Slice"],"picked":"Deadly Poison","floor":21},{"not_picked":["Backflip","Slice"],"picked":"Phantasmal Killer","floor":22},{"not_picked":["Poisoned Stab","Outmaneuver","Dagger Throw"],"picked":"SKIP","floor":25},{"not_picked":["Poisoned Stab","Well Laid Plans"],"picked":"Bane","floor":28},{"not_picked":["Dash","Sucker Punch"],"picked":"Dagger Spray","floor":31},{"not_picked":["Night Terror","Dagger Throw+1"],"picked":"Finisher","floor":35},{"not_picked":["Escape Plan+1","Eviscerate"],"picked":"Bane+1","floor":36},{"not_picked":["Dagger Spray","Dagger Throw"],"picked":"Blade Dance+1","floor":37}],"player_experience":39788,"relics_obtained":[{"floor":6,"key":"Letter Opener"},{"floor":9,"key":"Smiling Mask"},{"floor":17,"key":"Blood Vial"},{"floor":17,"key":"Ornamental Fan"},{"floor":17,"key":"Unceasing Top"},{"floor":26,"key":"Bottled Tornado"}],"event_choices":[{"damage_healed":0,"gold_gain":0,"player_choice":"Ignored","damage_taken":0,"max_hp_gain":0,"max_hp_loss":0,"event_name":"Ghosts","floor":24,"gold_loss":0},{"damage_healed":25,"gold_gain":0,"player_choice":"Heal","damage_taken":0,"max_hp_gain":0,"max_hp_loss":0,"event_name":"The Library","floor":29,"gold_loss":0},{"damage_healed":0,"gold_gain":0,"player_choice":"Ignored","damage_taken":0,"max_hp_gain":0,"max_hp_loss":0,"event_name":"Cursed Tome","floor":30,"gold_loss":0}],"is_beta":false,"boss_relics":[{"not_picked":["Philosopher\u0027s Stone","Cursed Key"],"picked":"Calling Bell"},{"not_picked":["Empty Cage","SacredBark"],"picked":"Tiny House"}],"items_purged_floors":[13,27],"is_endless":false,"potions_floor_spawned":[1,4,10,11,14,16,19,20,28,33,35],"killed_by":"3 Darklings","ascension_level":0}}