{"host":"uyrebrj0204enqpc","time":1609110610,"event":{"mods":["Act Like it!","Bard","BaseMod","Block Reminder","Challenge The Spire","Colored Map","Colored Powertips","DeckTracker","Downfall","GifTheSpireLib","HexUI Lib","Highlight Path","Hubris","Infinite Spire","Minty Spire (QoL Compilation)","Quick Restart","Random Character Button","Relic Sorter","Relic Stats","Replay The Spire","Shop Mod","StSLib","The Blue Laboratory","The Bug Knight","The Cursed","The Jungle","The Marked","Wandering Minibosses"],"gold_per_floor":[111,111,36,50,50,81,81,81,81,81,81,94,94,120,120,220,220,232,232,252,266,20,49,66,66,66,66,66,3,3,19,19,123,223,233,233,233,244,261,286,303,303,303,318,318,348,366,399,399,399],"floor_reached":51,"playtime":3169,"items_purged":["Strike_R","Strike_R","Defend_R","Defend_R","Strike_R","Strike_R","Shame"],"score":695,"play_id":"77487cf2-b7c5-46f4-8f7c-ea1ff9fd386e","local_time":"20201227181010","is_ascension_mode":true,"campfire_choices":[{"data":"infinitespire:OneForAll","floor":8.0,"key":"SMITH"},{"data":"Bash","floor":13.0,"key":"SMITH"},{"data":"True Grit","floor":15.0,"key":"SMITH"},{"floor":25.0,"key":"REST"},{"data":"Barricade","floor":30.0,"key":"SMITH"},{"floor":32.0,"key":"REST"},{"data":"infinitespire:Fortify","floor":42.0,"key":"SMITH"},{"floor":49,"key":"RECALL"}],"circlet_count":0,"master_deck":["Strike_R","Defend_R+1","Defend_R+1","Bash+1","infinitespire:OneForAll+1","Headbutt","infinitespire:UltimateForm","Heavy Blade","Wild Strike","True Grit+1","Barricade+1","infinitespire:OneForAll","Double Tap","infinitespire:Fortify+1","Seeing Red","Madness","Madness","Sword Boomerang+1"],"relics":["Burning Blood","NeowsBlessing","hubris:TenFootPole","Bronze Scales","hubris:FruitBowl","hubris:EvacipatedBox","Toy Ornithopter","Juzu Bracelet","hubris:Teleporter","Replay:Bronze Core","infinitespire:Lucky Rock","Lantern","Sundial","Membership Card","hubris:DisguiseKit","Replay:Wanted Poster","hubris:Towel","Replay:Rubber Ducky","infinitespire:FocusingShard","hubris:SlimyHat","Gremlin Horn"],"acts_visited":["Exordium","TheCity","TheBeyond"],"potions_floor_usage":[48,50],"damage_taken":[{"damage":0.0,"enemies":"2 Louse","floor":1.0,"turns":1.0},{"damage":0.0,"enemies":"Cultist","floor":4.0,"turns":1.0},{"damage":0.0,"enemies":"Lagavulin","floor":6.0,"turns":1.0},{"damage":0.0,"enemies":"Small Slimes","floor":12.0,"turns":3.0},{"damage":20.0,"enemies":"3 Sentries","floor":14.0,"turns":5.0},{"damage":18.0,"enemies":"Hexaghost","floor":16.0,"turns":8.0},{"damage":7.0,"enemies":"Shell Parasite","floor":18.0,"turns":5.0},{"damage":20.0,"enemies":"Spheric Guardian","floor":20.0,"turns":6.0},{"damage":3.0,"enemies":"Snecko","floor":21.0,"turns":4.0},{"damage":57.0,"enemies":"Slavers","floor":23.0,"turns":8.0},{"damage":18.0,"enemies":"Snake Plant","floor":24.0,"turns":4.0},{"damage":15.0,"enemies":"Chosen and Byrds","floor":31.0,"turns":4.0},{"damage":18.0,"enemies":"Champ","floor":33.0,"turns":11.0},{"damage":7.0,"enemies":"3 Shapes","floor":35.0,"turns":8.0},{"damage":0.0,"enemies":"3 Darklings","floor":38.0,"turns":7.0},{"damage":19.0,"enemies":"Transient","floor":39.0,"turns":5.0},{"damage":1.0,"enemies":"Nemesis","floor":40.0,"turns":5.0},{"damage":42.0,"enemies":"Maw","floor":41.0,"turns":6.0},{"damage":22.0,"enemies":"4 Shapes","floor":44.0,"turns":6.0},{"damage":0.0,"enemies":"HollowMod:StalkingDevout","floor":46.0,"turns":4.0},{"damage":0.0,"enemies":"Transient","floor":47.0,"turns":5.0},{"damage":7,"enemies":"Nemesis","floor":48,"turns":7},{"damage":0,"enemies":"Replay:Hell Engine","floor":50,"turns":8}],"seed_played":"2897762726276928392","potions_obtained":[{"floor":1.0,"key":"PowerPotion"},{"floor":2.0,"key":"SteroidPotion"},{"floor":2.0,"key":"blueLaboratory:LouseDecoction"},{"floor":2.0,"key":"blueLaboratory:FruitPreserves"},{"floor":14.0,"key":"blueLaboratory:HeartbeatPotion"},{"floor":16.0,"key":"blueLaboratory:PhilterOfMotion"},{"floor":21.0,"key":"hexamod:EctoCoolerPotion"},{"floor":23.0,"key":"Adrenaline Potion"},{"floor":31.0,"key":"blueLaboratory:LouseDecoction"},{"floor":35.0,"key":"Explosive Potion"},{"floor":40.0,"key":"LifebloodPotion"},{"floor":44.0,"key":"infinitespire:BlackPotion"},{"floor":47.0,"key":"blueLaboratory:IronCompound"},{"floor":48,"key":"Energy Potion"}],"is_trial":false,"path_per_floor":["M","?","$","M","?","E","?","R","T","$","?","M","R","E","R","B",null,"M","?","M","M","$","E","M","R","T","AVR","?","$","R","M","R","B",null,"M","?","AVR","M","M","E","M","R","T","M","?","E","M","E","R","B",null],"character_chosen":"IRONCLAD","items_purchased":["hubris:FruitBowl","hubris:EvacipatedBox","Toy Ornithopter","Juzu Bracelet","Energy Potion","infinitespire:Lucky Rock"],"campfire_rested":2,"item_purchase_floors":[10,10,10,10,10,22],"current_hp_per_floor":[80,80,80,80,64,70,60,60,60,28,28,34,34,25,25,18,80,79,79,65,78,78,27,15,39,39,39,39,39,39,30,54,47,80,79,79,79,80,72,80,44,44,44,28,23,34,40,44,44,55],"gold":399,"neow_bonus":"THREE_ENEMY_KILL","is_daily":false,"chose_seed":false,"campfire_upgraded":5,"win_rate":0.0,"timestamp":1609110610,"path_taken":["M","?","$","?","?","E","?","R","T","?","?","M","R","E","R","BOSS","M","?","M","M","?","E","M","R","T","AVR","?","$","R","M","R","BOSS","M","?","AVR","M","M","E","M","R","T","M","?","E","M","E","R","BOSS"],"items_purchased_type":["Relic","Relic","Relic","Relic","Potion","Relic"],"build_version":"2020-12-22","purchased_purges":7,"victory":true,"max_hp_per_floor":[80,80,80,80,80,80,80,80,80,80,80,80,80,80,80,80,80,80,80,80,80,80,80,80,80,80,80,80,80,80,80,80,80,80,80,80,80,80,80,80,80,80,80,80,80,80,80,80,80,80],"relic_stats":{"Gremlin Horn":[2,2],"counters":[23,122],"Sundial":[14],"Bronze Scales":[325],"Juzu Bracelet":1,"obtain_stats":[{"hubris:DisguiseKit":28,"Lantern":23,"hubris:Teleporter":14,"NeowsBlessing":0,"Gremlin Horn":48,"hubris:FruitBowl":10,"infinitespire:FocusingShard":40,"Juzu Bracelet":10,"hubris:SlimyHat":46,"infinitespire:Lucky Rock":22,"hubris:Towel":36,"Burning Blood":0,"hubris:EvacipatedBox":10,"Replay:Rubber Ducky":37,"Replay:Wanted Poster":34,"Sundial":26,"Bronze Scales":9,"Replay:Bronze Core":17,"hubris:TenFootPole":6,"Membership Card":27,"Toy Ornithopter":10},{"hubris:DisguiseKit":11,"Lantern":10,"hubris:Teleporter":5,"NeowsBlessing":0,"Gremlin Horn":22,"hubris:FruitBowl":3,"infinitespire:FocusingShard":17,"Juzu Bracelet":3,"hubris:SlimyHat":20,"infinitespire:Lucky Rock":9,"hubris:Towel":14,"Burning Blood":0,"hubris:EvacipatedBox":3,"Replay:Rubber Ducky":14,"Replay:Wanted Poster":13,"Sundial":11,"Bronze Scales":3,"Replay:Bronze Core":6,"hubris:TenFootPole":3,"Membership Card":11,"Toy Ornithopter":3},{"hubris:DisguiseKit":46,"Lantern":42,"hubris:Teleporter":11,"NeowsBlessing":0,"Gremlin Horn":114,"hubris:FruitBowl":3,"infinitespire:FocusingShard":86,"Juzu Bracelet":3,"hubris:SlimyHat":102,"infinitespire:Lucky Rock":34,"hubris:Towel":69,"Burning Blood":0,"hubris:EvacipatedBox":3,"Replay:Rubber Ducky":69,"Replay:Wanted Poster":61,"Sundial":46,"Bronze Scales":3,"Replay:Bronze Core":19,"hubris:TenFootPole":3,"Membership Card":46,"Toy Ornithopter":3}],"Burning Blood":119,"Toy Ornithopter":50},"card_choices":[{"not_picked":["Replay:Undeath\u0027s Touch","Bloodletting"],"picked":"infinitespire:OneForAll","floor":1.0},{"not_picked":["hubris:ReadiedAction","Heavy Blade","Dual Wield"],"picked":"SKIP","floor":4.0},{"not_picked":["Warcry","hubris:ReadiedAction"],"picked":"Headbutt","floor":6.0},{"not_picked":["hubris:Rewind","infinitespire:TheBestDefense"],"picked":"infinitespire:UltimateForm","floor":7.0},{"not_picked":["hubris:ReadiedAction","Clothesline"],"picked":"Wild Strike","floor":12.0},{"not_picked":["Warcry","Combust"],"picked":"True Grit","floor":14.0},{"not_picked":["Exhume","Corruption"],"picked":"Barricade","floor":16.0},{"not_picked":["Warcry","Run Through"],"picked":"infinitespire:OneForAll","floor":18.0},{"not_picked":["Carnage","Abandon","Sword Boomerang"],"picked":"SKIP","floor":20.0},{"not_picked":["Combust","Warcry","Disarm"],"picked":"SKIP","floor":21.0},{"not_picked":["Eclipse","Evolve+1","Sword Boomerang"],"picked":"SKIP","floor":23.0},{"not_picked":["Perfected Strike","Heavy Blade","True Grit"],"picked":"SKIP","floor":24.0},{"not_picked":["Anger","Immolate","Abandon","Heel Hook"],"picked":"SKIP","floor":31.0},{"not_picked":["Immolate","Hemogenesis","Replay:Bag of Tricks"],"picked":"Double Tap","floor":33.0},{"not_picked":["Body Slam","True Grit","Power Through","Distraction"],"picked":"SKIP","floor":35.0},{"not_picked":["Replay:Undeath\u0027s Touch+1","Bloodletting","Deflect"],"picked":"Seeing Red","floor":38.0},{"not_picked":["Massacre+1","Cleave+1","Perfected Strike","Riddle With Holes"],"picked":"SKIP","floor":39.0},{"not_picked":["Armaments","ReplayTheSpireMod:Stacked+1","Twin Strike","Sucker Punch"],"picked":"SKIP","floor":40.0},{"not_picked":["Twin Strike+1","Entrench","Sever Soul+1","Noxious Fumes"],"picked":"SKIP","floor":41.0},{"not_picked":["Warcry","Shockwave+1","Clothesline+1","Quick Slash"],"picked":"SKIP","floor":44.0},{"not_picked":["Demon Form","Clothesline+1","Limit Break","Underhanded Strike"],"picked":"SKIP","floor":46.0},{"not_picked":["Armaments+1","Entrench","Warcry+1","Backflip"],"picked":"SKIP","floor":47.0},{"not_picked":["Reckless Charge","Thunderclap","Backstab"],"picked":"Sword Boomerang+1","floor":48}],"player_experience":956862,"relics_obtained":[{"floor":6.0,"key":"hubris:TenFootPole"},{"floor":9.0,"key":"Bronze Scales"},{"floor":14.0,"key":"hubris:Teleporter"},{"floor":23.0,"key":"Lantern"},{"floor":26.0,"key":"Sundial"},{"floor":40.0,"key":"infinitespire:FocusingShard"},{"floor":46.0,"key":"hubris:SlimyHat"},{"floor":48,"key":"Gremlin Horn"}],"event_choices":[{"damage_healed":0.0,"max_hp_gain":0.0,"max_hp_loss":0.0,"gold_gain":0.0,"event_name":"Lab","player_choice":"Got Potions","floor":2.0,"gold_loss":0.0,"damage_taken":0.0},{"damage_healed":0.0,"max_hp_gain":0.0,"max_hp_loss":0.0,"gold_gain":0.0,"event_name":"Shining Light","player_choice":"Entered Light","floor":5.0,"gold_loss":0.0,"damage_taken":16.0,"cards_upgraded":["Defend_R","Defend_R"]},{"damage_healed":0.0,"max_hp_gain":0.0,"max_hp_loss":0.0,"gold_gain":0.0,"event_name":"Match and Keep!","player_choice":"0 cards matched","floor":19.0,"gold_loss":0.0,"damage_taken":0.0,"cards_obtained":[]},{"damage_healed":0.0,"max_hp_gain":0.0,"max_hp_loss":0.0,"gold_gain":0.0,"event_name":"Addict","player_choice":"Stole Relic","floor":28.0,"gold_loss":0.0,"damage_taken":0.0,"relics_obtained":["hubris:DisguiseKit"],"cards_obtained":["Shame"]},{"damage_healed":0.0,"max_hp_gain":0.0,"max_hp_loss":0.0,"gold_gain":0.0,"event_name":"Winding Halls","player_choice":"Embrace Madness","floor":45.0,"gold_loss":0.0,"damage_taken":10.0,"cards_obtained":["Madness","Madness"]}],"is_beta":false,"boss_relics":[{"not_picked":["hubris:TerracottaHorce","Replay:Fungal Core","SlaversCollar"],"picked":"Replay:Bronze Core"},{"not_picked":["Kintsugi","Electric Blood","Calling Bell"],"picked":"Replay:Wanted Poster"}],"items_purged_floors":[3,10,10,10,22,27,29],"is_endless":false,"potions_floor_spawned":[1,14,16,21,23,31,35,40,44,47,48],"ascension_level":1}}