{"host":"f5h077e5av00giy4","time":1609080081,"event":{"mods":["Act Like it!","Aspiration","BaseMod","Colored Powertips","Conspire","Decade(王小明)","Hermit","Hunter 猎人","KinomotoSakuraMod(木之本樱)","Koishi","KomeijiMod","Marisa（F雨　魔理沙）","Minty Spire (QoL Compilation)","MostiFishMod","Nova Terra(诺娃・泰拉)","Pale of the Ancients","Quick Restart","Reimu（博丽灵梦）","Relic Stats","Remilia（蕾米莉亚）","Replay The Spire","RumiaBox-露米娅的神秘盒子","Shop Mod","Spicy Shops","StSLib","TestMod","The Alterego","The Gatherer","The Mystic","The Poker Player","The Runesmith","The Servant 0.9.4","TheWitcher","Yakumo Yukari mod","Youmu（魂魄妖梦）","Yuyuko","noobMod","vexMod","【功能Mod】聪明的最终Boss","【遗物卡牌】REMEMod","篝火指南"],"gold_per_floor":[115,115,30,84,21,53,73,83,83,113,123,123,273,284,147,219,219,236,161,161],"floor_reached":19,"playtime":897,"items_purged":["MostiFishMod:Mania"],"score":479,"play_id":"291d397f-fc7e-40bd-9c51-6ecb58c84e34","local_time":"20201227224121","is_ascension_mode":true,"campfire_choices":[],"circlet_count":0,"master_deck":["AscendersBane","Strike_G","Strike_G","Strike_G","Strike_G","Strike_G","Defend_G","Defend_G","Defend_G","Defend_G","Defend_G","Survivor","Neutralize","MostiFishMod:SephirahHod+1","MostiFishMod:ReadyAimFire","Dagger Spray","Infinite Blades","Noxious Fumes","Flying Knee","Terror","MostiFishMod:Confrontation","Reflex","Noxious Fumes+1","Poisoned Stab","MostiFishMod:PreservedThorns","Deadly Poison","Poisoned Stab","Calculated Gamble","MostiFishMod:VineMother","Setup","Doubt","Slice","Noxious Fumes","A Thousand Cuts","Quick Slash","Acrobatics"],"relics":["Ring of the Snake","testmod-TestBox","ice","DaveBox","REME_ComplimentaryCards","MostiFishMod:Hod","testmod-CrystalShield","Prayer Wheel","SynthV:TestCard","Orrery","Boot","aspiration:HiddenCompartment","Blood Vial","conspire:Flyswatter","testmod-Hope","AddBug","REME_ComplimentaryCards"],"acts_visited":["Exordium","TheCity"],"potions_floor_usage":[16,16,16],"damage_taken":[{"damage":0,"enemies":"Small Slimes","floor":1,"turns":2},{"damage":0,"enemies":"3 Sentries","floor":6,"turns":5},{"damage":0,"enemies":"Cultist","floor":7,"turns":2},{"damage":0,"enemies":"Jaw Worm","floor":8,"turns":3},{"damage":0,"enemies":"Gremlin Nob","floor":10,"turns":2},{"damage":0,"enemies":"2 Fungi Beasts","floor":11,"turns":2},{"damage":0,"enemies":"Blue Slaver","floor":14,"turns":2},{"damage":35,"enemies":"Hexaghost","floor":16,"turns":4},{"damage":14,"enemies":"3 Byrds","floor":18,"turns":3}],"seed_played":"-3113716260862841782","potions_obtained":[{"floor":6,"key":"Elixir"},{"floor":11,"key":"SkillPotion"},{"floor":14,"key":"testmod-SpacePotion"},{"floor":18,"key":"DistilledChaos"}],"is_trial":false,"path_per_floor":["M","?","$","T","$","E","M","M","T","E","M","$","?","M","R","B",null,"M","$"],"character_chosen":"THE_SILENT","items_purchased":["Orrery","Noxious Fumes+1","testmod-Hope"],"campfire_rested":0,"item_purchase_floors":[3,5,15],"current_hp_per_floor":[65,65,65,65,65,65,65,65,65,67,69,69,69,71,71,37,63,51,51,51],"gold":161,"neow_bonus":"TEN_PERCENT_HP_BONUS","is_daily":false,"chose_seed":false,"campfire_upgraded":0,"win_rate":0.0,"timestamp":1609080081,"path_taken":["M","?","?","?","$","E","M","M","T","E","M","$","?","M","R","BOSS","M","$"],"items_purchased_type":["Relic","Card","Relic"],"build_version":"2020-12-22","purchased_purges":1,"victory":false,"max_hp_per_floor":[72,72,72,72,72,72,72,72,72,72,72,72,72,72,72,72,72,72,72,72],"relic_stats":{"Blood Vial":9,"counters":[9,25],"Prayer Wheel":6,"Boot":[24],"obtain_stats":[{"MostiFishMod:Hod":0,"testmod-TestBox":0,"DaveBox":0,"AddBug":17,"ice":0,"Boot":4,"aspiration:HiddenCompartment":6,"Blood Vial":9,"testmod-CrystalShield":0,"SynthV:TestCard":1,"Orrery":3,"testmod-Hope":15,"Prayer Wheel":1,"Ring of the Snake":0,"REME_ComplimentaryCards":0,"conspire:Flyswatter":10},{"MostiFishMod:Hod":0,"testmod-TestBox":0,"DaveBox":0,"AddBug":8,"ice":0,"Boot":1,"aspiration:HiddenCompartment":2,"Blood Vial":4,"testmod-CrystalShield":0,"SynthV:TestCard":1,"Orrery":1,"testmod-Hope":7,"Prayer Wheel":1,"Ring of the Snake":0,"REME_ComplimentaryCards":0,"conspire:Flyswatter":5},{"MostiFishMod:Hod":0,"testmod-TestBox":0,"DaveBox":0,"AddBug":22,"ice":0,"Boot":2,"aspiration:HiddenCompartment":7,"Blood Vial":12,"testmod-CrystalShield":0,"SynthV:TestCard":2,"Orrery":2,"testmod-Hope":18,"Prayer Wheel":2,"Ring of the Snake":0,"REME_ComplimentaryCards":0,"conspire:Flyswatter":14}],"Ring of the Snake":[18]},"card_choices":[{"not_picked":["Dodge and Roll","Acrobatics"],"picked":"Dagger Spray","floor":1},{"not_picked":["Hidden Blade","Draining Mist"],"picked":"Infinite Blades","floor":1},{"not_picked":["Tactician","PiercingWail","Infinite Blades","Unload"],"picked":"Noxious Fumes","floor":3},{"not_picked":["Outmaneuver","Grand Finale","Expertise","Flechettes"],"picked":"Flying Knee","floor":3},{"not_picked":["Deflect","Dagger Spray","Underhanded Strike","Toxin Wave"],"picked":"Terror","floor":3},{"not_picked":["Crippling Poison","Underhanded Strike","Cloak And Dagger","Sucker Punch"],"picked":"MostiFishMod:Confrontation","floor":3},{"not_picked":["Sucker Punch","REME_ShadowStrike","Deflect","Dagger Spray"],"picked":"Reflex","floor":3},{"not_picked":["MostiFishMod:InvigoratingSolution","Acrobatics","ReplayTheSpireMod:Exploit Weakness","Expertise"],"picked":"Poisoned Stab","floor":6},{"not_picked":["Finisher","Dodge and Roll","MostiFishMod:PerfectParry","Deflect"],"picked":"MostiFishMod:PreservedThorns","floor":7},{"not_picked":["Poisoned Stab","Escape Plan","Dodge and Roll","Quick Slash"],"picked":"MostiFishMod:FullyArmed","floor":7},{"not_picked":["Underhanded Strike","Backstab","Heel Hook","Hidden Blade"],"picked":"Deadly Poison","floor":8},{"not_picked":["Caltrops","MostiFishMod:PerfectParry","PiercingWail","MostiFishMod:PreservedThorns"],"picked":"Poisoned Stab","floor":8},{"not_picked":["Hidden Blade","Quick Slash","ReplayTheSpireMod:Shiv Toss","Dagger Spray"],"picked":"Calculated Gamble","floor":10},{"not_picked":["Hidden Blade","Dagger Spray","PiercingWail","Dagger Throw"],"picked":"MostiFishMod:VineMother","floor":11},{"not_picked":["Bane","Masterful Stab","Blade Dance","Underhanded Strike"],"picked":"Setup","floor":11},{"not_picked":["Finisher","PiercingWail","Bane","Dagger Spray"],"picked":"Slice","floor":14},{"not_picked":["MostiFishMod:PerfectParry","Concentrate","Endless Agony","Hidden Blade"],"picked":"Noxious Fumes","floor":14},{"not_picked":["Corpse Explosion","MostiFishMod:Confrontation","Malaise","MostiFishMod:HiddenBlade"],"picked":"A Thousand Cuts","floor":16},{"not_picked":["PiercingWail","Slice","Blade Dance+1","Underhanded Strike"],"picked":"Quick Slash","floor":18},{"not_picked":["Bane","Concentrate","Poisoned Stab","Quick Slash"],"picked":"Acrobatics","floor":18}],"player_experience":263098,"relics_obtained":[{"floor":1,"key":"SynthV:TestCard"},{"floor":4,"key":"Boot"},{"floor":6,"key":"aspiration:HiddenCompartment"},{"floor":9,"key":"Blood Vial"},{"floor":10,"key":"conspire:Flyswatter"},{"floor":18,"key":"REME_ComplimentaryCards"}],"event_choices":[{"damage_healed":0,"gold_gain":0,"player_choice":"Upgraded","damage_taken":0,"max_hp_gain":0,"max_hp_loss":0,"event_name":"Upgrade Shrine","floor":2,"gold_loss":0,"cards_upgraded":["MostiFishMod:SephirahHod"]},{"damage_healed":0,"gold_gain":150,"player_choice":"AGREE","damage_taken":0,"max_hp_gain":0,"max_hp_loss":0,"event_name":"Liars Game","floor":13,"gold_loss":0,"cards_obtained":["Doubt"]}],"is_beta":false,"boss_relics":[{"not_picked":["vexMod:DeviousBotling","RhineCircuit"],"picked":"AddBug"}],"items_purged_floors":[19],"is_endless":false,"potions_floor_spawned":[6,11,14,18],"ascension_level":20}}