{"host":"mjmsgaxkb56jw5c5","time":1609095706,"event":{"mods":["Aspiration","BaseMod","Colored Powertips","Conspire","Downfall","Hubris","Minty Spire (QoL Compilation)","Replay The Spire","StSLib","The Jungle"],"gold_per_floor":[117,131,144,37,54,85,50,50,50,146,146,221,236,16,16,16,16],"floor_reached":16,"playtime":499,"items_purged":["CommonCold"],"score":110,"play_id":"7e9188bc-6ebf-4b54-ab48-512e81b4a822","local_time":"20201227200146","is_ascension_mode":true,"campfire_choices":[{"data":"expansioncontent:Chronoboost","floor":8,"key":"SMITH"},{"data":"ReplayGash","floor":15,"key":"SMITH"}],"circlet_count":0,"master_deck":["Strike_B","Strike_B","Strike_B","Strike_B","Defend_B","Defend_B","Defend_B","Defend_B","Zap","Dualcast","Steam","Go for the Eyes","expansioncontent:Chronoboost+1","Go for the Eyes","FTL+1","ReplayGash+1","Go for the Eyes"],"relics":["Cracked Core","aspiration:DSix","InkBottle","ReplayTheSpireMod:CursedCoin","Happy Flower"],"acts_visited":["Exordium"],"potions_floor_usage":[16],"damage_taken":[{"damage":7,"enemies":"2 Louse","floor":1,"turns":2},{"damage":0,"enemies":"Small Slimes","floor":2,"turns":3},{"damage":0,"enemies":"Cultist","floor":3,"turns":3},{"damage":4,"enemies":"conspire:2 RoseBushes","floor":5,"turns":7},{"damage":20,"enemies":"Lagavulin","floor":6,"turns":7},{"damage":7,"enemies":"Large Slime","floor":13,"turns":5},{"damage":48,"enemies":"The Guardian","floor":16,"turns":8}],"seed_played":"3078474800292018781","potions_obtained":[{"floor":2,"key":"Adrenaline Potion"},{"floor":5,"key":"Energy Potion"}],"is_trial":false,"path_per_floor":["M","M","M","$","M","E","?","R","T","$","?","?","M","$","R","B"],"character_chosen":"DEFECT","items_purchased":["Go for the Eyes","expansioncontent:Chronoboost","ReplayTheSpireMod:CursedCoin","FTL+1","Happy Flower"],"campfire_rested":0,"item_purchase_floors":[4,4,10,10,14],"current_hp_per_floor":[68,68,68,68,64,44,62,62,62,62,62,51,44,44,44,0,0],"gold":16,"neow_bonus":"DSIX","is_daily":false,"chose_seed":false,"campfire_upgraded":2,"win_rate":0.0,"timestamp":1609095706,"path_taken":["M","M","M","$","M","E","?","R","T","$","?","?","M","$","R","BOSS"],"items_purchased_type":["Card","Card","Relic","Card","Relic"],"build_version":"2020-12-22","purchased_purges":1,"victory":false,"max_hp_per_floor":[75,75,75,75,75,75,75,75,75,75,75,75,75,75,75,75,75],"card_choices":[{"not_picked":["Turbo","Leap","Panic Button"],"picked":"SKIP","floor":1},{"not_picked":["Stack","Coolheaded"],"picked":"Steam","floor":2},{"not_picked":["Coolheaded","Conserve Battery","Compile Driver"],"picked":"SKIP","floor":3},{"not_picked":["Hologram","Compile Driver"],"picked":"Go for the Eyes","floor":5},{"not_picked":["Consume","Loop","Coolheaded"],"picked":"SKIP","floor":6},{"not_picked":["Stack","Cold Snap"],"picked":"Go for the Eyes","floor":13}],"player_experience":218011,"relics_obtained":[{"floor":6,"key":"InkBottle"}],"event_choices":[{"damage_healed":18,"gold_gain":0,"player_choice":"Healed","damage_taken":0,"max_hp_gain":0,"max_hp_loss":0,"event_name":"The Cleric","floor":7,"gold_loss":35},{"damage_healed":0,"gold_gain":75,"player_choice":"Gather Gold","damage_taken":11,"max_hp_gain":0,"max_hp_loss":0,"event_name":"World of Goop","floor":12,"gold_loss":0}],"is_beta":false,"boss_relics":[],"items_purged_floors":[14],"is_endless":false,"potions_floor_spawned":[2,5],"killed_by":"The Guardian","ascension_level":2}}