{"host":"uyrebrj0204enqpc","time":1609106384,"event":{"mods":["Act Like it!","Bard","BaseMod","Block Reminder","Challenge The Spire","Colored Map","Colored Powertips","DeckTracker","Downfall","GifTheSpireLib","HexUI Lib","Highlight Path","Hubris","Infinite Spire","Minty Spire (QoL Compilation)","Quick Restart","Random Character Button","Relic Sorter","Relic Stats","Replay The Spire","Shop Mod","StSLib","The Blue Laboratory","The Bug Knight","The Cursed","The Jungle","The Marked","Wandering Minibosses"],"gold_per_floor":[110,110,110,125,135,167,167,198,225,225,214,214,214,234,234,234,234],"floor_reached":16,"playtime":564,"items_purged":[],"score":116,"play_id":"ea8db039-d82b-4842-8c1f-7781dfacb040","local_time":"20201227165944","is_ascension_mode":true,"campfire_choices":[{"data":"Perfected Strike","floor":7,"key":"SMITH"},{"floor":10,"key":"RECALL"},{"data":"Bash","floor":13,"key":"SMITH"}],"circlet_count":0,"master_deck":["Strike_R","Strike_R","Strike_R","Strike_R","Strike_R","Defend_R","Defend_R","Defend_R","Defend_R","Bash+1","Perfected Strike+1","infinitespire:OneForAll+1"],"relics":["Burning Blood","hubris:SlimyHat","hubris:Towel","Boot","Potion Belt","Orichalcum","Vajra"],"acts_visited":["Exordium"],"potions_floor_usage":[6,16],"damage_taken":[{"damage":11.0,"enemies":"Jaw Worm","floor":1.0,"turns":3.0},{"damage":5.0,"enemies":"Small Slimes","floor":4.0,"turns":3.0},{"damage":7.0,"enemies":"2 Louse","floor":5.0,"turns":2.0},{"damage":27,"enemies":"Gremlin Nob","floor":6,"turns":4},{"damage":36,"enemies":"Lagavulin","floor":8,"turns":6},{"damage":18,"enemies":"Exordium Thugs","floor":11,"turns":4},{"damage":11,"enemies":"3 Louse","floor":14,"turns":3},{"damage":38,"enemies":"Hexaghost","floor":16,"turns":10}],"seed_played":"-519923309591518908","potions_obtained":[{"floor":4.0,"key":"blueLaboratory:BottleOfRum"},{"floor":5.0,"key":"blueLaboratory:PhilterOfMotion"},{"floor":14,"key":"blueLaboratory:TrueEctoplasm"}],"is_trial":false,"path_per_floor":["M","?","?","M","M","E","R","E","T","R","M","T","R","M","R_BF","B"],"character_chosen":"IRONCLAD","items_purchased":[],"campfire_rested":0,"item_purchase_floors":[],"current_hp_per_floor":[75,75,80,81,80,59,59,29,29,29,17,17,17,12,37,0,0],"gold":234,"neow_bonus":"RANDOM_COMMON_RELIC","is_daily":false,"chose_seed":false,"campfire_upgraded":2,"win_rate":0.0,"timestamp":1609106384,"path_taken":["M","?","?","M","M","E","R","E","T","R","M","?","R","?","R_BF","BOSS"],"items_purchased_type":[],"build_version":"2020-12-22","purchased_purges":0,"victory":false,"max_hp_per_floor":[80,80,85,85,85,85,85,85,85,85,85,85,85,85,85,85,85],"relic_stats":{"counters":[8,35],"Orichalcum":[42],"Boot":[4],"obtain_stats":[{"Potion Belt":8,"Vajra":12,"hubris:SlimyHat":0,"hubris:Towel":2,"Orichalcum":9,"Boot":6,"Burning Blood":0},{"Potion Belt":5,"Vajra":6,"hubris:SlimyHat":0,"hubris:Towel":1,"Orichalcum":5,"Boot":4,"Burning Blood":0},{"Potion Belt":18,"Vajra":22,"hubris:SlimyHat":0,"hubris:Towel":3,"Orichalcum":18,"Boot":12,"Burning Blood":0}],"Burning Blood":42},"card_choices":[{"not_picked":["Whirlwind","Metallicize"],"picked":"Perfected Strike","floor":1.0},{"not_picked":["Flex","Clothesline","Feel No Pain"],"picked":"SKIP","floor":4.0},{"not_picked":["Clash","Bloodletting","Blood for Blood"],"picked":"SKIP","floor":5.0},{"not_picked":["Havoc","hubris:SharpeningStone","Body Slam"],"picked":"SKIP","floor":6},{"not_picked":["Run Through","Burning Pact","Clothesline"],"picked":"SKIP","floor":8},{"not_picked":["Anger","Sentinel","hubris:ReadiedAction"],"picked":"SKIP","floor":11},{"not_picked":["Cleave","Run Through"],"picked":"infinitespire:OneForAll","floor":14}],"player_experience":955018,"relics_obtained":[{"floor":6,"key":"Boot"},{"floor":8,"key":"Potion Belt"},{"floor":9,"key":"Orichalcum"},{"floor":12,"key":"Vajra"}],"event_choices":[{"damage_healed":0.0,"max_hp_gain":5.0,"max_hp_loss":0.0,"gold_gain":0.0,"event_name":"Big Fish","player_choice":"Donut","floor":3.0,"gold_loss":0.0,"damage_taken":0.0}],"is_beta":false,"boss_relics":[],"items_purged_floors":[],"is_endless":false,"potions_floor_spawned":[4,5,14],"killed_by":"Hexaghost","ascension_level":1}}