{"host":"34w8p723gpcx9kua","time":1609100235,"event":{"mods":["BaseMod","ChefMod","Colored Map","Colored Powertips","Googly Eyes","Lobotomy","Minty Spire (QoL Compilation)","Prisma Mod","StSLib","The IronCluck","The Marked","Yakumo Yukari mod"],"gold_per_floor":[109,109,184,199,209,234,234],"floor_reached":6,"playtime":3253,"items_purged":[],"score":48,"play_id":"ce821b36-f98f-419d-8ffd-b2b3a018c4c2","local_time":"20201227201715","is_ascension_mode":true,"campfire_choices":[],"circlet_count":0,"master_deck":["chefmod:Strike","chefmod:Strike","chefmod:Strike","chefmod:Strike","chefmod:Strike","chefmod:Defend","chefmod:Defend","chefmod:Defend","chefmod:QuickThaw","chefmod:TodaysSpecial","chefmod:Julienne","chefmod:Chop","chefmod:KnifeFlurry"],"relics":["chefmod:TrustyPot","NeowsBlessing","Potion Belt"],"acts_visited":["Exordium"],"potions_floor_usage":[],"damage_taken":[{"damage":0,"enemies":"Jaw Worm","floor":1,"turns":1},{"damage":0,"enemies":"2 Louse","floor":4,"turns":1},{"damage":0,"enemies":"Cultist","floor":5,"turns":1},{"damage":23,"enemies":"Lagavulin","floor":6,"turns":6}],"seed_played":"-5619399610612462887","potions_obtained":[{"floor":5,"key":"GamblersBrew"},{"floor":6,"key":"GamblersBrew"}],"is_trial":false,"path_per_floor":["M","?","?","M","M","E"],"character_chosen":"THE_CHEF","items_purchased":[],"campfire_rested":0,"item_purchase_floors":[],"current_hp_per_floor":[76,76,65,65,65,42,42],"gold":234,"neow_bonus":"THREE_ENEMY_KILL","is_daily":false,"chose_seed":false,"campfire_upgraded":0,"win_rate":0.0,"timestamp":1609100235,"path_taken":["M","?","?","M","?","E"],"items_purchased_type":[],"build_version":"2020-12-22","purchased_purges":0,"victory":false,"max_hp_per_floor":[76,76,76,76,76,76,76],"card_choices":[{"not_picked":["chefmod:HotSoup","chefmod:Granita"],"picked":"chefmod:Julienne","floor":1},{"not_picked":["chefmod:HotSoup","chefmod:ZaruSoba"],"picked":"chefmod:Chop","floor":4},{"not_picked":["chefmod:Chop","chefmod:DinoKale"],"picked":"chefmod:KnifeFlurry","floor":5}],"player_experience":19434,"relics_obtained":[{"floor":6,"key":"Potion Belt"}],"event_choices":[{"damage_healed":0,"gold_gain":0,"player_choice":"Ignored","damage_taken":0,"max_hp_gain":0,"max_hp_loss":0,"event_name":"Golden Wing","floor":2,"gold_loss":0},{"damage_healed":0,"gold_gain":75,"player_choice":"Gather Gold","damage_taken":11,"max_hp_gain":0,"max_hp_loss":0,"event_name":"World of Goop","floor":3,"gold_loss":0}],"is_beta":false,"boss_relics":[],"items_purged_floors":[],"is_endless":false,"potions_floor_spawned":[5,6],"killed_by":"Lagavulin","ascension_level":1}}