{"host":"dntw6kil9p09eemm","time":1609060528,"event":{"mods":["Alarm Clock","Aspiration","BaseMod","Colored Powertips","Downfall","Hermit","Hubris","Minty Spire (QoL Compilation)","Permanent Neow","Shop Mod","Spicy Shops","StSLib","The Runesmith"],"gold_per_floor":[109,109,37,37,54,54,82,114,151,178,200,231,243,57,57,160,160,172,190,115,131,131,131,147,158,158,178,178,188,126,136,136,136,136,136],"floor_reached":33,"playtime":2375,"items_purged":["Guardian:Strike_Guardian"],"score":253,"play_id":"56e98eb5-3ef3-47fb-88c0-65e659719afb","local_time":"20201227181528","is_ascension_mode":false,"campfire_choices":[{"data":"Guardian:TimeBomb","floor":6.0,"key":"SMITH"},{"data":"Guardian:TwinSlam","floor":13,"key":"SMITH"},{"floor":15,"key":"REST"},{"floor":23,"key":"REST"},{"floor":28,"key":"REST"},{"floor":32,"key":"REST"}],"circlet_count":0,"master_deck":["Guardian:Strike_Guardian","Guardian:Strike_Guardian","Guardian:Strike_Guardian","Guardian:Defend_Guardian","Guardian:Defend_Guardian","Guardian:Defend_Guardian","Guardian:CurlUp","Guardian:TwinSlam+1","Guardian:Gem_Red","Guardian:PiercingHide+1","Guardian:TimeBomb+1","Guardian:Incinerate","Guardian:RollAttack","Guardian:Gem_Purple","Guardian:VentSteam","Guardian:Gem_Lightblue","Guardian:Harden","Guardian:RevengeProtocol","Guardian:PiercingHide+1","Guardian:Gem_Yellow","Guardian:Gem_Blue","Guardian:Gem_Orange","Guardian:Gem_Green","Guardian:GuardianWhirl","Guardian:PiercingHide"],"relics":["Guardian:ModeShifter","aspiration:Nostalgia","Ring of the Snake","Tiny Chest","Lantern","hubris:TenFootPole","MerchantsRug","hubris:RunicObelisk","Bottled Lightning"],"acts_visited":["Exordium","TheCity"],"potions_floor_usage":[33],"damage_taken":[{"damage":0.0,"enemies":"Small Slimes","floor":1.0,"turns":3.0},{"damage":0.0,"enemies":"2 Louse","floor":5.0,"turns":2.0},{"damage":24.0,"enemies":"Lagavulin","floor":7.0,"turns":10.0},{"damage":1.0,"enemies":"Cultist","floor":8.0,"turns":3.0},{"damage":5.0,"enemies":"Looter","floor":10.0,"turns":3.0},{"damage":0.0,"enemies":"2 Fungi Beasts","floor":11.0,"turns":4.0},{"damage":0,"enemies":"Blue Slaver","floor":12,"turns":3},{"damage":52,"enemies":"The Guardian","floor":16,"turns":13},{"damage":10,"enemies":"Spheric Guardian","floor":18,"turns":4},{"damage":4,"enemies":"3 Byrds","floor":19,"turns":3},{"damage":19,"enemies":"Sentry and Sphere","floor":21,"turns":7},{"damage":11,"enemies":"Shelled Parasite and Fungi","floor":24,"turns":4},{"damage":12,"enemies":"Cultist and Chosen","floor":25,"turns":6},{"damage":0,"enemies":"Centurion and Healer","floor":27,"turns":9},{"damage":14,"enemies":"3 Cultists","floor":29,"turns":5},{"damage":14,"enemies":"Shelled Parasite and Fungi","floor":31,"turns":5},{"damage":83,"enemies":"Collector","floor":33,"turns":10}],"seed_played":"-5842715738886843515","potions_obtained":[{"floor":8.0,"key":"Guardian:AcceleratePotion"},{"floor":11.0,"key":"AttackPotion"},{"floor":12,"key":"hexamod:EctoCoolerPotion"},{"floor":16,"key":"SkillPotion"},{"floor":19,"key":"Guardian:AcceleratePotion"},{"floor":27,"key":"Slimebound:ThreeZeroPotion"},{"floor":31,"key":"Energy Potion"}],"is_trial":false,"path_per_floor":["M","?","$","?","M","R","E","M","T","M","M","M","R","$","R","B",null,"M","M","?","M","T","R","M","M","T","M","R","M","$","M","R","B"],"character_chosen":"GUARDIAN","items_purchased":["Tiny Chest","hubris:TenFootPole","MerchantsRug","Guardian:Harden","Guardian:PiercingHide"],"campfire_rested":4,"item_purchase_floors":[3,14,14,14,30],"current_hp_per_floor":[80,80,80,80,80,80,56,55,55,50,50,50,50,50,74,22,80,70,66,66,47,47,71,60,48,48,48,72,58,58,44,68,0,0,0],"gold":136,"neow_bonus":"NOSTALGIA","is_daily":false,"chose_seed":false,"campfire_upgraded":2,"win_rate":0.0,"timestamp":1609060528,"path_taken":["M","?","$","?","M","R","E","?","T","M","M","M","R","$","R","BOSS","M","M","?","M","?","R","M","M","T","M","R","M","$","M","R","BOSS"],"items_purchased_type":["Relic","Relic","Relic","Card","Card"],"build_version":"2020-12-22","purchased_purges":1,"victory":false,"max_hp_per_floor":[80,80,80,80,80,80,80,80,80,80,80,80,80,80,80,80,80,80,80,80,80,80,80,80,80,80,80,80,80,80,80,80,80,80,80],"card_choices":[{"not_picked":["Guardian:ChargeCore","Guardian:Gem_Green"],"picked":"Guardian:Gem_Red","floor":1.0},{"not_picked":["Guardian:TemporalShield","Guardian:Gem_Red"],"picked":"Guardian:TimeBomb","floor":5.0},{"not_picked":["Guardian:TimeCapacitor","Guardian:GemFinder"],"picked":"Guardian:Incinerate","floor":7.0},{"not_picked":["Guardian:Suspension","Guardian:TimeCapacitor"],"picked":"Guardian:RollAttack","floor":8.0},{"not_picked":["Guardian:CrystalBeam","Guardian:EvasiveProtocol"],"picked":"Guardian:Gem_Purple","floor":10.0},{"not_picked":["Guardian:PrismaticBeam","Guardian:Preprogram"],"picked":"Guardian:VentSteam","floor":11.0},{"not_picked":["Guardian:CrystalBeam","Guardian:DecasProtection"],"picked":"Guardian:Gem_Lightblue","floor":12},{"not_picked":["Guardian:ConstructionForm","Guardian:CompilePackage"],"picked":"Guardian:RevengeProtocol","floor":16},{"not_picked":["Guardian:CrystalBeam","Guardian:Reroute"],"picked":"Guardian:PiercingHide+1","floor":18},{"not_picked":["Guardian:Clone","Guardian:PrismaticBarrier","Guardian:MultiBeam+1"],"picked":"SKIP","floor":19},{"not_picked":["Guardian:PiercingHide","Guardian:ChargeCore"],"picked":"Guardian:Gem_Yellow","floor":21},{"not_picked":["Guardian:Planning","Guardian:RollAttack"],"picked":"Guardian:Gem_Blue","floor":24},{"not_picked":["Guardian:Gem_Lightblue","Guardian:Gem_Blue"],"picked":"Guardian:Gem_Orange","floor":25},{"not_picked":["Guardian:Reroute","Guardian:VentSteam"],"picked":"Guardian:Gem_Green","floor":27},{"not_picked":["Guardian:SentryBeam","Guardian:PiercingHide"],"picked":"Guardian:GuardianWhirl","floor":29},{"not_picked":["Guardian:VentSteam","Guardian:Gem_White","Guardian:WalkerClaw"],"picked":"SKIP","floor":31}],"player_experience":474863,"relics_obtained":[{"floor":7.0,"key":"MawBank"},{"floor":9.0,"key":"Lantern"},{"floor":22,"key":"Bottled Lightning"}],"event_choices":[{"cards_removed":["Guardian:Defend_Guardian"],"damage_healed":0,"gold_gain":0,"player_choice":"Gave Gold","damage_taken":0,"max_hp_gain":0,"max_hp_loss":0,"event_name":"Beggar","floor":20,"gold_loss":75}],"is_beta":false,"boss_relics":[{"not_picked":["hubris:GrandSneckoEye","Velvet Choker"],"picked":"hubris:RunicObelisk"}],"items_purged_floors":[30],"is_endless":false,"potions_floor_spawned":[8,11,12,16,19,27,29,31],"killed_by":"Collector","ascension_level":0}}