{"host":"h0xw20cia6ppa69g","time":1609053187,"event":{"mods":["AchievementEnabler","BaseMod","Colored Map","Filter the Spire","Googly Eyes","Minty Spire (QoL Compilation)","Relic Stats","StSLib","The Awakened One except there are too many feathers","everything is the same but u backflip on backflip"],"gold_per_floor":[363,638,656,656,105,105,117,117,117,144,144,175,192,211,211,308,308,327,342,96,109,109,140,150,150,150,178,277,295,326,337,337,435,435,445,124,124,134,134,167,167,167,167,193,204,204,235,255,255,255,255,255,16,45,45],"floor_reached":56,"playtime":2731,"items_purged":["Regret","Strike_G"],"score":1405,"play_id":"9a4bb137-e18d-495b-a8bc-b82a593219f2","local_time":"20201227011307","is_ascension_mode":true,"campfire_choices":[{"data":"Bouncing Flask","floor":6.0,"key":"SMITH"},{"data":"Bouncing Flask","floor":15.0,"key":"SMITH"},{"data":"Burst","floor":25.0,"key":"SMITH"},{"data":"Footwork","floor":32.0,"key":"SMITH"},{"floor":41.0,"key":"RECALL"},{"data":"Panacea","floor":49.0,"key":"SMITH"},{"data":"Well Laid Plans","floor":52.0,"key":"SMITH"}],"circlet_count":0,"master_deck":["Strike_G+1","Defend_G","Defend_G+1","Defend_G","Defend_G","Defend_G","Survivor","Neutralize","Bouncing Flask+1","Crippling Poison+1","PiercingWail","Bouncing Flask+1","Dagger Throw+1","Caltrops","PiercingWail","Corpse Explosion","Backflip+1","Footwork+1","Dodge and Roll","Adrenaline","Deadly Poison+1","Burst+1","Cloak And Dagger+1","Well Laid Plans+1","Footwork","Acrobatics","Phantasmal Killer","Backflip+1","Noxious Fumes","Panacea+1","PanicButton","Footwork+1","Concentrate","Acrobatics","Prepared+1","Sadistic Nature+1","Terror+1"],"relics":["Ring of the Snake","DollysMirror","Meat on the Bone","Shuriken","War Paint","Bird Faced Urn","Coffee Dripper","MealTicket","Pear","Potion Belt","Whetstone","SlaversCollar","Strange Spoon","Frozen Egg 2","Snake Skull","Ninja Scroll","Oddly Smooth Stone","Bronze Scales"],"acts_visited":["Exordium","TheCity","TheBeyond","TheEnding"],"potions_floor_usage":[55,55,55,55,55,55,55,55,55],"damage_taken":[{"damage":0.0,"enemies":"2 Louse","floor":1.0,"turns":4.0},{"damage":4.0,"enemies":"Cultist","floor":3.0,"turns":3.0},{"damage":0.0,"enemies":"Small Slimes","floor":7.0,"turns":3.0},{"damage":23.0,"enemies":"Lagavulin","floor":10.0,"turns":7.0},{"damage":22.0,"enemies":"Gremlin Nob","floor":12.0,"turns":4.0},{"damage":9.0,"enemies":"Looter","floor":13.0,"turns":4.0},{"damage":0.0,"enemies":"Lots of Slimes","floor":14.0,"turns":2.0},{"damage":13.0,"enemies":"The Guardian","floor":16.0,"turns":9.0},{"damage":0.0,"enemies":"3 Byrds","floor":18.0,"turns":2.0},{"damage":0.0,"enemies":"Spheric Guardian","floor":19.0,"turns":2.0},{"damage":1.0,"enemies":"Shelled Parasite and Fungi","floor":21.0,"turns":5.0},{"damage":13.0,"enemies":"Book of Stabbing","floor":23.0,"turns":5.0},{"damage":16.0,"enemies":"Snecko","floor":24.0,"turns":4.0},{"damage":3.0,"enemies":"Slavers","floor":27.0,"turns":3.0},{"damage":0.0,"enemies":"Chosen and Byrds","floor":29.0,"turns":4.0},{"damage":2.0,"enemies":"Gremlin Leader","floor":30.0,"turns":6.0},{"damage":1.0,"enemies":"Centurion and Healer","floor":31.0,"turns":5.0},{"damage":49.0,"enemies":"Collector","floor":33.0,"turns":7.0},{"damage":0.0,"enemies":"3 Shapes","floor":35.0,"turns":5.0},{"damage":0.0,"enemies":"3 Darklings","floor":38.0,"turns":5.0},{"damage":17.0,"enemies":"Reptomancer","floor":40.0,"turns":6.0},{"damage":18.0,"enemies":"Giant Head","floor":44.0,"turns":9.0},{"damage":22.0,"enemies":"Spire Growth","floor":45.0,"turns":5.0},{"damage":4.0,"enemies":"Reptomancer","floor":47.0,"turns":7.0},{"damage":9.0,"enemies":"Maw","floor":48.0,"turns":6.0},{"damage":42.0,"enemies":"Donu and Deca","floor":50.0,"turns":7.0},{"damage":35.0,"enemies":"Shield and Spear","floor":54.0,"turns":3.0},{"damage":14,"enemies":"The Heart","floor":55,"turns":8}],"seed_played":"-54137752327434841","potions_obtained":[{"floor":1.0,"key":"GhostInAJar"},{"floor":7.0,"key":"AttackPotion"},{"floor":10.0,"key":"SpeedPotion"},{"floor":27.0,"key":"AttackPotion"},{"floor":29.0,"key":"FearPotion"},{"floor":33.0,"key":"BlessingOfTheForge"},{"floor":38.0,"key":"EntropicBrew"},{"floor":44.0,"key":"Energy Potion"},{"floor":45.0,"key":"SteroidPotion"},{"floor":48.0,"key":"SteroidPotion"}],"is_trial":false,"path_per_floor":["M","?","M","?","$","R","M","?","T","E","?","E","M","M","R","B",null,"M","M","$","M","?","E","M","R","T","E","?","M","E","M","R","B",null,"M","$","?","M","?","E","R","?","T","E","M","T","E","M","R","B",null,"R","$","E","B",null],"character_chosen":"THE_SILENT","items_purchased":["PiercingWail","DollysMirror","Meat on the Bone","Dagger Throw","Footwork","Dodge and Roll","Adrenaline","Noxious Fumes","Strange Spoon","Sadistic Nature+1","DuplicationPotion"],"campfire_rested":0,"item_purchase_floors":[5,5,5,5,20,20,20,36,36,53,53],"current_hp_per_floor":[63,63,59,64,64,64,64,57,57,46,46,36,41,41,41,42,68,68,68,68,68,68,55,43,43,53,54,54,58,62,69,69,40,78,78,78,78,78,68,57,57,57,57,51,51,51,59,58,58,40,78,78,78,45,45],"gold":45,"neow_bonus":"TWO_FIFTY_GOLD","is_daily":false,"chose_seed":false,"campfire_upgraded":6,"win_rate":0.0,"timestamp":1609053187,"path_taken":["M","?","?","?","$","R","M","?","T","E","?","E","M","M","R","BOSS","M","?","$","?","?","E","M","R","T","E","?","M","E","?","R","BOSS","M","$","?","?","?","E","R","?","T","E","M","?","E","M","R","BOSS","R","$","E","BOSS"],"items_purchased_type":["Card","Relic","Relic","Card","Card","Card","Card","Card","Relic","Card","Potion"],"build_version":"2020-12-22","purchased_purges":2,"victory":true,"max_hp_per_floor":[63,63,63,68,68,68,68,68,68,68,68,68,68,68,68,68,68,68,68,68,68,68,68,68,68,78,78,78,78,78,78,78,78,78,78,78,78,78,78,78,78,78,78,78,78,78,78,78,78,78,78,78,78,78,78],"relic_stats":{"Strange Spoon":[37],"counters":[28,140],"Shuriken":[20],"Bird Faced Urn":[115],"Bronze Scales":[78],"MealTicket":0,"Snake Skull":[121],"Whetstone":["Dagger Throw","Strike_G"],"War Paint":["Defend_G","Crippling Poison"],"obtain_stats":[{"Potion Belt":27,"Pear":26,"Oddly Smooth Stone":47,"Snake Skull":44,"Whetstone":30,"War Paint":10,"Frozen Egg 2":40,"SlaversCollar":34,"Strange Spoon":36,"DollysMirror":5,"Shuriken":9,"Ninja Scroll":46,"Bird Faced Urn":12,"Bronze Scales":54,"MealTicket":23,"Coffee Dripper":17,"Ring of the Snake":0,"Meat on the Bone":5},{"Potion Belt":14,"Pear":13,"Oddly Smooth Stone":24,"Snake Skull":22,"Whetstone":16,"War Paint":4,"Frozen Egg 2":21,"SlaversCollar":18,"Strange Spoon":19,"DollysMirror":2,"Shuriken":3,"Ninja Scroll":23,"Bird Faced Urn":5,"Bronze Scales":27,"MealTicket":12,"Coffee Dripper":8,"Ring of the Snake":0,"Meat on the Bone":2},{"Potion Belt":57,"Pear":54,"Oddly Smooth Stone":116,"Snake Skull":104,"Whetstone":67,"War Paint":17,"Frozen Egg 2":95,"SlaversCollar":79,"Strange Spoon":84,"DollysMirror":7,"Shuriken":10,"Ninja Scroll":109,"Bird Faced Urn":21,"Bronze Scales":132,"MealTicket":50,"Coffee Dripper":36,"Ring of the Snake":0,"Meat on the Bone":7}],"Ring of the Snake":[56],"Meat on the Bone":84},"card_choices":[{"not_picked":["Infinite Blades","Caltrops"],"picked":"Bouncing Flask","floor":1.0},{"not_picked":["Flying Knee","Eviscerate"],"picked":"Crippling Poison","floor":3.0},{"not_picked":["Flying Knee","Sucker Punch","Expertise"],"picked":"SKIP","floor":7.0},{"not_picked":["Outmaneuver","Slice"],"picked":"Caltrops","floor":10.0},{"not_picked":["Quick Slash","Slice","Outmaneuver"],"picked":"SKIP","floor":12.0},{"not_picked":["Underhanded Strike","Skewer"],"picked":"PiercingWail","floor":13.0},{"not_picked":["Bane","Choke","Outmaneuver"],"picked":"SKIP","floor":14.0},{"not_picked":["Storm of Steel","Phantasmal Killer"],"picked":"Corpse Explosion","floor":16.0},{"not_picked":["Bane+1","Flechettes","Sucker Punch"],"picked":"SKIP","floor":18.0},{"not_picked":["Setup","Sucker Punch"],"picked":"Backflip+1","floor":19.0},{"not_picked":["Quick Slash","Underhanded Strike"],"picked":"Deadly Poison+1","floor":21.0},{"not_picked":["Underhanded Strike","Terror+1"],"picked":"Burst","floor":23.0},{"not_picked":["Bane","Backflip"],"picked":"Cloak And Dagger+1","floor":24.0},{"not_picked":["Riddle With Holes","Dagger Throw","Outmaneuver"],"picked":"SKIP","floor":27.0},{"not_picked":["Riddle With Holes","Dagger Throw","Outmaneuver"],"picked":"SKIP","floor":27.0},{"not_picked":["Dagger Spray","Flying Knee"],"picked":"Well Laid Plans","floor":29.0},{"not_picked":["Well Laid Plans","Calculated Gamble"],"picked":"Footwork","floor":30.0},{"not_picked":["All Out Attack","Deflect+1"],"picked":"Acrobatics","floor":31.0},{"not_picked":["A Thousand Cuts","Tools of the Trade"],"picked":"Phantasmal Killer","floor":33.0},{"not_picked":["Well Laid Plans+1","Dagger Throw"],"picked":"Backflip+1","floor":35.0},{"not_picked":["Bane","Cloak And Dagger","Deflect"],"picked":"SKIP","floor":38.0},{"not_picked":["Swift Strike","PanicButton"],"picked":"Panacea","floor":39.0},{"not_picked":["Blind","Madness"],"picked":"PanicButton","floor":39.0},{"not_picked":["Deflect","Slice"],"picked":"Footwork+1","floor":40.0},{"not_picked":["Dodge and Roll","Dagger Spray"],"picked":"Concentrate","floor":44.0},{"not_picked":["Infinite Blades+1","Sucker Punch+1"],"picked":"Acrobatics","floor":45.0},{"not_picked":["Doppelganger","Endless Agony+1","Dagger Throw"],"picked":"SKIP","floor":47.0},{"not_picked":["Outmaneuver","Dash+1"],"picked":"Prepared+1","floor":48.0},{"not_picked":["Deadly Poison","Heel Hook"],"picked":"Terror+1","floor":54.0}],"player_experience":3551119,"relics_obtained":[{"floor":9.0,"key":"Shuriken"},{"floor":10.0,"key":"War Paint"},{"floor":12.0,"key":"Bird Faced Urn"},{"floor":23.0,"key":"MealTicket"},{"floor":26.0,"key":"Pear"},{"floor":27.0,"key":"Potion Belt"},{"floor":30.0,"key":"Whetstone"},{"floor":40.0,"key":"Frozen Egg 2"},{"floor":44.0,"key":"Snake Skull"},{"floor":46.0,"key":"Ninja Scroll"},{"floor":47.0,"key":"Oddly Smooth Stone"},{"floor":54.0,"key":"Bronze Scales"}],"event_choices":[{"damage_healed":0.0,"max_hp_gain":0.0,"max_hp_loss":0.0,"gold_gain":275.0,"event_name":"Golden Shrine","player_choice":"Desecrate","floor":2.0,"gold_loss":0.0,"damage_taken":0.0,"cards_obtained":["Regret"]},{"damage_healed":0.0,"max_hp_gain":5.0,"max_hp_loss":0.0,"gold_gain":0.0,"event_name":"Big Fish","player_choice":"Donut","floor":4.0,"gold_loss":0.0,"damage_taken":0.0},{"cards_removed":["Strike_G"],"damage_healed":0.0,"max_hp_gain":0.0,"max_hp_loss":0.0,"gold_gain":0.0,"event_name":"Golden Wing","player_choice":"Card Removal","floor":8.0,"gold_loss":0.0,"damage_taken":7.0},{"damage_healed":0.0,"max_hp_gain":0.0,"max_hp_loss":0.0,"gold_gain":0.0,"event_name":"NoteForYourself","player_choice":"Ignored","floor":11.0,"gold_loss":0.0,"damage_taken":0.0},{"damage_healed":0.0,"max_hp_gain":0.0,"max_hp_loss":0.0,"gold_gain":0.0,"event_name":"Ghosts","player_choice":"Ignored","floor":22.0,"gold_loss":0.0,"damage_taken":0.0},{"damage_healed":0.0,"max_hp_gain":0.0,"max_hp_loss":0.0,"gold_gain":99.0,"event_name":"Nest","player_choice":"Stole From Cult","floor":28.0,"gold_loss":0.0,"damage_taken":0.0},{"cards_removed":["Strike_G"],"damage_healed":0.0,"max_hp_gain":0.0,"max_hp_loss":0.0,"gold_gain":0.0,"event_name":"Bonfire Elementals","player_choice":"Offered Basic","floor":37.0,"gold_loss":0.0,"damage_taken":0.0},{"damage_healed":0.0,"max_hp_gain":0.0,"max_hp_loss":0.0,"gold_gain":0.0,"event_name":"SensoryStone","player_choice":"Memory 3","floor":39.0,"gold_loss":0.0,"damage_taken":10.0},{"cards_removed":["Strike_G"],"damage_healed":0.0,"max_hp_gain":0.0,"max_hp_loss":0.0,"gold_gain":0.0,"event_name":"Falling","player_choice":"Removed Attack","floor":42.0,"gold_loss":0.0,"damage_taken":0.0}],"is_beta":false,"boss_relics":[{"not_picked":["Pandora\u0027s Box","HoveringKite"],"picked":"Coffee Dripper"},{"not_picked":["WristBlade","Busted Crown"],"picked":"SlaversCollar"}],"items_purged_floors":[5,36],"is_endless":false,"potions_floor_spawned":[1,7,10,12,14,21,27,29,33,38,44,45,48,54],"ascension_level":1}}