{"host":"7rz1ooxpjqrc83ww","time":1609102287,"event":{"mods":["BaseMod","BetterRewards","Colored Map","Downfall","Minty Spire (QoL Compilation)","StSLib","The Animator","The Necromancer"],"gold_per_floor":[115,115,115,131,55,55,79,99,122,122,156,156,156,177,177,297,297,318,331,92,117,216,216,176,191,218,234,234,91,91,125,125,125,125],"floor_reached":33,"playtime":1980,"items_purged":[],"score":265,"play_id":"b0b61ac4-410a-4bf1-a9ab-227e0be70b7c","local_time":"20201227155127","is_ascension_mode":false,"campfire_choices":[{"floor":6,"key":"REST"},{"data":"Terror","floor":10,"key":"SMITH"},{"data":"PiercingWail","floor":12,"key":"SMITH"},{"floor":15,"key":"REST"},{"floor":23,"key":"REST"},{"floor":28,"key":"REST"},{"floor":30,"key":"REST"},{"floor":32,"key":"REST"}],"circlet_count":0,"master_deck":["Strike_G","Strike_G","Strike_G","Strike_G","Strike_G+1","Defend_G","Defend_G","Defend_G+1","Defend_G+1","Defend_G","Survivor","Neutralize+1","Sucker Punch","Terror+1","Caltrops","Blade Dance","PiercingWail+1","Deadly Poison","Die Die Die","Night Terror","Poisoned Stab","Deadly Poison","Quick Slash+1","Footwork","Dodge and Roll+1","Heel Hook","Venomology","Bullet Time","Blade Dance+1","Catalyst"],"relics":["Ring of the Snake","NeowsBlessing","Golden Idol","Whetstone","Strawberry","Toy Ornithopter","Fusion Hammer","Ninja Scroll","Blood Vial","Orrery","InkBottle"],"acts_visited":["Exordium","TheCity"],"potions_floor_usage":[11,11,16,31,31,33,33],"damage_taken":[{"damage":0,"enemies":"2 Louse","floor":1,"turns":1},{"damage":0,"enemies":"Cultist","floor":4,"turns":1},{"damage":0,"enemies":"Small Slimes","floor":7,"turns":1},{"damage":4,"enemies":"Looter","floor":8,"turns":3},{"damage":27,"enemies":"3 Sentries","floor":11,"turns":10},{"damage":1,"enemies":"Red Slaver","floor":14,"turns":4},{"damage":21,"enemies":"Hexaghost","floor":16,"turns":11},{"damage":16,"enemies":"Shell Parasite","floor":18,"turns":5},{"damage":27,"enemies":"Spheric Guardian","floor":19,"turns":6},{"damage":11,"enemies":"Snake Plant","floor":21,"turns":3},{"damage":16,"enemies":"3 Cultists","floor":25,"turns":6},{"damage":18,"enemies":"Chosen and Byrds","floor":27,"turns":5},{"damage":30,"enemies":"Slavers","floor":31,"turns":6},{"damage":77,"enemies":"Automaton","floor":33,"turns":12}],"seed_played":"6230638776803714520","potions_obtained":[{"floor":1,"key":"SpeedPotion"},{"floor":7,"key":"Dexterity Potion"},{"floor":8,"key":"hexamod:EctoCoolerPotion"},{"floor":27,"key":"AttackPotion"},{"floor":31,"key":"SkillPotion"}],"is_trial":false,"path_per_floor":["M","?","?","M","$","R","M","M","T","R","E","R","?","M","R","B",null,"M","M","$","M","?","R","?","M","T","M","R","$","R","E","R","B"],"character_chosen":"THE_SILENT","items_purchased":["Caltrops","Ninja Scroll","Orrery"],"campfire_rested":6,"item_purchase_floors":[5,20,29],"current_hp_per_floor":[70,53,53,53,53,70,70,66,66,66,46,46,39,38,61,45,77,61,34,34,23,23,46,46,30,30,14,37,37,60,42,65,0,0],"gold":125,"neow_bonus":"THREE_ENEMY_KILL","is_daily":false,"chose_seed":false,"campfire_upgraded":2,"win_rate":0.0,"timestamp":1609102287,"path_taken":["M","?","?","?","$","R","M","M","T","R","E","R","?","M","R","BOSS","M","M","$","M","?","R","?","?","T","M","R","?","R","E","R","BOSS"],"items_purchased_type":["Card","Relic","Relic"],"build_version":"2020-12-22","purchased_purges":0,"victory":false,"max_hp_per_floor":[70,70,70,70,70,70,70,70,70,70,77,77,77,77,77,77,77,77,77,77,77,77,77,77,77,77,77,77,77,77,77,77,77,77],"card_choices":[{"not_picked":["Dagger Spray","Flechettes"],"picked":"Sucker Punch","floor":1},{"not_picked":["Acrobatics","Accuracy"],"picked":"Terror","floor":4},{"not_picked":["Flechettes","Footwork"],"picked":"Blade Dance","floor":7},{"not_picked":["Underhanded Strike","Quick Slash"],"picked":"PiercingWail","floor":8},{"not_picked":["Riddle With Holes","Underhanded Strike"],"picked":"Deadly Poison","floor":11},{"not_picked":["Dagger Throw","Dodge and Roll"],"picked":"Die Die Die","floor":14},{"not_picked":["Die Die Die","Burst"],"picked":"Night Terror","floor":16},{"not_picked":["Masterful Stab+1","PiercingWail"],"picked":"Poisoned Stab","floor":18},{"not_picked":["Bane","Distraction"],"picked":"Deadly Poison","floor":19},{"not_picked":["Expertise","Flechettes","Acrobatics"],"picked":"SKIP","floor":21},{"not_picked":["Heel Hook","Bane"],"picked":"Quick Slash+1","floor":25},{"not_picked":["Heel Hook","Acrobatics"],"picked":"Footwork","floor":27},{"not_picked":["Die Die Die","Endless Agony"],"picked":"Dodge and Roll+1","floor":29},{"not_picked":["Riddle With Holes+1","Slice"],"picked":"Heel Hook","floor":29},{"not_picked":["Acrobatics","Deadly Poison+1"],"picked":"Venomology","floor":29},{"not_picked":["Choke","Sucker Punch"],"picked":"Bullet Time","floor":29},{"not_picked":["Dagger Spray","Underhanded Strike"],"picked":"Blade Dance+1","floor":29},{"not_picked":["Tactician","Prepared"],"picked":"Catalyst","floor":31}],"player_experience":40757,"relics_obtained":[{"floor":9,"key":"Whetstone"},{"floor":11,"key":"Strawberry"},{"floor":26,"key":"Blood Vial"},{"floor":31,"key":"InkBottle"}],"event_choices":[{"damage_healed":0,"gold_gain":0,"player_choice":"Take Damage","damage_taken":17,"relics_obtained":["Golden Idol"],"max_hp_gain":0,"max_hp_loss":0,"event_name":"Golden Idol","floor":2,"gold_loss":0},{"damage_healed":0,"gold_gain":0,"player_choice":"Bought 0 Potions","damage_taken":0,"max_hp_gain":0,"max_hp_loss":0,"event_name":"The Woman in Blue","floor":3,"gold_loss":0},{"damage_healed":0,"gold_gain":0,"player_choice":"Success","damage_taken":7,"relics_obtained":["Toy Ornithopter"],"max_hp_gain":0,"max_hp_loss":0,"event_name":"Scrap Ooze","floor":13,"gold_loss":0},{"damage_healed":0,"gold_gain":99,"player_choice":"Stole From Cult","damage_taken":0,"max_hp_gain":0,"max_hp_loss":0,"event_name":"Nest","floor":22,"gold_loss":0},{"damage_healed":0,"gold_gain":0,"player_choice":"Upgraded Two","damage_taken":0,"max_hp_gain":0,"max_hp_loss":0,"event_name":"Designer","floor":24,"gold_loss":40,"cards_upgraded":["Defend_G","Defend_G"]}],"is_beta":false,"boss_relics":[{"not_picked":["Snecko Eye","Sozu"],"picked":"Fusion Hammer"}],"items_purged_floors":[],"is_endless":false,"potions_floor_spawned":[1,7,8,27,31],"killed_by":"Automaton","ascension_level":0}}