{"host":"t75twhtg6c476ygg","time":1609084338,"event":{"mods":["AchievementEnabler","BaseMod","Colored Powertips","Minty Spire (QoL Compilation)","Quick Restart","Relic Stats","StSLib","SuperFastMode"],"gold_per_floor":[113,113,113,124,138,138,138],"floor_reached":6,"playtime":90,"items_purged":[],"score":49,"play_id":"334cadff-c3e4-4867-8a99-5eb205513101","local_time":"20201227155218","is_ascension_mode":true,"campfire_choices":[],"circlet_count":0,"master_deck":["Bash","Shrug It Off","Pummel","Twin Strike"],"relics":["Pandora\u0027s Box","NeowsBlessing"],"acts_visited":["Exordium"],"potions_floor_usage":[],"damage_taken":[{"damage":0,"enemies":"Cultist","floor":1,"turns":1},{"damage":0,"enemies":"Small Slimes","floor":4,"turns":2},{"damage":0,"enemies":"Jaw Worm","floor":5,"turns":1},{"damage":32,"enemies":"Lagavulin","floor":6,"turns":5}],"seed_played":"7752181374510232983","potions_obtained":[],"is_trial":false,"path_per_floor":["M","?","?","M","M","E"],"character_chosen":"IRONCLAD","items_purchased":[],"campfire_rested":0,"item_purchase_floors":[],"current_hp_per_floor":[72,72,72,72,72,40,40],"gold":138,"neow_bonus":"THREE_ENEMY_KILL","is_daily":false,"chose_seed":false,"campfire_upgraded":0,"win_rate":0.0,"timestamp":1609084338,"path_taken":["M","?","?","M","?","E"],"items_purchased_type":[],"build_version":"2020-12-22","purchased_purges":0,"victory":false,"max_hp_per_floor":[80,80,80,80,80,80,80],"relic_stats":{"counters":[4,9],"Pandora\u0027s Box":["Second Wind","Flame Barrier","Dropkick","Shockwave","Anger","Bludgeon","Berserk","Combust","Double Tap"],"obtain_stats":[{"NeowsBlessing":0,"Pandora\u0027s Box":0,"Burning Blood":0},{"NeowsBlessing":0,"Pandora\u0027s Box":0,"Burning Blood":0},{"NeowsBlessing":0,"Pandora\u0027s Box":0,"Burning Blood":0}]},"card_choices":[{"not_picked":["Pommel Strike","Sentinel"],"picked":"Shrug It Off","floor":1},{"not_picked":["Iron Wave","Armaments"],"picked":"Pummel","floor":4},{"not_picked":["Sever Soul","Armaments"],"picked":"Twin Strike","floor":5}],"player_experience":197658,"relics_obtained":[],"event_choices":[{"damage_healed":0,"gold_gain":0,"player_choice":"Leave","damage_taken":0,"max_hp_gain":0,"max_hp_loss":0,"event_name":"The Cleric","floor":2,"gold_loss":0},{"damage_healed":0,"gold_gain":0,"player_choice":"Ignored","damage_taken":0,"max_hp_gain":0,"max_hp_loss":0,"event_name":"Golden Wing","floor":3,"gold_loss":0}],"is_beta":false,"boss_relics":[],"items_purged_floors":[],"is_endless":false,"potions_floor_spawned":[],"killed_by":"Lagavulin","ascension_level":7}}