{"host":"0azimyi6n3ugndj4","time":1609063001,"event":{"mods":["2.2 Compatiblity","BaseMod","Bestiary","Conspire","Curses Come First","Defuse TimeMaze Blight","Hyrulean Relics","Infinite Spire","Minty Spire (QoL Compilation)","Relic Stats","Replay The Spire","StSLib","SuperFastMode","Uncapped","¡¼?Úª?ø«¡½REMEMod"],"gold_per_floor":[150,75,75,177,222,324,324,324,324,0,99,168,168,210,210,444,444,483,483,483,58,58,136,187,274,321,321,321,396,396,477,477,29,29,245,245,293,383,383,416,551,551,629,16,16,16,91,91,91,178,178,11,11],"floor_reached":52,"playtime":1132,"items_purged":["Replay:AllIn","Blasphemy","ReplayRNGCard"],"score":1516,"play_id":"eccea152-b161-4bcf-bddc-16741a2ca4bd","local_time":"20201227185641","daily_mods":["Shiny","Vintage","ControlledChaos","Diverse","Colorless Cards","Heirloom","Time Dilation","Flight","Elite Swarm","Lethality","Midas","Night Terrors","Binary"],"is_ascension_mode":true,"campfire_choices":[{"floor":15.0,"key":"REST"},{"floor":32.0,"key":"REST"},{"data":"Multi-Cast","floor":34.0,"key":"PURGE"},{"floor":42.0,"key":"REST"},{"floor":51.0,"key":"REST"}],"circlet_count":0,"master_deck":["AscendersBane","Brilliance","Devotion","LessonLearned","Vault","Alpha","Establishment","REME_WorshipGod","Replay:LoomingThreat","DeusExMachina","Judgement+1","REME_EmptyShield","MasterReality","Ragnarok","REME_CRH+1","Scrawl","Wish","Omniscience+1","SpiritShield","DevaForm","Hyperbeam","REME_ForAll","Machine Learning","Buffer","Mirror Shield","Seek","Echo Form","All For One","Reboot","Fission","Core Surge","Thunder Strike","Biased Cognition","REME_Shoggoth","Electrodynamics","ReplayTheSpireMod:Omega Cannon","Rainbow","Amplify","Creative AI","REME_ShadowForm","ReplayTheSpireMod:Necrosis","Corpse Explosion","Die Die Die","Atom Bomb","ReplayTheSpireMod:From All Sides","Adrenaline","Envenom","Doppelganger","Burst","Wraith Form v2","REME_SpectralBlade","Tools of the Trade","REME_CopyPotion","After Image","Poison Darts","A Thousand Cuts","Venomology","Replay:Bag of Tricks","Malaise","Night Terror","infinitespire:Neurotoxin","Unload","REME_GrazeFinale","Bullet Time","Storm of Steel","Glass Knife","Grand Finale","Double Tap","Demon Form","REME_ACTH","Fiend Fire","Eclipse","conspire:Purge","Berserk","Impervious","Juggernaut","Brutality","Demonic Infusion","conspire:HitWhereItHurts","Exhume","Offering","REME_Fury","Bludgeon","Feed","Replay:Many Hands","Limit Break","Corruption","Barricade","Hemogenesis","REME_TheLastStrike","Reaper","Immolate","Thinking Ahead","Metamorphosis","Master of Strategy","Magnetism","REME_HeartOfCthun","Chrysalis","Mayhem","REME_PuzzleBox","Secret Weapon","Midas Touch","ReplayTheSpireMod:Brewmster","REME_AllRoundStrike","Poisoned Strike","REME_MawOfCthun","REME_EyeOfCthun","REME_WheelOfFate","Sadistic Nature","Replay:Dark Deal","REME_Flogging","ReplayUltimateDefense","Transmutation","REME_BattleFury","HandOfGreed","ReplayTheSpireMod:Necrogeddon","Apotheosis","Panache","Violence","Secret Technique","REME_BodyOfCthun","The Bomb","Crow Ritual","REME_BuildACard","REME_ProfessionalPlagiarism","conspire:Purge","The Bomb","conspire:Purge","Pot Of Greed","Pot Of Greed","Pot Of Greed","Pot Of Greed","Pot Of Greed","Pot Of Greed","Pot Of Greed+1","Pot Of Greed","Pot Of Greed","Pot Of Greed","Pot Of Greed","Pot Of Greed","REME_EmptyShield","infinitespire:Execution","Creative AI","REME_BodyOfCthun","Atom Bomb","Replay:LoomingThreat+1","Blade Dance","All Out Attack","conspire:Purge","FollowUp","Reboot","Offering","Pot Of Greed","infinitespire:Fortify"],"relics":["Ring of Peace","conspire:IceCreamScoop","Iron Core","Potion Belt","Ornamental Fan","Enchiridion","Sizzling Blood","Ring of Fury","Eternal Feather","Medical Kit","HoveringKite","Toolbox","Black Star","Ring of Panic","Unceasing Top","Blue Doll","Bottled Flame","infinitespire:Chaos","Grinning Jar","Prayer Wheel","zeldaRelics:CourageTriforce","Centennial Puzzle","zeldaRelics:WisdomTriforce","zeldaRelics:PowerTriforce","zeldaRelics:PowerPiece","Melange","Frozen Egg 2","zeldaRelics:MasterSword","Bird Faced Urn","conspire:BottledYoYo","Replay:Bottled Steam","GoldenEye","infinitespire:Joker Card","REME_ArchaeologicalTools","REME_OnlineShoppingPlatform","War Paint","Bag of Marbles","Mercury Hourglass","conspire:GiftBox","infinitespire:WardingShard","infinitespire:Lucky Rock"],"acts_visited":["Exordium","TheCity","TheBeyond"],"potions_floor_usage":[52,52,52,52,52,52,52,52,52,52],"damage_taken":[{"damage":0.0,"enemies":"Cultist","floor":1.0,"turns":1.0},{"damage":6.0,"enemies":"conspire:MimicChest","floor":4.0,"turns":4.0},{"damage":0.0,"enemies":"Jaw Worm","floor":5.0,"turns":1.0},{"damage":3.0,"enemies":"3 Sentries","floor":6.0,"turns":6.0},{"damage":0.0,"enemies":"Lagavulin","floor":11.0,"turns":2.0},{"damage":0.0,"enemies":"The Mushroom Lair","floor":12.0,"turns":3.0},{"damage":5.0,"enemies":"2 Louse","floor":14.0,"turns":3.0},{"damage":38.0,"enemies":"The Guardian","floor":16.0,"turns":5.0},{"damage":0.0,"enemies":"Chosen","floor":18.0,"turns":3.0},{"damage":48.0,"enemies":"Gremlin Leader","floor":23.0,"turns":8.0},{"damage":48.0,"enemies":"3 Byrds","floor":24.0,"turns":2.0},{"damage":6.0,"enemies":"Nightmare","floor":25.0,"turns":4.0},{"damage":21.0,"enemies":"Book of Stabbing","floor":29.0,"turns":3.0},{"damage":20.0,"enemies":"Gremlin Leader","floor":31.0,"turns":4.0},{"damage":0.0,"enemies":"Collector","floor":35.0,"turns":3.0},{"damage":10.0,"enemies":"3 Shapes","floor":37.0,"turns":1.0},{"damage":0.0,"enemies":"Orb Walker","floor":40.0,"turns":1.0},{"damage":10.0,"enemies":"2 Orb Walkers","floor":41.0,"turns":2.0},{"damage":9.0,"enemies":"Reptomancer","floor":43.0,"turns":2.0},{"damage":0.0,"enemies":"Jaw Worm Horde","floor":47.0,"turns":1.0},{"damage":0.0,"enemies":"Spire Growth","floor":50.0,"turns":2.0},{"damage":71,"enemies":"infinitespire:MassOfShapes","floor":52,"turns":1}],"seed_played":"-5812876270766078176","potions_obtained":[{"floor":4.0,"key":"Weak Potion"},{"floor":6.0,"key":"StancePotion"},{"floor":11.0,"key":"Fruit Juice"},{"floor":18.0,"key":"FairyPotion"},{"floor":31.0,"key":"Dexterity Potion"},{"floor":35.0,"key":"Energy Potion"},{"floor":40.0,"key":"EssenceOfSteel"}],"is_trial":true,"path_per_floor":["M","$","?","?","M","E","?","T","T","$","E","?","?","M","R","B",null,"M","?","?","$","?","E","M","NM","T","PTL","PTL","E","T","E","R","$","R","B",null,"M","?","?","M","?","R","E","$","T","?","M","?","T","M","R","B"],"character_chosen":"WATCHER","items_purchased":["infinitespire:PuzzleCube","DollysMirror","infinitespire:Chaos","Grinning Jar","Melange","Frozen Egg 2","REME_OnlineShoppingPlatform","War Paint","Bag of Marbles"],"campfire_rested":4,"item_purchase_floors":[10,10,21,21,33,33,44,44,44],"current_hp_per_floor":[61,61,61,55,55,52,52,52,52,52,52,52,32,27,63,37,60,72,72,72,76,70,26,52,50,50,50,50,49,49,33,77,77,77,77,57,51,33,33,39,37,52,49,49,49,46,52,39,39,45,47,0,0],"gold":11,"neow_bonus":"","is_daily":false,"chose_seed":false,"campfire_upgraded":0,"win_rate":0.0,"timestamp":1609063001,"path_taken":["M","$","?","?","?","E","?","?","T","?","E","?","?","?","R","BOSS","M","?","?","$","?","E","?","NM","T","PTL","PTL","E","?","E","R","?","R","BOSS","M","?","?","?","?","R","E","$","T","?","M","?","?","?","R","BOSS"],"items_purchased_type":["Relic","Relic","Relic","Relic","Relic","Relic","Relic","Relic","Relic"],"build_version":"2020-12-22","purchased_purges":3,"victory":false,"max_hp_per_floor":[68,68,68,68,68,68,68,68,68,68,68,68,68,68,63,68,68,78,78,78,82,82,82,82,82,82,82,82,82,82,82,77,77,77,77,57,57,57,57,57,57,52,52,52,52,52,52,52,52,52,47,47,47],"relic_stats":{"counters":[22,62],"HoveringKite":[15],"Melange":[0],"Eternal Feather":76,"War Paint":["Pot Of Greed","REME_CRH"],"Medical Kit":[0],"GoldenEye":[0],"Mercury Hourglass":[9],"Centennial Puzzle":[22],"Ornamental Fan":[56],"Bird Faced Urn":[14],"Prayer Wheel":0,"Black Star":5,"obtain_stats":[{"HoveringKite":21,"Blood Vial":14,"Centennial Puzzle":24,"DollysMirror":10,"Prayer Wheel":23,"Iron Hammer":5,"zeldaRelics:MasterSword":36,"REME_ArchaeologicalTools":43,"zeldaRelics:PowerPiece":29,"REME_OnlineShoppingPlatform":44,"Replay:Bottled Steam":40,"zeldaRelics:WisdomPiece":11,"Happy Flower":7,"Eternal Feather":21,"War Paint":44,"zeldaRelics:CourageTriforce":9,"Bottled Flame":21,"conspire:GiftBox":47,"Bird Faced Urn":37,"Black Star":21,"conspire:BottledYoYo":38,"Grinning Jar":21,"infinitespire:PuzzleCube":10,"conspire:IceCreamScoop":21,"Unceasing Top":21,"Iron Core":21,"SacredBark":17,"Enchiridion":21,"Melange":33,"Blue Doll":21,"Sizzling Blood":21,"Pet Ghost":1,"zeldaRelics:WisdomTriforce":29,"Frozen Eye":0,"Ring of Peace":21,"Toolbox":21,"zeldaRelics:CouragePiece":6,"Ring of Panic":21,"infinitespire:Chaos":21,"Potion Belt":21,"infinitespire:EmptyRelic":21,"infinitespire:Joker Card":43,"zeldaRelics:PowerTriforce":31,"infinitespire:Lucky Rock":50,"Odd Mushroom":12,"Frozen Egg 2":33,"Medical Kit":21,"GoldenEye":41,"Mercury Hourglass":45,"Busted Crown":0,"infinitespire:WardingShard":49,"Ornamental Fan":21,"Ring of Fury":21,"REME_HandOfSuture":18,"Bag of Marbles":44,"PureWater":0,"conspire:DeflatedDodgeball":4,"FossilizedHelix":0,"REME_ComplimentaryCards":0},{"HoveringKite":9,"Blood Vial":7,"Centennial Puzzle":11,"DollysMirror":4,"Prayer Wheel":10,"Iron Hammer":3,"zeldaRelics:MasterSword":15,"REME_ArchaeologicalTools":19,"zeldaRelics:PowerPiece":13,"REME_OnlineShoppingPlatform":19,"Replay:Bottled Steam":17,"zeldaRelics:WisdomPiece":5,"Happy Flower":4,"Eternal Feather":9,"War Paint":19,"zeldaRelics:CourageTriforce":4,"Bottled Flame":9,"conspire:GiftBox":20,"Bird Faced Urn":16,"Black Star":9,"conspire:BottledYoYo":16,"Grinning Jar":9,"infinitespire:PuzzleCube":4,"conspire:IceCreamScoop":9,"Unceasing Top":9,"Iron Core":9,"SacredBark":8,"Enchiridion":9,"Melange":14,"Blue Doll":9,"Sizzling Blood":9,"Pet Ghost":1,"zeldaRelics:WisdomTriforce":13,"Frozen Eye":0,"Ring of Peace":9,"Toolbox":9,"zeldaRelics:CouragePiece":4,"Ring of Panic":9,"infinitespire:Chaos":9,"Potion Belt":9,"infinitespire:EmptyRelic":9,"infinitespire:Joker Card":19,"zeldaRelics:PowerTriforce":14,"infinitespire:Lucky Rock":21,"Odd Mushroom":6,"Frozen Egg 2":14,"Medical Kit":9,"GoldenEye":18,"Mercury Hourglass":19,"Busted Crown":0,"infinitespire:WardingShard":20,"Ornamental Fan":9,"Ring of Fury":9,"REME_HandOfSuture":9,"Bag of Marbles":19,"PureWater":0,"conspire:DeflatedDodgeball":2,"FossilizedHelix":0,"REME_ComplimentaryCards":0},{"HoveringKite":28,"Blood Vial":20,"Centennial Puzzle":38,"DollysMirror":12,"Prayer Wheel":35,"Iron Hammer":6,"zeldaRelics:MasterSword":52,"REME_ArchaeologicalTools":58,"zeldaRelics:PowerPiece":45,"REME_OnlineShoppingPlatform":58,"Replay:Bottled Steam":54,"zeldaRelics:WisdomPiece":14,"Happy Flower":12,"Eternal Feather":28,"War Paint":58,"zeldaRelics:CourageTriforce":12,"Bottled Flame":28,"conspire:GiftBox":59,"Bird Faced Urn":53,"Black Star":28,"conspire:BottledYoYo":53,"Grinning Jar":28,"infinitespire:PuzzleCube":12,"conspire:IceCreamScoop":28,"Unceasing Top":28,"Iron Core":28,"SacredBark":25,"Enchiridion":28,"Melange":49,"Blue Doll":28,"Sizzling Blood":28,"Pet Ghost":1,"zeldaRelics:WisdomTriforce":45,"Frozen Eye":0,"Ring of Peace":28,"Toolbox":28,"zeldaRelics:CouragePiece":12,"Ring of Panic":28,"infinitespire:Chaos":28,"Potion Belt":28,"infinitespire:EmptyRelic":28,"infinitespire:Joker Card":58,"zeldaRelics:PowerTriforce":49,"infinitespire:Lucky Rock":61,"Odd Mushroom":17,"Frozen Egg 2":49,"Medical Kit":28,"GoldenEye":56,"Mercury Hourglass":58,"Busted Crown":0,"infinitespire:WardingShard":59,"Ornamental Fan":28,"Ring of Fury":28,"REME_HandOfSuture":28,"Bag of Marbles":58,"PureWater":0,"conspire:DeflatedDodgeball":5,"FossilizedHelix":0,"REME_ComplimentaryCards":0}],"Unceasing Top":[2]},"card_choices":[{"not_picked":["Transmutation"],"picked":"REME_EmptyShield","floor":23.0},{"not_picked":["infinitespire:Starlight","infinitespire:DeathsTouch"],"picked":"infinitespire:Execution","floor":25.0},{"not_picked":["Replay:Bag of Tricks"],"picked":"Creative AI","floor":25.0},{"not_picked":["REME_PuzzleBox"],"picked":"REME_BodyOfCthun","floor":29.0},{"not_picked":["Barricade"],"picked":"Atom Bomb","floor":31.0},{"not_picked":["Bludgeon"],"picked":"Replay:LoomingThreat+1","floor":35.0},{"not_picked":["Warcry"],"picked":"Blade Dance","floor":38.0},{"not_picked":["Consume"],"picked":"All Out Attack","floor":38.0},{"not_picked":["Massacre+1"],"picked":"FollowUp","floor":41.0},{"not_picked":["REME_TheLastStrike"],"picked":"Reboot","floor":43.0},{"not_picked":["ConjureBlade"],"picked":"Offering","floor":47.0},{"not_picked":["infinitespire:UltimateForm","infinitespire:FinalStrike"],"picked":"infinitespire:Fortify","floor":48.0}],"player_experience":1446825,"relics_obtained":[{"floor":1.0,"key":"Pet Ghost"},{"floor":4.0,"key":"conspire:DeflatedDodgeball"},{"floor":5.0,"key":"Iron Hammer"},{"floor":6.0,"key":"zeldaRelics:CouragePiece"},{"floor":7.0,"key":"Happy Flower"},{"floor":8.0,"key":"zeldaRelics:CouragePiece"},{"floor":9.0,"key":"zeldaRelics:CouragePiece"},{"floor":11.0,"key":"zeldaRelics:WisdomPiece"},{"floor":12.0,"key":"Odd Mushroom"},{"floor":14.0,"key":"Blood Vial"},{"floor":18.0,"key":"REME_HandOfSuture"},{"floor":23.0,"key":"zeldaRelics:CouragePiece"},{"floor":23.0,"key":"zeldaRelics:CouragePiece"},{"floor":24.0,"key":"Centennial Puzzle"},{"floor":25.0,"key":"zeldaRelics:CouragePiece"},{"floor":25.0,"key":"zeldaRelics:CouragePiece"},{"floor":26.0,"key":"zeldaRelics:WisdomPiece"},{"floor":29.0,"key":"zeldaRelics:WisdomPiece"},{"floor":29.0,"key":"zeldaRelics:WisdomPiece"},{"floor":30.0,"key":"zeldaRelics:PowerPiece"},{"floor":31.0,"key":"zeldaRelics:PowerPiece"},{"floor":31.0,"key":"zeldaRelics:PowerPiece"},{"floor":37.0,"key":"Bird Faced Urn"},{"floor":38.0,"key":"conspire:BottledYoYo"},{"floor":40.0,"key":"Replay:Bottled Steam"},{"floor":41.0,"key":"GoldenEye"},{"floor":43.0,"key":"infinitespire:Joker Card"},{"floor":43.0,"key":"REME_ArchaeologicalTools"},{"floor":45.0,"key":"Mercury Hourglass"},{"floor":47.0,"key":"conspire:GiftBox"},{"floor":49.0,"key":"infinitespire:WardingShard"},{"floor":50.0,"key":"infinitespire:Lucky Rock"}],"event_choices":[{"damage_healed":0.0,"max_hp_gain":0.0,"max_hp_loss":0.0,"gold_gain":0.0,"cards_transformed":["ConjureBlade"],"event_name":"Living Wall","player_choice":"Change","floor":3.0,"gold_loss":0.0,"damage_taken":0.0,"cards_obtained":["The Bomb"]},{"damage_healed":0.0,"max_hp_gain":0.0,"max_hp_loss":0.0,"gold_gain":0.0,"event_name":"Mushrooms","player_choice":"Fought Mushrooms","floor":12.0,"gold_loss":0.0,"damage_taken":0.0},{"damage_healed":0.0,"max_hp_gain":0.0,"max_hp_loss":0.0,"gold_gain":0.0,"event_name":"Shining Light","player_choice":"Entered Light","floor":13.0,"gold_loss":0.0,"damage_taken":20.0,"cards_upgraded":["Omniscience","Judgement"]},{"damage_healed":0.0,"max_hp_gain":0.0,"max_hp_loss":0.0,"gold_gain":0.0,"event_name":"Ghosts","player_choice":"Ignored","floor":19.0,"gold_loss":0.0,"damage_taken":0.0},{"damage_healed":0.0,"max_hp_gain":0.0,"max_hp_loss":0.0,"gold_gain":0.0,"event_name":"Vampires","player_choice":"Ignored","floor":20.0,"gold_loss":0.0,"damage_taken":0.0},{"damage_healed":0.0,"max_hp_gain":0.0,"max_hp_loss":0.0,"gold_gain":0.0,"event_name":"Knowing Skull","player_choice":"","floor":22.0,"potions_obtained":[],"gold_loss":0.0,"damage_taken":6.0,"cards_obtained":[]},{"damage_healed":0.0,"max_hp_gain":0.0,"max_hp_loss":0.0,"gold_gain":0.0,"event_name":"Duplicator","player_choice":"Copied","floor":39.0,"gold_loss":0.0,"damage_taken":0.0,"cards_obtained":["conspire:Purge"]},{"damage_healed":0.0,"max_hp_gain":0.0,"max_hp_loss":0.0,"gold_gain":0.0,"event_name":"Mysterious Sphere","player_choice":"Fight","floor":41.0,"gold_loss":0.0,"damage_taken":0.0},{"damage_healed":0.0,"max_hp_gain":0.0,"max_hp_loss":0.0,"gold_gain":0.0,"event_name":"conspire:Investor","player_choice":"Leave","floor":46.0,"gold_loss":0.0,"damage_taken":0.0}],"is_beta":false,"boss_relics":[{"not_picked":["conspire:RunicOctahedron","ReplayTheSpireMod:SealedPack"],"picked":"SacredBark"},{"not_picked":["Ring of Chaos","Cursed Key"],"picked":"zeldaRelics:MasterSword"}],"items_purged_floors":[2,21,44],"is_endless":true,"potions_floor_spawned":[4,6,11,18,31,35,40,41],"killed_by":"infinitespire:MassOfShapes","ascension_level":20}}