{"host":"zig6x0mxqzam82fb","time":1609113174,"event":{"mods":["BaseMod","Block Reminder","Colored Map","Colored Powertips","Minty Spire (QoL Compilation)","Relic Stats","StSLib","The Marked"],"gold_per_floor":[110,185,199,213,62,62,72,72,72,95,95,107,132,146,146,247,247,265,283,16,29,44,44,76,76,152,152,162,261,279,293,293,391,391,407,423,423,443,458,458,469,469,469,469,480,530,530,33,33,33],"floor_reached":51,"playtime":4630,"items_purged":["theMarked:Strike"],"score":679,"play_id":"12b7054b-c573-4ff6-b110-4260c3530c17","local_time":"20201227185254","is_ascension_mode":true,"campfire_choices":[{"data":"theMarked:SoldierOfQuellstein","floor":6,"key":"SMITH"},{"floor":8,"key":"REST"},{"floor":11,"key":"REST"},{"floor":15,"key":"REST"},{"floor":23,"key":"REST"},{"floor":25,"key":"REST"},{"floor":27,"key":"RECALL"},{"floor":32,"key":"REST"},{"floor":40,"key":"REST"},{"floor":42,"key":"REST"},{"floor":44,"key":"REST"},{"floor":47,"key":"REST"},{"floor":49,"key":"REST"}],"circlet_count":0,"master_deck":["theMarked:SoldierOfQuellstein+1","theMarked:SoldierForm","theMarked:EmpowerWeapon","theMarked:ElectricStrings","theMarked:SelfDefenseTraining","theMarked:WardOff","theMarked:Panic","theMarked:HeightenedSenses","theMarked:Convert","theMarked:ReduceFriction","theMarked:MuscleMemory","theMarked:Electrify+1","theMarked:Improvise","Apotheosis","theMarked:Improvise","theMarked:RepellingDischarge+1","theMarked:Generate+1","theMarked:SelfDefenseTraining","theMarked:Aftermath+1","theMarked:Challenge+1","theMarked:LightningStrikesTwice","theMarked:CreepingChasm+1","theMarked:TurnInvisible+1","theMarked:HeritageOfTheMarked","theMarked:WastefulAttack","theMarked:MaelstromOfLightning+1","theMarked:RepellingDischarge+1","theMarked:Electrocute","theMarked:BanishingWave","theMarked:HeightenedSenses+1","theMarked:ElectricStrings","theMarked:BanishingStrike+1","theMarked:EnhanceMovement+1","theMarked:RepellingDischarge+1","theMarked:SoldierForm"],"relics":["theMarked:ArtifactOfAir","theMarked:Winder","Kunai","Odd Mushroom","Bottled Flame","Fusion Hammer","Toxic Egg 2","Mercury Hourglass","Pandora\u0027s Box","theMarked:VonisonLock","Turnip","Ginger"],"acts_visited":["Exordium","TheCity","TheBeyond"],"potions_floor_usage":[16,22,24,24,30,33,36,41,50,50],"damage_taken":[{"damage":5,"enemies":"Small Slimes","floor":1,"turns":4},{"damage":5,"enemies":"Jaw Worm","floor":3,"turns":5},{"damage":0,"enemies":"Cultist","floor":4,"turns":3},{"damage":14,"enemies":"Exordium Thugs","floor":7,"turns":3},{"damage":21,"enemies":"The Mushroom Lair","floor":10,"turns":4},{"damage":8,"enemies":"3 Louse","floor":12,"turns":3},{"damage":9,"enemies":"3 Sentries","floor":13,"turns":8},{"damage":0,"enemies":"Exordium Wildlife","floor":14,"turns":4},{"damage":4,"enemies":"Hexaghost","floor":16,"turns":9},{"damage":0,"enemies":"3 Byrds","floor":18,"turns":5},{"damage":8,"enemies":"Shell Parasite","floor":19,"turns":4},{"damage":11,"enemies":"Snake Plant","floor":21,"turns":4},{"damage":3,"enemies":"Shelled Parasite and Fungi","floor":22,"turns":6},{"damage":17,"enemies":"Gremlin Leader","floor":24,"turns":6},{"damage":0,"enemies":"Sentry and Sphere","floor":28,"turns":5},{"damage":3,"enemies":"Cultist and Chosen","floor":30,"turns":6},{"damage":8,"enemies":"Snecko","floor":31,"turns":5},{"damage":14,"enemies":"Champ","floor":33,"turns":8},{"damage":0,"enemies":"3 Shapes","floor":35,"turns":5},{"damage":13,"enemies":"3 Darklings","floor":36,"turns":5},{"damage":2,"enemies":"4 Shapes","floor":38,"turns":3},{"damage":15,"enemies":"Transient","floor":39,"turns":5},{"damage":14,"enemies":"Spire Growth","floor":41,"turns":5},{"damage":17,"enemies":"Sphere and 2 Shapes","floor":45,"turns":5},{"damage":11,"enemies":"Mind Bloom Boss Battle","floor":46,"turns":7},{"damage":75,"enemies":"Awakened One","floor":50,"turns":13}],"seed_played":"-3106667316638675625","potions_obtained":[{"floor":1,"key":"FairyPotion"},{"floor":4,"key":"SpeedPotion"},{"floor":14,"key":"BlessingOfTheForge"},{"floor":16,"key":"Strength Potion"},{"floor":22,"key":"SkillPotion"},{"floor":24,"key":"Swift Potion"},{"floor":28,"key":"Explosive Potion"},{"floor":30,"key":"DistilledChaos"},{"floor":36,"key":"LiquidMemories"},{"floor":39,"key":"EssenceOfSteel"},{"floor":45,"key":"CultistPotion"}],"is_trial":false,"path_per_floor":["M","?","M","M","$","R","M","R","T","?","R","M","E","M","R","B",null,"M","M","$","M","M","R","E","R","T","R","M","?","M","M","R","B",null,"M","M","?","M","M","R","M","R","T","R","M","?","R","$","R","B",null],"character_chosen":"THE_DEFAULT","items_purchased":["theMarked:Winder","Apotheosis","PowerPotion","Ginger","theMarked:SoldierForm"],"campfire_rested":11,"item_purchase_floors":[5,20,48,48,48],"current_hp_per_floor":[58,47,42,42,42,42,28,46,46,25,43,35,26,26,44,40,63,63,55,55,44,41,59,42,60,60,60,60,60,57,49,63,49,63,63,50,50,48,33,51,37,55,55,63,46,35,53,53,63,18],"gold":33,"neow_bonus":"THREE_RARE_CARDS","is_daily":false,"chose_seed":false,"campfire_upgraded":1,"win_rate":0.0,"timestamp":1609113174,"path_taken":["M","?","M","M","$","R","M","R","T","?","R","?","E","M","R","BOSS","M","M","$","M","M","R","E","R","T","R","?","?","M","M","R","BOSS","M","M","?","M","M","R","M","R","T","R","M","?","R","$","R","BOSS"],"items_purchased_type":["Relic","Card","Potion","Relic","Card"],"build_version":"2020-12-22","purchased_purges":1,"victory":true,"max_hp_per_floor":[63,63,63,63,63,63,63,63,63,63,63,63,63,63,63,63,63,63,63,63,63,63,63,63,63,63,63,63,63,63,63,63,63,63,63,63,63,63,63,63,63,63,63,63,63,63,63,63,63,63],"relic_stats":{"counters":[26,136],"Pandora\u0027s Box":["theMarked:LightningStrikesTwice","theMarked:CreepingChasm","theMarked:TurnInvisible","theMarked:HeritageOfTheMarked","theMarked:WastefulAttack","theMarked:MaelstromOfLightning","theMarked:RepellingDischarge","theMarked:Electrocute"],"Turnip":[0],"Kunai":[24],"Ginger":[1],"obtain_stats":[{"theMarked:ArtifactOfAir":0,"Bottled Flame":13,"Pandora\u0027s Box":34,"Fusion Hammer":17,"theMarked:VonisonLock":43,"Turnip":46,"Kunai":9,"Ginger":48,"theMarked:Winder":5,"Odd Mushroom":10,"Toxic Egg 2":24,"Mercury Hourglass":26},{"theMarked:ArtifactOfAir":0,"Bottled Flame":7,"Pandora\u0027s Box":18,"Fusion Hammer":9,"theMarked:VonisonLock":23,"Turnip":25,"Kunai":4,"Ginger":25,"theMarked:Winder":3,"Odd Mushroom":5,"Toxic Egg 2":14,"Mercury Hourglass":14},{"theMarked:ArtifactOfAir":0,"Bottled Flame":30,"Pandora\u0027s Box":92,"Fusion Hammer":43,"theMarked:VonisonLock":112,"Turnip":123,"Kunai":15,"Ginger":123,"theMarked:Winder":12,"Odd Mushroom":19,"Toxic Egg 2":68,"Mercury Hourglass":68}],"Mercury Hourglass":[299]},"card_choices":[{"not_picked":["theMarked:Snap","theMarked:Challenge"],"picked":"theMarked:SoldierForm","floor":0},{"not_picked":["theMarked:EnhancedHearing","theMarked:ElectricStrings"],"picked":"theMarked:EmpowerWeapon","floor":1},{"not_picked":["theMarked:EnhanceMovement","theMarked:KeepCalmAndFightOn"],"picked":"theMarked:ElectricStrings","floor":3},{"not_picked":["theMarked:EmpowerWeapon","theMarked:LightningStrikesTwice"],"picked":"theMarked:SelfDefenseTraining","floor":4},{"not_picked":["theMarked:DeterminationOfTheMarked","theMarked:Seal"],"picked":"theMarked:WardOff","floor":7},{"not_picked":["theMarked:BanishingStrike","theMarked:SwordAndMagic"],"picked":"theMarked:Panic","floor":10},{"not_picked":["theMarked:TakeOffHeels","theMarked:Seal"],"picked":"theMarked:HeightenedSenses","floor":12},{"not_picked":["theMarked:Overthink","theMarked:Parkour","theMarked:Convert"],"picked":"SKIP","floor":13},{"not_picked":["theMarked:Overthink","theMarked:Parkour"],"picked":"theMarked:Convert","floor":13},{"not_picked":["theMarked:ComboAttacks","theMarked:Frustration"],"picked":"theMarked:ReduceFriction","floor":14},{"not_picked":["theMarked:SuspiciousRaven","theMarked:DispelDoubt"],"picked":"theMarked:MuscleMemory","floor":16},{"not_picked":["theMarked:ElectricStrings","theMarked:Electrocute"],"picked":"theMarked:Electrify+1","floor":18},{"not_picked":["theMarked:ElectricStrings","theMarked:StartUp"],"picked":"theMarked:Improvise","floor":19},{"not_picked":["theMarked:Aftermath","theMarked:WastefulAttack+1"],"picked":"theMarked:Improvise","floor":21},{"not_picked":["theMarked:WastefulAttack","theMarked:Overthink"],"picked":"theMarked:RepellingDischarge+1","floor":22},{"not_picked":["theMarked:WastefulDefense+1","theMarked:Overcharge+1"],"picked":"theMarked:Generate+1","floor":24},{"not_picked":["theMarked:ReduceFriction+1","theMarked:Aftermath+1"],"picked":"theMarked:SelfDefenseTraining","floor":28},{"not_picked":["theMarked:ThrowWeapon","theMarked:WastefulAttack+1","theMarked:Aftermath+1"],"picked":"SKIP","floor":30},{"not_picked":["theMarked:StartUp","theMarked:WardOff+1"],"picked":"theMarked:Aftermath+1","floor":31},{"not_picked":["theMarked:SummonStrength","theMarked:Snap"],"picked":"theMarked:Challenge+1","floor":33},{"not_picked":["theMarked:ChainLightning+1","theMarked:Improvise+1"],"picked":"theMarked:BanishingWave","floor":35},{"not_picked":["theMarked:SwordAndMagic+1","theMarked:MaelstromOfLightning+1","theMarked:ResourceFulStrike"],"picked":"SKIP","floor":36},{"not_picked":["theMarked:Aftermath+1","theMarked:GodGivenPower"],"picked":"theMarked:HeightenedSenses+1","floor":38},{"not_picked":["theMarked:SwordAndMagic+1","theMarked:Overcharge+1"],"picked":"theMarked:ElectricStrings","floor":39},{"not_picked":["theMarked:ShockingTouch","theMarked:Static+1"],"picked":"theMarked:BanishingStrike+1","floor":41},{"not_picked":["theMarked:SelfDefenseTraining","theMarked:Reabsorb+1"],"picked":"theMarked:EnhanceMovement+1","floor":45},{"not_picked":["theMarked:Parkour+1","theMarked:WastefulDefense+1"],"picked":"theMarked:RepellingDischarge+1","floor":46}],"player_experience":363168,"relics_obtained":[{"floor":9,"key":"Kunai"},{"floor":10,"key":"Odd Mushroom"},{"floor":13,"key":"Bottled Flame"},{"floor":24,"key":"Toxic Egg 2"},{"floor":26,"key":"Mercury Hourglass"},{"floor":43,"key":"theMarked:VonisonLock"},{"floor":46,"key":"Turnip"}],"event_choices":[{"damage_healed":0,"gold_gain":75,"player_choice":"Gather Gold","damage_taken":11,"max_hp_gain":0,"max_hp_loss":0,"event_name":"World of Goop","floor":2,"gold_loss":0},{"damage_healed":0,"gold_gain":0,"player_choice":"Fought Mushrooms","damage_taken":0,"max_hp_gain":0,"max_hp_loss":0,"event_name":"Mushrooms","floor":10,"gold_loss":0},{"damage_healed":0,"gold_gain":99,"player_choice":"Stole From Cult","damage_taken":0,"max_hp_gain":0,"max_hp_loss":0,"event_name":"Nest","floor":29,"gold_loss":0},{"damage_healed":0,"gold_gain":0,"player_choice":"Ignored","damage_taken":0,"max_hp_gain":0,"max_hp_loss":0,"event_name":"Mysterious Sphere","floor":37,"gold_loss":0},{"damage_healed":0,"gold_gain":0,"player_choice":"Fight","damage_taken":0,"max_hp_gain":0,"max_hp_loss":0,"event_name":"MindBloom","floor":46,"gold_loss":0}],"is_beta":false,"boss_relics":[{"not_picked":["Ectoplasm","Philosopher\u0027s Stone"],"picked":"Fusion Hammer"},{"not_picked":["Tiny House","Empty Cage"],"picked":"Pandora\u0027s Box"}],"items_purged_floors":[20],"is_endless":false,"potions_floor_spawned":[1,4,14,16,22,24,28,30,36,39,45],"ascension_level":1}}