{"host":"00f1p9ihhzi7hxfk","time":1609064431,"event":{"mods":["BaseMod","Colored Map","Colored Powertips","Minty Spire (QoL Compilation)","Rare Cards Sparkle","Relic Stats"],"gold_per_floor":[115,115,17,32,50,50,77,77,77,1,1,20,33,46,46,46,46],"floor_reached":16,"playtime":1104,"items_purged":["Strike_R"],"score":102,"play_id":"a5ae90a0-d5c2-4e87-a35e-73cbcba86770","local_time":"20201227112031","is_ascension_mode":false,"campfire_choices":[{"data":"Sword Boomerang","floor":6,"key":"SMITH"},{"data":"Defend_R","floor":8,"key":"SMITH"},{"data":"Flex","floor":11,"key":"SMITH"},{"floor":15,"key":"REST"}],"circlet_count":0,"master_deck":["Strike_R","Strike_R","Strike_R","Strike_R","Defend_R","Defend_R","Defend_R+1","Defend_R","Bash","Metamorphosis","Sword Boomerang+1","Pommel Strike","Headbutt","Limit Break","Flex+1","Cleave","Flex","Flex","Shockwave"],"relics":["Burning Blood","Eternal Feather","Darkstone Periapt"],"acts_visited":["Exordium"],"potions_floor_usage":[],"damage_taken":[{"damage":5,"enemies":"Small Slimes","floor":1,"turns":4},{"damage":1,"enemies":"Cultist","floor":4,"turns":3},{"damage":0,"enemies":"2 Louse","floor":5,"turns":2},{"damage":64,"enemies":"3 Sentries","floor":7,"turns":11},{"damage":19,"enemies":"Exordium Wildlife","floor":12,"turns":2},{"damage":0,"enemies":"Large Slime","floor":13,"turns":3},{"damage":14,"enemies":"Exordium Thugs","floor":14,"turns":4},{"damage":47,"enemies":"Hexaghost","floor":16,"turns":8}],"seed_played":"5734788108773003873","potions_obtained":[{"floor":1,"key":"DuplicationPotion"},{"floor":5,"key":"EntropicBrew"},{"floor":13,"key":"ColorlessPotion"}],"is_trial":false,"path_per_floor":["M","?","$","M","M","R","E","R","T","$","R","M","M","M","R","B"],"character_chosen":"IRONCLAD","items_purchased":["Pommel Strike","Flex","Cleave"],"campfire_rested":1,"item_purchase_floors":[3,10,10],"current_hp_per_floor":[72,72,72,72,72,72,14,20,20,20,29,16,22,14,44,0,0],"gold":46,"neow_bonus":"RANDOM_COLORLESS_2","is_daily":false,"chose_seed":false,"campfire_upgraded":3,"win_rate":0.0,"timestamp":1609064431,"path_taken":["M","?","?","M","M","R","E","R","T","$","R","M","M","M","R","BOSS"],"items_purchased_type":["Card","Card","Card"],"build_version":"2020-12-22","purchased_purges":1,"victory":false,"max_hp_per_floor":[72,72,72,72,72,72,72,72,72,72,72,72,72,72,72,72,72],"relic_stats":{"Darkstone Periapt":0,"counters":[8,37],"Eternal Feather":24,"obtain_stats":[{"Darkstone Periapt":9,"Eternal Feather":7,"Burning Blood":0},{"Darkstone Periapt":4,"Eternal Feather":4,"Burning Blood":0},{"Darkstone Periapt":20,"Eternal Feather":20,"Burning Blood":0}],"Burning Blood":30},"card_choices":[{"not_picked":["Sadistic Nature","Magnetism"],"picked":"Metamorphosis","floor":0},{"not_picked":["Hemokinesis","Anger"],"picked":"Sword Boomerang","floor":1},{"not_picked":["Evolve","Thunderclap"],"picked":"Headbutt","floor":4},{"not_picked":["Shrug It Off","Clothesline","Fire Breathing"],"picked":"SKIP","floor":5},{"not_picked":["Reaper","Feel No Pain"],"picked":"Limit Break","floor":7},{"not_picked":["Cleave","Pommel Strike"],"picked":"Flex","floor":12},{"not_picked":["Carnage","Headbutt"],"picked":"Flex","floor":13},{"not_picked":["Heavy Blade","Twin Strike"],"picked":"Shockwave","floor":14}],"player_experience":37076,"relics_obtained":[{"floor":7,"key":"Eternal Feather"},{"floor":9,"key":"Darkstone Periapt"}],"event_choices":[{"damage_healed":0,"gold_gain":0,"player_choice":"Ignored","damage_taken":0,"max_hp_gain":0,"max_hp_loss":0,"event_name":"Accursed Blacksmith","floor":2,"gold_loss":0}],"is_beta":false,"boss_relics":[],"items_purged_floors":[3],"is_endless":false,"potions_floor_spawned":[1,5,13],"killed_by":"Hexaghost","ascension_level":0}}