{"host":"91blwi3hgehj6ch9","time":1609099957,"event":{"mods":["2.2 Compatiblity","AchievementEnabler","BaseMod","Colored Map","DeckTracker","Keyboard Shortcuts","Minty Spire (QoL Compilation)","Permanent Neow","Quick Restart","StSLib","SuperFastMode"],"gold_per_floor":[19,38,38,54,14,14,31,45,45,20,52,52,71,86,86,187,237,254,254,254,274,126,126,161,173,198,198,25,25,45,45,45],"floor_reached":31,"playtime":1234,"items_purged":["Strike_B","Strike_B+1"],"score":270,"play_id":"a6da4f53-c287-4eb5-9e5a-e3ec2204d2ee","local_time":"20201228051237","is_ascension_mode":true,"campfire_choices":[{"data":"Capacitor","floor":6.0,"key":"SMITH"},{"data":"Go for the Eyes","floor":12.0,"key":"SMITH"},{"data":"Coolheaded","floor":15.0,"key":"SMITH"},{"data":"Blizzard","floor":23,"key":"SMITH"},{"floor":29,"key":"REST"}],"circlet_count":0,"master_deck":["Defend_B","Defend_B","Defend_B","Zap","Dualcast","Coolheaded+1","Gash","Capacitor+1","Redo","All For One","Go for the Eyes+1","Beam Cell","Coolheaded","Reboot","Redo","Streamline+1","Blizzard+1","Cold Snap","Skim","Consume","Glacier"],"relics":["Cracked Core","Emotion Chip","Bottled Lightning","Tiny House","Ginger","Bronze Scales"],"acts_visited":["Exordium","TheCity"],"potions_floor_usage":[24,24,24],"damage_taken":[{"damage":1.0,"enemies":"Cultist","floor":1.0,"turns":4.0},{"damage":2.0,"enemies":"Small Slimes","floor":2.0,"turns":3.0},{"damage":7.0,"enemies":"2 Louse","floor":4.0,"turns":3.0},{"damage":0.0,"enemies":"Lots of Slimes","floor":7.0,"turns":1.0},{"damage":6.0,"enemies":"2 Fungi Beasts","floor":8.0,"turns":3.0},{"damage":25.0,"enemies":"3 Sentries","floor":11.0,"turns":5.0},{"damage":0.0,"enemies":"Exordium Thugs","floor":13.0,"turns":3.0},{"damage":7.0,"enemies":"Red Slaver","floor":14.0,"turns":2.0},{"damage":24.0,"enemies":"The Guardian","floor":16.0,"turns":13.0},{"damage":16.0,"enemies":"Spheric Guardian","floor":18.0,"turns":4.0},{"damage":22,"enemies":"2 Thieves","floor":21,"turns":4},{"damage":26,"enemies":"Slavers","floor":24,"turns":5},{"damage":15,"enemies":"Centurion and Healer","floor":25,"turns":8},{"damage":10,"enemies":"Snake Plant","floor":30,"turns":5},{"damage":16,"enemies":"Cultist and Chosen","floor":31,"turns":4}],"seed_played":"-8387580794130553531","potions_obtained":[{"floor":1.0,"key":"Explosive Potion"},{"floor":7.0,"key":"Explosive Potion"},{"floor":13.0,"key":"Fire Potion"},{"floor":14.0,"key":"DuplicationPotion"},{"floor":17.0,"key":"Energy Potion"},{"floor":24,"key":"CultistPotion"}],"is_trial":false,"path_per_floor":["M","M","?","M","$","R","M","M","T","$","E","R","M","M","R","B",null,"M","?","?","M","$","R","E","M","T","?","$","R","M","M"],"character_chosen":"DEFECT","items_purchased":["Capacitor","Go for the Eyes","Blizzard","Consume"],"campfire_rested":1,"item_purchase_floors":[5,10,22,28],"current_hp_per_floor":[74,72,72,65,65,65,65,59,59,59,34,34,34,27,27,3,80,64,64,64,42,42,42,16,1,1,1,1,25,15,0,0],"gold":45,"neow_bonus":"REMOVE_TWO","is_daily":false,"chose_seed":false,"campfire_upgraded":4,"win_rate":0.0,"timestamp":1609099957,"path_taken":["M","?","?","M","$","R","M","M","T","$","E","R","?","?","R","BOSS","M","?","?","?","$","R","E","M","T","?","?","R","M","M"],"items_purchased_type":["Card","Card","Card","Card"],"build_version":"2020-12-22","purchased_purges":2,"victory":false,"max_hp_per_floor":[75,75,75,75,75,75,75,75,75,75,75,75,75,75,75,75,80,80,80,80,80,80,80,80,80,80,80,80,80,80,80,80],"card_choices":[{"not_picked":["BootSequence","Ball Lightning"],"picked":"Coolheaded","floor":1.0},{"not_picked":["Stack","Steam Power","Leap"],"picked":"SKIP","floor":2.0},{"not_picked":["Coolheaded","Hello World"],"picked":"Gash","floor":4.0},{"not_picked":["Auto Shields","Reprogram"],"picked":"Redo","floor":7.0},{"not_picked":["Conserve Battery","Rebound"],"picked":"All For One","floor":8.0},{"not_picked":["Auto Shields","Melter"],"picked":"Beam Cell","floor":11.0},{"not_picked":["Lockon","Barrage"],"picked":"Coolheaded","floor":13.0},{"not_picked":["Rebound","Beam Cell","Redo"],"picked":"SKIP","floor":14.0},{"not_picked":["Hyperbeam","All For One"],"picked":"Reboot","floor":16.0},{"not_picked":["Consume+1","Coolheaded"],"picked":"Redo","floor":18.0},{"not_picked":["Fusion+1","Consume"],"picked":"Streamline+1","floor":21},{"not_picked":["Capacitor+1","Consume"],"picked":"Cold Snap","floor":24},{"not_picked":["Blizzard","Go for the Eyes"],"picked":"Skim","floor":25},{"not_picked":["Conserve Battery","Hologram"],"picked":"Glacier","floor":30}],"player_experience":117114,"relics_obtained":[{"floor":9.0,"key":"Emotion Chip"},{"floor":11.0,"key":"Bottled Lightning"},{"floor":24,"key":"Ginger"},{"floor":26,"key":"Bronze Scales"}],"event_choices":[{"cards_removed":["Strike_B"],"damage_healed":0.0,"max_hp_gain":0.0,"max_hp_loss":0.0,"gold_gain":0.0,"event_name":"Bonfire Elementals","player_choice":"Offered Basic","floor":3.0,"gold_loss":0.0,"damage_taken":0.0},{"damage_healed":0,"gold_gain":0,"player_choice":"Ignored","damage_taken":0,"max_hp_gain":0,"max_hp_loss":0,"event_name":"Cursed Tome","floor":19,"gold_loss":0},{"damage_healed":0,"gold_gain":0,"player_choice":"Bought 0 Potions","damage_taken":0,"max_hp_gain":0,"max_hp_loss":0,"event_name":"The Woman in Blue","floor":20,"gold_loss":0},{"damage_healed":0,"gold_gain":0,"player_choice":"Ignored","damage_taken":0,"max_hp_gain":0,"max_hp_loss":0,"event_name":"N\u0027loth","floor":27,"gold_loss":0}],"is_beta":false,"boss_relics":[{"not_picked":["Velvet Choker","Busted Crown"],"picked":"Tiny House"}],"items_purged_floors":[22,28],"is_endless":false,"potions_floor_spawned":[1,7,13,14,21,24],"killed_by":"Cultist and Chosen","ascension_level":1}}