{"host":"ormi09wwzv7sq47a","time":1609031872,"event":{"mods":["2.2 Compatiblity","AchievementEnabler","Act Like it!","BaseMod","Bestiary","Better Altar","Better Note","Better Sensory Stone","Better Skull","Better Third Choice","Better Vampires","BetterRewards","Block Reminder","Card Forge","Colored Map","Colored Powertips","Curses Come First","DeckTracker","Downfall","Highlight Path","Minty Spire (QoL Compilation)","Permanent Neow","Quick Restart","Rare Cards Sparkle","Relic Stats","Shop Mod","StSLib","The Jungle","The Servant 0.9.4"],"gold_per_floor":[119,119,139,157,157,157,168,168,468,468,483,503,523,548,548,647,647,659,144,144,144,9,9,41,41,41,56,56,56,66,84,84,189,189,209,259,275,31,0,34,48,82,82,82,101,111,111,128,128,128],"floor_reached":51,"playtime":10166,"items_purged":["Strike_G","Strike_G"],"score":1102,"play_id":"dad67cca-5095-456a-a221-f983e265ccdb","local_time":"20201226221752","is_ascension_mode":true,"campfire_choices":[{"data":"Crippling Poison","floor":6.0,"key":"SMITH"},{"data":"Bouncing Flask","floor":8.0,"key":"SMITH"},{"data":"Catalyst","floor":10.0,"key":"SMITH"},{"data":"Caltrops","floor":15.0,"key":"SMITH"},{"data":"Noxious Fumes","floor":23.0,"key":"SMITH"},{"data":"Sadistic Nature","floor":25.0,"key":"SMITH"},{"floor":29.0,"key":"REST"},{"floor":32,"key":"REST"},{"floor":44,"key":"REST"},{"data":"Footwork","floor":47,"key":"SMITH"},{"floor":49,"key":"REST"}],"circlet_count":0,"master_deck":["AscendersBane","Strike_G","Survivor","Neutralize","Crippling Poison+1","Caltrops+1","Deadly Poison","Catalyst+1","Bane","Night Terror","Bouncing Flask+1","Deflect","Well Laid Plans","After Image","Cloak And Dagger+1","Noxious Fumes+1","Sadistic Nature+1","theJungle:Gourd","theJungle:Gourd","theJungle:Gourd","theJungle:Gourd","theJungle:Gourd","PiercingWail","Footwork+1","Adrenaline","Backflip","Dash+1","Calculated Gamble+1","Backflip+1","Noxious Fumes","Bouncing Flask"],"relics":["Ring of the Snake","Hammer of Thor","Seething Fire","Anvil of the Gods","Ginger","Lizard Tail","Old Coin","Omamori","SacredBark","Bag of Preparation","theJungle:WildPear","theJungle:Flamango","Question Card","Letter Opener","SlaversCollar","Incense Burner","InkBottle","Red Mask","Molten Egg 2","Nunchaku","Snake Skull"],"acts_visited":["Exordium","Exordium","TheBeyond"],"potions_floor_usage":[33,33,35,42,46,50],"damage_taken":[{"damage":0.0,"enemies":"Small Slimes","floor":1.0,"turns":3.0},{"damage":0.0,"enemies":"Cultist","floor":3.0,"turns":4.0},{"damage":8.0,"enemies":"2 Louse","floor":4.0,"turns":4.0},{"damage":10.0,"enemies":"Large Slime","floor":7.0,"turns":5.0},{"damage":4.0,"enemies":"Looter","floor":11.0,"turns":3.0},{"damage":3.0,"enemies":"2 Fungi Beasts","floor":12.0,"turns":3.0},{"damage":4.0,"enemies":"Blue Slaver","floor":13.0,"turns":3.0},{"damage":7.0,"enemies":"Gremlin Nob","floor":14.0,"turns":3.0},{"damage":12.0,"enemies":"Hexaghost","floor":16.0,"turns":6.0},{"damage":14.0,"enemies":"theJungle:5_Spyders","floor":18.0,"turns":8.0},{"damage":14.0,"enemies":"theJungle:Cassacara","floor":24.0,"turns":5.0},{"damage":11.0,"enemies":"theJungle:GiantWrat","floor":27.0,"turns":3.0},{"damage":31,"enemies":"theJungle:2_Flameangoes","floor":30,"turns":5},{"damage":20,"enemies":"theJungle:SlimyTreeVines","floor":31,"turns":5},{"damage":24,"enemies":"theJungle:TotemBoss","floor":33,"turns":7},{"damage":0,"enemies":"3 Shapes","floor":35,"turns":4},{"damage":12,"enemies":"Mind Bloom Boss Battle","floor":36,"turns":5},{"damage":11,"enemies":"Orb Walker","floor":37,"turns":4},{"damage":9,"enemies":"Nemesis","floor":40,"turns":7},{"damage":3,"enemies":"Maw","floor":41,"turns":7},{"damage":4,"enemies":"Reptomancer","floor":42,"turns":4},{"damage":10,"enemies":"Jaw Worm Horde","floor":45,"turns":4},{"damage":0,"enemies":"Writhing Mass","floor":46,"turns":6},{"damage":23,"enemies":"4 Shapes","floor":48,"turns":4},{"damage":33,"enemies":"Donu and Deca","floor":50,"turns":8}],"seed_played":"-4062140093010008918","potions_obtained":[{"floor":1.0,"key":"Strength Potion"},{"floor":7.0,"key":"Strength Potion"},{"floor":13.0,"key":"Fruit Juice"},{"floor":14.0,"key":"SpeedPotion"},{"floor":16.0,"key":"Energy Potion"},{"floor":18.0,"key":"CunningPotion"},{"floor":24.0,"key":"DuplicationPotion"},{"floor":31,"key":"Block Potion"},{"floor":33,"key":"AttackPotion"},{"floor":35,"key":"Strength Potion"},{"floor":40,"key":"LiquidBronze"},{"floor":41,"key":"Slimebound:ThreeZeroPotion"},{"floor":48,"key":"GamblersBrew"}],"is_trial":false,"path_per_floor":["M","?","M","M","?","R","M","R","T","R","M","M","M","E","R","B",null,"M","$","?","?","?","R","E","R","T","M","?","R","M","M","R","B",null,"M","?","M","$","?","E","M","E","T","R","M","M","R","M","R","B",null],"character_chosen":"THE_SILENT","items_purchased":["Crippling Poison","Caltrops","Deadly Poison","Bag of Preparation","Noxious Fumes","Sadistic Nature","InkBottle"],"campfire_rested":4,"item_purchase_floors":[0,0,0,19,19,19,38],"current_hp_per_floor":[63,56,56,48,48,48,38,38,38,38,34,31,32,25,25,13,60,46,46,41,51,51,51,37,37,37,26,26,53,22,8,35,11,70,70,58,47,47,47,38,35,31,31,58,48,48,48,25,52,19],"gold":128,"neow_bonus":"","is_daily":false,"chose_seed":false,"campfire_upgraded":7,"win_rate":0.0,"timestamp":1609031872,"path_taken":["M","?","M","M","?","R","M","R","T","R","M","M","?","E","R","BOSS","M","$","?","?","?","R","E","R","T","M","?","R","M","M","R","BOSS","M","?","M","$","?","E","M","E","T","R","M","M","R","M","R","BOSS"],"items_purchased_type":["Card","Card","Card","Relic","Card","Card","Relic"],"build_version":"2020-12-22","purchased_purges":2,"victory":true,"max_hp_per_floor":[70,70,70,70,70,70,70,70,70,70,70,70,75,75,75,75,75,75,75,80,90,90,90,90,90,90,90,90,90,90,90,90,90,90,90,90,90,90,90,90,90,90,90,90,90,90,90,90,90,90],"relic_stats":{"Lizard Tail":0,"Nunchaku":[2],"counters":[87,441],"Snake Skull":[49],"Bag of Preparation":[30],"Ginger":[18],"Letter Opener":[249],"Question Card":13,"obtain_stats":[{"Gremlin Horn":26,"Hammer of Thor":0,"Whetstone":6,"Ginger":0,"Old Coin":9,"Centennial Puzzle":6,"Lizard Tail":2,"Strawberry":0,"MealTicket":11,"Kunai":45,"Dead Branch":0,"Pen Nib":7,"Letter Opener":28,"Question Card":24,"Akabeko":21,"SlaversCollar":34,"Anvil of the Gods":0,"MutagenicStrength":29,"Bird Faced Urn":0,"Molten Egg 2":43,"StrikeDummy":12,"Ring of the Serpent":34,"theJungle:Flamango":22,"SacredBark":17,"Snake Skull":2,"Bag of Preparation":19,"theJungle:WildPear":21,"Incense Burner":36,"Empty Cage":17,"ClockworkSouvenir":0,"Nunchaku":2,"WristBlade":17,"Pantograph":22,"Red Mask":39,"InkBottle":38,"Ring of the Snake":0,"Potion Belt":40,"The Specimen":9,"Golden Idol":3,"Omamori":30,"Seething Fire":0,"MawBank":9,"Mercury Hourglass":27,"Peace Pipe":0,"Anchor":8,"Art of War":9,"Bag of Marbles":12,"Membership Card":0,"Toy Ornithopter":26},{"Gremlin Horn":30,"Hammer of Thor":0,"Whetstone":24,"Ginger":62,"Old Coin":66,"Centennial Puzzle":46,"Lizard Tail":63,"Strawberry":12,"MealTicket":18,"Kunai":39,"Dead Branch":57,"Pen Nib":3,"Letter Opener":54,"Question Card":73,"Akabeko":30,"SlaversCollar":77,"Anvil of the Gods":0,"MutagenicStrength":54,"Bird Faced Urn":57,"Molten Egg 2":38,"StrikeDummy":5,"Ring of the Serpent":33,"theJungle:Flamango":72,"SacredBark":71,"Snake Skull":1,"Bag of Preparation":72,"theJungle:WildPear":72,"Incense Burner":79,"Empty Cage":7,"ClockworkSouvenir":57,"Nunchaku":20,"WristBlade":28,"Pantograph":30,"Red Mask":80,"InkBottle":80,"Ring of the Snake":0,"Potion Belt":38,"The Specimen":3,"Golden Idol":14,"Omamori":55,"Seething Fire":0,"MawBank":24,"Mercury Hourglass":54,"Peace Pipe":42,"Anchor":24,"Art of War":16,"Bag of Marbles":49,"Membership Card":42,"Toy Ornithopter":54},{"Gremlin Horn":150,"Hammer of Thor":0,"Whetstone":127,"Ginger":321,"Old Coin":337,"Centennial Puzzle":241,"Lizard Tail":324,"Strawberry":61,"MealTicket":99,"Kunai":196,"Dead Branch":296,"Pen Nib":13,"Letter Opener":279,"Question Card":368,"Akabeko":150,"SlaversCollar":388,"Anvil of the Gods":0,"MutagenicStrength":279,"Bird Faced Urn":296,"Molten Egg 2":190,"StrikeDummy":24,"Ring of the Serpent":166,"theJungle:Flamango":363,"SacredBark":355,"Snake Skull":4,"Bag of Preparation":363,"theJungle:WildPear":363,"Incense Burner":397,"Empty Cage":40,"ClockworkSouvenir":296,"Nunchaku":112,"WristBlade":143,"Pantograph":150,"Red Mask":401,"InkBottle":401,"Ring of the Snake":0,"Potion Belt":190,"The Specimen":13,"Golden Idol":69,"Omamori":284,"Seething Fire":0,"MawBank":127,"Mercury Hourglass":279,"Peace Pipe":218,"Anchor":127,"Art of War":79,"Bag of Marbles":251,"Membership Card":218,"Toy Ornithopter":279}],"InkBottle":[19],"Ring of the Snake":[90]},"card_choices":[{"not_picked":["Heel Hook","Bane"],"picked":"Catalyst","floor":1.0},{"not_picked":["Accuracy","Acrobatics"],"picked":"Bane","floor":3.0},{"not_picked":["Sucker Punch","All Out Attack","Riddle With Holes"],"picked":"SKIP","floor":4.0},{"not_picked":["Prepared","Dagger Throw"],"picked":"Bouncing Flask","floor":7.0},{"not_picked":["Quick Slash","Backflip"],"picked":"Deflect","floor":11.0},{"not_picked":["Expertise","Endless Agony"],"picked":"Well Laid Plans","floor":12.0},{"not_picked":["Prepared","Riddle With Holes","Heel Hook"],"picked":"SKIP","floor":13.0},{"not_picked":["Underhanded Strike","Distraction","Acrobatics"],"picked":"SKIP","floor":14.0},{"not_picked":["Storm of Steel","Unload"],"picked":"After Image","floor":16.0},{"not_picked":["Underhanded Strike","Dagger Spray"],"picked":"Cloak And Dagger+1","floor":18.0},{"not_picked":["Dodge and Roll","Dagger Throw","Cloak And Dagger"],"picked":"SKIP","floor":24.0},{"not_picked":["Slice","Sucker Punch","Acrobatics","Blade Dance"],"picked":"SKIP","floor":27.0},{"not_picked":["Flying Knee+1","Die Die Die","Cloak And Dagger"],"picked":"PiercingWail","floor":30},{"not_picked":["Underhanded Strike","Quick Slash","Acrobatics"],"picked":"Footwork","floor":31},{"not_picked":["Burst","Phantasmal Killer","Tools of the Trade"],"picked":"Adrenaline","floor":33},{"not_picked":["All Out Attack","Skewer","Eviscerate","Flying Knee+1"],"picked":"SKIP","floor":35},{"not_picked":["Outmaneuver","Skewer","Prepared+1"],"picked":"Backflip","floor":36},{"not_picked":["Bane","Acrobatics+1","Deflect"],"picked":"Dash+1","floor":37},{"not_picked":["Skewer+1","Deadly Poison","Malaise","Heel Hook+1"],"picked":"SKIP","floor":40},{"not_picked":["Dagger Spray+1","Outmaneuver+1","Deadly Poison"],"picked":"Calculated Gamble+1","floor":41},{"not_picked":["Predator+1","Finisher+1","Cloak And Dagger"],"picked":"Backflip+1","floor":42},{"not_picked":["Deflect","Dagger Spray+1","Outmaneuver","Heel Hook+1"],"picked":"SKIP","floor":45},{"not_picked":["Deadly Poison","Outmaneuver","Poisoned Stab+1"],"picked":"Noxious Fumes","floor":46},{"not_picked":["Acrobatics+1","Finisher+1","Reflex+1"],"picked":"Bouncing Flask","floor":48}],"player_experience":800946,"relics_obtained":[{"floor":9.0,"key":"Old Coin"},{"floor":14.0,"key":"Omamori"},{"floor":24.0,"key":"Question Card"},{"floor":26.0,"key":"Letter Opener"},{"floor":36,"key":"Incense Burner"},{"floor":40,"key":"Molten Egg 2"},{"floor":42,"key":"Nunchaku"},{"floor":43,"key":"Snake Skull"}],"event_choices":[{"damage_healed":0.0,"max_hp_gain":0.0,"max_hp_loss":0.0,"gold_gain":0.0,"event_name":"betterThird:BetterScrap","player_choice":"Relic ","floor":2.0,"gold_loss":0.0,"damage_taken":7.0,"cards_obtained":["Wallop"]},{"damage_healed":0.0,"max_hp_gain":0.0,"max_hp_loss":0.0,"gold_gain":0.0,"cards_transformed":["Strike_G"],"event_name":"Transmorgrifier","player_choice":"Transformed","floor":5.0,"gold_loss":0.0,"damage_taken":0.0,"cards_obtained":["Night Terror"]},{"damage_healed":0,"gold_gain":0,"player_choice":"Fight","damage_taken":0,"max_hp_gain":0,"max_hp_loss":0,"event_name":"MindBloom","floor":36,"gold_loss":0},{"damage_healed":0,"gold_gain":0,"player_choice":"Paid","damage_taken":0,"relics_obtained":["Red Mask"],"max_hp_gain":0,"max_hp_loss":0,"event_name":"Tomb of Lord Red Mask","floor":39,"gold_loss":31}],"is_beta":false,"boss_relics":[{"not_picked":["Fusion Hammer","Astrolabe"],"picked":"SacredBark"},{"not_picked":["Pandora\u0027s Box","WristBlade"],"picked":"SlaversCollar"}],"items_purged_floors":[0,19],"is_endless":false,"potions_floor_spawned":[1,7,12,13,14,16,18,24,31,33,35,40,41,48],"ascension_level":11}}