{"host":"enmin8e0t0h2jpek","time":1609076474,"event":{"mods":["AchievementEnabler","BaseMod","Colored Map","Colored Powertips","DeckTracker","Highlight Path","Minty Spire (QoL Compilation)","Quick Restart","Rare Cards Sparkle","Relic Stats","Replay The Spire","Shop Mod","StSLib","SuperFastMode","The Sage","slay the spire mod where everything is the same but ironclad has a cowboy hat"],"gold_per_floor":[119,119,138,154,154,154,164,181,181,181,193,228,53,66,66,163,163,176,176,194,194,194,194,194],"floor_reached":23,"playtime":1003,"items_purged":[],"score":195,"play_id":"314fb514-0b67-4591-8d81-87a248603c35","local_time":"20201227144114","is_ascension_mode":false,"campfire_choices":[{"data":"Bash","floor":6,"key":"SMITH"},{"data":"Anger","floor":10,"key":"SMITH"},{"floor":15,"key":"REST"}],"circlet_count":0,"master_deck":["Strike_R","Strike_R","Strike_R","Strike_R","Strike_R","Defend_R","Defend_R","Defend_R","Defend_R","Bash+1","Rage","Wild Strike","Cleave","Rage","Metallicize","Anger+1","Cleave","Offering","Inflame","Shrug It Off","Feed","Thunderclap","Iron Wave+1"],"relics":["Burning Blood","Incense Burner","Matryoshka","Replay:Wax Seal","SacredBark","Nloth\u0027s Gift"],"acts_visited":["Exordium","TheCity"],"potions_floor_usage":[],"damage_taken":[{"damage":0,"enemies":"2 Louse","floor":1,"turns":1},{"damage":0,"enemies":"Cultist","floor":2,"turns":1},{"damage":0,"enemies":"Jaw Worm","floor":3,"turns":1},{"damage":5,"enemies":"Red Slaver","floor":4,"turns":3},{"damage":16,"enemies":"Exordium Wildlife","floor":7,"turns":4},{"damage":5,"enemies":"Blue Slaver","floor":8,"turns":4},{"damage":8,"enemies":"Red Slaver","floor":11,"turns":4},{"damage":31,"enemies":"Lagavulin","floor":12,"turns":6},{"damage":3,"enemies":"Looter","floor":14,"turns":3},{"damage":54,"enemies":"Hexaghost","floor":16,"turns":10},{"damage":13,"enemies":"Chosen","floor":18,"turns":5},{"damage":18,"enemies":"2 Thieves","floor":20,"turns":3},{"damage":50,"enemies":"Slavers","floor":23,"turns":3}],"seed_played":"1286309305665390807","potions_obtained":[{"floor":1,"key":"CultistPotion"},{"floor":4,"key":"SkillPotion"},{"floor":8,"key":"Explosive Potion"},{"floor":16,"key":"FearPotion"}],"is_trial":false,"path_per_floor":["M","M","M","M","?","R","M","M","T","R","M","E","$","M","R","B",null,"M","?","M","?","?","E"],"character_chosen":"IRONCLAD","items_purchased":["Replay:Wax Seal","Inflame","Shrug It Off"],"campfire_rested":1,"item_purchase_floors":[13,13,13],"current_hp_per_floor":[80,80,80,80,80,80,70,71,71,71,69,44,44,47,71,23,80,73,73,61,46,46,0,0],"gold":194,"neow_bonus":"THREE_ENEMY_KILL","is_daily":false,"chose_seed":false,"campfire_upgraded":2,"win_rate":0.0,"timestamp":1609076474,"path_taken":["M","M","M","M","?","R","M","M","T","R","?","E","$","M","R","BOSS","M","?","?","?","?","E"],"items_purchased_type":["Relic","Card","Card"],"build_version":"2020-12-22","purchased_purges":0,"victory":false,"max_hp_per_floor":[80,80,80,80,80,80,80,80,80,80,80,80,80,80,80,80,80,80,80,80,85,85,88,88],"relic_stats":{"counters":[13,48],"Nloth\u0027s Gift":0,"obtain_stats":[{"Matryoshka":12,"NeowsBlessing":0,"SacredBark":17,"Incense Burner":9,"Nloth\u0027s Gift":19,"Replay:Wax Seal":13,"Burning Blood":0},{"Matryoshka":8,"NeowsBlessing":0,"SacredBark":10,"Incense Burner":6,"Nloth\u0027s Gift":11,"Replay:Wax Seal":8,"Burning Blood":0},{"Matryoshka":24,"NeowsBlessing":0,"SacredBark":37,"Incense Burner":14,"Nloth\u0027s Gift":42,"Replay:Wax Seal":24,"Burning Blood":0}],"Burning Blood":53},"card_choices":[{"not_picked":["Armaments","Headbutt"],"picked":"Rage","floor":1},{"not_picked":["True Grit","Clothesline"],"picked":"Wild Strike","floor":2},{"not_picked":["Armaments","Sword Boomerang"],"picked":"Cleave","floor":3},{"not_picked":["ReplayTheSpireMod:Strike From Hell","Fire Breathing"],"picked":"Rage","floor":4},{"not_picked":["Wild Strike","ReplayTheSpireMod:Strike From Hell"],"picked":"Metallicize","floor":7},{"not_picked":["Shrug It Off","Abandon"],"picked":"Anger","floor":8},{"not_picked":["Brutality","Replay:Undeath\u0027s Touch"],"picked":"Cleave","floor":11},{"not_picked":["Run Through","Fire Breathing"],"picked":"Offering","floor":12},{"not_picked":["ReplayTheSpireMod:Strike From Hell","Headbutt"],"picked":"Iron Wave","floor":14},{"not_picked":["Juggernaut","Barricade"],"picked":"Feed","floor":16},{"not_picked":["Sever Soul","Clothesline"],"picked":"Thunderclap","floor":18},{"not_picked":["Sword Boomerang+1","Perfected Strike"],"picked":"Iron Wave+1","floor":20}],"player_experience":24437,"relics_obtained":[{"floor":9,"key":"Incense Burner"},{"floor":12,"key":"Matryoshka"}],"event_choices":[{"damage_healed":0,"gold_gain":0,"player_choice":"Bought 0 Potions","damage_taken":0,"max_hp_gain":0,"max_hp_loss":0,"event_name":"The Woman in Blue","floor":5,"gold_loss":0},{"damage_healed":0,"gold_gain":0,"player_choice":"Traded Relic","damage_taken":0,"relics_obtained":["Nloth\u0027s Gift"],"max_hp_gain":0,"max_hp_loss":0,"event_name":"N\u0027loth","floor":19,"relics_lost":["NeowsBlessing"],"gold_loss":0},{"damage_healed":0,"gold_gain":0,"player_choice":"Shed Blood","damage_taken":20,"max_hp_gain":5,"max_hp_loss":0,"event_name":"Forgotten Altar","floor":21,"gold_loss":0},{"cards_removed":["Iron Wave"],"damage_healed":0,"gold_gain":0,"player_choice":"Purged","damage_taken":0,"max_hp_gain":0,"max_hp_loss":0,"event_name":"Purifier","floor":22,"gold_loss":0}],"is_beta":false,"boss_relics":[{"not_picked":["Ooze Armor","ReplayTheSpireMod:DimensionalGlitch"],"picked":"SacredBark"}],"items_purged_floors":[],"is_endless":false,"potions_floor_spawned":[1,4,8,16,18],"killed_by":"Slavers","ascension_level":0}}