{"host":"jewdtr7eremy7cl3","time":1609089611,"event":{"mods":["ATMod(阿瑾Mod)","Act Like it!","Arknights The Spire","BaseMod","Dota2Spire","Gensokyo","Lobotomy","LobotomyExtend","Minty Spire (QoL Compilation)","Remilia（蕾米莉亚）","Spicy Shops","StSLib","The Alterego","The Forsaken","The Servant 0.9.4","TheWitcher","WarShipGirlsR/战舰少女R mod","Yakumo Yukari mod","残留之物"],"gold_per_floor":[275,275,292,292,42,73,73,73,120,120,120],"floor_reached":10,"playtime":493,"items_purged":[],"score":64,"play_id":"2b043f93-89fd-425b-955c-85b52e099163","local_time":"20201228012011","is_ascension_mode":false,"campfire_choices":[],"circlet_count":0,"master_deck":["Strike_S","Strike_S","Strike_S","Strike_S","Defend_S","Defend_S","Defend_S","Defend_S","KidneyShot","Exchange","BlackSwan","SurpressingFire","theForsaken:PlagueCurse","WallGazer","SilverBlades","Gensokyo:MonkeysPaw","Gensokyo:TarnishedGold","Wellcheers","Ricochet"],"relics":["Uniform","AT_ATBox","CogitoBucket","LetterFromLob","theForsaken:PlagueMask","ats:Originium","Dota2Spire:LinkenSphere","Pear","theForsaken:Gavel","AT_ChloranthyRing"],"acts_visited":["Gensokyo:Gensokyo"],"potions_floor_usage":[],"damage_taken":[{"damage":6,"enemies":"Gensokyo:3_Fairies","floor":1,"turns":4},{"damage":7,"enemies":"Gensokyo:2_Kodama","floor":3,"turns":4},{"damage":35,"enemies":"Gensokyo:Aya","floor":6,"turns":6},{"damage":34,"enemies":"Gensokyo:Mamizou","floor":10,"turns":7}],"seed_played":"-6114113292978525255","potions_obtained":[{"floor":1,"key":"Swift Potion"}],"is_trial":false,"path_per_floor":["M","?","M","?","COS","E","$","?","T","E"],"character_chosen":"THE_SERVANT","items_purchased":[],"campfire_rested":0,"item_purchase_floors":[],"current_hp_per_floor":[59,59,52,60,60,25,25,20,20,0,0],"gold":120,"neow_bonus":"","is_daily":false,"chose_seed":false,"campfire_upgraded":0,"win_rate":0.0,"timestamp":1609089611,"path_taken":["M","?","M","?","COS","E","?","?","T","E"],"items_purchased_type":[],"build_version":"2020-12-22","purchased_purges":0,"victory":false,"max_hp_per_floor":[65,65,65,65,65,65,65,75,75,75,75],"card_choices":[{"not_picked":["PunishingBird","Alriune"],"picked":"BlackSwan","floor":1},{"not_picked":["WasteNot","MoonPhase"],"picked":"SurpressingFire","floor":1},{"not_picked":["Scarecrow","CrumblingArmor"],"picked":"WallGazer","floor":3},{"not_picked":["Replace","Collapse"],"picked":"SilverBlades","floor":3},{"not_picked":["VoidDream","OldLady"],"picked":"Wellcheers","floor":6},{"not_picked":["DoubleEdge","Rewind"],"picked":"Ricochet","floor":6}],"player_experience":135562,"relics_obtained":[{"floor":1,"key":"LetterFromLob"},{"floor":6,"key":"ats:Originium"},{"floor":6,"key":"Dota2Spire:LinkenSphere"},{"floor":9,"key":"theForsaken:Gavel"}],"event_choices":[{"damage_healed":0,"gold_gain":0,"player_choice":"Obtain Plague Curse","damage_taken":0,"max_hp_gain":0,"max_hp_loss":0,"event_name":"Plague Doctor","floor":2,"gold_loss":0,"cards_obtained":["theForsaken:PlagueCurse"]}],"is_beta":false,"boss_relics":[],"items_purged_floors":[],"is_endless":false,"potions_floor_spawned":[1],"killed_by":"Gensokyo:Mamizou","ascension_level":0}}