{"host":"dxhqtkke6bt2qzoz","time":1609072452,"event":{"mods":["ATMod(∞¢Ë™Mod)","Act Like it!","Astrologer","BaseMod","Chen","Dota2Spire","Gensokyo","Koishi","Mari Mod (Legacy)","Mari\u0027s V1 Patch","Marisa£®ÏF”Í°°ƒß¿Ì…≥£©","Minty Spire (QoL Compilation)","MostiFishMod","Prisma Mod","Railgun Mod","Remilia£®¿Ÿ√◊¿Ú—«£©","SIMod","StSLib","TestMod","The Alterego","The Animator","The Dragon Tamer","The Hierophant","The Marked","The Mystic","Waifu the Spire","WarShipGirlsR/’ΩΩ¢…Ÿ≈ÆR mod","Yakumo Yukari mod","Yuri Mod","[IsaacMod]“‘»ˆº‚À˛","vexMod","°æ“≈ŒÔø®≈∆°øREMEMod"],"gold_per_floor":[139,164,180,180,34,111,15,50,50,4,4,39,39,39,39,88,88],"floor_reached":16,"playtime":838,"items_purged":["Pain"],"score":105,"play_id":"e7678fcd-c634-4027-94ed-40a58ce98d94","local_time":"20201227203412","is_ascension_mode":true,"campfire_choices":[{"floor":11,"key":"REST"},{"floor":13,"key":"REST"},{"data":"PrismaMod:ChloeRhongomyniad","floor":15,"key":"SMITH"}],"circlet_count":0,"master_deck":["PrismaMod:ChloeCommonAttack","PrismaMod:ChloeCommonAttack","PrismaMod:ChloeCommonAttack","PrismaMod:ChloeCommonAttack","PrismaMod:ChloeCommonDefend","PrismaMod:ChloeCommonDefend","PrismaMod:ChloeCommonDefend","PrismaMod:ChloeCommonDefend","PrismaMod:ChloeCommonDefend","PrismaMod:ChloeCheapAttack","PrismaMod:ChloeCheapDefend","PrismaMod:ChloeBetterTracePools","MostiFishMod:Chiaki","PrismaMod:ChloeCheapDefend","PrismaMod:ChloeCheapAttack","PrismaMod:ChloeExhaustOne","PrismaMod:ChloeUncommonDefend","testmod-RabbitOfFibonacci","PrismaMod:ChloeCaladbolg","Gensokyo:Shovel","PrismaMod:ChloeRhongomyniad+1"],"relics":["PrismaMod:PrismaTraceOn","HushsDoor","DaveBox","AT_ATBox","REME_ComplimentaryCards","testmod-TestBox","SynthV:C4","SalivaCoin","Gensokyo:LunaticRedEyes","Question Card"],"acts_visited":["Gensokyo:Gensokyo"],"potions_floor_usage":[6,6],"damage_taken":[{"damage":12,"enemies":"Gensokyo:3_Fairies","floor":1,"turns":6},{"damage":3,"enemies":"Gensokyo:Gryphon","floor":2,"turns":4},{"damage":0,"enemies":"Gensokyo:2_Kodama","floor":3,"turns":5},{"damage":37,"enemies":"Gensokyo:Cirno","floor":6,"turns":13},{"damage":14,"enemies":"Gensokyo:CorruptedTreant","floor":8,"turns":3},{"damage":15,"enemies":"Gensokyo:5_Fairies","floor":12,"turns":7},{"damage":47,"enemies":"Gensokyo:Yukari","floor":16,"turns":10}],"seed_played":"45497007530066942","potions_obtained":[{"floor":2,"key":"ColorlessPotion"},{"floor":3,"key":"SmokeBomb"}],"is_trial":false,"path_per_floor":["M","M","M","?","$","E","$","M","T","COS","R","M","R","?","R","B"],"character_chosen":"CHLOE","items_purchased":["PrismaMod:ChloeUncommonDefend","testmod-RabbitOfFibonacci"],"campfire_rested":2,"item_purchase_floors":[5,7],"current_hp_per_floor":[63,60,60,60,60,23,23,9,9,9,31,16,38,38,38,0,0],"gold":88,"neow_bonus":"TRANSFORM_CARD","is_daily":false,"chose_seed":false,"campfire_upgraded":1,"win_rate":0.0,"timestamp":1609072452,"path_taken":["M","M","M","?","$","E","?","M","T","COS","R","?","R","?","R","BOSS"],"items_purchased_type":["Card","Card"],"build_version":"2020-12-22","purchased_purges":1,"victory":false,"max_hp_per_floor":[75,75,75,75,75,75,75,75,75,75,75,75,75,75,75,75,75],"card_choices":[{"not_picked":["PrismaMod:ChloeCheapDefendTwo","PrismaMod:ChloeDiscardRecovery"],"picked":"PrismaMod:ChloeCheapDefend","floor":1},{"not_picked":["PrismaMod:ChloeDiscardRecovery","PrismaMod:ChloeGreatTracePools"],"picked":"PrismaMod:ChloeCheapAttack","floor":2},{"not_picked":["PrismaMod:ChloeCheapAttackTwo","PrismaMod:ChloeDiscardRecovery"],"picked":"PrismaMod:ChloeExhaustOne","floor":3},{"not_picked":["PrismaMod:ChloeCheapAttack","PrismaMod:ChloeCheapDefendTwo"],"picked":"PrismaMod:ChloeCaladbolg","floor":8},{"not_picked":["PrismaMod:ChloeMordred","PrismaMod:ChloeUncommonAOEAttack","PrismaMod:ChloeCheapAttackTwo"],"picked":"PrismaMod:ChloeRhongomyniad","floor":12}],"player_experience":169896,"relics_obtained":[{"floor":9,"key":"Question Card"}],"event_choices":[],"is_beta":false,"boss_relics":[],"items_purged_floors":[5],"is_endless":false,"potions_floor_spawned":[2,3,6],"killed_by":"Gensokyo:Yukari","ascension_level":1}}