{"host":"dbo0lztt1pyfwysk","time":1609053566,"event":{"mods":["Act Like it!","BaseMod","Conspire","Downfall","Gensokyo","GifTheSpireLib","Hubris","Infinite Spire","KinomotoSakuraMod(????)","Koishi","Luminous","Marisa????????","Minty Spire (QoL Compilation)","Prisma Mod","Remilia??????","Replay The Spire","Shade Mod","Shop Mod","StSLib","The Gatherer"],"gold_per_floor":[114,124,144,69,82,82,113,113,136,136,154,171,171,171,171,171,171],"floor_reached":16,"playtime":418,"items_purged":["Strike_G"],"score":147,"play_id":"1682ecc9-af70-434d-b8d2-d484830455f5","local_time":"20201227081926","is_ascension_mode":true,"campfire_choices":[{"data":"Corpse Explosion","floor":6,"key":"SMITH"},{"data":"Deadly Poison","floor":8,"key":"SMITH"},{"data":"Deadly Poison","floor":10,"key":"SMITH"},{"floor":15,"key":"REST"}],"circlet_count":0,"master_deck":["AscendersBane","Strike_G","Strike_G","Strike_G","Defend_G","Defend_G","Defend_G","Defend_G","Defend_G","Survivor","Neutralize","Corpse Explosion+1","Deadly Poison+1","Deadly Poison+1","ReplayTheSpireMod:Speed Training","infinitespire:SevenWalls"],"relics":["Ring of the Snake","Letter Opener","Orichalcum"],"acts_visited":["Exordium"],"potions_floor_usage":[5,7],"damage_taken":[{"damage":1,"enemies":"2 Louse","floor":1,"turns":2},{"damage":10,"enemies":"Small Slimes","floor":2,"turns":4},{"damage":2,"enemies":"Jaw Worm","floor":3,"turns":4},{"damage":1,"enemies":"Blue Slaver","floor":5,"turns":4},{"damage":7,"enemies":"conspire:MimicChest","floor":7,"turns":7},{"damage":7,"enemies":"Looter","floor":11,"turns":4},{"damage":3,"enemies":"Large Slime","floor":12,"turns":4},{"damage":37,"enemies":"Slime Boss","floor":16,"turns":5}],"seed_played":"3909424325074258132","potions_obtained":[{"floor":2,"key":"hexamod:EctoCoolerPotion"},{"floor":3,"key":"Strength Potion"}],"is_trial":false,"path_per_floor":["M","M","M","$","M","R","?","R","T","R","M","M","?","?","R","B"],"character_chosen":"THE_SILENT","items_purchased":[],"campfire_rested":1,"item_purchase_floors":[],"current_hp_per_floor":[62,52,50,50,49,49,42,42,42,42,35,32,32,17,35,0,0],"gold":171,"neow_bonus":"THREE_RARE_CARDS","is_daily":false,"chose_seed":false,"campfire_upgraded":3,"win_rate":0.0,"timestamp":1609053566,"path_taken":["M","M","M","$","M","R","?","R","T","R","M","M","?","?","R","BOSS"],"items_purchased_type":[],"build_version":"2020-12-22","purchased_purges":1,"victory":false,"max_hp_per_floor":[63,63,63,63,63,63,63,63,63,63,63,63,63,63,63,63,63],"card_choices":[{"not_picked":["infinitespire:Neurotoxin","ReplayTheSpireMod:From All Sides"],"picked":"Corpse Explosion","floor":0},{"not_picked":["Sucker Punch","Prepared"],"picked":"Deadly Poison","floor":1},{"not_picked":["Finisher","Cloak And Dagger"],"picked":"Deadly Poison","floor":2},{"not_picked":["Sneak Up","hubris:TrickCloak","Dodge and Roll"],"picked":"SKIP","floor":3},{"not_picked":["Cloak And Dagger","Hidden Blade"],"picked":"ReplayTheSpireMod:Speed Training","floor":5},{"not_picked":["hubris:Sniper","Prepared","ReplayTheSpireMod:The Works"],"picked":"SKIP","floor":11},{"not_picked":["hubris:SlightOfHand","Hidden Blade","Cloak And Dagger"],"picked":"SKIP","floor":12},{"not_picked":["infinitespire:DeathsTouch","ReplayTheSpireMod:Chaos Vortex"],"picked":"infinitespire:SevenWalls","floor":14}],"player_experience":615125,"relics_obtained":[{"floor":7,"key":"Letter Opener"},{"floor":9,"key":"Orichalcum"}],"event_choices":[{"cards_removed":["Strike_G"],"damage_healed":0,"gold_gain":0,"player_choice":"Forget","damage_taken":0,"max_hp_gain":0,"max_hp_loss":0,"event_name":"Living Wall","floor":13,"gold_loss":0}],"is_beta":false,"boss_relics":[],"items_purged_floors":[4],"is_endless":false,"potions_floor_spawned":[2,3],"killed_by":"Slime Boss","ascension_level":12}}