{"host":"b0l902yh1rk3g5bq","time":1609076453,"event":{"mods":["AchievementEnabler","Act Like it!","Aspiration","BaseMod","Better Match","Better Sensory Stone","Better Skull","Better Third Choice","BetterRewards","Challenge The Spire","Colored Map","Colored Powertips","Conspire","Downfall","Energized Spire","GifTheSpireLib","Halation","Hubris","Infinite Spire","Minty Spire (QoL Compilation)","Quick Restart","Rare Cards Sparkle","Replay The Spire","StSLib","Stuff the Spire","Trackpad","Virulent Crown","Wandering Minibosses","egg","everything is the same but u backflip on backflip","vexMod"],"gold_per_floor":[112,112,62,62,82,112,112,126,151,151,151],"floor_reached":10,"playtime":216,"items_purged":[],"score":155,"play_id":"19c5b3b7-1bb0-444a-9c74-661a4f0c697e","local_time":"20201227144053","is_ascension_mode":true,"campfire_choices":[{"data":"conspire:DoublingDagger","floor":7,"key":"SMITH"}],"circlet_count":0,"master_deck":["AscendersBane","Strike_G+1","Strike_G","Strike_G","Strike_G","Defend_G","Defend_G","Defend_G","Defend_G","Defend_G","Survivor","Neutralize","conspire:DoublingDagger+1","Cloak And Dagger"],"relics":["Ring of the Snake","NeowsBlessing","infinitespire:FocusingShard","Blue Doll","Toy Ornithopter"],"acts_visited":["Exordium"],"potions_floor_usage":[],"damage_taken":[{"damage":0,"enemies":"Cultist","floor":1,"turns":1},{"damage":0,"enemies":"2 Louse","floor":5,"turns":1},{"damage":0,"enemies":"Lagavulin","floor":6,"turns":1},{"damage":0,"enemies":"Small Slimes","floor":8,"turns":3},{"damage":63,"enemies":"Gremlin Nob","floor":10,"turns":6}],"seed_played":"2773266161287077386","potions_obtained":[{"floor":1,"key":"Dexterity Potion"},{"floor":8,"key":"BlessingOfTheForge"}],"is_trial":false,"path_per_floor":["M","?","?","?","M","E","R","M","T","E"],"character_chosen":"THE_SILENT","items_purchased":[],"campfire_rested":0,"item_purchase_floors":[],"current_hp_per_floor":[59,59,59,59,59,59,59,59,59,0,0],"gold":151,"neow_bonus":"THREE_ENEMY_KILL","is_daily":false,"chose_seed":false,"campfire_upgraded":1,"win_rate":0.0,"timestamp":1609076453,"path_taken":["M","?","?","?","M","E","R","M","T","E"],"items_purchased_type":[],"build_version":"2020-12-22","purchased_purges":0,"victory":false,"max_hp_per_floor":[66,66,66,66,66,66,66,66,66,66,66],"card_choices":[{"not_picked":["Deadly Poison","Crippling Poison"],"picked":"conspire:DoublingDagger","floor":1},{"not_picked":["Setup","Eviscerate","StuffTheSpire:Python"],"picked":"SKIP","floor":5},{"not_picked":["Reflex","Acrobatics"],"picked":"Cloak And Dagger","floor":6},{"not_picked":["Endless Agony","StuffTheSpire:Python","Prepared"],"picked":"SKIP","floor":8}],"player_experience":594493,"relics_obtained":[{"floor":4,"key":"infinitespire:FocusingShard"},{"floor":6,"key":"Blue Doll"},{"floor":9,"key":"Toy Ornithopter"}],"event_choices":[{"cards_removed":["Strike_G"],"damage_healed":0,"gold_gain":0,"player_choice":"Card Removal","damage_taken":0,"max_hp_gain":0,"max_hp_loss":0,"event_name":"The Cleric","floor":3,"gold_loss":50},{"damage_healed":0,"gold_gain":0,"player_choice":"Relic","damage_taken":0,"max_hp_gain":0,"max_hp_loss":0,"event_name":"Wheel of Change","floor":4,"gold_loss":0}],"is_beta":false,"boss_relics":[],"items_purged_floors":[],"is_endless":false,"potions_floor_spawned":[1,8],"killed_by":"Gremlin Nob","ascension_level":14}}