{"host":"kjehzzhcyp0nyrrl","time":1609061096,"event":{"mods":["AchievementEnabler","Arknights The Spire","BaseMod","Custom Start","Hermit","Keyboard Shortcuts","Koishi","Minty Spire (QoL Compilation)","StSLib","SuperFastMode","The Dragon Tamer","The Gatherer","everything is the same but u backflip on backflip"],"gold_per_floor":[109,120,120,138,138,138,159,159,211,231,255,3,3,22,22,147,147,127,52,70,70,86,86,86,104,130,57,88,107,197,210,210,210,210],"floor_reached":33,"playtime":871,"items_purged":["Strike_R"],"score":352,"play_id":"d65898dc-5922-4349-9d7f-4883e0d08cc0","local_time":"20201227182456","is_ascension_mode":true,"campfire_choices":[{"data":"Disarm","floor":6.0,"key":"SMITH"},{"data":"Burning Pact","floor":8.0,"key":"SMITH"},{"data":"Bash","floor":15.0,"key":"SMITH"},{"data":"Berserk","floor":23.0,"key":"SMITH"},{"floor":32,"key":"REST"}],"circlet_count":0,"master_deck":["Strike_R","Strike_R","Strike_R","Defend_R","Defend_R","Defend_R","Defend_R+1","Bash+1","Pommel Strike+1","Disarm+1","Headbutt","Burning Pact+1","Disarm","Feel No Pain","Berserk+1","Spot Weakness","Sever Soul+1"],"relics":["Burning Blood","Happy Flower","Golden Idol","Kunai","Centennial Puzzle","Busted Crown","Tiny Chest","ats:Originium","Dream Catcher"],"acts_visited":["Exordium","TheCity"],"potions_floor_usage":[33],"damage_taken":[{"damage":2.0,"enemies":"Jaw Worm","floor":1.0,"turns":3.0},{"damage":3.0,"enemies":"2 Louse","floor":2.0,"turns":4.0},{"damage":0.0,"enemies":"Small Slimes","floor":4.0,"turns":2.0},{"damage":12.0,"enemies":"2 Fungi Beasts","floor":7.0,"turns":4.0},{"damage":7.0,"enemies":"Exordium Wildlife","floor":10.0,"turns":5.0},{"damage":6.0,"enemies":"Exordium Thugs","floor":11.0,"turns":7.0},{"damage":0.0,"enemies":"Large Slime","floor":14.0,"turns":5.0},{"damage":17.0,"enemies":"Hexaghost","floor":16.0,"turns":10.0},{"damage":19.0,"enemies":"2 Thieves","floor":18.0,"turns":5.0},{"damage":11.0,"enemies":"Shell Parasite","floor":20.0,"turns":7.0},{"damage":6.0,"enemies":"Snake Plant","floor":22.0,"turns":6.0},{"damage":26.0,"enemies":"Shelled Parasite and Fungi","floor":25.0,"turns":8.0},{"damage":31.0,"enemies":"Book of Stabbing","floor":28.0,"turns":7.0},{"damage":10.0,"enemies":"Chosen and Byrds","floor":29.0,"turns":5.0},{"damage":3,"enemies":"Snake Plant","floor":31,"turns":6},{"damage":44,"enemies":"Automaton","floor":33,"turns":4}],"seed_played":"3494406267161572190","potions_obtained":[{"floor":2.0,"key":"SneckoOil"},{"floor":4.0,"key":"SpeedPotion"},{"floor":10.0,"key":"ColorlessPotion"},{"floor":11.0,"key":"AttackPotion"},{"floor":14.0,"key":"Regen Potion"},{"floor":18.0,"key":"BloodPotion"},{"floor":22.0,"key":"Explosive Potion"},{"floor":25.0,"key":"Fire Potion"},{"floor":31,"key":"Explosive Potion"}],"is_trial":false,"path_per_floor":["M","M","?","M","?","R","M","R","T","M","M","$","?","M","R","B",null,"M","$","M","?","M","R","?","M","T","$","E","M","?","M","R","B"],"character_chosen":"IRONCLAD","items_purchased":["Kunai","Spot Weakness"],"campfire_rested":1,"item_purchase_floors":[12,27],"current_hp_per_floor":[76,79,63,69,69,69,63,63,63,62,62,62,55,61,61,50,68,55,55,50,50,64,64,64,44,44,44,33,29,17,20,42,0,0],"gold":210,"neow_bonus":"RANDOM_COMMON_RELIC","is_daily":false,"chose_seed":false,"campfire_upgraded":4,"win_rate":0.0,"timestamp":1609061096,"path_taken":["M","M","?","M","?","R","M","R","T","M","M","$","?","M","R","BOSS","M","$","M","?","M","R","?","?","T","$","E","M","?","?","R","BOSS"],"items_purchased_type":["Relic","Card"],"build_version":"2020-12-22","purchased_purges":1,"victory":false,"max_hp_per_floor":[80,80,80,80,74,74,74,74,74,74,74,74,74,74,74,74,74,74,74,74,74,74,74,74,74,74,74,74,74,74,74,74,74,74],"card_choices":[{"not_picked":["Clothesline","True Grit"],"picked":"Pommel Strike","floor":1.0},{"not_picked":["Blood for Blood","Shockwave"],"picked":"Disarm","floor":2.0},{"not_picked":["Warcry","Heavy Blade"],"picked":"Headbutt","floor":4.0},{"not_picked":["Dropkick","Bloodletting"],"picked":"Burning Pact","floor":7.0},{"not_picked":["Bloodletting","Metallicize","Flex"],"picked":"SKIP","floor":10.0},{"not_picked":["Dropkick","Burning Pact"],"picked":"Disarm","floor":11.0},{"not_picked":["Pommel Strike","Perfected Strike"],"picked":"Feel No Pain","floor":14.0},{"not_picked":["Limit Break","Demon Form"],"picked":"Berserk","floor":16.0},{"not_picked":["Armaments"],"picked":"SKIP","floor":18.0},{"not_picked":["Armaments"],"picked":"SKIP","floor":20.0},{"not_picked":["Flex"],"picked":"SKIP","floor":22.0},{"not_picked":["Reckless Charge+1"],"picked":"SKIP","floor":25.0},{"not_picked":["Sever Soul+1"],"picked":"SKIP","floor":28.0},{"not_picked":[],"picked":"Sever Soul+1","floor":28.0},{"not_picked":["Body Slam"],"picked":"SKIP","floor":29.0},{"not_picked":["Body Slam"],"picked":"SKIP","floor":31}],"player_experience":380606,"relics_obtained":[{"floor":26.0,"key":"Tiny Chest"},{"floor":28.0,"key":"ats:Originium"},{"floor":28.0,"key":"Dream Catcher"}],"event_choices":[{"damage_healed":0.0,"max_hp_gain":0.0,"max_hp_loss":0.0,"gold_gain":0.0,"event_name":"Shining Light","player_choice":"Entered Light","floor":3.0,"gold_loss":0.0,"damage_taken":16.0,"cards_upgraded":["Pommel Strike","Defend_R"]},{"damage_healed":0.0,"max_hp_gain":0.0,"max_hp_loss":6.0,"gold_gain":0.0,"event_name":"Golden Idol","player_choice":"Lose Max HP","floor":5.0,"gold_loss":0.0,"damage_taken":0.0,"relics_obtained":["Golden Idol"]},{"damage_healed":0.0,"max_hp_gain":0.0,"max_hp_loss":0.0,"gold_gain":0.0,"event_name":"Scrap Ooze","player_choice":"Success","floor":13.0,"gold_loss":0.0,"damage_taken":7.0,"relics_obtained":["Centennial Puzzle"]},{"damage_healed":0.0,"max_hp_gain":0.0,"max_hp_loss":0.0,"gold_gain":0.0,"event_name":"Ghosts","player_choice":"Ignored","floor":21.0,"gold_loss":0.0,"damage_taken":0.0},{"cards_removed":["Strike_R"],"damage_healed":0.0,"max_hp_gain":0.0,"max_hp_loss":0.0,"gold_gain":0.0,"event_name":"Purifier","player_choice":"Purged","floor":24.0,"gold_loss":0.0,"damage_taken":0.0},{"damage_healed":0,"gold_gain":90,"player_choice":"GOLD ","damage_taken":12,"max_hp_gain":0,"max_hp_loss":0,"event_name":"Knowing Skull","floor":30,"potions_obtained":[],"gold_loss":0,"cards_obtained":[]}],"is_beta":false,"boss_relics":[{"not_picked":["Astrolabe","Fusion Hammer"],"picked":"Busted Crown"}],"items_purged_floors":[19],"is_endless":false,"potions_floor_spawned":[2,4,10,11,14,18,22,25,31],"killed_by":"Automaton","ascension_level":7}}