{"host":"daa8jqyg4gqfaysm","time":1609091429,"event":{"mods":["BaseMod","Colored Powertips","Minty Spire (QoL Compilation)","StSLib"],"gold_per_floor":[111,131,5,5,19,19,38,38,38,14,14,25,53,3,3,82,82,93,104,51,127,52,52,67,67,67],"floor_reached":25,"playtime":964,"items_purged":[],"score":402,"play_id":"82e5b5bd-51ef-402b-bc34-3fda954cad34","local_time":"20201228015029","is_ascension_mode":true,"campfire_choices":[{"data":"Doom and Gloom","floor":6,"key":"SMITH"},{"data":"Seek","floor":8,"key":"SMITH"},{"data":"Streamline","floor":11,"key":"SMITH"},{"data":"Zap","floor":15,"key":"SMITH"},{"data":"Buffer","floor":23,"key":"SMITH"}],"circlet_count":0,"master_deck":["AscendersBane","Strike_B","Defend_B","Defend_B","Defend_B","Defend_B","Zap+1","Dualcast","Sweeping Beam","Conserve Battery","Cold Snap","Defragment+1","Doom and Gloom+1","Seek+1","Streamline+1","Self Repair","Ball Lightning","Buffer+1","Glacier"],"relics":["Empty Cage","Juzu Bracelet","Runic Pyramid","Bottled Tornado"],"acts_visited":["Exordium","TheCity"],"potions_floor_usage":[13,16,19,24,25,25],"damage_taken":[{"damage":13,"enemies":"Small Slimes","floor":1,"turns":7},{"damage":2,"enemies":"Cultist","floor":2,"turns":4},{"damage":0,"enemies":"Jaw Worm","floor":5,"turns":6},{"damage":2,"enemies":"2 Fungi Beasts","floor":7,"turns":3},{"damage":8,"enemies":"Large Slime","floor":12,"turns":5},{"damage":16,"enemies":"Lagavulin","floor":13,"turns":7},{"damage":25,"enemies":"Hexaghost","floor":16,"turns":9},{"damage":0,"enemies":"Chosen","floor":18,"turns":5},{"damage":13,"enemies":"3 Byrds","floor":19,"turns":4},{"damage":3,"enemies":"Cultist and Chosen","floor":24,"turns":7},{"damage":67,"enemies":"Book of Stabbing","floor":25,"turns":6}],"seed_played":"1193053959740706539","potions_obtained":[{"floor":2,"key":"PowerPotion"},{"floor":5,"key":"SkillPotion"},{"floor":13,"key":"Energy Potion"},{"floor":19,"key":"PowerPotion"},{"floor":24,"key":"EssenceOfDarkness"}],"is_trial":false,"path_per_floor":["M","M","$","?","M","R","M","R","T","$","R","M","E","$","R","B",null,"M","M","$","T","?","R","M","E"],"character_chosen":"DEFECT","items_purchased":["Cold Snap","Defragment","Streamline","Ball Lightning","Fire Potion"],"campfire_rested":0,"item_purchase_floors":[3,3,10,14,20],"current_hp_per_floor":[51,49,49,49,49,49,47,47,47,47,47,39,30,30,30,12,56,63,57,57,57,57,57,61,0,0],"gold":67,"neow_bonus":"BOSS_RELIC","is_daily":false,"chose_seed":false,"campfire_upgraded":5,"win_rate":0.0,"timestamp":1609091429,"path_taken":["M","M","$","?","?","R","M","R","T","?","R","?","E","$","R","BOSS","M","M","$","?","?","R","M","E"],"items_purchased_type":["Card","Card","Card","Card","Potion"],"build_version":"2020-12-22","purchased_purges":0,"victory":false,"max_hp_per_floor":[71,71,71,71,71,71,71,71,71,71,71,71,71,71,71,71,71,71,71,71,71,71,71,71,71,71],"card_choices":[{"not_picked":["Barrage","Rebound"],"picked":"Sweeping Beam","floor":1},{"not_picked":["Turbo","Tempest"],"picked":"Conserve Battery","floor":2},{"not_picked":["Stack","Auto Shields"],"picked":"Doom and Gloom","floor":5},{"not_picked":["Steam","Sweeping Beam"],"picked":"Seek","floor":7},{"not_picked":["Hello World","Cold Snap"],"picked":"Self Repair","floor":12},{"not_picked":["Conserve Battery","Redo","Gash"],"picked":"SKIP","floor":13},{"not_picked":["Hyperbeam","Seek"],"picked":"Buffer","floor":16},{"not_picked":["Gash","Compile Driver","Sweeping Beam+1"],"picked":"SKIP","floor":18},{"not_picked":["Gash","Steam Power"],"picked":"Glacier","floor":19},{"not_picked":["Redo","Beam Cell","Conserve Battery"],"picked":"SKIP","floor":24}],"player_experience":741952,"relics_obtained":[{"floor":13,"key":"Juzu Bracelet"},{"floor":21,"key":"Bottled Tornado"}],"event_choices":[{"damage_healed":0,"gold_gain":0,"player_choice":"Upgraded","damage_taken":0,"max_hp_gain":0,"max_hp_loss":0,"event_name":"Upgrade Shrine","floor":4,"gold_loss":0,"cards_upgraded":["Defragment"]},{"cards_removed":["Strike_B"],"damage_healed":0,"gold_gain":0,"player_choice":"Gave Gold","damage_taken":0,"max_hp_gain":0,"max_hp_loss":0,"event_name":"Beggar","floor":22,"gold_loss":75}],"is_beta":false,"boss_relics":[{"not_picked":["SlaversCollar","Busted Crown"],"picked":"Runic Pyramid"}],"items_purged_floors":[],"is_endless":false,"potions_floor_spawned":[2,5,13,19,24],"killed_by":"Book of Stabbing","ascension_level":20}}