{"host":"h0xw20cia6ppa69g","time":1609094724,"event":{"mods":["AchievementEnabler","BaseMod","Colored Map","Filter the Spire","Googly Eyes","Minty Spire (QoL Compilation)","Relic Stats","StSLib","The Awakened One except there are too many feathers","everything is the same but u backflip on backflip"],"gold_per_floor":[114,13,88,107,107,107,125,125,125,125,159,159,172,204,204,304,304,322,322,322,332,105,139,139,165,165,176,189,189,189,189,189,292,292,308,308,165,165,165,190,106,132,132,148,148,448,475,492,492,492,492,492,24,57,57],"floor_reached":56,"playtime":3008,"items_purged":["Pain"],"score":1503,"play_id":"963c1e56-c5fb-45e8-a3db-082ecaf4f162","local_time":"20201227124524","is_ascension_mode":true,"campfire_choices":[{"floor":6.0,"key":"DIG"},{"floor":8.0,"key":"DIG"},{"floor":10.0,"key":"DIG"},{"floor":15.0,"key":"DIG"},{"floor":24.0,"key":"DIG"},{"floor":32.0,"key":"REST"},{"floor":45,"key":"RECALL"},{"floor":49,"key":"DIG"},{"floor":52,"key":"DIG"}],"circlet_count":0,"master_deck":["Strike_G+1","Strike_G+1","Strike_G+1","Strike_G+1","Defend_G+1","Defend_G+1","Defend_G+1","Defend_G+1","Defend_G+1","Survivor","Neutralize","Poisoned Stab","Dodge and Roll","Deadly Poison","Quick Slash","Envenom","Dagger Spray","Storm of Steel","Concentrate+1","Heel Hook+1","Underhanded Strike+1","Blade Dance+1","Bullet Time","Noxious Fumes","Acrobatics","Adrenaline","Footwork+1","Dodge and Roll+1","Predator","Phantasmal Killer+1","Well Laid Plans+1","Terror+1","Apotheosis+1","Discovery+1","Bullet Time+1","Predator+1","Blade Dance+1","Footwork","Riddle With Holes","Riddle With Holes+1","Dodge and Roll+1","Blade Dance+1","PiercingWail+1","Deflect+1","Adrenaline+1","Crippling Poison+1","Bullet Time+1"],"relics":["Ring of the Snake","Shovel","Mango","Omamori","Calipers","StoneCalendar","Singing Bowl","InkBottle","Prayer Wheel","Shuriken","Snecko Eye","Bottled Tornado","Toxic Egg 2","Regal Pillow","StrikeDummy","MutagenicStrength","Calling Bell","Oddly Smooth Stone","Kunai","FossilizedHelix","DollysMirror","Sundial","Gremlin Horn","Blood Vial","Old Coin","Du-Vu Doll","Boot","Letter Opener","Orrery","Mummified Hand","Orichalcum"],"acts_visited":["Exordium","TheCity","TheBeyond","TheEnding"],"potions_floor_usage":[48,55,55,55,55],"damage_taken":[{"damage":4.0,"enemies":"Cultist","floor":1.0,"turns":5.0},{"damage":2.0,"enemies":"Jaw Worm","floor":4.0,"turns":5.0},{"damage":0.0,"enemies":"Small Slimes","floor":7.0,"turns":4.0},{"damage":39.0,"enemies":"Gremlin Nob","floor":11.0,"turns":5.0},{"damage":1.0,"enemies":"Looter","floor":13.0,"turns":4.0},{"damage":9.0,"enemies":"3 Sentries","floor":14.0,"turns":7.0},{"damage":7.0,"enemies":"Hexaghost","floor":16.0,"turns":8.0},{"damage":0.0,"enemies":"3 Byrds","floor":18.0,"turns":2.0},{"damage":22.0,"enemies":"Spheric Guardian","floor":21.0,"turns":7.0},{"damage":27.0,"enemies":"Slavers","floor":23.0,"turns":5.0},{"damage":11.0,"enemies":"Gremlin Leader","floor":25.0,"turns":6.0},{"damage":7.0,"enemies":"Snake Plant","floor":27.0,"turns":3.0},{"damage":7.0,"enemies":"Shelled Parasite and Fungi","floor":28.0,"turns":4.0},{"damage":13.0,"enemies":"Champ","floor":33.0,"turns":6.0},{"damage":0.0,"enemies":"Orb Walker","floor":35.0,"turns":2.0},{"damage":0.0,"enemies":"Nemesis","floor":40.0,"turns":5.0},{"damage":0.0,"enemies":"Reptomancer","floor":42.0,"turns":3.0},{"damage":0.0,"enemies":"3 Shapes","floor":44.0,"turns":4.0},{"damage":0,"enemies":"Giant Head","floor":47,"turns":5},{"damage":0,"enemies":"Writhing Mass","floor":48,"turns":3},{"damage":50,"enemies":"Time Eater","floor":50,"turns":15},{"damage":33,"enemies":"Shield and Spear","floor":54,"turns":5},{"damage":2,"enemies":"The Heart","floor":55,"turns":7}],"seed_played":"-7213019222049006","potions_obtained":[{"floor":11.0,"key":"EntropicBrew"},{"floor":14.0,"key":"BlessingOfTheForge"},{"floor":16.0,"key":"Poison Potion"},{"floor":20.0,"key":"DuplicationPotion"},{"floor":20.0,"key":"LiquidBronze"},{"floor":27.0,"key":"SteroidPotion"},{"floor":28.0,"key":"AttackPotion"},{"floor":33.0,"key":"SkillPotion"},{"floor":40.0,"key":"EntropicBrew"},{"floor":54,"key":"Fire Potion"}],"is_trial":false,"path_per_floor":["M","$","?","M","?","R","M","R","T","R","E","T","M","E","R","B",null,"M","?","?","M","$","E","R","E","T","M","M","?","?","?","R","B",null,"M","?","$","?","?","E","$","E","T","M","R","T","E","M","R","B",null,"R","$","E","B",null],"character_chosen":"THE_SILENT","items_purchased":["Dodge and Roll","Bullet Time","Noxious Fumes","Acrobatics","DollysMirror","Blade Dance+1","Footwork","Orrery","Mummified Hand","Crippling Poison+1"],"campfire_rested":1,"item_purchase_floors":[2,22,22,22,37,41,41,53,53,53],"current_hp_per_floor":[66,66,55,53,46,60,60,60,60,60,21,21,20,11,11,4,84,84,84,84,62,62,35,35,24,24,19,16,16,16,16,58,45,90,90,80,80,90,90,90,90,92,92,96,96,96,96,96,96,46,96,96,98,65,65],"gold":57,"neow_bonus":"ONE_RARE_RELIC","is_daily":false,"chose_seed":false,"campfire_upgraded":0,"win_rate":0.0,"timestamp":1609094724,"path_taken":["M","?","?","M","?","R","M","R","T","R","E","?","M","E","R","BOSS","M","?","?","M","$","E","R","E","T","M","?","?","?","?","R","BOSS","M","?","$","?","?","E","$","E","T","?","R","?","E","M","R","BOSS","R","$","E","BOSS"],"items_purchased_type":["Card","Card","Card","Card","Relic","Card","Card","Relic","Relic","Card"],"build_version":"2020-12-22","purchased_purges":1,"victory":true,"max_hp_per_floor":[70,70,70,70,70,84,84,84,84,84,84,84,84,84,84,84,84,84,84,84,84,84,84,84,84,84,86,90,90,90,90,90,90,90,90,90,90,90,90,90,90,92,92,96,96,96,96,96,96,96,96,96,98,98,98],"relic_stats":{"Regal Pillow":15,"Singing Bowl":14,"Gremlin Horn":[4,6],"counters":[23,120],"StoneCalendar":[171],"Letter Opener":[30],"Orichalcum":[6],"Boot":[18],"Blood Vial":2,"Shovel":7,"Shuriken":[68],"Sundial":[4],"Mummified Hand":[14],"Snecko Eye":[174,161,175,194],"Prayer Wheel":8,"Kunai":[36],"obtain_stats":[{"Regal Pillow":25,"Calipers":9,"Singing Bowl":11,"Gremlin Horn":40,"Mango":6,"StoneCalendar":10,"Bottled Tornado":23,"Boot":49,"Old Coin":46,"Blood Vial":42,"Shovel":0,"DollysMirror":37,"Sundial":39,"Mummified Hand":53,"Prayer Wheel":14,"Kunai":34,"Toxic Egg 2":24,"InkBottle":12,"Ring of the Snake":0,"Oddly Smooth Stone":34,"Omamori":8,"Letter Opener":52,"Orichalcum":54,"Calling Bell":34,"Du-Vu Doll":47,"Shuriken":15,"MutagenicStrength":31,"Snecko Eye":17,"Orrery":53,"StrikeDummy":26,"FossilizedHelix":34},{"Regal Pillow":11,"Calipers":3,"Singing Bowl":4,"Gremlin Horn":16,"Mango":2,"StoneCalendar":3,"Bottled Tornado":10,"Boot":20,"Old Coin":18,"Blood Vial":17,"Shovel":0,"DollysMirror":15,"Sundial":15,"Mummified Hand":21,"Prayer Wheel":6,"Kunai":14,"Toxic Egg 2":10,"InkBottle":4,"Ring of the Snake":0,"Oddly Smooth Stone":14,"Omamori":3,"Letter Opener":21,"Orichalcum":22,"Calling Bell":14,"Du-Vu Doll":19,"Shuriken":6,"MutagenicStrength":13,"Snecko Eye":7,"Orrery":21,"StrikeDummy":11,"FossilizedHelix":14},{"Regal Pillow":58,"Calipers":14,"Singing Bowl":19,"Gremlin Horn":78,"Mango":10,"StoneCalendar":14,"Bottled Tornado":52,"Boot":93,"Old Coin":85,"Blood Vial":81,"Shovel":0,"DollysMirror":73,"Sundial":73,"Mummified Hand":108,"Prayer Wheel":30,"Kunai":71,"Toxic Egg 2":52,"InkBottle":19,"Ring of the Snake":0,"Oddly Smooth Stone":71,"Omamori":14,"Letter Opener":108,"Orichalcum":113,"Calling Bell":71,"Du-Vu Doll":90,"Shuriken":30,"MutagenicStrength":65,"Snecko Eye":38,"Orrery":108,"StrikeDummy":58,"FossilizedHelix":71}],"InkBottle":[39],"Ring of the Snake":[46]},"card_choices":[{"not_picked":["Distraction","Deadly Poison"],"picked":"Poisoned Stab","floor":1.0},{"not_picked":["Prepared","Outmaneuver","Dodge and Roll"],"picked":"SKIP","floor":4.0},{"not_picked":["Dodge and Roll","Sucker Punch"],"picked":"Deadly Poison","floor":7.0},{"not_picked":["Blur","Prepared"],"picked":"Quick Slash","floor":11.0},{"not_picked":["Dagger Spray","Blade Dance"],"picked":"Envenom","floor":13.0},{"not_picked":["PiercingWail","Deflect"],"picked":"Dagger Spray","floor":14.0},{"not_picked":["Envenom","Tools of the Trade"],"picked":"Storm of Steel","floor":16.0},{"not_picked":["Poisoned Stab","Cloak And Dagger"],"picked":"Concentrate+1","floor":18.0},{"not_picked":["Deadly Poison+1","Deflect+1"],"picked":"Heel Hook+1","floor":18.0},{"not_picked":["Skewer+1","Sucker Punch"],"picked":"Underhanded Strike+1","floor":21.0},{"not_picked":["Footwork","Dodge and Roll"],"picked":"Blade Dance+1","floor":21.0},{"not_picked":["Masterful Stab","Outmaneuver"],"picked":"Adrenaline","floor":23.0},{"not_picked":["Catalyst+1","Quick Slash"],"picked":"Footwork+1","floor":25.0},{"not_picked":["Sucker Punch","Distraction+1","Deadly Poison+1"],"picked":"Singing Bowl","floor":27.0},{"not_picked":["Endless Agony","Blade Dance+1"],"picked":"Dodge and Roll+1","floor":27.0},{"not_picked":["Backstab","Dagger Throw","Outmaneuver+1"],"picked":"Singing Bowl","floor":28.0},{"not_picked":["Deflect+1","Cloak And Dagger+1","Outmaneuver+1"],"picked":"Singing Bowl","floor":28.0},{"not_picked":["Corpse Explosion+1","Malaise+1"],"picked":"Phantasmal Killer+1","floor":33.0},{"not_picked":["Dash+1","Masterful Stab"],"picked":"Well Laid Plans+1","floor":35.0},{"not_picked":["Setup+1","Cloak And Dagger+1"],"picked":"Terror+1","floor":35.0},{"not_picked":["Dramatic Entrance","Chrysalis+1"],"picked":"Apotheosis+1","floor":36.0},{"not_picked":["Transmutation+1","Dark Shackles+1"],"picked":"Discovery+1","floor":36.0},{"not_picked":["Dagger Spray+1","Backflip+1"],"picked":"Predator+1","floor":40.0},{"not_picked":["Caltrops+1","Poisoned Stab","Eviscerate+1"],"picked":"Singing Bowl","floor":42.0},{"not_picked":["Calculated Gamble+1","Finisher+1","Concentrate+1"],"picked":"Singing Bowl","floor":44},{"not_picked":["Bouncing Flask+1","All Out Attack","Dagger Throw"],"picked":"Singing Bowl","floor":44},{"not_picked":["Catalyst+1","Expertise+1"],"picked":"Riddle With Holes","floor":47},{"not_picked":["Dagger Throw+1","Deadly Poison+1"],"picked":"Riddle With Holes+1","floor":48},{"not_picked":["Slice","PiercingWail+1"],"picked":"Dodge and Roll+1","floor":48},{"not_picked":["Dagger Spray","Slice+1"],"picked":"Blade Dance+1","floor":53},{"not_picked":["Blur+1","Masterful Stab"],"picked":"PiercingWail+1","floor":53},{"not_picked":["Prepared+1","Dagger Spray+1"],"picked":"Deflect+1","floor":53},{"not_picked":["Corpse Explosion+1","Underhanded Strike"],"picked":"Adrenaline+1","floor":53},{"not_picked":["Bane+1","Dagger Throw","Endless Agony"],"picked":"Singing Bowl","floor":53},{"not_picked":["Underhanded Strike","Deadly Poison+1"],"picked":"Bullet Time+1","floor":54}],"player_experience":3561141,"relics_obtained":[{"floor":6.0,"key":"Mango"},{"floor":8.0,"key":"Omamori"},{"floor":9.0,"key":"Calipers"},{"floor":10.0,"key":"StoneCalendar"},{"floor":11.0,"key":"Singing Bowl"},{"floor":12.0,"key":"InkBottle"},{"floor":14.0,"key":"Prayer Wheel"},{"floor":15.0,"key":"Shuriken"},{"floor":23.0,"key":"Bottled Tornado"},{"floor":24.0,"key":"Toxic Egg 2"},{"floor":25.0,"key":"Regal Pillow"},{"floor":26.0,"key":"StrikeDummy"},{"floor":34.0,"key":"Oddly Smooth Stone"},{"floor":34.0,"key":"Kunai"},{"floor":34.0,"key":"FossilizedHelix"},{"floor":40.0,"key":"Gremlin Horn"},{"floor":42.0,"key":"Blood Vial"},{"floor":46,"key":"Old Coin"},{"floor":47,"key":"Du-Vu Doll"},{"floor":49,"key":"Boot"},{"floor":52,"key":"Letter Opener"},{"floor":54,"key":"Orichalcum"}],"event_choices":[{"damage_healed":0.0,"max_hp_gain":0.0,"max_hp_loss":0.0,"gold_gain":75.0,"event_name":"World of Goop","player_choice":"Gather Gold","floor":3.0,"gold_loss":0.0,"damage_taken":11.0},{"cards_removed":["Strike_G"],"damage_healed":0.0,"max_hp_gain":0.0,"max_hp_loss":0.0,"gold_gain":0.0,"event_name":"Golden Wing","player_choice":"Card Removal","floor":5.0,"gold_loss":0.0,"damage_taken":7.0},{"damage_healed":0.0,"max_hp_gain":0.0,"max_hp_loss":0.0,"gold_gain":0.0,"event_name":"Back to Basics","player_choice":"Simplicity","floor":19.0,"gold_loss":0.0,"damage_taken":0.0,"cards_upgraded":["Strike_G","Strike_G","Strike_G","Strike_G","Defend_G","Defend_G","Defend_G","Defend_G","Defend_G"]},{"damage_healed":0.0,"max_hp_gain":0.0,"max_hp_loss":0.0,"gold_gain":0.0,"event_name":"Lab","player_choice":"Got Potions","floor":20.0,"gold_loss":0.0,"damage_taken":0.0},{"damage_healed":0.0,"max_hp_gain":0.0,"max_hp_loss":0.0,"gold_gain":0.0,"event_name":"Cursed Tome","player_choice":"Ignored","floor":29.0,"gold_loss":0.0,"damage_taken":0.0},{"damage_healed":0.0,"max_hp_gain":0.0,"max_hp_loss":0.0,"gold_gain":0.0,"event_name":"The Library","player_choice":"Read","floor":30.0,"gold_loss":0.0,"damage_taken":0.0,"cards_obtained":["Predator"]},{"damage_healed":0.0,"max_hp_gain":0.0,"max_hp_loss":0.0,"gold_gain":0.0,"event_name":"Drug Dealer","player_choice":"Inject Mutagens","floor":31.0,"gold_loss":0.0,"damage_taken":0.0,"relics_obtained":["MutagenicStrength"]},{"damage_healed":0.0,"max_hp_gain":0.0,"max_hp_loss":0.0,"gold_gain":0.0,"event_name":"SensoryStone","player_choice":"Memory 3","floor":36.0,"gold_loss":0.0,"damage_taken":10.0},{"damage_healed":23.0,"max_hp_gain":0.0,"max_hp_loss":0.0,"gold_gain":0.0,"event_name":"Winding Halls","player_choice":"Writhe","floor":38.0,"gold_loss":0.0,"damage_taken":0.0,"cards_obtained":["Writhe"]},{"damage_healed":0.0,"max_hp_gain":0.0,"max_hp_loss":0.0,"gold_gain":0.0,"event_name":"WeMeetAgain","player_choice":"Gave Potion","floor":39.0,"gold_loss":0.0,"damage_taken":0.0,"relics_obtained":["Sundial"]}],"is_beta":false,"boss_relics":[{"not_picked":["Pandora\u0027s Box","WristBlade"],"picked":"Snecko Eye"},{"not_picked":["Fusion Hammer","Coffee Dripper"],"picked":"Calling Bell"}],"items_purged_floors":[2],"is_endless":false,"potions_floor_spawned":[11,14,16,27,28,33,40,44,54],"ascension_level":1}}