{"host":"q79spna8ofw6hj3r","time":1609037646,"event":{"mods":["Aspiration","Bard","BaseMod","Beaked The Cultist","Bestiary","Better Altar","Better Match","Better Note","Better Sensory Stone","Better Skull","Better Third Choice","Better Vampires","BetterRewards","Block Reminder","Challenge The Spire","Colored Map","Colored Powertips","Conspire","Custom Start","Energized Spire","Friendly Minions","Halation","Hubris","Infinite Spire","Jedi Mod","Mimic Mod","Minty Spire (QoL Compilation)","Permanent Neow","Quick Restart","Relic Filter","Relic Sorter","Replay The Spire","Shop Mod","StSLib","SuperFastMode","Synergy Search","The Cursed","The Hierophant","The Runesmith","slay the spire mod where everything is the same but ironclad has a cowboy hat","vexMod"],"gold_per_floor":[110,130,55,66,83,83,118,118,118,131,131,148,48,66,66,163,163,178,53,63,63,63,63,63],"floor_reached":23,"playtime":714,"items_purged":["Regret","Strike_R","Strike_R"],"score":241,"play_id":"6d516ce3-1a17-4d79-8a62-c409860fa9db","local_time":"20201227045406","is_ascension_mode":true,"campfire_choices":[{"data":"Armaments","floor":6,"key":"SMITH"},{"data":"infinitespire:OneForAll","floor":11,"key":"SMITH"},{"data":"Sword Boomerang","floor":15,"key":"SMITH"}],"circlet_count":0,"master_deck":["Strike_R","Strike_R","Strike_R","Defend_R","Defend_R","Defend_R","Defend_R","Bash","Sword Boomerang+1","Armaments+1","infinitespire:OneForAll+1","Flex","Limit Break"],"relics":["Burning Blood","halation:PinkSoulGem","Replay:Accelerometer","hubris:Icosahedron","infinitespire:Beetle Shell","infinitespire:CursedDice","hubris:ScarierMask","hubris:BottledHeart"],"acts_visited":["Exordium","TheCity"],"potions_floor_usage":[7,12,14],"damage_taken":[{"damage":8,"enemies":"Cultist","floor":1,"turns":4},{"damage":12,"enemies":"2 Louse","floor":2,"turns":3},{"damage":7,"enemies":"Jaw Worm","floor":4,"turns":3},{"damage":7,"enemies":"Exordium Wildlife","floor":5,"turns":4},{"damage":43,"enemies":"Lagavulin","floor":7,"turns":8},{"damage":11,"enemies":"Looter","floor":10,"turns":3},{"damage":36,"enemies":"Exordium Thugs","floor":12,"turns":5},{"damage":15,"enemies":"Large Slime","floor":14,"turns":5},{"damage":26,"enemies":"The Guardian","floor":16,"turns":11},{"damage":7,"enemies":"2 Thieves","floor":18,"turns":3},{"damage":12,"enemies":"conspire:FuzzyDice","floor":20,"turns":3},{"damage":8,"enemies":"Replay:Snechameleon","floor":23,"turns":5}],"seed_played":"4268930169333659940","potions_obtained":[{"floor":4,"key":"Fire Potion"},{"floor":5,"key":"ElixirPotion"},{"floor":7,"key":"BloodPotion"},{"floor":10,"key":"jedi:mysterypotion"},{"floor":12,"key":"Explosive Potion"}],"is_trial":false,"path_per_floor":["M","M","$","M","M","R","E","?","T","M","R","M","$","M","R","B",null,"M","$","M","?","?","E"],"character_chosen":"IRONCLAD","items_purchased":[],"campfire_rested":0,"item_purchase_floors":[],"current_hp_per_floor":[78,72,72,71,70,70,33,33,33,28,28,14,14,35,35,15,64,63,63,57,1,1,0,0],"gold":63,"neow_bonus":"RANDOM_EVENT","is_daily":false,"chose_seed":false,"campfire_upgraded":3,"win_rate":0.0,"timestamp":1609037646,"path_taken":["M","?","$","M","?","R","E","?","T","?","R","M","$","M","R","BOSS","M","$","M","?","?","E"],"items_purchased_type":[],"build_version":"2020-12-22","purchased_purges":3,"victory":false,"max_hp_per_floor":[80,80,80,80,80,80,80,80,80,80,80,80,80,80,80,80,80,80,80,80,1,1,1,1],"card_choices":[{"not_picked":["hubris:ReadiedAction","Thunderclap"],"picked":"Sword Boomerang","floor":1},{"not_picked":["Carnage","Clothesline","Thunderclap"],"picked":"SKIP","floor":2},{"not_picked":["Replay:Undeath\u0027s Touch","Shrug It Off"],"picked":"Armaments","floor":4},{"not_picked":["Heavy Blade","Shrug It Off"],"picked":"infinitespire:OneForAll","floor":5},{"not_picked":["Clothesline","Dark Embrace"],"picked":"Flex","floor":7},{"not_picked":["Reckless Charge","Rupture","Iron Wave"],"picked":"SKIP","floor":10},{"not_picked":["Perfected Strike","Twin Strike","Eclipse"],"picked":"SKIP","floor":12},{"not_picked":["Rampage","hubris:ReadiedAction","Blood for Blood"],"picked":"SKIP","floor":14},{"not_picked":["Feed","Immolate"],"picked":"Limit Break","floor":16},{"not_picked":["Wild Strike","Iron Wave","ReplayTheSpireMod:Strike From Hell+1"],"picked":"SKIP","floor":18},{"not_picked":["Sentinel","Heavy Blade","Life Link"],"picked":"SKIP","floor":20}],"player_experience":177850,"relics_obtained":[{"floor":7,"key":"infinitespire:Beetle Shell"},{"floor":9,"key":"infinitespire:CursedDice"}],"event_choices":[{"damage_healed":0,"gold_gain":0,"player_choice":"Box","damage_taken":0,"relics_obtained":["Replay:Accelerometer"],"max_hp_gain":0,"max_hp_loss":0,"event_name":"Big Fish","floor":0,"gold_loss":0,"cards_obtained":["Regret"]}],"is_beta":false,"boss_relics":[{"not_picked":["energizedSpire:MagnifyingGlass","hubris:Stopwatch"],"picked":"hubris:ScarierMask"}],"items_purged_floors":[3,13,19],"is_endless":false,"potions_floor_spawned":[4,5,7,10,12],"killed_by":"Replay:Snechameleon","ascension_level":5}}