{"host":"8nqgve6y8ahjd8xo","time":1609068599,"event":{"mods":["ATMod(阿瑾Mod)","AchievementEnabler","BaseMod","Better Vampires","Better-Laid Plans","Colored Map","Colored Powertips","Minty Spire (QoL Compilation)","MostiFishMod","Quick Restart","Red Circlet Mod","Replay The Spire","RumiaBox-露米娅的神秘盒子","Ryuuou龙王","Shop Mod","StSLib","TestMod","Uncapped","Waifu the Spire","[IsaacMod]以撒尖塔","[功能]功能增强和修复MOD","vexMod","【功能Mod】Neow奖励","【功能Mod】混沌之环修复补丁","【遗物Mod】死灵法师NEW","【遗物Mod】简单游戏","【遗物卡牌】REMEMod","没有小屋子和绿帽子啦","篝火指南"],"gold_per_floor":[-1289,-1289,-1214,-1214,-1194,-1194,-1161,-1146,-1077,-1077,-994,-980,-951,-915,-915,-838,-838,20,31,94,107,107,141,141,159,159,174,193,96,96,109,109,198,198,211,211,231,311,329,329,354,370,451,477,477,507,507,521,521,521,521,521,521,327,359,359],"floor_reached":57,"playtime":1864,"items_purged":["Pain","Strike_G","Strike_G"],"score":3573,"play_id":"09b6da3e-c8a9-40b0-989c-c50f2aff309e","local_time":"20201227192959","is_ascension_mode":true,"campfire_choices":[{"data":"MostiFishMod:LegendTransform","floor":6.0,"key":"SMITH"},{"data":"Neutralize","floor":10.0,"key":"SMITH"},{"data":"Acrobatics","floor":15.0,"key":"SMITH"},{"data":"Calculated Gamble","floor":24,"key":"SMITH"},{"data":"Tactician","floor":30,"key":"SMITH"},{"data":"Blade Dance","floor":32,"key":"SMITH"},{"data":"Backflip","floor":40,"key":"SMITH"},{"data":"Concentrate","floor":45,"key":"SMITH"},{"floor":47,"key":"RECALL"},{"data":"REME_CopyPotion","floor":49,"key":"SMITH"},{"data":"Tactician","floor":53,"key":"SMITH"}],"circlet_count":0,"master_deck":["AscendersBane","Strike_G+1","Strike_G+1","Strike_G","Defend_G","Defend_G","Defend_G","Defend_G+1","Defend_G","Survivor","Neutralize+1","BettingIsNotGood","AT_KingSlayer+1","MostiFishMod:LegendTransform+1","Acrobatics+1","Backflip+1","Grand Finale","Calculated Gamble+1","Blade Dance+1","AT_WindFlip+1","Tactician+1","Tactician+1","REME_CopyPotion+1","MostiFishMod:FrostNova","MostiFishMod:WinterMarkForm","Riddle With Holes","Prepared+1","Concentrate+1","MostiFishMod:Neurotoxin","MostiFishMod:AdrenalineArouse"],"relics":["EasyRelic","HushsDoor","testmod-TestBox","DaveBox","AT_ATBox","REME_ComplimentaryCards","GuppysTail","testmod-ChristmasGift","DianPoetry","SynthV:MejaisSoulstealer","SynthV:TestCard","GodSword6","Onion Ring","AT_LudenTempest","Meat on the Bone","RhineFirstAidKit","MagicDraw4","testmod-ArcanaOfDestiny","FrostBlade","GuppysCollar","Happy Flower","Replay:Bottled Flurry","Whetstone","vexMod:MemoryStick","Blood Vial"],"acts_visited":["Exordium","TheCity","TheBeyond","TheEnding"],"potions_floor_usage":[18,20,23,23,56],"damage_taken":[{"damage":16.0,"enemies":"Small Slimes","floor":1.0,"turns":3.0},{"damage":0.0,"enemies":"2 Louse","floor":5.0,"turns":3.0},{"damage":0.0,"enemies":"Replay:BlueRogue","floor":7.0,"turns":4.0},{"damage":0.0,"enemies":"Jaw Worm","floor":8.0,"turns":3.0},{"damage":0.0,"enemies":"2 Fungi Beasts","floor":12.0,"turns":2.0},{"damage":0.0,"enemies":"Gremlin Nob","floor":13.0,"turns":2.0},{"damage":14.0,"enemies":"The Guardian","floor":16.0,"turns":6.0},{"damage":12,"enemies":"2 Thieves","floor":18,"turns":3},{"damage":4,"enemies":"Shell Parasite","floor":19,"turns":2},{"damage":25,"enemies":"Centurion and Healer","floor":20,"turns":4},{"damage":4,"enemies":"Cultist and Chosen","floor":21,"turns":3},{"damage":3,"enemies":"Book of Stabbing","floor":23,"turns":3},{"damage":9,"enemies":"3 Cultists","floor":25,"turns":3},{"damage":2,"enemies":"Shelled Parasite and Fungi","floor":27,"turns":2},{"damage":0,"enemies":"Snake Plant","floor":28,"turns":1},{"damage":0,"enemies":"Chosen and Byrds","floor":31,"turns":2},{"damage":0,"enemies":"Automaton","floor":33,"turns":2},{"damage":0,"enemies":"3 Shapes","floor":35,"turns":1},{"damage":0,"enemies":"Orb Walker","floor":37,"turns":1},{"damage":0,"enemies":"Jaw Worm Horde","floor":39,"turns":3},{"damage":0,"enemies":"R_Hoarder","floor":41,"turns":2},{"damage":0,"enemies":"Sphere and 2 Shapes","floor":42,"turns":1},{"damage":0,"enemies":"Nemesis","floor":44,"turns":1},{"damage":0,"enemies":"Giant Head","floor":46,"turns":1},{"damage":0,"enemies":"3 Darklings","floor":48,"turns":2},{"damage":11,"enemies":"Donu and Deca","floor":50,"turns":3},{"damage":0,"enemies":"Awakened One","floor":51,"turns":2},{"damage":0,"enemies":"Shield and Spear","floor":55,"turns":2},{"damage":0,"enemies":"The Heart","floor":56,"turns":3}],"seed_played":"-5878289344351811509","potions_obtained":[{"floor":1.0,"key":"GhostInAJar"},{"floor":5.0,"key":"DistilledChaos"},{"floor":7.0,"key":"SkillPotion"},{"floor":12.0,"key":"testmod-TimePotion"},{"floor":18,"key":"Fruit Juice"},{"floor":18,"key":"Milkshake"},{"floor":19,"key":"REME_GoldPotion"},{"floor":20,"key":"Energy Potion"},{"floor":28,"key":"FairyPotion"}],"is_trial":false,"path_per_floor":["M","?","?","?","M","R","E","M","T","R","?","M","E","?","R","B",null,"M","M","M","M","?","E","R","M","T","M","M","$","R","M","R","B",null,"M","?","M","T","M","R","E","M","T","E","R","E","R","M","R","B","B",null,"R","$","E","B",null],"character_chosen":"THE_SILENT","items_purchased":["Tactician","GuppysCollar","MostiFishMod:AdrenalineArouse"],"campfire_rested":0,"item_purchase_floors":[29,34,54],"current_hp_per_floor":[46,26,15,20,22,22,26,33,33,33,18,19,24,24,24,28,60,56,53,44,46,46,55,55,55,55,58,58,58,58,62,62,68,58,58,55,55,55,55,55,55,55,55,55,55,55,55,55,55,49,53,55,55,55,55,55],"gold":359,"neow_bonus":"BOSS_RELIC","is_daily":false,"chose_seed":false,"campfire_upgraded":10,"win_rate":0.0,"timestamp":1609068599,"path_taken":["M","?","?","?","M","R","E","M","T","R","?","M","E","?","R","BOSS","M","M","M","M","?","E","R","M","T","M","M","$","R","M","R","BOSS","M","?","?","?","M","R","E","M","T","E","R","E","R","M","R","BOSS","BOSS","R","$","E","BOSS"],"items_purchased_type":["Card","Relic","Card"],"build_version":"2020-12-22","purchased_purges":3,"victory":true,"max_hp_per_floor":[66,66,66,71,71,71,71,71,71,71,71,71,71,71,71,71,71,76,76,76,76,76,76,76,76,76,76,76,76,76,76,76,76,58,58,55,55,55,55,55,55,55,55,55,55,55,55,55,55,55,55,55,55,55,55,55],"card_choices":[{"not_picked":[],"picked":"BettingIsNotGood","floor":0.0},{"not_picked":["Setup","Sneak Up","Distraction"],"picked":"SKIP","floor":1.0},{"not_picked":["Dagger Spray","Prepared","Dagger Throw","Draining Mist","REME_ShadowStrike"],"picked":"SKIP","floor":5.0},{"not_picked":["MostiFishMod:InvigoratingSolution","Dagger Spray","Eviscerate","Dagger Throw","MostiFishMod:GrandStart"],"picked":"SKIP","floor":7.0},{"not_picked":["PiercingWail","Dagger Throw","MostiFishMod:PreservedThorns","Sucker Punch","Flying Knee"],"picked":"SKIP","floor":8.0},{"not_picked":["Bane","Hidden Blade","AT_WindRun","PiercingWail"],"picked":"Acrobatics","floor":12.0},{"not_picked":["AT_ShadowStep","Reflex","REME_CopyPotion","Poisoned Stab"],"picked":"Backflip","floor":13.0},{"not_picked":["MostiFishMod:VineMother","After Image","MostiFishMod:Opportunism","Glass Knife"],"picked":"Grand Finale","floor":16.0},{"not_picked":["Backflip","Flying Knee","AT_WindRun","MostiFishMod:FrostNova"],"picked":"Calculated Gamble","floor":18},{"not_picked":["Underhanded Strike","Fluid Movement","AT_ShadowStep","Flying Knee","Dodge and Roll+1"],"picked":"SKIP","floor":19},{"not_picked":["AT_WindFlip","Deadly Poison","AT_MyraUnstableElement","Acrobatics","Bane"],"picked":"SKIP","floor":20},{"not_picked":["Riddle With Holes","Expertise","Quick Slash","Bane"],"picked":"Blade Dance","floor":21},{"not_picked":["AT_ThistleTea","Caltrops","Sucker Punch+1","Prepared","MostiFishMod:HiddenBlade"],"picked":"SKIP","floor":23},{"not_picked":["Sneak Up","Hidden Blade","Bane+1","Acrobatics"],"picked":"AT_WindFlip+1","floor":25},{"not_picked":["MostiFishMod:PerfectParry","AT_WindFlip","Flechettes","Flying Knee","AT_ThistleTea+1"],"picked":"SKIP","floor":27},{"not_picked":["MostiFishMod:PreservedThorns","Prepared","Quick Slash+1","AT_WomanClash","ReplayTheSpireMod:Tripwire+1"],"picked":"SKIP","floor":28},{"not_picked":["Backflip","Dagger Throw","Hidden Blade","Bane","Deflect"],"picked":"SKIP","floor":31},{"not_picked":["A Thousand Cuts","MostiFishMod:Listen","Glass Knife","REME_GrazeFinale"],"picked":"REME_CopyPotion","floor":33},{"not_picked":["All Out Attack","Poisoned Stab","Catalyst","Replay:Poison Smokescreen+1","Dagger Spray"],"picked":"SKIP","floor":35},{"not_picked":["AT_WindRun","Catalyst","Dagger Throw+1","Noxious Fumes","Sucker Punch"],"picked":"SKIP","floor":37},{"not_picked":["Draining Mist","Endless Agony","PiercingWail","Hidden Blade+1"],"picked":"Riddle With Holes","floor":39},{"not_picked":["Well Laid Plans","MostiFishMod:PerfectParry+1","Hidden Blade","Flying Knee"],"picked":"Prepared+1","floor":41},{"not_picked":["Toxin Wave","Cloak And Dagger+1","AT_KneejerkReflex","MostiFishMod:PerfectParry","Quick Slash"],"picked":"SKIP","floor":42},{"not_picked":["Slice","Underhanded Strike","Flying Knee","PiercingWail"],"picked":"Concentrate","floor":44},{"not_picked":["Cloak And Dagger","MostiFishMod:ThornCasing","AT_WindFlip","Dagger Spray"],"picked":"MostiFishMod:Neurotoxin","floor":46},{"not_picked":["Riddle With Holes+1","Quick Slash","Backflip","Flying Knee","Finisher"],"picked":"SKIP","floor":48},{"not_picked":["Prepared+1","Quick Slash","Dagger Spray+1","Replay:Poison Smokescreen","Dagger Throw"],"picked":"SKIP","floor":55}],"player_experience":1310141,"relics_obtained":[{"floor":1.0,"key":"SynthV:TestCard"},{"floor":7.0,"key":"GodSword6"},{"floor":9.0,"key":"Onion Ring"},{"floor":13.0,"key":"AT_LudenTempest"},{"floor":14.0,"key":"Meat on the Bone"},{"floor":23,"key":"MagicDraw4"},{"floor":26,"key":"testmod-ArcanaOfDestiny"},{"floor":41,"key":"Happy Flower"},{"floor":43,"key":"Replay:Bottled Flurry"},{"floor":44,"key":"Whetstone"},{"floor":46,"key":"vexMod:MemoryStick"},{"floor":55,"key":"Blood Vial"}],"event_choices":[{"damage_healed":0.0,"max_hp_gain":0.0,"max_hp_loss":0.0,"gold_gain":0.0,"event_name":"Shining Light","player_choice":"Entered Light","floor":2.0,"gold_loss":0.0,"damage_taken":20.0,"cards_upgraded":["Defend_G","Strike_G"]},{"damage_healed":0.0,"max_hp_gain":0.0,"max_hp_loss":0.0,"gold_gain":75.0,"event_name":"World of Goop","player_choice":"Gather Gold","floor":3.0,"gold_loss":0.0,"damage_taken":11.0},{"damage_healed":0.0,"max_hp_gain":5.0,"max_hp_loss":0.0,"gold_gain":0.0,"event_name":"Big Fish","player_choice":"Donut","floor":4.0,"gold_loss":0.0,"damage_taken":0.0},{"damage_healed":0,"gold_gain":0,"player_choice":"Max HP","damage_taken":0,"max_hp_gain":0,"max_hp_loss":3,"event_name":"Winding Halls","floor":36,"gold_loss":0}],"is_beta":false,"boss_relics":[{"not_picked":["testmod-KeyOfTheVoid","REME_ChargedStone"],"picked":"RhineFirstAidKit"},{"not_picked":[]},{"not_picked":["REME_DuelDisc","GuanYuAspect"],"picked":"FrostBlade"},{"not_picked":[]}],"items_purged_floors":[29,34,54],"is_endless":false,"potions_floor_spawned":[1,5,5,7,7,8,12,13,13,16,18,18,18,19,20,21,25,27,27,28,28,31,31,33,33,35,39,39,39,41,41,44,46,46,48,48,55,55],"ascension_level":20}}