{"host":"sav7uxregyirlf69","time":1609046884,"event":{"mods":["AchievementEnabler","BaseMod","Colored Map","DeckTracker","Keyboard Shortcuts","Minty Spire (QoL Compilation)","READ ME - Guardian Mod","StSLib","SuperFastMode"],"gold_per_floor":[114,129,144,159,174,204,215,245,245,260,260,275,290,290,290,390,390,405,81,96,96,96,96],"floor_reached":22,"playtime":376,"items_purged":[],"score":225,"play_id":"35fad24d-2a8f-46d1-972d-57769e210947","local_time":"20201227142804","daily_mods":["Chimera","Red Cards","Lethality"],"is_ascension_mode":false,"campfire_choices":[{"floor":11,"key":"REST"},{"data":"Eruption","floor":15,"key":"SMITH"}],"circlet_count":0,"master_deck":["Bash","Survivor","Eruption+1","Strike_G","Strike_B","Defend_R","Defend_G","Defend_P","Armaments","Whirlwind","EmptyFist","EmptyBody","Cleave","Disarm","Limit Break","Offering","Apotheosis","EmptyMind"],"relics":["PureWater","Regal Pillow","Odd Mushroom","Question Card","Empty Cage","TheAbacus","MutagenicStrength"],"acts_visited":["Exordium","TheCity"],"potions_floor_usage":[6,16],"damage_taken":[{"damage":0.0,"enemies":"2 Louse","floor":1.0,"turns":2.0},{"damage":0.0,"enemies":"Small Slimes","floor":2.0,"turns":2.0},{"damage":0.0,"enemies":"Cultist","floor":3.0,"turns":2.0},{"damage":4,"enemies":"Blue Slaver","floor":4,"turns":3},{"damage":3,"enemies":"Red Slaver","floor":5,"turns":2},{"damage":0,"enemies":"Lagavulin","floor":6,"turns":2},{"damage":10,"enemies":"The Mushroom Lair","floor":7,"turns":2},{"damage":19,"enemies":"Gremlin Nob","floor":8,"turns":4},{"damage":12,"enemies":"Exordium Wildlife","floor":10,"turns":2},{"damage":0,"enemies":"Lots of Slimes","floor":12,"turns":1},{"damage":17,"enemies":"Exordium Thugs","floor":13,"turns":3},{"damage":26,"enemies":"Hexaghost","floor":16,"turns":7},{"damage":9,"enemies":"Shell Parasite","floor":18,"turns":2},{"damage":30,"enemies":"2 Thieves","floor":20,"turns":3},{"damage":38,"enemies":"Shelled Parasite and Fungi","floor":22,"turns":2}],"seed_played":"4726349093531193793","potions_obtained":[{"floor":3.0,"key":"CultistPotion"},{"floor":4,"key":"BlessingOfTheForge"},{"floor":5,"key":"BottledMiracle"},{"floor":8,"key":"FearPotion"},{"floor":20,"key":"SteroidPotion"}],"is_trial":false,"path_per_floor":["M","M","M","M","M","E","?","E","T","M","R","M","M","?","R","B",null,"M","$","M","?","M"],"character_chosen":"WATCHER","items_purchased":["Apotheosis","TheAbacus"],"campfire_rested":1,"item_purchase_floors":[19,19],"current_hp_per_floor":[72,72,72,68,65,65,55,36,36,24,60,60,43,43,43,17,72,63,63,33,33,0,0],"gold":96,"neow_bonus":"","is_daily":true,"chose_seed":false,"campfire_upgraded":1,"win_rate":0.0,"timestamp":1609046884,"path_taken":["M","M","M","M","M","E","?","E","T","M","R","M","M","?","R","BOSS","M","?","M","?","M"],"items_purchased_type":["Card","Relic"],"build_version":"2020-12-22","purchased_purges":0,"victory":false,"max_hp_per_floor":[72,72,72,72,72,72,72,72,72,72,72,72,72,72,72,72,72,72,72,72,72,72,72],"card_choices":[{"not_picked":["Warcry","Power Through"],"picked":"Armaments","floor":1.0},{"not_picked":["ThirdEye","ReachHeaven","Study"],"picked":"SKIP","floor":2.0},{"not_picked":["Consecrate","Wild Strike"],"picked":"Whirlwind","floor":3.0},{"not_picked":["TalkToTheHand","Wild Strike"],"picked":"EmptyFist","floor":4},{"not_picked":["JustLucky","Seeing Red"],"picked":"EmptyBody","floor":5},{"not_picked":["Uppercut","ThirdEye"],"picked":"Cleave","floor":6},{"not_picked":["Protect","Metallicize"],"picked":"Disarm","floor":8},{"not_picked":["DeceiveReality","ClearTheMind","Wireheading"],"picked":"Limit Break","floor":10},{"not_picked":["Warcry","Heavy Blade","Searing Blow","Body Slam"],"picked":"SKIP","floor":12},{"not_picked":["WindmillStrike","True Grit","Second Wind","Dark Embrace"],"picked":"SKIP","floor":13},{"not_picked":["Barricade","Demon Form","Feed"],"picked":"Offering","floor":16},{"not_picked":["Battle Trance+1","Bloodletting","FollowUp+1","Havoc"],"picked":"SKIP","floor":18},{"not_picked":["Rupture","Consecrate","EmptyBody"],"picked":"EmptyMind","floor":20}],"player_experience":1015525,"relics_obtained":[{"floor":6,"key":"Regal Pillow"},{"floor":7,"key":"Odd Mushroom"},{"floor":9,"key":"Question Card"}],"event_choices":[{"damage_healed":0,"gold_gain":0,"player_choice":"Fought Mushrooms","damage_taken":0,"max_hp_gain":0,"max_hp_loss":0,"event_name":"Mushrooms","floor":7,"gold_loss":0},{"damage_healed":0,"gold_gain":0,"player_choice":"Bought 0 Potions","damage_taken":0,"max_hp_gain":0,"max_hp_loss":0,"event_name":"The Woman in Blue","floor":14,"gold_loss":0},{"damage_healed":0,"gold_gain":0,"player_choice":"Inject Mutagens","damage_taken":0,"relics_obtained":["MutagenicStrength"],"max_hp_gain":0,"max_hp_loss":0,"event_name":"Drug Dealer","floor":21,"gold_loss":0}],"is_beta":false,"boss_relics":[{"not_picked":["SlaversCollar","Pandora\u0027s Box"],"picked":"Empty Cage"}],"items_purged_floors":[],"is_endless":false,"potions_floor_spawned":[3,4,5,8,13,20],"killed_by":"Shelled Parasite and Fungi","ascension_level":0}}