{"host":"s0ikvqhe10eopvjn","time":1609104887,"event":{"mods":["Act Like it!","Bard","BaseMod","Block Reminder","Colored Map","Colored Powertips","DeckTracker","Downfall","Hallownest","Hermit","Highlight Path","Hubris","Infinite Spire","Minty Spire (QoL Compilation)","Permanent Neow","StSLib","The Blue Laboratory","The Bug Knight","The Cursed","The Necromancer"],"gold_per_floor":[110,110,110,76,87,121,121,140,189,189,114,132,132,151,151,151,151],"floor_reached":16,"playtime":1824,"items_purged":[],"score":100,"play_id":"4461ad1d-40e8-4452-9dfe-5a0e2d45f227","local_time":"20201227213447","is_ascension_mode":false,"campfire_choices":[{"floor":10,"key":"RECALL"},{"floor":13,"key":"REST"},{"floor":15,"key":"REST"}],"circlet_count":1,"master_deck":["HollowMod:NailStrikeStart","HollowMod:NailStrikeStart","HollowMod:NailStrikeStart","HollowMod:NailStrikeStart","HollowMod:QuickDashStart","HollowMod:QuickDashStart","HollowMod:QuickDashStart","HollowMod:QuickDashStart","HollowMod:FocusHealStart","HollowMod:PogoStrike","HollowMod:AbyssShriek","HollowMod:BaldurShell","HollowMod:Grubsong","HollowMod:ShadowDash","HollowMod:BlackTendrils","Hallownest:skillGreenpathMap","HollowMod:ChannelNail","HollowMod:NewLittleFool"],"relics":["HollowMod:VesselMask","HollowMod:MillibellesNoteRelic","Hallownest:DreamNailRelic","Hallownest:TeacherSealRelic","Bag of Preparation","Circlet"],"acts_visited":["Exordium"],"potions_floor_usage":[14],"damage_taken":[{"damage":8,"enemies":"Hallownest:2_Tiktiks_and_1_Crawlid","floor":1,"turns":5},{"damage":3,"enemies":"Hallownest:2_MossCreeps","floor":5,"turns":4},{"damage":34,"enemies":"Hallownest:eliteMossKnight","floor":6,"turns":14},{"damage":0,"enemies":"Hallownest:2_Baldur","floor":8,"turns":5},{"damage":0,"enemies":"Hallownest:monsterAspidMother","floor":12,"turns":5},{"damage":18,"enemies":"Hallownest:2_Tiktiks_1_Baldur_1_Crawlid","floor":14,"turns":4},{"damage":86,"enemies":"Hallownest:BossHornet","floor":16,"turns":14}],"seed_played":"-7037691910048680635","potions_obtained":[{"floor":5,"key":"DistilledChaos"}],"is_trial":false,"path_per_floor":["M","?","?","$","M","E","?","M","T","R","?","M","R","M","R","B"],"character_chosen":"THE_BUGKNIGHT","items_purchased":["HollowMod:BaldurShell"],"campfire_rested":2,"item_purchase_floors":[4],"current_hp_per_floor":[75,75,75,75,72,38,38,44,44,44,44,52,74,57,75,0,0],"gold":151,"neow_bonus":"RANDOM_COMMON_RELIC","is_daily":false,"chose_seed":false,"campfire_upgraded":0,"win_rate":0.0,"timestamp":1609104887,"path_taken":["M","?","?","?","M","E","?","?","T","R","?","M","R","M","R","BOSS"],"items_purchased_type":["Card"],"build_version":"2020-12-22","purchased_purges":0,"victory":false,"max_hp_per_floor":[75,75,75,75,75,75,75,75,75,75,75,75,75,75,75,75,75],"card_choices":[{"not_picked":["HollowMod:SiblingsSouls","HollowMod:WraithStrike"],"picked":"HollowMod:AbyssShriek","floor":1},{"not_picked":["HollowMod:CloakDash","HollowMod:DescendingDark"],"picked":"HollowMod:Grubsong","floor":5},{"not_picked":["HollowMod:NewJinnsSoul","HollowMod:SharpenedNail"],"picked":"HollowMod:ShadowDash","floor":6},{"not_picked":["HollowMod:QuirrelsAssistance","HollowMod:ElderbugsWisdom"],"picked":"HollowMod:BlackTendrils","floor":8},{"not_picked":["HollowMod:NewJinnsSoul","HollowMod:MothsMistake"],"picked":"HollowMod:ChannelNail","floor":12},{"not_picked":["HollowMod:CoiledNail","HollowMod:ShadowDash"],"picked":"HollowMod:NewLittleFool","floor":14}],"player_experience":50854,"relics_obtained":[{"floor":6,"key":"Bag of Preparation"}],"event_choices":[],"is_beta":false,"boss_relics":[],"items_purged_floors":[],"is_endless":false,"potions_floor_spawned":[5],"killed_by":"Hallownest:BossHornet","ascension_level":0}}