{"host":"q79spna8ofw6hj3r","time":1609048034,"event":{"mods":["Aspiration","Bard","BaseMod","Beaked The Cultist","Bestiary","Better Altar","Better Match","Better Note","Better Sensory Stone","Better Skull","Better Third Choice","Better Vampires","BetterRewards","Block Reminder","Challenge The Spire","Colored Map","Colored Powertips","Conspire","Custom Start","Energized Spire","Friendly Minions","Halation","Hubris","Infinite Spire","Jedi Mod","Mimic Mod","Minty Spire (QoL Compilation)","Permanent Neow","Quick Restart","Relic Filter","Relic Sorter","Replay The Spire","Shop Mod","StSLib","SuperFastMode","Synergy Search","The Cursed","The Hierophant","The Runesmith","slay the spire mod where everything is the same but ironclad has a cowboy hat","vexMod"],"gold_per_floor":[116,116,132,132,149,22,0,0,37,52,80,80,80,80,80,184,184,199,216,216,235,135,170,170,170,170,110,129,179,203,223,223,338,338,350,464,481,310,320,320,320,351,351,351,351,351,353,375,375,470,470,455,449,399,399,401,401,394,394,394,394,394,371,358,143,143,216,216,208,208,208,208,32,4,4],"floor_reached":74,"playtime":4764,"items_purged":["Strike_G","Strike_G","Defend_G","Strike_G","Defend_G+1","Defend_G+1","hubris:Gluttony"],"score":1330,"play_id":"fc125d96-d229-4781-ac20-0720703aa1f8","local_time":"20201227074714","is_ascension_mode":true,"campfire_choices":[{"data":"jedi:harder","floor":8.0,"key":"SMITH"},{"data":"jedi:pocketpoison","floor":13.0,"key":"SMITH"},{"data":"jedi:pocketpoison","floor":15.0,"key":"SMITH"},{"data":"Replay:Bootleg Shield Generator","floor":24,"key":"SMITH"},{"data":"Setup","floor":32,"key":"SMITH"},{"data":"Prepared","floor":40,"key":"SMITH"},{"data":"Outmaneuver","floor":44,"key":"SMITH"},{"data":"Languid","floor":49,"key":"SMITH"},{"data":"Master of Strategy","floor":57,"key":"SMITH"},{"data":"Replay:Bag of Tricks","floor":59,"key":"SMITH"},{"data":"Prepared","floor":66,"key":"SMITH"}],"circlet_count":0,"master_deck":["Survivor+1","Neutralize+1","jedi:harder+1","jedi:pocketpoison+1","jedi:pocketpoison+1","Tactician+1","Caltrops+1","Replay:Bootleg Shield Generator+1","Master of Strategy+1","Setup+1","Replay:Bag of Tricks+1","Prepared+1","Outmaneuver+1","Well Laid Plans+1","Prepared+1","Master of Strategy+1","Injury","Prepared","Survey Options+1","Outmaneuver+1"],"relics":["Ring of the Serpent","hubris:Icosahedron","hubris:TenFootPole","conspire:BottledYoYo","halation:PinkSoulGem","Juzu Bracelet","halation:PromiseList","vexMod:ImprovementManual","infinitespire:Midas Blood","Nloth\u0027s Gift","halation:PrussianBluePaint","Tiny House","Replay:Drink Me","hubris:64BitClover","aspiration:TomeofQuesting","Golden Egg","ReplayTheSpireMod:Ring of Addiction","Chameleon Ring","hubris:EmptyBottle","Ring of Peace","Smiling Mask","Golden Idol","hubris:ToyBattleship","betterThird:SlimedRelic","Kintsugi","GremlinMask","infinitespire:Beetle Shell"],"acts_visited":["Exordium","TheCity","TheBeyond","Exordium","TheCity"],"potions_floor_usage":[31,33,33,36,50,50,50,50,53,58,64,69,74,74],"damage_taken":[{"damage":1.0,"enemies":"2 Louse","floor":1.0,"turns":3.0},{"damage":8.0,"enemies":"conspire:RoseBush","floor":3.0,"turns":7.0},{"damage":9.0,"enemies":"Small Slimes","floor":5.0,"turns":7.0},{"damage":8.0,"enemies":"Looter","floor":7.0,"turns":4.0},{"damage":3.0,"enemies":"Large Slime","floor":9.0,"turns":8.0},{"damage":6.0,"enemies":"Large Slime","floor":10.0,"turns":12.0},{"damage":1.0,"enemies":"3 Sentries","floor":11.0,"turns":17.0},{"damage":17.0,"enemies":"The Guardian","floor":16.0,"turns":17.0},{"damage":27.0,"enemies":"3 Byrds","floor":18.0,"turns":12.0},{"damage":10.0,"enemies":"Spheric Guardian","floor":19.0,"turns":14.0},{"damage":4.0,"enemies":"Snake Plant","floor":21.0,"turns":6.0},{"damage":0.0,"enemies":"Nightmare","floor":23.0,"turns":14.0},{"damage":0,"enemies":"Centurion and Healer","floor":28,"turns":17},{"damage":18,"enemies":"Snecko","floor":30,"turns":10},{"damage":6,"enemies":"Snake Plant","floor":31,"turns":5},{"damage":31,"enemies":"Automaton","floor":33,"turns":16},{"damage":0,"enemies":"Orb Walker","floor":35,"turns":4},{"damage":27,"enemies":"infinitespire:Three Voidlings","floor":36,"turns":5},{"damage":0,"enemies":"Nightmare_Alpha","floor":36,"turns":10},{"damage":0,"enemies":"3 Shapes","floor":37,"turns":9},{"damage":0,"enemies":"Jaw Worm Horde","floor":39,"turns":7},{"damage":3,"enemies":"Nightmare","floor":42,"turns":9},{"damage":10,"enemies":"3 Darklings","floor":48,"turns":4},{"damage":0,"enemies":"infinitespire:MassOfShapes","floor":50,"turns":6},{"damage":0,"enemies":"Cultist","floor":52,"turns":4},{"damage":0,"enemies":"2 Louse","floor":53,"turns":3},{"damage":0,"enemies":"Jaw Worm","floor":58,"turns":4},{"damage":0,"enemies":"Exordium Thugs","floor":64,"turns":4},{"damage":0,"enemies":"Slime Boss","floor":67,"turns":4},{"damage":0,"enemies":"Chosen","floor":69,"turns":4},{"damage":48,"enemies":"Slavers","floor":74,"turns":6}],"seed_played":"-2550680698311901537","potions_obtained":[{"floor":5.0,"key":"jedi:wingpotion"},{"floor":10.0,"key":"Venom Potion"},{"floor":11.0,"key":"BlessingOfTheForge"},{"floor":16.0,"key":"LifebloodPotion"},{"floor":28,"key":"Energy Potion"},{"floor":29,"key":"SkillPotion"},{"floor":30,"key":"BlessingOfTheForge"},{"floor":31,"key":"PowerPotion"},{"floor":36,"key":"Poison Potion"},{"floor":39,"key":"AttackPotion"},{"floor":46,"key":"Adrenaline Potion"},{"floor":46,"key":"LiquidBronze"},{"floor":46,"key":"DuplicationPotion"},{"floor":48,"key":"jedi:holywater"},{"floor":50,"key":"Ancient Potion"},{"floor":53,"key":"jedi:StrikingPotion"},{"floor":58,"key":"Doom Potion"},{"floor":67,"key":"SteroidPotion"}],"is_trial":false,"path_per_floor":["M","?","M","?","M","$","M","R","MIM","M","E","?","R","T","R","B",null,"M","M","?","M","$","NM","R","?","T","?","M","AVR","M","M","R","B",null,"M","?","M","$","M","R","?","NM","T","R","?","?","?","M","R","B",null,"M","M","$","?","?","R","M","R","T","?","?","?","M","$","R","B",null,"M","?","?","?","$","E"],"character_chosen":"THE_SILENT","items_purchased":["jedi:pocketpoison","Outmaneuver","Master of Strategy","Survey Options","Outmaneuver"],"campfire_rested":0,"item_purchase_floors":[6,38,65,73,73],"current_hp_per_floor":[69,62,54,54,45,45,37,37,34,28,27,34,34,34,34,17,70,43,33,33,29,29,29,29,29,29,29,29,34,16,20,20,9,57,57,57,57,57,57,57,54,51,51,51,51,51,44,34,34,34,52,52,52,52,52,46,46,46,46,46,46,46,41,41,41,41,41,46,46,46,46,46,44,0,0],"gold":4,"neow_bonus":"RANDOM_COMMON_RELIC","is_daily":false,"chose_seed":false,"campfire_upgraded":11,"win_rate":0.0,"timestamp":1609048034,"path_taken":["M","?","M","?","M","$","M","R","MIM","M","E","?","R","?","R","BOSS","M","M","?","M","$","NM","R","?","T","?","M","AVR","M","M","R","BOSS","M","?","M","$","M","R","?","NM","T","R","?","?","?","M","R","BOSS","M","M","$","?","?","R","M","R","T","?","?","?","M","$","R","BOSS","M","?","?","?","$","E"],"items_purchased_type":["Card","Card","Card","Card","Card"],"build_version":"2020-12-22","purchased_purges":7,"victory":false,"max_hp_per_floor":[70,70,70,70,70,70,70,70,70,70,70,70,70,70,70,70,70,70,70,70,70,70,70,70,70,70,70,70,75,75,75,75,75,57,57,57,57,57,57,57,54,54,54,54,54,54,54,54,54,52,52,52,52,52,52,52,50,50,50,50,50,48,48,48,48,48,48,46,46,46,46,46,44,44,44],"card_choices":[{"not_picked":["Underhanded Strike","Leg Sweep"],"picked":"Deflect","floor":1.0},{"not_picked":["Quick Slash","Backstab","Choke"],"picked":"SKIP","floor":3.0},{"not_picked":["Blade Dance","PiercingWail"],"picked":"jedi:pocketpoison","floor":5.0},{"not_picked":["Slice","Acrobatics","Bouncing Flask"],"picked":"SKIP","floor":7.0},{"not_picked":["Sucker Punch","Prepared"],"picked":"Tactician","floor":10.0},{"not_picked":["ReplayTheSpireMod:Necrosis","PiercingWail","jedi:collectorvenom"],"picked":"SKIP","floor":11.0},{"not_picked":["Crippling Poison+1","Hidden Blade+1","hubris:SlightOfHand"],"picked":"SKIP","floor":18.0},{"not_picked":["Deadly Poison","Dash"],"picked":"Caltrops","floor":19.0},{"not_picked":["Replay:Parry","Purity"],"picked":"Replay:Bootleg Shield Generator","floor":20.0},{"not_picked":["Magnetism","Deep Breath"],"picked":"Master of Strategy","floor":20.0},{"not_picked":["Poisoned Stab","Noxious Fumes","Dodge and Roll"],"picked":"SKIP","floor":21.0},{"not_picked":["Deadly Poison","Blade Dance","hubris:SlightOfHand"],"picked":"SKIP","floor":23},{"not_picked":["Blade Dance+1","PiercingWail","Deadly Poison"],"picked":"SKIP","floor":28},{"not_picked":["ReplayTheSpireMod:Speed Training","Fluid Movement+1"],"picked":"Setup","floor":29},{"not_picked":["Dagger Throw","Deflect"],"picked":"Replay:Bag of Tricks","floor":30},{"not_picked":["PiercingWail","jedi:pocketpoison","Dodge and Roll+1"],"picked":"SKIP","floor":31},{"not_picked":["jedi:studyshivs","Poison Darts"],"picked":"Grand Finale","floor":33},{"not_picked":["Sucker Punch+1","ReplayTheSpireMod:Shiv Toss","Bouncing Flask"],"picked":"SKIP","floor":35},{"not_picked":["ReplayTheSpireMod:Echoes of Time","infinitespire:Punishment"],"picked":"infinitespire:Fortify","floor":36},{"not_picked":["Calculated Gamble","Footwork"],"picked":"Prepared","floor":36},{"not_picked":["Infinite Blades","Deadly Poison+1"],"picked":"Noxious Fumes+1","floor":37},{"not_picked":["Choke+1","Backstab","Poisoned Stab"],"picked":"SKIP","floor":39},{"not_picked":["jedi:unstablefumes+1","Backflip"],"picked":"Well Laid Plans+1","floor":42},{"not_picked":["ReplayTheSpireMod:Speed Training","Leg Sweep+1","Dagger Throw+1"],"picked":"SKIP","floor":48},{"not_picked":["Hidden Blade","Flechettes","Dodge and Roll"],"picked":"SKIP","floor":52},{"not_picked":["Bane","Masterful Stab","Flying Knee"],"picked":"SKIP","floor":53},{"not_picked":["Setup","Grand Finale","Hidden Blade"],"picked":"SKIP","floor":58},{"not_picked":["Dagger Spray","Cloak And Dagger"],"picked":"Prepared","floor":64},{"not_picked":["Slice","Quick Slash"],"picked":"Prepared","floor":69}],"player_experience":185479,"relics_obtained":[{"floor":9.0,"key":"Juzu Bracelet"},{"floor":11.0,"key":"Nunchaku"},{"floor":14.0,"key":"halation:PromiseList"},{"floor":23,"key":"infinitespire:Midas Blood"},{"floor":26,"key":"halation:PrussianBluePaint"},{"floor":36,"key":"hubris:64BitClover"},{"floor":42,"key":"aspiration:TomeofQuesting"},{"floor":43,"key":"Golden Egg"},{"floor":46,"key":"ReplayTheSpireMod:Ring of Addiction"},{"floor":46,"key":"Chameleon Ring"},{"floor":46,"key":"hubris:EmptyBottle"},{"floor":46,"key":"Ring of Peace"},{"floor":58,"key":"hubris:ToyBattleship"}],"event_choices":[{"damage_healed":0.0,"max_hp_gain":0.0,"max_hp_loss":0.0,"gold_gain":2.0,"event_name":"betterStone:BetterStone","player_choice":"1","floor":20.0,"gold_loss":0.0,"damage_taken":0.0},{"damage_healed":0,"gold_gain":0,"player_choice":"Traded Relic","damage_taken":0,"relics_obtained":["Nloth\u0027s Gift"],"max_hp_gain":0,"max_hp_loss":0,"event_name":"N\u0027loth","floor":25,"relics_lost":["Nunchaku"],"gold_loss":0},{"damage_healed":0,"gold_gain":0,"player_choice":"Max HP","damage_taken":0,"max_hp_gain":0,"max_hp_loss":3,"event_name":"Winding Halls","floor":41,"gold_loss":0},{"damage_healed":0,"gold_gain":0,"player_choice":"Take Damage","damage_taken":13,"relics_obtained":["Golden Idol"],"max_hp_gain":0,"max_hp_loss":0,"event_name":"Golden Idol","floor":56,"gold_loss":0},{"damage_healed":0,"gold_gain":0,"player_choice":"Upgraded","damage_taken":0,"max_hp_gain":0,"max_hp_loss":0,"event_name":"Upgrade Shrine","floor":61,"gold_loss":0,"cards_upgraded":["infinitespire:Fortify"]},{"damage_healed":0,"gold_gain":0,"player_choice":"Leave","damage_taken":0,"max_hp_gain":0,"max_hp_loss":0,"event_name":"conspire:Investor","floor":62,"gold_loss":0},{"damage_healed":0,"gold_gain":0,"player_choice":"Slimed","damage_taken":11,"max_hp_gain":0,"max_hp_loss":0,"event_name":"betterThird:BetterGoop","floor":63,"gold_loss":25},{"damage_healed":0,"gold_gain":0,"player_choice":"Trade","damage_taken":0,"relics_obtained":["GremlinMask"],"max_hp_gain":0,"max_hp_loss":0,"event_name":"FaceTrader","floor":70,"gold_loss":0},{"damage_healed":0,"gold_gain":0,"player_choice":"Opened","damage_taken":0,"relics_obtained":["infinitespire:Beetle Shell"],"max_hp_gain":0,"max_hp_loss":0,"event_name":"The Mausoleum","floor":72,"gold_loss":0}],"is_beta":false,"boss_relics":[{"not_picked":["Velvet Choker","halation:Risk"],"picked":"vexMod:ImprovementManual"},{"not_picked":["Coffee Dripper","vexMod:RockOfEvil"],"picked":"Replay:Drink Me"},{"not_picked":["Snecko Scales","conspire:SlowCooker"],"picked":"Ring of the Serpent"},{"not_picked":["Empty Cage","energizedSpire:DeadBattery"],"picked":"Kintsugi"}],"items_purged_floors":[6,22,29,38,54,65,73],"is_endless":true,"potions_floor_spawned":[5,10,11,16,28,30,31,36,39,48,50,53,58,67],"killed_by":"Slavers","ascension_level":2}}