{"host":"hbwa3kjetxrogfq8","time":1609112740,"event":{"mods":["AchievementEnabler","BaseMod","Block Reminder","Colored Map","Colored Powertips","Highlight Path","Minty Spire (QoL Compilation)","Rare Cards Sparkle","Relic Stats","StSLib"],"gold_per_floor":[11,21,32,49,224,224,299,299,379,379,397,414,106,140,140,235,235,246,345,363,383,308,308,334,334,334,349,365,376,376,395,395,497,497,507,520,520,70,70,70],"floor_reached":39,"playtime":3491,"items_purged":["Doubt","Strike_G"],"score":581,"play_id":"cde6e028-a1a9-46a8-8f92-880dfc493b71","local_time":"20201228004540","is_ascension_mode":true,"campfire_choices":[{"data":"Neutralize","floor":6,"key":"SMITH"},{"floor":8,"key":"REST"},{"data":"Deadly Poison","floor":10,"key":"SMITH"},{"floor":15,"key":"REST"},{"floor":23,"key":"REST"},{"data":"Backstab","floor":25,"key":"SMITH"},{"floor":32,"key":"REST"}],"circlet_count":0,"master_deck":["Strike_G","Defend_G","Defend_G","Defend_G","Defend_G","Defend_G","Survivor","Neutralize+1","Dash","Deadly Poison+1","Doppelganger","Backflip","Footwork","Backstab+1","Footwork","Cloak And Dagger","PiercingWail","Dagger Spray","Poisoned Stab","Dagger Spray+1","Prepared","Blade Dance+1","Bouncing Flask","Catalyst+1","Backflip","Accuracy","Acrobatics+1","Well Laid Plans","Outmaneuver+1","Backstab","Backflip","Infinite Blades"],"relics":["Ring of the Snake","Ninja Scroll","Dream Catcher","WristBlade","Pear","Girya","Fusion Hammer","TwistedFunnel"],"acts_visited":["Exordium","TheCity","TheBeyond"],"potions_floor_usage":[21,24,24,33,33,36],"damage_taken":[{"damage":2,"enemies":"Small Slimes","floor":1,"turns":4},{"damage":0,"enemies":"2 Louse","floor":2,"turns":3},{"damage":0,"enemies":"Cultist","floor":3,"turns":5},{"damage":7,"enemies":"3 Louse","floor":4,"turns":5},{"damage":2,"enemies":"2 Fungi Beasts","floor":11,"turns":5},{"damage":13,"enemies":"Exordium Wildlife","floor":12,"turns":5},{"damage":23,"enemies":"Gremlin Nob","floor":14,"turns":4},{"damage":27,"enemies":"Hexaghost","floor":16,"turns":10},{"damage":7,"enemies":"Shell Parasite","floor":18,"turns":5},{"damage":4,"enemies":"Chosen","floor":20,"turns":4},{"damage":15,"enemies":"Snecko","floor":21,"turns":5},{"damage":0,"enemies":"Slavers","floor":24,"turns":3},{"damage":0,"enemies":"3 Cultists","floor":27,"turns":4},{"damage":3,"enemies":"Centurion and Healer","floor":28,"turns":4},{"damage":16,"enemies":"Snake Plant","floor":29,"turns":4},{"damage":10,"enemies":"Snecko","floor":31,"turns":4},{"damage":34,"enemies":"Collector","floor":33,"turns":8},{"damage":3,"enemies":"3 Shapes","floor":35,"turns":3},{"damage":34,"enemies":"3 Darklings","floor":36,"turns":5},{"damage":50,"enemies":"Transient","floor":39,"turns":3}],"seed_played":"-7341113645935941334","potions_obtained":[{"floor":1,"key":"SneckoOil"},{"floor":2,"key":"EssenceOfSteel"},{"floor":4,"key":"Strength Potion"},{"floor":28,"key":"LiquidMemories"},{"floor":29,"key":"AttackPotion"},{"floor":33,"key":"Energy Potion"},{"floor":35,"key":"PowerPotion"}],"is_trial":false,"path_per_floor":["M","M","M","M","?","R","?","R","T","R","M","M","$","E","R","B",null,"M","?","M","M","?","R","E","R","T","M","M","M","?","M","R","B",null,"M","M","?","$","M"],"character_chosen":"THE_SILENT","items_purchased":["Backstab","Footwork","Cloak And Dagger","PiercingWail","TwistedFunnel","Backstab","Dexterity Potion","Backflip","Infinite Blades"],"campfire_rested":4,"item_purchase_floors":[13,13,13,13,38,38,38,38,38],"current_hp_per_floor":[61,61,61,54,54,54,43,64,64,64,62,49,49,26,47,20,58,51,51,47,32,32,53,63,63,63,63,60,44,44,34,58,24,66,63,29,29,29,0,0],"gold":70,"neow_bonus":"REMOVE_TWO","is_daily":false,"chose_seed":false,"campfire_upgraded":3,"win_rate":0.0,"timestamp":1609112740,"path_taken":["M","M","M","M","?","R","?","R","T","R","M","M","$","E","R","BOSS","M","?","M","M","?","R","E","R","T","M","M","M","?","M","R","BOSS","M","?","?","$","M"],"items_purchased_type":["Card","Card","Card","Card","Relic","Card","Potion","Card","Card"],"build_version":"2020-12-22","purchased_purges":2,"victory":false,"max_hp_per_floor":[70,70,70,70,70,70,70,70,70,70,70,70,70,70,70,70,70,70,70,70,70,70,70,80,80,80,80,80,80,80,80,80,80,80,80,80,76,76,76,76],"relic_stats":{"Dream Catcher":3,"counters":[20,93],"obtain_stats":[{"TwistedFunnel":38,"Girya":26,"Dream Catcher":14,"Pear":24,"WristBlade":17,"Ninja Scroll":9,"Fusion Hammer":34,"Ring of the Snake":0},{"TwistedFunnel":19,"Girya":12,"Dream Catcher":7,"Pear":12,"WristBlade":8,"Ninja Scroll":4,"Fusion Hammer":17,"Ring of the Snake":0},{"TwistedFunnel":90,"Girya":58,"Dream Catcher":31,"Pear":58,"WristBlade":41,"Ninja Scroll":17,"Fusion Hammer":82,"Ring of the Snake":0}],"Ring of the Snake":[40]},"card_choices":[{"not_picked":["Quick Slash","Dagger Throw"],"picked":"Dash","floor":1},{"not_picked":["Cloak And Dagger","Infinite Blades"],"picked":"Deadly Poison","floor":2},{"not_picked":["Acrobatics","Finisher","Escape Plan"],"picked":"SKIP","floor":3},{"not_picked":["Sucker Punch","Deadly Poison"],"picked":"Doppelganger","floor":4},{"not_picked":["Deadly Poison","Dagger Throw"],"picked":"Backflip","floor":11},{"not_picked":["Endless Agony","Prepared"],"picked":"Footwork","floor":12},{"not_picked":["Backflip","Blade Dance"],"picked":"Dagger Spray","floor":14},{"not_picked":["Well Laid Plans","Acrobatics"],"picked":"Poisoned Stab","floor":15},{"not_picked":["Deadly Poison+1","Poisoned Stab"],"picked":"Dagger Spray+1","floor":18},{"not_picked":["Finisher","Backflip"],"picked":"Prepared","floor":20},{"not_picked":["Backflip","Acrobatics"],"picked":"Blade Dance+1","floor":21},{"not_picked":["Dodge and Roll","Finisher"],"picked":"Bouncing Flask","floor":24},{"not_picked":["Predator","Setup"],"picked":"Catalyst+1","floor":27},{"not_picked":["Dagger Spray+1","Deadly Poison"],"picked":"Backflip","floor":28},{"not_picked":["Flechettes","Quick Slash"],"picked":"Accuracy","floor":29},{"not_picked":["Poisoned Stab","Outmaneuver+1"],"picked":"Acrobatics+1","floor":31},{"not_picked":["Grand Finale","Quick Slash"],"picked":"Well Laid Plans","floor":32},{"not_picked":["Flying Knee","Blade Dance+1"],"picked":"Outmaneuver+1","floor":35},{"not_picked":["Sucker Punch+1","Flying Knee","Glass Knife"],"picked":"SKIP","floor":36}],"player_experience":600401,"relics_obtained":[{"floor":9,"key":"Ninja Scroll"},{"floor":14,"key":"Dream Catcher"},{"floor":24,"key":"Pear"},{"floor":26,"key":"Girya"}],"event_choices":[{"damage_healed":0,"gold_gain":175,"player_choice":"AGREE","damage_taken":0,"max_hp_gain":0,"max_hp_loss":0,"event_name":"Liars Game","floor":5,"gold_loss":0,"cards_obtained":["Doubt"]},{"damage_healed":0,"gold_gain":75,"player_choice":"Gather Gold","damage_taken":11,"max_hp_gain":0,"max_hp_loss":0,"event_name":"World of Goop","floor":7,"gold_loss":0},{"damage_healed":0,"gold_gain":99,"player_choice":"Stole From Cult","damage_taken":0,"max_hp_gain":0,"max_hp_loss":0,"event_name":"Nest","floor":19,"gold_loss":0},{"cards_removed":["Strike_G"],"damage_healed":0,"gold_gain":0,"player_choice":"Gave Gold","damage_taken":0,"max_hp_gain":0,"max_hp_loss":0,"event_name":"Beggar","floor":22,"gold_loss":75},{"damage_healed":0,"gold_gain":0,"player_choice":"Ignored","damage_taken":0,"max_hp_gain":0,"max_hp_loss":0,"event_name":"N\u0027loth","floor":30,"gold_loss":0},{"damage_healed":0,"gold_gain":0,"player_choice":"Max HP","damage_taken":0,"max_hp_gain":0,"max_hp_loss":4,"event_name":"Winding Halls","floor":37,"gold_loss":0}],"is_beta":false,"boss_relics":[{"not_picked":["Runic Pyramid","Pandora\u0027s Box"],"picked":"WristBlade"},{"not_picked":["Empty Cage","Velvet Choker"],"picked":"Fusion Hammer"}],"items_purged_floors":[13,38],"is_endless":false,"potions_floor_spawned":[1,2,4,11,18,28,29,33,35],"killed_by":"Transient","ascension_level":7}}