{"host":"1gvb6a86y1wh8blq","time":1609082203,"event":{"mods":["Ascension Reborn","BaseMod","Emptier Cage","Minty Spire (QoL Compilation)","Shop Mod","Spicy Shops","StSLib","[IsaacMod]以撒尖塔","【功能Mod】强力的原版药水","没有小屋子和绿帽子啦","篝火指南"],"gold_per_floor":[413,413,17,29,47,78,101,101,101,139,163,187,200,200,468,468,468],"floor_reached":16,"playtime":387,"items_purged":["Defend_P+1","Strike_P+1"],"score":25,"play_id":"5f7845b3-d655-4e3a-9e0c-0bb7e071c95f","local_time":"20201227231643","is_ascension_mode":true,"campfire_choices":[{"floor":8,"key":"RECALL"}],"circlet_count":0,"master_deck":["Strike_P+1","Strike_P+1","Strike_P+1","Defend_P+1","Defend_P+1","Eruption+1","Vigilance+1","Ragnarok"],"relics":["PureWater","HushsDoor","Damocles","Prayer Wheel","Calipers","ClockworkSouvenir","Unceasing Top","Bronze Scales","Question Card","SatanicBible","Ginger","GuppysPaw","Molten Egg 2","Membership Card","MerchantsRug"],"acts_visited":["Exordium"],"potions_floor_usage":[16],"damage_taken":[{"damage":0.0,"enemies":"Jaw Worm","floor":1.0,"turns":1.0},{"damage":0,"enemies":"Small Slimes","floor":4,"turns":1},{"damage":0,"enemies":"Cultist","floor":5,"turns":2},{"damage":0,"enemies":"Lagavulin","floor":6,"turns":2},{"damage":0,"enemies":"Looter","floor":7,"turns":2},{"damage":0,"enemies":"3 Sentries","floor":10,"turns":2},{"damage":0,"enemies":"Exordium Thugs","floor":11,"turns":1},{"damage":0,"enemies":"Lots of Slimes","floor":12,"turns":2},{"damage":0,"enemies":"Looter","floor":13,"turns":1},{"damage":0,"enemies":"The Guardian","floor":16,"turns":3}],"seed_played":"4546883371607538630","potions_obtained":[{"floor":1.0,"key":"SkillPotion"},{"floor":4,"key":"Swift Potion"},{"floor":5,"key":"Weak Potion"},{"floor":6,"key":"EssenceOfSteel"},{"floor":12,"key":"PowerPotion"}],"is_trial":false,"path_per_floor":["M","?","$","M","M","E","M","R","T","E","M","M","M","?","R","B"],"character_chosen":"WATCHER","items_purchased":["Calipers","ClockworkSouvenir","Membership Card","MerchantsRug"],"campfire_rested":0,"item_purchase_floors":[3,3,15,15],"current_hp_per_floor":[69,69,69,69,69,69,69,69,69,69,69,69,69,69,69,0,0],"gold":468,"neow_bonus":"TWO_FIFTY_GOLD","is_daily":false,"chose_seed":false,"campfire_upgraded":0,"win_rate":0.0,"timestamp":1609082203,"path_taken":["M","?","$","M","M","E","M","R","T","E","M","M","?","?","R","BOSS"],"items_purchased_type":["Relic","Relic","Relic","Relic"],"build_version":"2020-12-22","purchased_purges":2,"victory":false,"max_hp_per_floor":[69,69,69,69,69,69,69,69,69,69,69,69,69,69,69,69,69],"card_choices":[{"not_picked":["Prostrate+1","WheelKick","Worship"],"picked":"SKIP","floor":1.0},{"not_picked":["ClearTheMind","CutThroughFate+1","FlurryOfBlows"],"picked":"SKIP","floor":4},{"not_picked":["BowlingBash+1","FlurryOfBlows+1","FollowUp"],"picked":"SKIP","floor":4},{"not_picked":["Study","Pray+1","PathToVictory"],"picked":"SKIP","floor":5},{"not_picked":["SignatureMove","EmptyBody","FollowUp+1"],"picked":"SKIP","floor":5},{"not_picked":["FollowUp","Consecrate+1","Adaptation","SashWhip"],"picked":"SKIP","floor":6},{"not_picked":["ReachHeaven+1","Nirvana","Sanctity","Study"],"picked":"SKIP","floor":6},{"not_picked":["CutThroughFate","Evaluate","WindmillStrike","ClearTheMind"],"picked":"SKIP","floor":7},{"not_picked":["BattleHymn+1","Evaluate","Pray","EmptyMind"],"picked":"SKIP","floor":7},{"not_picked":["Weave","LikeWater+1","JustLucky"],"picked":"Ragnarok","floor":10},{"not_picked":["Scrawl","Indignation+1","EmptyBody","Swivel+1"],"picked":"SKIP","floor":10},{"not_picked":["DeceiveReality","FlurryOfBlows+1","JustLucky","Adaptation"],"picked":"SKIP","floor":11},{"not_picked":["BattleHymn+1","CrushJoints+1","FlyingSleeves","MentalFortress"],"picked":"SKIP","floor":11},{"not_picked":["SashWhip+1","ThirdEye+1","ClearTheMind","Protect"],"picked":"SKIP","floor":12},{"not_picked":["Consecrate+1","JustLucky+1","FlurryOfBlows+1","BowlingBash+1"],"picked":"SKIP","floor":12},{"not_picked":["WreathOfFlame","BowlingBash+1","FlurryOfBlows+1","EmptyFist+1"],"picked":"SKIP","floor":13},{"not_picked":["Study","EmptyMind","MentalFortress","FlyingSleeves+1"],"picked":"SKIP","floor":13}],"player_experience":2767356,"relics_obtained":[{"floor":1.0,"key":"Prayer Wheel"},{"floor":4,"key":"Unceasing Top"},{"floor":4,"key":"Bronze Scales"},{"floor":5,"key":"Question Card"},{"floor":5,"key":"Dead Branch"},{"floor":6,"key":"White Beast Statue"},{"floor":6,"key":"SatanicBible"},{"floor":7,"key":"Art of War"},{"floor":9,"key":"Ginger"},{"floor":10,"key":"GuppysPaw"},{"floor":10,"key":"Centennial Puzzle"},{"floor":11,"key":"Damaru"},{"floor":11,"key":"TuHaoJin"},{"floor":12,"key":"Molten Egg 2"},{"floor":13,"key":"Pantograph"}],"event_choices":[{"cards_removed":["Defend_P"],"damage_healed":0.0,"max_hp_gain":0.0,"max_hp_loss":0.0,"gold_gain":0.0,"event_name":"Living Wall","player_choice":"Forget","floor":2.0,"gold_loss":0.0,"damage_taken":0.0},{"damage_healed":0,"gold_gain":0,"player_choice":"Ignored","damage_taken":0,"max_hp_gain":0,"max_hp_loss":0,"event_name":"Liars Game","floor":14,"gold_loss":0}],"is_beta":false,"boss_relics":[],"items_purged_floors":[3,15],"is_endless":false,"potions_floor_spawned":[12,13],"killed_by":"The Guardian","ascension_level":-20}}