{"host":"hzhtv7n0nkrnil9f","time":1609091433,"event":{"mods":["AchievementEnabler","BaseMod","Colored Map","Minty Spire (QoL Compilation)","Permanent Neow"],"gold_per_floor":[110,129,141,141,156,181,181,211,211,211,245,245,258,268,268,364,364,349,274,292,391,391,417,417,434,459,203,203,203,236,255,255,356,356,367,367,150,164,164,164,192,38,65,65,65,93,93,121,121,121,121,121,33,67,67],"floor_reached":56,"playtime":3544,"items_purged":["Strike_R","Strike_R","Strike_R","Defend_R","Defend_R"],"score":1543,"play_id":"2b208492-4ba7-4fda-b14d-eee799c8bdbf","local_time":"20201227185033","is_ascension_mode":true,"campfire_choices":[{"data":"Rampage","floor":7,"key":"SMITH"},{"data":"Fire Breathing","floor":10,"key":"SMITH"},{"data":"Power Through","floor":15,"key":"SMITH"},{"data":"Offering","floor":24,"key":"SMITH"},{"floor":29,"key":"REST"},{"data":"Demon Form","floor":32,"key":"SMITH"},{"floor":40,"key":"RECALL"},{"floor":49,"key":"DIG"},{"floor":52,"key":"DIG"}],"circlet_count":0,"master_deck":["Defend_R+1","Bash+1","Fire Breathing+1","Shrug It Off+1","Power Through+1","Feed+1","Offering+1","Armaments+1","Demon Form+1","Necronomicurse","Clothesline+1","Heavy Blade+1","Limit Break+1","Battle Trance","Finesse","Warcry+1"],"relics":["Burning Blood","Incense Burner","Juzu Bracelet","PreservedInsect","Mango","Eternal Feather","InkBottle","Empty Cage","Pen Nib","Bag of Preparation","Vajra","Necronomicon","Anchor","Sozu","Membership Card","Shovel","Sling","Blue Candle","War Paint","Art of War","Ornamental Fan","Whetstone"],"acts_visited":["Exordium","TheCity","TheBeyond","TheEnding"],"potions_floor_usage":[6,16,16,18,18,31,55,55],"damage_taken":[{"damage":1,"enemies":"Cultist","floor":1,"turns":3},{"damage":5,"enemies":"Small Slimes","floor":2,"turns":4},{"damage":2,"enemies":"2 Louse","floor":3,"turns":2},{"damage":5,"enemies":"Exordium Wildlife","floor":5,"turns":4},{"damage":16,"enemies":"Lagavulin","floor":6,"turns":7},{"damage":16,"enemies":"3 Sentries","floor":8,"turns":7},{"damage":10,"enemies":"Gremlin Nob","floor":11,"turns":4},{"damage":7,"enemies":"Large Slime","floor":13,"turns":4},{"damage":0,"enemies":"2 Fungi Beasts","floor":14,"turns":3},{"damage":54,"enemies":"Hexaghost","floor":16,"turns":10},{"damage":9,"enemies":"2 Thieves","floor":18,"turns":4},{"damage":15,"enemies":"3 Byrds","floor":20,"turns":6},{"damage":33,"enemies":"Book of Stabbing","floor":23,"turns":6},{"damage":25,"enemies":"Centurion and Healer","floor":25,"turns":6},{"damage":4,"enemies":"Slavers","floor":30,"turns":3},{"damage":6,"enemies":"Snake Plant","floor":31,"turns":2},{"damage":28,"enemies":"Automaton","floor":33,"turns":6},{"damage":6,"enemies":"Orb Walker","floor":35,"turns":3},{"damage":6,"enemies":"3 Shapes","floor":38,"turns":3},{"damage":6,"enemies":"Nemesis","floor":41,"turns":5},{"damage":12,"enemies":"Reptomancer","floor":46,"turns":3},{"damage":7,"enemies":"Giant Head","floor":48,"turns":2},{"damage":14,"enemies":"Time Eater","floor":50,"turns":5},{"damage":13,"enemies":"Shield and Spear","floor":54,"turns":4},{"damage":33,"enemies":"The Heart","floor":55,"turns":5}],"seed_played":"-6996838663562066819","potions_obtained":[{"floor":1,"key":"GamblersBrew"},{"floor":2,"key":"PowerPotion"},{"floor":5,"key":"Energy Potion"},{"floor":11,"key":"Swift Potion"},{"floor":16,"key":"SteroidPotion"},{"floor":25,"key":"PowerPotion"},{"floor":30,"key":"DuplicationPotion"},{"floor":33,"key":"GamblersBrew"}],"is_trial":false,"path_per_floor":["M","M","M","?","M","E","R","E","T","R","E","?","M","M","R","B",null,"M","$","M","?","?","E","R","M","T","$","?","R","E","M","R","B",null,"M","?","$","M","?","R","E","$","T","$","?","E","?","E","R","B",null,"R","$","E","B",null],"character_chosen":"IRONCLAD","items_purchased":["Vajra","Membership Card","Sling"],"campfire_rested":1,"item_purchase_floors":[27,37,42],"current_hp_per_floor":[61,62,66,66,67,57,57,61,61,70,66,59,58,67,76,28,97,94,94,88,88,88,61,67,51,51,51,35,71,73,76,85,63,106,106,106,106,106,101,106,106,106,106,106,101,95,95,98,105,100,108,108,108,101,74],"gold":67,"neow_bonus":"ONE_RARE_RELIC","is_daily":false,"chose_seed":false,"campfire_upgraded":5,"win_rate":0.0,"timestamp":1609091433,"path_taken":["M","M","?","?","M","E","R","E","T","R","E","?","M","M","R","BOSS","M","$","M","?","?","E","R","M","T","$","?","R","E","M","R","BOSS","M","?","$","M","?","R","E","$","T","?","?","E","?","E","R","BOSS","R","$","E","BOSS"],"items_purchased_type":["Relic","Relic","Relic"],"build_version":"2020-12-22","purchased_purges":5,"victory":true,"max_hp_per_floor":[80,80,80,80,80,80,80,94,94,94,94,94,94,97,97,97,97,97,97,100,100,100,100,100,103,103,103,103,103,103,106,106,106,106,106,106,106,106,106,106,106,106,106,106,101,101,101,105,105,108,108,108,108,108,108],"card_choices":[{"not_picked":["Sentinel","Wild Strike"],"picked":"Fire Breathing","floor":1},{"not_picked":["Anger","Headbutt"],"picked":"Rampage","floor":2},{"not_picked":["Carnage","Anger","Heavy Blade"],"picked":"SKIP","floor":3},{"not_picked":["Heavy Blade","Headbutt"],"picked":"Shrug It Off","floor":5},{"not_picked":["True Grit","Wild Strike","Armaments"],"picked":"SKIP","floor":6},{"not_picked":["Pummel","Seeing Red"],"picked":"Power Through","floor":8},{"not_picked":["Dropkick","Thunderclap"],"picked":"Feed","floor":11},{"not_picked":["Thunderclap","Wild Strike","Warcry"],"picked":"SKIP","floor":13},{"not_picked":["Cleave","Dark Embrace","Havoc"],"picked":"SKIP","floor":14},{"not_picked":["Immolate","Berserk"],"picked":"Offering","floor":16},{"not_picked":["Iron Wave","True Grit"],"picked":"Armaments+1","floor":18},{"not_picked":["Wild Strike","Perfected Strike+1","Second Wind"],"picked":"SKIP","floor":20},{"not_picked":["Heavy Blade","True Grit","Intimidate"],"picked":"SKIP","floor":23},{"not_picked":["Feel No Pain","Combust"],"picked":"Demon Form","floor":25},{"not_picked":["Pommel Strike+1","Sword Boomerang"],"picked":"Clothesline+1","floor":30},{"not_picked":["Warcry","Hemokinesis+1"],"picked":"Heavy Blade+1","floor":31},{"not_picked":["Fiend Fire","Barricade"],"picked":"Limit Break","floor":33},{"not_picked":["Clash+1","Perfected Strike+1"],"picked":"Battle Trance","floor":35},{"not_picked":["Battle Trance","Warcry","Armaments+1"],"picked":"SKIP","floor":38},{"not_picked":["Dramatic Entrance","Forethought"],"picked":"Finesse","floor":39},{"not_picked":["Feed","Sentinel"],"picked":"Warcry+1","floor":41},{"not_picked":["Twin Strike","Whirlwind","Headbutt+1"],"picked":"SKIP","floor":46},{"not_picked":["True Grit+1","Shrug It Off+1","Wild Strike+1"],"picked":"SKIP","floor":48},{"not_picked":["Burning Pact+1","Sentinel+1","Headbutt+1"],"picked":"SKIP","floor":54}],"player_experience":190027,"relics_obtained":[{"floor":6,"key":"PreservedInsect"},{"floor":8,"key":"Mango"},{"floor":9,"key":"Eternal Feather"},{"floor":11,"key":"InkBottle"},{"floor":23,"key":"Pen Nib"},{"floor":26,"key":"Bag of Preparation"},{"floor":28,"key":"Necronomicon"},{"floor":30,"key":"Anchor"},{"floor":41,"key":"Shovel"},{"floor":46,"key":"Blue Candle"},{"floor":48,"key":"War Paint"},{"floor":49,"key":"Art of War"},{"floor":52,"key":"Ornamental Fan"},{"floor":54,"key":"Whetstone"}],"event_choices":[{"damage_healed":0,"gold_gain":0,"player_choice":"Box","damage_taken":0,"relics_obtained":["Juzu Bracelet"],"max_hp_gain":0,"max_hp_loss":0,"event_name":"Big Fish","floor":4,"gold_loss":0,"cards_obtained":["Regret"]},{"cards_removed":["Strike_R"],"damage_healed":0,"gold_gain":0,"player_choice":"Card Removal","damage_taken":7,"max_hp_gain":0,"max_hp_loss":0,"event_name":"Golden Wing","floor":12,"gold_loss":0},{"damage_healed":0,"gold_gain":99,"player_choice":"Stole From Cult","damage_taken":0,"max_hp_gain":0,"max_hp_loss":0,"event_name":"Nest","floor":21,"gold_loss":0},{"cards_removed":["Defend_R"],"damage_healed":0,"gold_gain":0,"player_choice":"Elegance","damage_taken":0,"max_hp_gain":0,"max_hp_loss":0,"event_name":"Back to Basics","floor":22,"gold_loss":0},{"damage_healed":0,"gold_gain":0,"player_choice":"Obtained Book","damage_taken":16,"max_hp_gain":0,"max_hp_loss":0,"event_name":"Cursed Tome","floor":28,"gold_loss":0},{"cards_removed":["Rampage"],"damage_healed":0,"gold_gain":0,"player_choice":"Removed Attack","damage_taken":0,"max_hp_gain":0,"max_hp_loss":0,"event_name":"Falling","floor":36,"gold_loss":0},{"damage_healed":0,"gold_gain":0,"player_choice":"Memory 2","damage_taken":5,"max_hp_gain":0,"max_hp_loss":0,"event_name":"SensoryStone","floor":39,"gold_loss":0},{"damage_healed":0,"gold_gain":0,"player_choice":"Max HP","damage_taken":0,"max_hp_gain":0,"max_hp_loss":5,"event_name":"Winding Halls","floor":45,"gold_loss":0},{"damage_healed":0,"gold_gain":0,"player_choice":"Forge","damage_taken":0,"max_hp_gain":0,"max_hp_loss":0,"event_name":"Accursed Blacksmith","floor":47,"gold_loss":0,"cards_upgraded":["Limit Break"]}],"is_beta":false,"boss_relics":[{"not_picked":["Velvet Choker","SacredBark"],"picked":"Empty Cage"},{"not_picked":["SlaversCollar","Runic Cube"],"picked":"Sozu"}],"items_purged_floors":[19,27,37,42,53],"is_endless":false,"potions_floor_spawned":[1,2,5,11,16,25,30,33,38],"ascension_level":2}}