{"host":"adv1uqz3812gqgbw","time":1609044728,"event":{"mods":["BaseMod","Better Note","Colored Powertips","Custom Start","Dio Mod","GifTheSpireLib","Hermit","Minty Spire (QoL Compilation)","StSLib","The Runesmith","Uncapped"],"gold_per_floor":[115,133,133,133,158,192,217,255,308,342,382,417,164,184,184,282,345,365,365,205,220,220,255,307,337,422,448,242,276,310,328,328,427,427,450,450,65,74,74,107,148,148,198,222,237,256,275,200,200,200,200],"floor_reached":52,"playtime":3324,"items_purged":["Decay"],"score":3185,"play_id":"af7ebba4-2272-4dc4-8dec-567997cefd7f","local_time":"20201227025208","daily_mods":["Diverse","Colorless Cards","Time Dilation","Flight","DeadlyEvents","Elite Swarm","Lethality"],"is_ascension_mode":true,"campfire_choices":[],"circlet_count":0,"master_deck":["dioMod:TheWalk+1","Dramatic Entrance+1","Master of Strategy+1","Crescendo+1","Adaptation+1","Adrenaline+1","Adrenaline+1","Inflame+1","Inflame+1","Inflame+1","Limit Break+1","Limit Break+1","Flex+1","Flex+1","Flex+1"],"relics":["Unceasing Top","Bottled Flame","Bottled Lightning","Bottled Tornado","Brimstone","Runesmith:AutoHammer","Bag of Preparation","Runesmith:Nanobots","Unceasing Top","Vajra","Busted Crown","Coffee Dripper","Fusion Hammer","Frozen Eye","Ice Cream","Singing Bowl","Runic Pyramid","Strange Spoon","Golden Idol","Anchor","Paper Frog","Pen Nib","Centennial Puzzle","CeramicFish","Ancient Tea Set","Medical Kit","Tiny House","Sling","MawBank","Pear","Blue Candle","Toy Ornithopter","Whetstone","Frozen Egg 2","SacredBark","Lee\u0027s Waffle","Bronze Scales","Mango","Art of War"],"acts_visited":["Exordium","TheCity","TheBeyond"],"potions_floor_usage":[50,50],"damage_taken":[{"damage":0,"enemies":"2 Louse","floor":1,"turns":1},{"damage":0,"enemies":"Jaw Worm","floor":2,"turns":1},{"damage":0,"enemies":"Cultist","floor":5,"turns":1},{"damage":0,"enemies":"Lagavulin","floor":6,"turns":1},{"damage":0,"enemies":"3 Louse","floor":7,"turns":1},{"damage":0,"enemies":"Gremlin Nob","floor":8,"turns":1},{"damage":0,"enemies":"3 Sentries","floor":10,"turns":1},{"damage":0,"enemies":"Gremlin Nob","floor":11,"turns":1},{"damage":0,"enemies":"3 Sentries","floor":12,"turns":1},{"damage":0,"enemies":"Exordium Thugs","floor":14,"turns":1},{"damage":0,"enemies":"Slime Boss","floor":16,"turns":1},{"damage":0,"enemies":"2 Thieves","floor":18,"turns":1},{"damage":0,"enemies":"Shell Parasite","floor":21,"turns":1},{"damage":0,"enemies":"Slavers","floor":23,"turns":1},{"damage":0,"enemies":"Book of Stabbing","floor":24,"turns":1},{"damage":0,"enemies":"Shelled Parasite and Fungi","floor":25,"turns":1},{"damage":0,"enemies":"Snake Plant","floor":27,"turns":1},{"damage":0,"enemies":"Gremlin Leader","floor":29,"turns":1},{"damage":0,"enemies":"Book of Stabbing","floor":30,"turns":1},{"damage":0,"enemies":"Cultist and Chosen","floor":31,"turns":1},{"damage":0,"enemies":"StardustCrusaders","floor":33,"turns":1},{"damage":0,"enemies":"3 Shapes","floor":35,"turns":1},{"damage":2,"enemies":"Giant Head","floor":40,"turns":1},{"damage":1,"enemies":"Reptomancer","floor":41,"turns":1},{"damage":1,"enemies":"3 Darklings","floor":44,"turns":1},{"damage":0,"enemies":"Spire Growth","floor":45,"turns":1},{"damage":0,"enemies":"Writhing Mass","floor":46,"turns":1},{"damage":0,"enemies":"4 Shapes","floor":47,"turns":1},{"damage":0,"enemies":"Jotaro","floor":50,"turns":1},{"damage":0,"enemies":"Time Eater","floor":51,"turns":1}],"seed_played":"-999166061554308597","potions_obtained":[{"floor":2,"key":"ElixirPotion"},{"floor":5,"key":"Dexterity Potion"},{"floor":6,"key":"Strength Potion"}],"is_trial":true,"path_per_floor":["M","M","?","?","M","E","M","E","T","E","E","E","$","M","R","B",null,"M","?","$","M","?","E","E","M","T","M","$","E","E","M","R","B",null,"M","?","$","?","$","E","E","R","T","M","M","M","M","$","R","B","B",null],"character_chosen":"IRONCLAD","items_purchased":["Medical Kit","LiquidMemories","Sling","SteroidPotion","Toy Ornithopter","Lee\u0027s Waffle","Bronze Scales","SteroidPotion"],"campfire_rested":0,"item_purchase_floors":[13,13,20,28,28,37,37,37],"current_hp_per_floor":[70,72,72,72,74,76,78,80,80,82,84,86,86,88,88,90,97,99,94,94,96,96,98,110,112,112,114,114,116,118,120,120,122,126,128,123,130,130,130,144,145,145,145,146,148,150,152,152,152,156,156],"gold":200,"neow_bonus":"","is_daily":false,"chose_seed":false,"campfire_upgraded":0,"win_rate":0.0,"timestamp":1609044728,"path_taken":["M","M","?","?","M","E","?","E","T","E","E","E","$","M","R","BOSS","M","?","$","?","?","E","E","?","T","?","$","?","E","?","R","BOSS","M","?","$","?","$","E","?","R","T","?","?","?","?","$","R","BOSS","BOSS"],"items_purchased_type":["Relic","Potion","Relic","Potion","Relic","Relic","Relic","Potion"],"build_version":"2020-12-22","purchased_purges":1,"victory":true,"max_hp_per_floor":[77,79,72,72,74,76,78,80,80,82,84,86,86,88,88,90,97,99,99,99,101,101,103,115,117,117,119,119,121,123,125,125,127,127,129,123,130,130,130,146,148,148,148,150,152,154,156,156,156,156,156],"card_choices":[{"not_picked":["Evaluate"],"picked":"Singing Bowl","floor":1},{"not_picked":["hermit:BodyArmor"],"picked":"Singing Bowl","floor":2},{"not_picked":["dioMod:Muda"],"picked":"Singing Bowl","floor":5},{"not_picked":["Reaper"],"picked":"Singing Bowl","floor":6},{"not_picked":["SashWhip"],"picked":"Singing Bowl","floor":7},{"not_picked":["Runesmith:GenerateForcefield"],"picked":"Singing Bowl","floor":8},{"not_picked":["Vault"],"picked":"Singing Bowl","floor":10},{"not_picked":["All For One"],"picked":"Singing Bowl","floor":11},{"not_picked":["hermit:Reprieve"],"picked":"Singing Bowl","floor":12},{"not_picked":["Runesmith:GoWithTheFlow"],"picked":"Singing Bowl","floor":14},{"not_picked":["Offering"],"picked":"Singing Bowl","floor":16},{"not_picked":["Tactician"],"picked":"Singing Bowl","floor":17},{"not_picked":["Flying Knee"],"picked":"Singing Bowl","floor":18},{"not_picked":["Dodge and Roll"],"picked":"Singing Bowl","floor":21},{"not_picked":["Feed"],"picked":"Singing Bowl","floor":23},{"not_picked":["Blasphemy"],"picked":"Singing Bowl","floor":24},{"not_picked":["hermit:SprayPray"],"picked":"Singing Bowl","floor":25},{"not_picked":["hermit:TrackingShot"],"picked":"Singing Bowl","floor":27},{"not_picked":["Chrysalis"],"picked":"Singing Bowl","floor":29},{"not_picked":["Amplify"],"picked":"Singing Bowl","floor":30},{"not_picked":["hermit:LoneWolf"],"picked":"Singing Bowl","floor":31},{"not_picked":["dioMod:KonoDioDa"],"picked":"Singing Bowl","floor":33},{"not_picked":["hermit:Snipe"],"picked":"Singing Bowl","floor":35},{"not_picked":["Blasphemy"],"picked":"Singing Bowl","floor":40},{"not_picked":["Berserk+1"],"picked":"Singing Bowl","floor":41},{"not_picked":["Aggregate+1"],"picked":"Singing Bowl","floor":44},{"not_picked":["dioMod:BloodShield+1"],"picked":"Singing Bowl","floor":45},{"not_picked":["Quick Slash"],"picked":"Singing Bowl","floor":46},{"not_picked":["dioMod:VengefulMuda"],"picked":"Singing Bowl","floor":47}],"player_experience":327602,"relics_obtained":[{"floor":6,"key":"Anchor"},{"floor":8,"key":"Paper Frog"},{"floor":9,"key":"Pen Nib"},{"floor":10,"key":"Centennial Puzzle"},{"floor":11,"key":"CeramicFish"},{"floor":12,"key":"Ancient Tea Set"},{"floor":23,"key":"MawBank"},{"floor":24,"key":"Pear"},{"floor":26,"key":"Blue Candle"},{"floor":29,"key":"Whetstone"},{"floor":30,"key":"Frozen Egg 2"},{"floor":40,"key":"Mango"},{"floor":41,"key":"Art of War"}],"event_choices":[{"damage_healed":0,"gold_gain":0,"player_choice":"Lose Max HP","damage_taken":0,"relics_obtained":["Golden Idol"],"max_hp_gain":0,"max_hp_loss":7,"event_name":"Golden Idol","floor":3,"gold_loss":0},{"damage_healed":0,"gold_gain":0,"player_choice":"Fled","damage_taken":0,"max_hp_gain":0,"max_hp_loss":0,"event_name":"Scrap Ooze","floor":4,"gold_loss":0},{"damage_healed":0,"gold_gain":0,"player_choice":"Punched","damage_taken":5,"max_hp_gain":0,"max_hp_loss":0,"event_name":"Designer","floor":19,"gold_loss":0},{"damage_healed":0,"gold_gain":0,"player_choice":"Ignored","damage_taken":0,"max_hp_gain":0,"max_hp_loss":0,"event_name":"Upgrade Shrine","floor":22,"gold_loss":0},{"damage_healed":0,"gold_gain":0,"player_choice":"Max HP","damage_taken":0,"max_hp_gain":0,"max_hp_loss":6,"event_name":"Winding Halls","floor":36,"gold_loss":0},{"damage_healed":0,"gold_gain":0,"player_choice":"Cursed","damage_taken":0,"max_hp_gain":0,"max_hp_loss":0,"event_name":"Wheel of Change","floor":38,"gold_loss":0,"cards_obtained":["Decay"]}],"is_beta":false,"boss_relics":[{"not_picked":["Velvet Choker","Empty Cage"],"picked":"Tiny House"},{"not_picked":["Sozu","Snecko Eye"],"picked":"SacredBark"}],"items_purged_floors":[48],"is_endless":false,"potions_floor_spawned":[2,5,6,14,16,23,25,27,29,30,40,44,45,46],"ascension_level":20}}