{"host":"q229ysid750dmjme","time":1609075988,"event":{"mods":["AchievementEnabler","BaseMod","Colored Map","Minty Spire (QoL Compilation)","Prisma Mod","StSLib","The Animator","everything is the same but u backflip on backflip"],"gold_per_floor":[115,133,153,153,166,196,196,214,214,242,261,274,274,288,288,288,288],"floor_reached":16,"playtime":1067,"items_purged":[],"score":155,"play_id":"8604bd51-2652-40b1-a56b-31ef19120b08","local_time":"20201227223308","is_ascension_mode":true,"campfire_choices":[{"data":"Eruption","floor":7,"key":"SMITH"},{"data":"Adaptation","floor":13,"key":"SMITH"},{"data":"Vault","floor":15,"key":"SMITH"}],"circlet_count":0,"master_deck":["Strike_P","Strike_P","Strike_P","Defend_P","Defend_P","Defend_P","Defend_P","Eruption+1","Vigilance","Protect","FlyingSleeves","WindmillStrike","Vault+1","Adaptation+1"],"relics":["Busted Crown","Molten Egg 2","PreservedInsect"],"acts_visited":["Exordium"],"potions_floor_usage":[6,8,12],"damage_taken":[{"damage":9,"enemies":"2 Louse","floor":1,"turns":3},{"damage":0,"enemies":"Cultist","floor":2,"turns":2},{"damage":1,"enemies":"Small Slimes","floor":3,"turns":3},{"damage":0,"enemies":"2 Fungi Beasts","floor":5,"turns":3},{"damage":0,"enemies":"Lagavulin","floor":6,"turns":6},{"damage":6,"enemies":"Exordium Thugs","floor":8,"turns":4},{"damage":31,"enemies":"3 Sentries","floor":10,"turns":12},{"damage":0,"enemies":"Blue Slaver","floor":11,"turns":5},{"damage":0,"enemies":"3 Louse","floor":12,"turns":3},{"damage":0,"enemies":"2 Fungi Beasts","floor":14,"turns":2},{"damage":27,"enemies":"Hexaghost","floor":16,"turns":10}],"seed_played":"-2785689411402337471","potions_obtained":[{"floor":3,"key":"DistilledChaos"},{"floor":6,"key":"ColorlessPotion"},{"floor":11,"key":"Fire Potion"},{"floor":12,"key":"Explosive Potion"}],"is_trial":false,"path_per_floor":["M","M","M","?","M","E","R","M","T","E","M","M","R","M","R","B"],"character_chosen":"WATCHER","items_purchased":[],"campfire_rested":0,"item_purchase_floors":[],"current_hp_per_floor":[63,63,62,62,62,62,62,56,56,25,25,25,25,25,25,0,0],"gold":288,"neow_bonus":"BOSS_RELIC","is_daily":false,"chose_seed":false,"campfire_upgraded":3,"win_rate":0.0,"timestamp":1609075988,"path_taken":["M","M","M","?","?","E","R","M","T","E","M","M","R","M","R","BOSS"],"items_purchased_type":[],"build_version":"2020-12-22","purchased_purges":0,"victory":false,"max_hp_per_floor":[72,72,72,72,72,72,72,72,72,72,72,72,72,72,72,72,72],"card_choices":[{"not_picked":[],"picked":"Protect","floor":1},{"not_picked":[],"picked":"FlyingSleeves","floor":2},{"not_picked":[],"picked":"WindmillStrike","floor":3},{"not_picked":[],"picked":"Adaptation","floor":5},{"not_picked":["WreathOfFlame"],"picked":"SKIP","floor":6},{"not_picked":["Consecrate+1"],"picked":"SKIP","floor":8},{"not_picked":["WaveOfTheHand"],"picked":"SKIP","floor":10},{"not_picked":["JustLucky+1"],"picked":"SKIP","floor":11},{"not_picked":["ReachHeaven+1"],"picked":"SKIP","floor":12},{"not_picked":["FlyingSleeves+1"],"picked":"SKIP","floor":14}],"player_experience":330592,"relics_obtained":[{"floor":6,"key":"Molten Egg 2"},{"floor":10,"key":"PreservedInsect"}],"event_choices":[{"damage_healed":0,"gold_gain":0,"cards_transformed":["Strike_P"],"player_choice":"Transformed","damage_taken":0,"max_hp_gain":0,"max_hp_loss":0,"event_name":"Transmorgrifier","floor":4,"gold_loss":0,"cards_obtained":["Vault"]}],"is_beta":false,"boss_relics":[],"items_purged_floors":[],"is_endless":false,"potions_floor_spawned":[3,6,11,12],"killed_by":"Hexaghost","ascension_level":2}}