{"host":"dcj2yvrgcvh5dl2s","time":1609108957,"event":{"mods":["BaseMod","Better Note","Block Reminder","Colored Powertips","DeckTracker","Minty Spire (QoL Compilation)","Quick Restart","Rare Cards Sparkle","Relic Stats","StSLib"],"gold_per_floor":[110,110,121,46,57,57,86,33,33,33,45,45,78,92,92,166,166,183,202,127,91,91,91,91],"floor_reached":23,"playtime":1460,"items_purged":["Strike_R"],"score":368,"play_id":"9a940ee2-e093-47ee-9c04-3371c3f275b9","local_time":"20201228084237","is_ascension_mode":true,"campfire_choices":[{"data":"Uppercut","floor":6,"key":"SMITH"},{"data":"Infernal Blade","floor":12,"key":"SMITH"},{"data":"Flex","floor":15,"key":"SMITH"}],"circlet_count":0,"master_deck":["AscendersBane","Strike_R","Strike_R","Strike_R","Strike_R","Defend_R","Defend_R","Defend_R","Defend_R","Metallicize","Heavy Blade","Uppercut+1","Sword Boomerang","Shrug It Off","Infernal Blade+1","Flex+1","Flex","Offering","Battle Trance","Inflame","Infernal Blade"],"relics":["Burning Blood","NeowsBlessing","Darkstone Periapt","Nunchaku","Eternal Feather","Cursed Key"],"acts_visited":["Exordium","TheCity"],"potions_floor_usage":[7,13,16,23],"damage_taken":[{"damage":0,"enemies":"Small Slimes","floor":1,"turns":1},{"damage":0,"enemies":"Cultist","floor":3,"turns":1},{"damage":0,"enemies":"2 Louse","floor":5,"turns":2},{"damage":24,"enemies":"Gremlin Nob","floor":7,"turns":5},{"damage":9,"enemies":"Blue Slaver","floor":11,"turns":2},{"damage":11,"enemies":"Lagavulin","floor":13,"turns":5},{"damage":4,"enemies":"2 Fungi Beasts","floor":14,"turns":3},{"damage":40,"enemies":"The Guardian","floor":16,"turns":7},{"damage":11,"enemies":"Chosen","floor":18,"turns":4},{"damage":38,"enemies":"3 Byrds","floor":19,"turns":6},{"damage":30,"enemies":"Book of Stabbing","floor":23,"turns":5}],"seed_played":"5375381045425988969","potions_obtained":[{"floor":2,"key":"AttackPotion"},{"floor":2,"key":"AttackPotion"},{"floor":7,"key":"PowerPotion"},{"floor":13,"key":"GamblersBrew"}],"is_trial":false,"path_per_floor":["M","?","M","$","M","R","E","$","T","$","M","R","E","M","R","B",null,"M","M","?","$","?","E"],"character_chosen":"IRONCLAD","items_purchased":["Shrug It Off","Infernal Blade"],"campfire_rested":0,"item_purchase_floors":[8,21],"current_hp_per_floor":[74,74,75,75,75,75,57,57,57,57,54,54,49,51,60,26,63,58,26,26,26,26,0,0],"gold":91,"neow_bonus":"THREE_ENEMY_KILL","is_daily":false,"chose_seed":false,"campfire_upgraded":3,"win_rate":0.0,"timestamp":1609108957,"path_taken":["M","?","M","$","M","R","E","?","T","$","M","R","E","M","R","BOSS","M","M","?","$","?","E"],"items_purchased_type":["Card","Card"],"build_version":"2020-12-22","purchased_purges":1,"victory":false,"max_hp_per_floor":[75,75,75,75,75,75,75,75,75,75,75,75,75,75,75,75,75,75,75,75,75,75,75,75],"relic_stats":{"Darkstone Periapt":0,"Nunchaku":[6],"counters":[11,41],"Eternal Feather":9,"Cursed Key":0,"obtain_stats":[{"Darkstone Periapt":7,"Nunchaku":9,"NeowsBlessing":0,"Eternal Feather":13,"Cursed Key":17,"Burning Blood":0},{"Darkstone Periapt":4,"Nunchaku":4,"NeowsBlessing":0,"Eternal Feather":6,"Cursed Key":8,"Burning Blood":0},{"Darkstone Periapt":9,"Nunchaku":9,"NeowsBlessing":0,"Eternal Feather":16,"Cursed Key":26,"Burning Blood":0}],"Burning Blood":49},"card_choices":[{"not_picked":["Clash","Anger"],"picked":"Metallicize","floor":1},{"not_picked":["Perfected Strike","Anger"],"picked":"Heavy Blade","floor":3},{"not_picked":["Second Wind","Searing Blow"],"picked":"Uppercut","floor":5},{"not_picked":["Anger","Disarm"],"picked":"Sword Boomerang","floor":7},{"not_picked":["Ghostly Armor","Combust"],"picked":"Infernal Blade","floor":11},{"not_picked":["Brutality","Wild Strike"],"picked":"Flex","floor":13},{"not_picked":["Metallicize","True Grit"],"picked":"Flex","floor":14},{"not_picked":["Limit Break","Bludgeon"],"picked":"Offering","floor":16},{"not_picked":["Armaments","Havoc+1"],"picked":"Battle Trance","floor":18},{"not_picked":["Havoc","Pommel Strike"],"picked":"Inflame","floor":19}],"player_experience":2079968,"relics_obtained":[{"floor":7,"key":"Darkstone Periapt"},{"floor":9,"key":"Nunchaku"},{"floor":13,"key":"Eternal Feather"}],"event_choices":[{"damage_healed":0,"gold_gain":0,"player_choice":"Got Potions","damage_taken":0,"max_hp_gain":0,"max_hp_loss":0,"event_name":"Lab","floor":2,"gold_loss":0},{"cards_removed":["Bash"],"damage_healed":0,"gold_gain":0,"player_choice":"Gave Gold","damage_taken":0,"max_hp_gain":0,"max_hp_loss":0,"event_name":"Beggar","floor":20,"gold_loss":75},{"damage_healed":0,"gold_gain":0,"player_choice":"Ignored","damage_taken":0,"max_hp_gain":0,"max_hp_loss":0,"event_name":"The Mausoleum","floor":22,"gold_loss":0}],"is_beta":false,"boss_relics":[{"not_picked":["Empty Cage","Ectoplasm"],"picked":"Cursed Key"}],"items_purged_floors":[4],"is_endless":false,"potions_floor_spawned":[7,13],"killed_by":"Book of Stabbing","ascension_level":17}}