{"host":"c812qoujjugqqx2v","time":1609099077,"event":{"mods":["BaseMod","Better Altar","Better Match","Better Note","Better Skull","Better Third Choice","Curses Come First","Custom Start","Highlight Path","Minty Spire (QoL Compilation)","Permanent Neow","StSLib"],"gold_per_floor":[118,130,148,148,214,214,242,242,242,262,10,23,53,65,65,165,165,179,179,197,213,225,258,258,275,300,314,314,314,314,339,339,339,339],"floor_reached":33,"playtime":4117,"items_purged":[],"score":279,"play_id":"c1f3990a-5542-406d-8956-cdf7a36a298c","local_time":"20201227145757","is_ascension_mode":false,"campfire_choices":[{"floor":6,"key":"RECALL"},{"floor":8,"key":"REST"},{"floor":15,"key":"REST"},{"floor":24,"key":"REST"},{"floor":28,"key":"REST"},{"floor":32,"key":"REST"}],"circlet_count":0,"master_deck":["Strike_P","Strike_P+1","Strike_P","Strike_P+1","Defend_P","Defend_P+1","Defend_P+1","Defend_P+1","Eruption+1","Vigilance","LessonLearned+1","FollowUp+1","Prostrate","Consecrate","JustLucky+1","Vengeance+1","Crescendo+1","Weave","WreathOfFlame","Protect","Weave","Judgement","EmptyBody+1","Crescendo","WaveOfTheHand+1","Halt+1","Swivel","Pray","Swivel"],"relics":["HolyWater","Shuriken","Strange Spoon","Oddly Smooth Stone","Blood Vial","Vajra","Art of War","Damaru"],"acts_visited":["Exordium","TheCity"],"potions_floor_usage":[10,18,23,27,33,33,33],"damage_taken":[{"damage":1,"enemies":"2 Louse","floor":1,"turns":3},{"damage":8,"enemies":"Jaw Worm","floor":2,"turns":4},{"damage":0,"enemies":"Small Slimes","floor":3,"turns":2},{"damage":30,"enemies":"3 Sentries","floor":7,"turns":7},{"damage":2,"enemies":"Looter","floor":10,"turns":3},{"damage":1,"enemies":"Gremlin Gang","floor":12,"turns":3},{"damage":24,"enemies":"Lagavulin","floor":13,"turns":4},{"damage":0,"enemies":"Exordium Wildlife","floor":14,"turns":3},{"damage":5,"enemies":"Slime Boss","floor":16,"turns":8},{"damage":15,"enemies":"Shell Parasite","floor":18,"turns":5},{"damage":1,"enemies":"Spheric Guardian","floor":20,"turns":3},{"damage":18,"enemies":"Snecko","floor":21,"turns":5},{"damage":5,"enemies":"Centurion and Healer","floor":22,"turns":4},{"damage":19,"enemies":"Slavers","floor":23,"turns":7},{"damage":6,"enemies":"Chosen and Byrds","floor":25,"turns":4},{"damage":16,"enemies":"Snecko","floor":27,"turns":3},{"damage":125,"enemies":"Automaton","floor":33,"turns":6}],"seed_played":"3150793183582890000","potions_obtained":[{"floor":1,"key":"GamblersBrew"},{"floor":7,"key":"Energy Potion"},{"floor":12,"key":"FearPotion"},{"floor":13,"key":"Weak Potion"},{"floor":22,"key":"GamblersBrew"},{"floor":23,"key":"BottledMiracle"},{"floor":27,"key":"PowerPotion"}],"is_trial":false,"path_per_floor":["M","M","M","?","?","R","E","R","T","M","$","M","E","M","R","B",null,"M","?","M","M","M","E","R","M","T","M","R","?","?","T","R","B"],"character_chosen":"WATCHER","items_purchased":["Strange Spoon","Crescendo","Weave"],"campfire_rested":5,"item_purchase_floors":[11,11,11],"current_hp_per_floor":[64,56,56,43,43,43,13,32,32,30,30,29,5,5,24,19,65,50,50,49,31,26,7,26,22,22,8,27,27,27,27,46,0,0],"gold":339,"neow_bonus":"THREE_RARE_CARDS","is_daily":false,"chose_seed":false,"campfire_upgraded":0,"win_rate":0.0,"timestamp":1609099077,"path_taken":["M","M","M","?","?","R","E","R","T","M","?","M","E","M","R","BOSS","M","?","M","?","M","E","R","M","T","M","R","?","?","?","R","BOSS"],"items_purchased_type":["Relic","Card","Card"],"build_version":"2020-12-22","purchased_purges":0,"victory":false,"max_hp_per_floor":[65,65,65,65,65,65,65,65,65,65,65,65,65,65,65,65,65,65,65,65,65,65,65,65,65,65,65,65,65,65,65,65,65,65],"card_choices":[{"not_picked":["Judgement","Ragnarok"],"picked":"LessonLearned","floor":0},{"not_picked":["Nirvana","DeceiveReality"],"picked":"FollowUp","floor":1},{"not_picked":["Halt","WheelKick"],"picked":"Prostrate","floor":2},{"not_picked":["InnerPeace","CrushJoints"],"picked":"Consecrate","floor":3},{"not_picked":["ThirdEye","Evaluate"],"picked":"JustLucky","floor":7},{"not_picked":["Halt","EmptyBody"],"picked":"Vengeance","floor":10},{"not_picked":["SignatureMove","EmptyMind"],"picked":"WreathOfFlame","floor":12},{"not_picked":["CarveReality","Worship"],"picked":"Protect","floor":13},{"not_picked":["PathToVictory","Evaluate"],"picked":"Weave","floor":14},{"not_picked":["MasterReality","Scrawl"],"picked":"Judgement","floor":16},{"not_picked":["BowlingBash","ThirdEye+1"],"picked":"EmptyBody","floor":18},{"not_picked":["PathToVictory","Halt"],"picked":"Crescendo","floor":20},{"not_picked":["Consecrate+1","Pray"],"picked":"WaveOfTheHand","floor":21},{"not_picked":["Crescendo","CrushJoints"],"picked":"Halt+1","floor":22},{"not_picked":["ThirdEye","PathToVictory"],"picked":"Swivel","floor":23},{"not_picked":["Nirvana","Prostrate"],"picked":"Pray","floor":25},{"not_picked":["Vengeance","JustLucky"],"picked":"Swivel","floor":27}],"player_experience":206034,"relics_obtained":[{"floor":7,"key":"Shuriken"},{"floor":13,"key":"Oddly Smooth Stone"},{"floor":23,"key":"Blood Vial"},{"floor":26,"key":"Vajra"},{"floor":29,"key":"Art of War"},{"floor":31,"key":"Damaru"}],"event_choices":[{"damage_healed":56,"gold_gain":0,"player_choice":"Upgrade","damage_taken":13,"max_hp_gain":0,"max_hp_loss":65,"event_name":"betterThird:BetterShining","floor":4,"gold_loss":0,"cards_upgraded":["Eruption","Defend_P"]},{"damage_healed":0,"gold_gain":66,"player_choice":"Gained Gold","damage_taken":0,"max_hp_gain":0,"max_hp_loss":0,"event_name":"Golden Wing","floor":5,"gold_loss":0},{"damage_healed":0,"gold_gain":0,"player_choice":"Upgraded","damage_taken":0,"max_hp_gain":0,"max_hp_loss":0,"event_name":"Upgrade Shrine","floor":19,"gold_loss":0,"cards_upgraded":["LessonLearned"]},{"damage_healed":0,"gold_gain":0,"player_choice":"Relic","damage_taken":0,"max_hp_gain":0,"max_hp_loss":0,"event_name":"Wheel of Change","floor":29,"gold_loss":0},{"damage_healed":0,"gold_gain":0,"player_choice":"Ignored","damage_taken":0,"max_hp_gain":0,"max_hp_loss":0,"event_name":"betterNote:BetterNote","floor":30,"gold_loss":0,"cards_obtained":["JustLucky"]}],"is_beta":false,"boss_relics":[{"not_picked":["Velvet Choker","Snecko Eye"],"picked":"HolyWater"}],"items_purged_floors":[],"is_endless":false,"potions_floor_spawned":[1,7,12,13,22,23,27],"killed_by":"Automaton","ascension_level":0}}